4058 6282
908 633 1643 795 PETBUS
1757 626 2432 786 POSSIN
2449 625 2677 784 US
3216 645 3218 650 ’

1469 927 2124 1043 LECTORI.

267 1308 318 1371 l.
345 1309 677 1388 Dispungo
713 1325 854 1370 ecce
893 1326 1017 1370 non
1050 1315 1228 1370 vetus
1254 1324 1487 1369 nomen
1514 1319 1606 1383 ,et
1639 1324 1828 1386 quam
1862 1307 2094 1368 debere
2120 1312 2265 1366 ante
2294 1303 2412 1364 hoc
2444 1303 2778 1365 biennium
2818 1317 3124 1379 cmperatu
3172 1311 3407 1377 partem

192 1414 448 1473 alteram
488 1411 1002 1490 Pachymeriana
1046 1410 1344 1487 historia,
1404 1411 1565 1473 haud
1616 1409 1818 1472 nimis
1861 1427 2027 1483 sera,
2078 1409 2131 1469 si
2164 1409 2367 1470 moles
2418 1408 2766 1468 astimetur
2801 1406 3035 1482 operis,
3084 1404 3411 1466 solutione

192 1523 610 1593 reprasento.
655 1515 974 1575 Describit
1018 1532 1087 1577 ea
1121 1533 1228 1576 sex
1263 1524 1324 1577 et
1371 1514 1595 1590 viginti
1636 1513 1882 1592 priores
1939 1529 2141 1575 annos
2195 1510 2450 1590 imperii
2513 1509 2861 1571 Andronici
2915 1509 3274 1588 Palao|0gi,
3336 1509 3415 1569 ab

190 1617 302 1694 ipsi
335 1614 729 1694 cognomine
775 1625 1014 1694 nepote
1073 1634 1187 1678 nec
1251 1617 1430 1678 valde
1480 1613 1815 1677 concorde'
1856 1616 2096 1693 collega
2165 1615 2358 1690 vulgo
2410 1610 2725 1689 distingui
2781 1611 3066 1673 Senioris
3115 1611 3416 1689 adjuncta

188 1715 396 1790 soliti.
430 1719 542 1779 Est
598 1717 730 1781 hac
766 1717 1194 1780 infelicissimi
1235 1717 1628 1797 principatus
1662 1719 1868 1796 imago
1923 1735 1955 1778 a
2016 1714 2574 1777 nostrohistorico
2633 1714 2921 1785 formata,
2959 1715 3159 1794 magis
3183 1711 3411 1776 condi-

185 1819 356 1881 tione
438 1829 802 1898 argumenti
870 1838 1061 1901 quam
1132 1802 1394 1900 ingenio
1481 1821 1828 1900 Pingentis,
1890 1819 2322 1882 Parrhasiana
2375 1817 2557 1879 illius
2625 1818 2899 1893 similis,
2973 1835 3099 1900 qua
3163 1817 3412 1880 Plinius

182 1929 458 2019 testatur
491 1905 776 1998 "damon,
836 1923 975 1984 sive
1032 1925 1368 2001 pupulum,
1424 1924 1882 1987 Atheniensem
1935 1923 2012 1984 ab
2058 1923 2178 1984 isto
2234 1935 2488 1981 summo
2527 1919 2760 1982 artiﬁce
2797 1920 2892 1982 sic
2936 1921 3411 1998 adumhratum,

190 2029 258 2084 ut
305 2037 522 2086 mores
577 2023 713 2102 ejus
775 2032 1139 2104 motusque,
1179 2025 1322 2085 licet
1380 2025 1544 2086 inter
1582 2040 1724 2086 sese
1780 2022 2102 2096 contrarii,
2166 2022 2368 2084 simul
2416 2030 2621 2083 tamen
2665 2023 2727 2084 in
2770 2024 2981 2086 tabula
3011 2023 3112 2085 sui
3145 2041 3408 2086 sensum

186 2127 470 2199 cierent;
521 2137 1020 2207 agnosceretque
1052 2145 1179 2191 uno
1218 2129 1457 2190 intuitu
1518 2137 1836 2206 spectator
1901 2128 2195 2189 eumdem
2263 2126 2503 2188 varium
2557 2136 2617 2186 et
2658 2131 3079 2199 constantem,
3140 2127 3404 2188 iracun-

186 2229 343 2292 dum
431 2239 495 2292 et
557 2233 988 2308 exorabilem,
1054 2234 1370 2311 iniustum
1441 2241 1502 2294 et
1568 2233 1981 2309 clementem,
2050 2232 2404 2312 gloriosum
2474 2239 2533 2292 et
2595 2228 2948 2303 humilem,
3003 2229 3279 2291 ferocem
3349 2235 3416 2290 et

191 2329 516 2419 fugacem.
557 2335 688 2396 Pari
743 2335 1059 2416 siquidem
1099 2335 1412 2413 exemplo,
1468 2332 1617 2398 dom
1676 2335 1923 2398 sincera
1964 2334 2326 2396 narratione
2375 2342 2590 2394 noster
2628 2331 2971 2392 Andronici
3029 2338 3162 2392 acta
3195 2329 3415 2407 expri-

189 2435 329 2511 mit,
395 2455 598 2500 unum
639 2439 846 2516 ipsum
906 2437 1186 2510 exhibet,
1250 2436 1399 2497 hinc
1451 2437 1953 2499 audacissimum
2018 2436 2356 2514 religionis
2406 2444 2937 2514 contemptorem,
2972 2434 3150 2495 illinc
3178 2450 3414 2512 super-

187 2542 636 2604 stitiosissime
691 2540 1229 2614 formidolosum;
1285 2537 1666 2619 plerumque
1725 2539 2079 2603 sollicitum
2155 2525 2619 2601 discordiarum
2670 2537 2970 2601 Ecclesia
3022 2551 3415 2616 componen-

187 2643 441 2715 darum,
519 2660 660 2704 mox
729 2641 1372 2720 vehementissimum
1428 2642 1920 2704 disturbatOrem
1981 2640 2333 2704 conciliata
2382 2646 2476 2702 tot
2536 2637 2864 2702 laboribus
2919 2654 2954 2700 a
3020 2646 3194 2717 patre
3245 2638 3419 2715 pacis

188 2742 672 2817 Ecclesiarum;
756 2744 1099 2826 aliquando
1161 2743 1332 2823 frugi
1397 2760 1468 2805 ac
1542 2760 1838 2822 parcum,
1928 2743 2142 2805 statim
2240 2741 2632 2804 effusissime
2713 2740 3096 2819 prodigum;
3171 2754 3423 2815 semper

193 2846 720 2907 versutissimum
755 2848 846 2922 in
915 2847 1382 2927 excogitatione
1450 2837 1775 2910 rationum
1817 2847 1985 2925 quod
2035 2845 2226 2908 vellet
2271 2843 2608 2912 efficiendi,
2640 2857 2970 2923 nunquam
3012 2856 3140 2902 non
3179 2839 3424 2917 impru-

189 2947 657 3038 dentissimnm
717 2944 1154 3032 ineleclione
1222 2948 1640 3010 consiliorum
1668 2947 1694 3020 ς’
1739 2945 2111 3025 frequenter
2177 2963 2368 3025 supra
2429 2946 2685 3006 modum
2736 2943 3133 3006 aﬂ‘ectantem
3192 2941 3422 3004 famam

191 3049 454 3113 officiosi
528 3066 678 3128 erga
744 3050 1152 3123 domesticos,
1214 3067 1330 3111 nec
1399 3068 1540 3114 raro
1611 3049 1814 3112 ferina
1894 3047 2224 3129 impietate
2296 3046 2811 3119 debacchantem,
2895 3044 3210 3107 violandis
3281 3045 3425 3106 sine

189 3161 490 3233 respectu
547 3152 1135 3217 necessitudinibus
1193 3154 1638 3226 sanctissimis,
1696 3154 1920 3232 utique
1985 3154 2096 3234 qui
2157 3169 2284 3213 non
2336 3153 2524 3213 modo
2578 3166 2702 3213 non
2737 3150 2819 3211 sit
2906 3149 3142 3218 veritus
3195 3167 3426 3212 aman-

194 3257 430 3319 tissimi
493 3265 560 3322 et
619 3257 815 3320 nimis
887 3257 953 3318 in
1010 3257 1222 3336 ipsum
1275 3257 1539 3320 beneﬁci
1604 3257 1884 3336 parentis
1959 3256 2330 3318 memoriam
2381 3252 2574 3333 justis
2643 3252 3026 3315 funebribus
3090 3254 3423 3326 fraudare;

191 3369 460 3423 matrem
543 3361 797 3438 viduam
857 3360 1208 3438 tyrannicis
1267 3361 1459 3421 minis
1504 3361 1581 3422 ad
1637 3342 1753 3420 viri
1820 3359 2052 3438 ipsius,
2107 3359 2304 3437 patris
2360 3357 2488 3432 sui,
2541 3355 2859 3436 judicium
2922 3357 3162 3435 scripto
3239 3358 3422 3418 dam-

193 3467 478 3526 nandum
563 3464 868 3542 adigere;
933 3462 1272 3541 conjugem
1347 3464 1514 3542 regis
1576 3462 1865 3539 Ungaria
1920 3462 2140 3538 ﬁliam,
2209 3461 2392 3540 cujus
2449 3458 2790 3520 tenerrima
2844 3457 3089 3521 dilecta
3155 3457 3422 3521 martem

192 3564 587 3629 mollissime
639 3565 943 3641 ﬂevisset,
1009 3583 1085 3626 ex
1146 3565 1267 3625 levi
1320 3563 1716 3643 suspicione,
1750 3568 2104 3643 sepultura
2165 3565 2407 3625 honore
2481 3561 3082 3638 multare;fratrem
3149 3561 3427 3640 Porphy-

189 3667 566 3744 rOgenitum
641 3665 1052 3728 circumferre
1108 3663 1411 3726 clathrata
1471 3681 1658 3726 cavea
1718 3673 1780 3726 et
1839 3665 1982 3726 diro
2033 3681 2285 3726 carcere
2341 3662 2419 3726 ad
2481 3669 2747 3725 mortem
2800 3676 3148 3722 macerare:
3203 3670 3424 3724 Verum

191 3776 249 3828 et
313 3769 550 3830 horum
621 3776 864 3847 partem
926 3783 1052 3829 non
1097 3767 1442 3842 dubitarit,
1504 3766 1596 3829 uti
1647 3766 1926 3830 facinora
1983 3768 2305 3846 praeclara,
2337 3761 2738 3846 jactabundis
2793 3761 3068 3841 gloriose
3100 3745 3420 3827 ostentare

187 3868 658 3930 concionibus.
910 3874 913 3875 ⁷
2476 3951 2480 3955 ε

262 3970 347 4032 ll.
383 3970 690 4033 Moribus
739 3977 865 4033 tam
924 3969 1331 4034 instabilibus
1403 3969 1716 4050 principis
1780 3988 1948 4034 unus
2009 3971 2522 4034 constantissime
2604 3971 2932 4052 respondit
3005 3973 3424 4056 perturbatis-

190 4071 399 4132 simus
459 4079 525 4134 et
588 4070 1180 4134 calamitosissimus
1245 4072 1563 4134 universa
1608 4071 1979 4151 reipublicae
2031 4080 2256 4135 status.
2296 4064 2613 4136 Ererium
2681 4074 3106 4148 exinanitum,
3164 4092 3436 4156 semper

189 4173 490 4236 exhausti
571 4173 834 4236 tributis
895 4175 1287 4239 immanibus
1329 4177 1586 4254 pepuli,
1638 4179 1994 4239 interversa
2047 4177 2491 4240 ministrorum
2526 4196 2784 4258 quoque
2833 4180 3254 4259 palatinorum
3307 4201 3428 4244 au-

191 4284 620 4349 ctoramenta,
656 4277 731 4353 ad
772 4276 1237 4338 mendicitatem
1291 4277 1521 4339 redacti
1575 4277 1949 4355 pudendam
1997 4279 2123 4356 ipsi
2159 4280 2456 4343 Ecclesia
2508 4282 2839 4360 prooeres;
2877 4285 3098 4345 classis
3132 4285 3424 4348 funditus

199 4379 512 4456 neglecta,
589 4377 838 4470 arcium
908 4377 1382 4440 limitanearum
1439 4379 1731 4458 praesidia
1772 4380 2134 4454 subtracta,
2222 4391 2556 4446 terrestres
2608 4387 2927 4449 exercitus
2995 4388 3179 4465 plane
3234 4388 3427 4453 dissi-

204 4484 340 4555 pati,
410 4482 684 4541 inerme
729 4479 1075 4556 imperium
1129 4477 1393 4539 irritatis
1449 4490 1687 4539 temere
1731 4480 2022 4540 Barbaris
2095 4481 2439 4560 objectum,
2478 4501 2751 4566 summa
2810 4486 3023 4548 tutela
3071 4503 3143 4548 ac
3201 4488 3427 4551 salutis

212 4586 471 4655 publica
526 4583 748 4645 intidis
797 4583 972 4656 feris,
1037 4582 1370 4662 rapacibus
1411 4581 1647 4642 exteris
1690 4582 2237 4644 inconsuttissime
2306 4575 2676 4656 commissa,
2729 4586 2877 4650 hinc
2931 4587 3143 4650 statim
3205 4605 3430 4651 conse-

221 4689 349 4752 cutis
415 4684 821 4751 necessariis
874 4684 1203 4746 effectibus
1261 4683 1480 4755 talium
1520 4699 1880 4757 causarum,
1919 4685 2380 4748 vastationibus
2413 4688 2908 4766 provinciarum,
2957 4689 3431 4767 direptionibus

215 4790 490 4862 urbium,
546 4772 1058 4861 ‘depradatione,
1113 4785 1499 4861 captivitate,
1548 4787 1739 4858 cade,
1803 4782 1949 4863 fuga
1985 4787 2391 4864 p0pu|orum,
2460 4789 2854 4852 desolatione
2892 4791 3180 4852 omnium
3242 4791 3434 4855 fando

207 4903 486 4968 unquam
563 4869 934 4949 auditarum
1034 4885 1418 4958 tristissima,
1501 4893 1869 4947 cunctarum
1937 4887 2245 4950 latissime
2315 4890 2383 4952 in
2465 4900 2736 4972 utraque
2795 4893 2962 4954 Asia
3032 4897 3434 4977 Europaique

207 4996 576 5064 continente
658 4991 944 5052 Romano
994 4991 1425 5068 ,subjectarum
1489 4991 1758 5068 imperio
1791 4981 2171 5070 region'um;
2231 4994 2367 5071 ipsa
2426 4995 2530 5055 vix
2587 4997 2744 5058 urbe
2796 4996 2990 5075 regia,
3049 4997 3230 5076 cujus
3283 5015 3427 5075 por-

213 5093 434 5164 tubus,
493 5099 684 5172 cujus
741 5093 938 5178 portis
996 5094 1150 5153 mari
1221 5093 1455 5154 classes
1524 5093 1826 5170 piratica,
1876 5102 2039 5155 terra
2089 5092 2598 5158 latrocinantium
2656 5095 2908 5159 infesta
2978 5099 3146 5160 acies
3205 5100 3432 5161 Barba-

217 5208 432 5256 ror’nm
495 5198 764 5284 impune
801 5213 1074 5274 semper
1137 5196 1557 5268 insultabant,
1607 5195 1768 5273 ipsa,
1813 5197 2100 5276 inquam,
2161 5199 2418 5278 imperii
2478 5198 2625 5264 sede
2704 5202 3257 5282 Constantinopoli
3331 5203 3429 5264 vix

223 5295 490 5359 liberum
567 5301 874 5378 spiritum
943 5315 1126 5358 muro
1198 5308 1256 5358 et
1322 5299 1818 5378 propugnaculis
1873 5308 2138 5373 tutante,
2216 5303 2387 5366 inter
2452 5318 2843 5384 grassantem
2921 5307 3096 5370 intus
3175 5307 3433 5377 famem,

217 5398 579 5461 savientem
645 5400 821 5461 luem
889 5443 906 5472 ,
954 5399 1346 5460 seditionum
1408 5400 1578 5462 ferro
1626 5400 1760 5462 face
1835 5403 2851 5488 depraliantium'sanguinarios
2904 5409 3181 5481 furores,
3217 5417 3438 5472 terras

224 5507 455 5572 motus,
533 5501 668 5562 dira
750 5497 1073 5570 incendia,
1141 5505 1202 5558 et
1270 5498 1332 5560 id
1392 5516 1596 5575 genus
1655 5499 1976 5563 immissas
2027 5506 2342 5567 divinitus
2405 5512 2652 5582 clades;
2714 5527 2859 5587 qua
2911 5508 3207 5570 dubitare
3263 5507 3434 5568 cives

224 5598 614 5658 miserrimos
679 5601 982 5674 cogerent
1049 5604 1186 5656 utra
1245 5606 1415 5658 esset
1474 5599 1683 5659 minus
1733 5600 2100 5664 calamitosa
2154 5603 2434 5681 fortuna,
2489 5589 2973 5687 gementiumne
3051 5609 3172 5670 sub
3235 5607 3434 5668 servi-

226 5705 354 5759 tute
421 5697 754 5760 barbarica
825 5693 1021 5755 semel
1083 5697 1528 5770 abductorum,
1594 5716 1672 5761 an
1736 5702 1940 5762 adhuc
2013 5703 2135 5763 sub
2195 5713 2356 5767 tecto
2430 5711 2631 5785 patrio
2698 5710 3001 5770 extremis
3083 5706 3435 5771 teri-oribus

221 5797 656 5863 astuantium,
728 5805 787 5854 et
840 5811 971 5872 quo
1046 5809 1192 5852 casu
1253 5795 1518 5870 perituri
1589 5813 1732 5857 mox
1793 5795 2031 5871 forent,
2102 5805 2428 5866 cruciabili
2507 5808 2824 5870 anxietate
2878 5809 3295 5872 incertorum.

543 5899 808 5955 l’nnoc.
863 5899 973 5955 Gn.
1023 5893 1277 5957 CXLIV.
3011 5907 3043 5965 1
3106 5927 3110 5931 -

1722 6070 2260 6176 265553—13
