4058 6282
541 435 601 503 ll
1879 436 2112 498 PETRI

2192 435 2457 498 ’OSSINI
3731 427 3794 494 1Q

615 553 726 615 Ili.
812 549 962 612 Tam
1034 559 1214 613 atrox
1272 551 1414 614 irati
1492 551 1792 616 Numinis
1872 552 2142 618 vindicta
2234 552 2472 630 quibus
2528 559 2673 612 tunc
2733 549 3086 612 sceleribus
3131 555 3606 628 provocaretur,
3652 544 3786 608 nis-

537 654 851 736 quisitum
908 671 941 717 a
999 652 1295 732 plurimis
1366 651 1578 727 anxie,
1658 655 1871 734 ipsum
1963 670 2227 734 quoque
2295 672 2366 715 se
2417 670 2546 718 non
2605 651 3022 716 dissimulans
3097 649 3240 728 ejus
3307 653 3617 735 abstrusas
3694 648 3789 711 rei

540 762 993 826 sciscitatorem
1057 755 1417 827 curiosum,
1488 773 1613 818 non
1676 757 1871 818 semel
1958 757 2382 835 Pachymeres
2450 743 2738 824 afﬁrmat.
2804 764 3185 842 Aperiamus
3263 759 3384 823 hoc
3466 775 3584 821 nos
3649 754 3795 816 illis

541 880 867 935 arcanum,
914 867 975 924 et
1032 858 1449 938 indigitemus
1531 860 1798 934 trabem,
1871 876 2072 939 quam
2136 862 2288 940 quia
2375 856 2628 924 infixam
2682 873 2914 944 gerunt
2989 865 3220 936 oculis,
3305 862 3521 926 videre
3604 856 3788 921 illusi

527 975 902 1046 nequeunt.
973 963 1272 1043 Relapsio
1346 963 1412 1025 in
1472 963 1802 1036 haeresim,
1849 967 2049 1026 sancti
2138 965 2412 1044 Spiritus
2489 969 2966 1045 processionem
3019 986 3054 1031 e
3119 971 3296 1030 Patre
3369 963 3577 1026 simul
3640 976 3790 1021 cum

509 1068 714 1145 _Fiho
798 1070 1157 1146 negantem,
1218 1064 1556 1140 repetitum
1620 1064 1920 1139 schisma,
1993 1064 2265 1128 rebellio
2333 1068 2553 1130 iterata
2605 1068 2672 1130 in
2730 1069 2963 1132 Christi
3024 1069 3330 1131 vicarium
3425 1053 3790 1126 Romanum

548 1171 939 1252 pontificem,
996 1174 1228 1240 vestra,
1262 1165 1627 1245 Byzantini,
1694 1167 1813 1228 hoc
1877 1183 2071 1245 Opere
2152 1169 2472 1245 publicata
2550 1170 2814 1235 crimina
2883 1180 3054 1235 sunt.
3131 1173 3224 1233 Ne
3297 1166 3566 1248 quaerite
3638 1162 3796 1242 alias

548 1272 813 1337 istarum
877 1273 1000 1334 sub
1060 1270 1303 1352 quibus
1360 1270 1618 1350 gemitis
1681 1271 2067 1342 exitialium,
2104 1282 2324 1335 tenore
2380 1276 2881 1339 continuissimo
2931 1294 3266 1350 noxarum,
3321 1286 3501 1336 aucta
3537 1283 3796 1346 semper

548 1375 851 1455 gradibus
933 1375 1260 1437 atrocitate
1331 1374 1754 1439 crescentium
1823 1389 2048 1434 causas
2125 1375 2580 1438 calamitatum.
2648 1377 2989 1458 Utcunque
3049 1377 3262 1456 probi,
3331 1373 3548 1446 mites,
3625 1367 3796 1449 justi

551 1477 880 1558 principes
939 1477 1127 1539 vestri
1164 1477 1521 1546 videantur,
1557 1475 1836 1554 populus
1877 1474 2028 1538 satis
2085 1478 2504 1555 compositus,
2571 1479 2782 1541 clerus
2841 1480 3055 1559 gravis
3110 1486 3172 1542 et
3211 1479 3546 1548 honestus,
3583 1482 3798 1542 nullm

552 1585 646 1640 est
711 1578 859 1640 odio
940 1581 1008 1640 in
1077 1593 1185 1639 vos
1275 1577 1382 1639 Dei
1464 1570 1841 1640 concitando
1895 1577 2004 1655 ,νει
2082 1575 2594 1641 efﬁcacissimum
2668 1579 3008 1661 ﬂagitium,
3089 1584 3378 1664 pertinax
3453 1579 3796 1654 amplexus

552 1680 808 1759 reprobi
870 1683 1211 1760 dogmatis,
1274 1678 1574 1769 pervicax
1652 1687 2057 1757 contemptus
2110 1697 2432 1759 supremae
2489 1681 2937 1746 ecclesiasticas
3006 1682 3404 1749 auctoritatis
3474 1680 3539 1740 in
3615 1678 3789 1744 l’etr.

552 1799 924 1846 successore
977 1785 1258 1845 Romano
1311 1781 1612 1860 episcopo
1671 1780 1905 1844 Christi
1968 1781 2171 1860 ipsius
2238 1782 2648 1846 institutione
2695 1786 3081 1852 constitutas.
3128 1788 3276 1849 Haec
3337 1783 3518 1848 vobis
3587 1782 3797 1849 Lerna

557 1889 896 1960 maturum,
940 1885 1121 1963 origo
1180 1884 1480 1958 cladium,
1518 1882 1664 1944 fons
1720 1881 2226 1947 infortuniorum
2267 1888 2479 1947 omnis
2526 1887 2784 1967 generis
2840 1904 3013 1950 unus
3065 1895 3160 1950 est
3190 1881 3800 1952 omnium-Dolens

553 1999 800 2055 vestros
834 1990 1154 2054 exercitus
1187 1983 1779 2054 numerosissimos,
1814 1984 2112 2046 ductante
2151 2003 2269 2066 per
2316 2004 2386 2048 se
2426 1987 2567 2067 ipso
2597 1994 2801 2056 vestro
2831 1991 3122 2070 Augusto
3154 1989 3467 2052 Michaele
3505 1987 3796 2053 Juniore,

556 2111 728 2160 nunc
786 2090 1236 2171 incompositis
1268 2107 1384 2152 nec
1425 2089 1643 2150 multis
1685 2091 2013 2167 Oppositus
2075 2090 2144 2153 in
2175 2090 2328 2154 Asia
2364 2093 2680 2166 Bai-beris,
2734 2110 2906 2164 nunc
2952 2093 3016 2156 in
3085 2096 3370 2158 Occidua
3425 2087 3801 2156 continente

557 2199 778 2280 paucis
841 2196 1168 2276 imparatis
1228 2194 1595 2256 extorribus
1660 2193 1939 2270 obiectos
1998 2194 2134 2256 acie
2187 2195 2447 2269 Latinis,
2494 2202 2738 2266 terrore
2805 2197 3500 2269 fuisseconsternatos
3541 2193 3794 2275 panico.

554 2306 760 2380 fusos,
797 2299 1076 2380 fugatos,
1112 2295 1524 2375 proﬂigatae?
1563 2296 2031 2368 Consteruavit,
2073 2295 2351 2376 disjecit,
2405 2298 2678 2376 perdidit
2717 2299 2937 2361 divina
2997 2301 3317 2374 Nemesis,
3375 2297 3674 2364 haeresim
3717 2298 3806 2362 in

557 2409 741 2472 vobis
798 2412 860 2468 et
917 2401 1193 2468 schisma
1246 2399 1600 2462 vindicans.
1662 2401 1756 2459 An
1835 2415 1984 2469 vero
2047 2416 2126 2460 ex
2199 2418 2327 2477 quo
2399 2399 2756 2478 legitimum
2827 2405 3204 2475 antistitem,
3274 2400 3618 2464 orthodoxi
3679 2401 3800 2464 do-

559 2495 789 2594 gmatis
848 2507 927 2568 de
990 2489 1402 2583 processione
1434 2499 1634 2573 sancti
1668 2501 1944 2578 Spiritus
1998 2517 2076 2561 ex
2141 2501 2320 2564 Patre
2356 2501 2657 2582 Filioque
2710 2505 3252 2578 eruditissimum,
3289 2503 3798 2566 disertissimum

560 2614 1286 2688 constantissimumque
1366 2605 1796 2682 defensorem,
1867 2607 2096 2668 throno
2153 2602 2558 2683 patriarcbali
2620 2606 2926 2675 Joannem
3013 2609 3291 2676 Veccum
3380 2605 3800 2680 deturbastis',

563 2721 770 2784 vestra
821 2729 1121 2795 unquam“
1167 2714 1230 2774 in
1293 2710 1423 2772 ulla
1473 2708 1570 2771 vel
1625 2711 1852 2774 umbra
1888 2705 2372 2787 tranquillitatis
2425 2709 2802 2788 conquievit
2855 2711 3186 2779 Ecclesia?
3248 2713 3386 2779 Non
3439 2710 3550 2774 ille
3599 2727 3794 2788 quem

563 2842 677 2905 pro
747 2824 954 2886 Vecco
1005 2816 1361 2881 intrusistis
1423 2813 1776 2892 Gregorius
1837 2813 2138 2894 Cyprius,
2177 2812 2638 2891 jactationibus
2710 2829 3064 2883 concussus
3141 2814 3446 2888 assiduis,
3519 2831 3800 2892 princeps

563 2931 812 2993 tandem
846 2926 1001 2989 sede
1028 2921 1308 2986 corruit?
1332 2936 1457 2982 non
1485 2917 1658 3000 paria
1689 2934 1916 2998 passus
1949 2917 2042 2979 illi
2068 2916 2377 2984 suﬁ‘ectues
2404 2915 2837 2984 Athanasius?
2865 2917 3036 2995 paria
3068 2918 3350 2980 Joannes
3373 2916 3633 2981 Casinas
3651 2911 3802 2982 7βὶ-

562 3032 764 3105 milia,
839 3028 973 3089 imo
1047 3024 1288 3104 pejora,
1335 3023 1570 3090 iterum
1634 3029 1850 3082 contra
1899 3020 2007 3099 jus
2073 3017 2298 3097 fasque
2366 3017 2684 3097 repositus
2739 3017 2808 3085 in
2869 3028 3039 3086 recte
3099 3018 3309 3087 ablato
3369 3004 3796 3097 patriarcha'tu

563 3131 948 3198 Athanasius
1007 3128 1207 3203 idem,
1283 3124 1465 3189 vobis
1527 3123 1800 3202 insuper
1850 3121 2009 3201 ipsis
2076 3121 2541 3190 infestissimus
2609 3128 2670 3184 et
2725 3121 3382 3187 abominatissimus?
3436 3118 3598 3195 Quid
3649 3134 3792 3180 me-

563 3253 806 3301 morem
857 3250 1084 3302 seevas.
1145 3229 1484 3298 immanes,
1544 3225 1820 3290 rabiosi:
1883 3225 2259 3297 commissas
2324 3231 2385 3286 et
2444 3223 2768 3288 vobiscum
2839 3232 2900 3286 et
2961 3224 3236 3288 invicem
3299 3223 3535 3305 jurgiis
3591 3229 3800 3286 sectas

562 3338 1094 3405 Arsenianorum.
1158 3327 1658 3406 Josephitarum,
1691 3322 2304 3404 Hyacinthinorum,
2355 3323 2655 3397 aliorum,
2715 3323 2906 3385 modo
2939 3323 3200 3405 Georgii
3266 3322 3798 3399 Moschamparis,

567 3445 758 3508 modo
825 3435 1024 3502 Marci
1098 3430 1403 3511 disci-puti
1457 3430 1697 3510 Cyprii,
1763 3429 1958 3490 modo
2020 3428 2367 3492 Andronici
2441 3428 2795 3499 Sardensis,
2866 3429 3054 3496 modo
3107 3428 3374 3498 Joannis
3450 3425 3796 3506 Ephesini,

563 3551 754 3615 modo
813 3546 1050 3608 Nicetaa
1125 3532 1683 3616 Dyrrhachiensis,
1759 3532 1947 3599 modo
2021 3515 2357 3610 'i‘heolepti
2442 3530 3022 3610 Philadelphiensis
3132 3538 3341 3610 partes
3419 3529 3809 3596 tuentium?

561 3668 713 3736 qUIS
753 3655 947 3710 aestus
1005 3634 1495 3717 implacabiliter
1545 3633 1938 3705 rixantium?
1995 3646 2188 3714 quam
2240 3630 2739 3702 immedicabilis
2764 3630 2944 3696 furor
2992 3631 3256 3721 obnixis
3282 3629 3802 3694 irrevocabititer

562 3752 796 3820 studiis
854 3765 994 3812 sese
1059 3748 1282 3805 mutuo
1345 3737 1836 3808 infestantium'l
1884 3738 2041 3808 caelo
2097 3737 2268 3817 ipso,
2323 3737 2508 3817 cuius
2572 3737 2650 3808 de
2704 3738 2928 3801 vestris
2963 3737 3428 3805 controversiis
3469 3737 3798 3815 judicium

559 3861 677 3924 illo
740 3848 1230 3932 Atramyttiensi
1289 3851 1610 3909 conventu
1664 3861 1775 3922 per
1831 3846 2172 3922 quamdam
2214 3841 2668 3920 superstitiose
2703 3842 3023 3905 curiosam
3058 3840 3529 3923 pyromantiam
3566 3839 3806 3922 explo-

563 3975 771 4028 ratum
835 3953 1119 4020 iveratis,
1159 3947 1355 4028 partis
1415 3947 1754 4026 utriusque
1812 3944 2066 4023 scriptis
2099 3960 2276 4013 sacra
2327 3943 2581 4011 ﬂamma
2640 3945 3150 4020 eonoremandis,
3186 3944 3547 4010 luculenter
3583 3945 3804 4008 decla-

563 4074 747 4131 rante
806 4075 991 4140 eque
1054 4054 1270 4119 omnia
1339 4057 1543 4119 vestra
1601 4047 2053 4114 conventicula
2115 4049 2248 4110 Deo
2309 4064 2451 4115 esse
2498 4063 2571 4108 ac
2625 4049 2883 4125 superis
2916 4063 3131 4112 exosa.

643 4170 751 4231 Ν.
838 4163 957 4226 Sed
1016 4160 1254 4222 frustra
1313 4151 1678 4218 laboramus
1759 4149 2179 4219 admouendis
2245 4151 2325 4212 iis
2404 4164 2568 4229 quos
2647 4149 3006 4215 voluntaria
3087 4151 3333 4225 caecitas
3401 4170 3436 4215 a
3496 4146 3796 4218 videndo.

565 4272 739 4355 quod
792 4268 993 4349 palam
1059 4269 1176 4333 est,
1239 4257 1553 4337 prohibet.
1605 4258 1732 4320 Nos
1791 4255 2006 4334 potius
2066 4254 2238 4318 hunc
2287 4254 2568 4316 fructum
2626 4271 2702 4316 ex
2740 4254 2932 4336 hujus
2994 4256 3275 4320 historias
3308 4257 3587 4320 lectione
3639 4256 3810 4321 reie-

565 4388 808 4444 ramus,
842 4378 912 4434 ut
979 4381 1110 4429 non
1141 4360 1564 4425 dubitandum
1602 4367 1898 4436 putemus
1955 4357 2232 4436 amplius
2264 4360 2425 4437 quin
2481 4359 2554 4420 ad
2593 4361 2984 4440 puniendum
3020 4364 3383 4427 Graecarum
3416 4361 3480 4423 iu
3526 4362 3809 4426 Oriente

568 4475 1027 4558 imperantium
1090 4467 1368 4531 sebisma
1424 4470 1794 4535 contumax,
1851 4463 2080 4540 dogma
2141 4463 2508 4537 reprobum,
2542 4465 2705 4526 Deus
2736 4465 3222 4529 Ottomanorum
3285 4467 3635 4546 potentiam
3687 4483 3817 4527 e1-

565 4582 878 4648 citaverit.
953 4574 1179 4639 Statim
1230 4569 1361 4632 fere
1426 4575 1618 4648 atque
1655 4565 2060 4628 Andronicus
2093 4563 2486 4644 Palaeologus
2537 4567 2754 4628 senior
2788 4585 3047 4647 compos
3105 4568 3593 4648 factusimperii
3624 4567 3820 4633 vires

565 4689 706 4767 ejus
740 4676 1058 4746 convertit
1096 4673 1435 4736 universas
1465 4667 1542 4730 ad
1580 4667 2077 4729 labefactandam
2115 4665 2816 4745 exetirpandamqueab
2851 4668 2986 4746 ejus
3020 4681 3195 4748 patre
3231 4668 3535 4734 Michaele
3567 4665 3816 4732 initam-

567 4804 712 4852 cum
788 4779 1134 4862 apostolica
1194 4773 1343 4835 sede
1403 4769 1832 4844 concordiam,
1886 4777 2241 4847 eruperunt
2304 4785 2336 4829 e
2394 4770 2656 4830 Perside
2716 4771 2780 4830 in
2852 4771 3242 4834 Christianas
3305 4783 3499 4837 terras
3555 4775 3803 4835 tumut-

569 4885 795 4950 tuarim
856 4883 1177 4944 latronum
1228 4887 1480 4934 manus.
1522 4872 1782 4932 Harum
1835 4868 1966 4930 dux
2035 4883 2249 4940 unus,
2300 4885 2492 4948 quem
2544 4879 2761 4932 noster
2815 4876 3148 4934 Atmanem
3193 4883 3391 4948 vocat,
3444 4873 3588 4937 aliis
3625 4877 3797 4938 Otto-

568 5002 784 5050 mancs
845 4981 1240 5048 nominatus,
1265 4992 1343 5036 ex
1375 4971 1650 5036 obscuro
1687 5018 1704 5046 ,
1737 4978 1992 5049 egente,
2025 4968 2284 5032 inﬁrmo
2317 4970 2761 5046 inclarescere,
2793 4974 3008 5049 ditari,
3053 4980 3455 5042 corroborari
3495 4975 3806 5056 paulatim

563 5107 694 5155 non
747 5085 968 5157 desiit,
1027 5079 1234 5158 quoad
1303 5075 1547 5148 multis,
1620 5084 1808 5153 prout
1849 5073 2272 5150 Paehymeres
2347 5075 2621 5152 sparsim
2690 5076 2791 5136 hic
2861 5090 3188 5149 memorat,
3242 5091 3477 5144 auctus
3543 5098 3812 5144 succes-

566 5195 771 5263 sibus,
807 5184 1044 5267 prtedis
1071 5181 1517 5258 locupletatus,
1543 5175 1820 5249 arcibus,
1848 5173 2144 5247 urbibus,
2165 5175 2512 5252 provinciis
2535 5194 2670 5239 sue
2689 5178 2919 5239 ditioni
2955 5181 3253 5256 subditis,
3277 5185 3494 5247 Prusae
3520 5187 3814 5259 tandem,

566 5311 759 5374 quam
796 5291 857 5350 in
897 5283 1194 5364 Bithynia
1253 5290 1722 5359 occupaverat,
1785 5297 2052 5360 regnum
2104 5280 2430 5353 instituit,
2465 5285 2634 5345 circa
2671 5282 2909 5345 Christi
2944 5302 3186 5346 annum
3237 5289 3637 5352 millesimun
3674 5303 3813 5352 tre-

567 5394 1025 5462 centesimum,
1060 5382 1413 5447 Andronici
1466 5381 1668 5443 nostri
1714 5380 1910 5460 hujus
1943 5380 2013 5442 in
2058 5380 2334 5456 imperio
2373 5383 3004 5446 duodevicesimum.
3032 5386 3360 5450 Ottomani
3392 5389 3502 5467 qui
3540 5390 3818 5470 triginta

568 5500 821 5565 circiter
858 5501 1002 5574 post
1037 5491 1224 5552 annis
1260 5487 1572 5550 successit
1611 5485 1674 5546 in
1720 5501 1914 5564 regno
1954 5481 2254 5546 morienti
2289 5485 2468 5548 tilias
2493 5486 2859 5560 Orehanes,
2910 5497 3092 5567 capta
3136 5490 3344 5552 Nicaaa
3380 5490 3573 5552 altera
3628 5495 3830 5573 regia

564 5597 1068 5680 Byzantinorum
1110 5593 1550 5667 Augustorum
1581 5635 1596 5661 ,
1628 5586 2068 5648 Nicomedi-am
2106 5593 2407 5662 praeterea
2446 5586 2868 5667 reliquasque
2904 5597 3141 5651 tractus
3192 5595 3329 5669 ejus
3367 5591 3661 5653 civitates
3705 5597 3826 5657 tu-

565 5701 790 5779 clytas,
827 5705 959 5758 tum
997 5695 1294 5774 Mysiam,
1333 5686 2136 5771 Lycaoniam,Phrygiam,
2166 5687 2413 5749 Cariam
2445 5696 2837 5768 cunctasque
2875 5695 2947 5752 ad
2984 5691 3470 5771 Hellespontum
3503 5701 3563 5754 et
3611 5695 3830 5758 Euxi-

568 5817 720 5865 num
756 5798 1075 5875 regiones,
1110 5799 1398 5856 Romano
1431 5801 1682 5869 ereptas
1717 5803 1835 5849 suo
1872 5788 2105 5866 adjecit
2149 5790 2444 5868 imperio.
2482 5792 2677 5866 Cujus
2717 5793 2906 5856 etiam
2953 5794 3158 5854 adhuc
3214 5793 3538 5871 regnantis
3586 5801 3832 5872 auspi-

565 5908 681 5970 ciis
721 5904 1073 5966 Solirnancs
1113 5900 1462 5974 tilius,ante
1503 5904 1743 5974 patrem
1777 5894 2009 5955 deinde
2050 5902 2367 5971 mortuus,
2412 5894 2471 5954 in
2508 5889 2836 5957 Thraciam
2879 5895 3198 5973 trajiciens
3229 5894 3647 5957 Ottomanicis
3682 5903 3837 5976 pri-
