4058 6282
298 449 360 517 i3
1693 450 2118 515 PR/EFATIO.
3480 444 3549 515 ii

299 583 440 631 mus
486 568 812 649 Europam
845 572 1046 635 armis
1080 571 1415 636 delibavit.
1445 570 1550 634 Sic
1573 580 1824 652 gest-um
1861 569 2198 634 Orchanes
2234 566 2422 630 anilis
2455 565 2713 631 duobus
2753 572 2813 629 et
2852 563 3079 655 viginti
3115 562 3545 645 principatum

292 672 653 745 transmisit
684 677 975 741 Amu—rati
1014 695 1094 740 ex
1130 694 1199 741 se
1229 677 1473 757 genito,
1505 675 1841 757 superstiti
1865 675 2127 748 relicto,
2144 674 2254 754 qui
2291 672 2613 761 Gallipoli,
2636 669 3103 761 Hadrianopoli
3143 677 3207 734 et
3235 668 3551 759 subjectis

294 774 442 841 urbi
482 778 751 854 utrique
790 780 1166 860 regionibus
1198 783 1553 848 Romanam
1585 780 1891 843 minuens
1921 777 2184 851 artavit,
2219 759 2693 840 OttomaniCam
2738 758 3067 857 adtingens
3104 773 3396 838 dilatavit
3443 772 3549 834 di-
3607 775 3611 779 ’

298 868 683 943 tionem.Ex
716 882 841 946 hoe
865 875 1240 964 Bajazethes
1266 892 1458 948 natus
1491 884 1918 960 Thessaliam,
1944 882 2409 958 Macedoniam,
2448 880 2819 955 Phocidem,
2859 873 3447 959 Att'icam,Mysiam
3488 882 3553 969 et

300 979 668 1059 Bulgariam
705 983 946 1044 Graecis
984 983 1251 1064 eripuit.
1282 983 1457 1046 Vicit
1489 991 1549 1046 et
1589 982 1861 1046 abduxit
1886 982 2309 1044 'Tamerlanes
2346 980 2748 1063 Bajazethem
2772 1024 2790 1053 ,
2821 981 2946 1043 sub
2980 979 3166 1061 cujus
3196 977 3389 1047 ﬁliis,
3432 979 3552 1041 So-

294 1080 563 1158 iimane,
604 1087 814 1161 Musa,
845 1085 1210 1153 Mahmnete
1235 1088 1294 1159 1,
1319 1087 1557 1151 breves
1592 1087 1770 1154 velut
1800 1083 2080 1159 induciae
2114 1086 2429 1150 maiorum
2457 1083 2847 1168 Byzantinos
2897 1089 3554 1160 mcrearunt,exspe-

294 1193 509 1248 ctante
534 1190 663 1249 Dee
680 1205 759 1251 an
784 1190 1261 1269 resipiscerent.
1279 1190 1403 1253 Sed
1426 1189 1771 1253 schismate
1796 1184 1929 1251 illic
1954 1197 2015 1252 et
2036 1187 2265 1250 haeresi
2290 1185 2850 1250 perseverantibus
2882 1202 3089 1248 novus
3125 1183 3294 1248 ultor
3316 1178 3552 1248 exsurs

262 1288 469 1349 rexit
515 1292 855 1371 Amurates
909 1292 1006 1367 ll,
1054 1292 1441 1355 Mahometis
1493 1291 1685 1371 primi
1744 1291 1957 1363 ﬁlius,
2010 1290 2280 1353 secundi
2343 1299 2542 1367 pater.
2592 1288 2713 1351 Hic
2758 1288 3276 1351 Thessalonicam
3324 1289 3558 1350 urbem

302 1389 655 1452 maximam
694 1397 1115 1475 expugna-vit,
1154 1394 1544 1475 Hungaricis
1574 1393 1852 1457 Joannis
1898 1392 2240 1467 Huniadis,
2293 1393 2717 1472 Epirensibus
2763 1391 3194 1473 Scanderbegi
3237 1392 3559 1455 successi-

297 1490 421 1552 bus
469 1494 827 1567 retardatus
863 1510 898 1556 a
938 1494 1654 1574 ConstantinOpoiitano
1708 1493 2004 1560 funditus
2052 1494 2328 1573 imperio
2386 1492 2690 1557 delenda.
2721 1493 2988 1559 Interim
3042 1494 3214 1555 enim
3271 1493 3565 1556 clemen-

300 1592 597 1658 tissimus
646 1595 952 1664 Dominus
1005 1597 1306 1664 ultimum
1364 1598 1538 1665 velut
1594 1585 1877 1679 experiri
1926 1609 2225 1665 conatum
2262 1598 2466 1663 voluit
2510 1598 2763 1665 Grmcos
2796 1597 3178 1681 restituendi
3218 1596 3558 1661 catholicas

296 1702 756 1764 communioni
796 1721 866 1766 ac
904 1703 1497 1784 ﬁdei,'congregata
1529 1706 1696 1768 circa
1726 1705 1958 1768 Christi
1999 1722 2241 1767 annum
2295 1706 2451 1768 11ιὲιο
2493 1723 2668 1770 sacra
2723 1706 3119 1770 cacumenica
3179 1705 3556 1777 Florentina

297 1806 584 1884 synodo,
624 1808 689 1871 in
730 1826 858 1892 qua
890 1827 1054 1877 nova
1105 1810 1410 1876 Ecclesia:
1445 1813 1680 1875 Graecas
1712 1828 1855 1875 cum
1899 1811 2115 1873 Latina
2156 1813 2406 1877 tandem
2452 1822 2548 1877 est
2594 1814 2965 1877 conciliatio
3014 1815 3278 1875 sancit-a.
3311 1808 3556 1875 Verum

296 1916 372 1970 et
401 1910 484 1971 ab
522 1909 638 1971 hac
670 1927 897 1974 rursus
934 1911 1264 1994 plerisque
1298 1914 1592 1993 ipsorum
1638 1914 2120 1987 resilientibus,
2156 1914 2555 1978 Mahometes
2582 1916 2639 1977 il
2666 1962 2683 1991 ,
2722 1916 3048 1979 Amuratis
3085 1914 3361 1978 secundi
3403 1930 3560 1976 suc-

298 2027 529 2073 cessor
580 2020 640 2073 et
690 2012 860 2075 ﬁlius
892 2062 907 2087 ,
943 2016 1572 2095 ConstantinOpoiim
1625 2016 1682 2077 vi
1739 2016 1909 2095 cepit
1956 2032 2129 2079 anno
2174 2016 2322 2077 (2hr.
2373 2017 2553 2101 1453,
2583 2026 2643 2081 et
2690 2019 2869 2081 urbis
2915 2028 3293 2100 expugnatae
3344 2018 3565 2093 ruinis

296 2115 548 2177 obruto
584 2114 1008 2181 Constantino
1052 2120 1444 2199 imperatore
1478 2119 1619 2196 ejus
1656 2118 1947 2180 nominis
1999 2127 2221 2180 octavo
2250 2166 2267 2194 ,
2309 2120 2815 2199 Palaeolugorum
2869 2122 3216 2185 Andronici
3268 2116 3562 2203 postero-

298 2232 455 2281 rum
490 2213 721 2285 ordine
752 2230 964 2294 sexto,
1010 2230 1183 2283 sorte
1226 2221 1480 2291 ultimo,
1513 2219 1863 2297 imperium
1889 2218 2230 2283 Orientale
2264 2221 2570 2293 abolevit,
2614 2221 2951 2286 manifeste
3003 2224 3179 2288 ultus
3227 2224 3560 2286 rescissem

296 2338 339 2383 .a
397 2321 638 2382 Grrecis
684 2322 1031 2387 secundam
1079 2339 1225 2385 cum
1261 2322 1509 2385 Latinis
1542 2320 2035 2384 conventionem
2073 2323 2327 2399 publice
2357 2322 2585 2385 initam
2613 2305 2981 2396 Florentiae,
3007 2323 3173 2386 sicut
3203 2326 3278 2387 ad
3330 2325 3566 2403 prioris

306 2422 741 2485 violationem
782 2421 845 2484 in
883 2422 1305 2502 Lugdunensi
1338 2423 1585 2485 coalitre
1614 2421 1889 2485 concilio
1923 2422 2371 2486 vindicandam
2400 2422 2712 2487 excitatus
2735 2423 3052 2488 divinitus
3082 2425 3294 2507 fuerat
3323 2427 3390 2490 in
3426 2446 3566 2491 nia-
3610 2438 3613 2439 '

303 2532 533 2611 jorum
569 2529 711 2608 ejus
742 2529 913 2591 serie
942 2518 1245 2593 continua
1282 2538 1453 2593 retro
1484 2537 1705 2592 sextus
1727 2529 2139 2605 ,Ottomanes.

391 2635 473 2695 ν.
504 2632 715 2711 Hujus
747 2633 885 2695 orbi
919 2632 1224 2695 universo
1260 2632 1757 2696 luctuosissin'tm
1785 2633 2106 2711 tragmdim
2132 2633 2376 2712 primus
2400 2642 2577 2697 actus
2604 2635 2987 2717 Pachymere
3009 2636 3281 2701 docente
3316 2637 3379 2701 in
3411 2640 3554 2715 hac.

304 2734 504 2815 majus
540 2735 732 2795 modo
762 2733 1072 2811 siparium
1100 2733 1504 2807 reducimus,
1538 2719 1729 2809 scena
1768 2730 1945 2793 velut
1982 2734 2254 2811 quadam
2308 2734 2581 2797 luditur.
2613 2737 2943 2815 Nusquam
2978 2735 3128 2800 alibi
3169 2737 3567 2818 principatus

313 2830 515 2905 istius
547 2820 756 2921 κυρῐαξ
780 2849 963 2915 δόξας,
995 2848 1159 2914 vota,
1202 2856 1368 2913 orsa,
1404 2839 1755 2910 destinata,
1795 2838 2462 2902 machinamentorum
2501 2840 2806 2921 obliquus
2842 2840 3046 2907 ﬂexus
3074 2885 3090 2915 ,
3124 2841 3380 2905 fucosas
3422 2860 3571 2924 spe-

302 2948 453 3013 acies
477 2947 886 3027 obtentuum,
919 2953 1270 3006 astutarum
1304 2960 1529 3005 arcana
1566 2943 1975 3006 molitiouum
2001 2990 2017 3018 ,
2058 2942 2230 3006 vafra
2273 2947 2625 3025 eademque
2649 2963 2823 3011 cassa
2850 2947 3232 3026 plerumque
3258 2952 3571 3012 successu

314 3054 559 3112 artium
591 3046 1050 3129 illaudatarum
1100 3055 1487 3112 tentamenta
1526 3046 1811 3126 reperias
1834 3048 2149 3126 descripta
2168 3046 2462 3115 candide,
2484 3049 2790 3130 patefacta
2815 3047 3200 3129 simpliciter
3232 3067 3273 3113 a
3310 3045 3573 3113 conscio

317 3157 384 3208 ct
434 3154 727 3227 antepta.
765 3149 1066 3211 Summos
1111 3148 1299 3209 modo
1351 3145 1577 3208 barum
1609 3145 1831 3224 apices
1877 3162 2093 3206 rerum
2141 3148 2481 3225 perrolans
2526 3148 2781 3229 stringit
2818 3142 3573 3229 Gregoras,unus,quo:l

316 3250 525 3314 sciam
578 3250 745 3312 alius
768 3250 1133 3312 Graecorum
1176 3258 1427 3327 tempus
1466 3248 1640 3311 istud
1686 3254 1983 3321 tractans,
2018 3247 2329 3329 idemque
2386 3265 2516 3312 non
2559 3249 2851 3313 omnium
2897 3251 3221 3332 inapector
3270 3270 3574 3336 prmseus.

317 3357 572 3435 quippe
622 3354 849 3434 junior
876 3354 1298 3436 Pachymere,
1324 3372 1449 3417 nec
1512 3353 1983 3434 comparandus
2044 3353 2197 3415 huic
2255 3352 2567 3434 dignitate
2608 3362 2676 3416 vet
2742 3354 2949 3435 impar
2990 3354 3280 3437 judicio;
3314 3357 3580 3436 insuper

312 3460 547 3524 favore
580 3459 787 3520 nimio
815 3460 877 3521 in
912 3468 1119 3539 partes
1152 3458 1275 3520 sibi
1307 3456 1495 3520 amici
1522 3458 1815 3522 Seuioris
1840 3458 1913 3519 ad
1928 3472 2150 3518 versus
2182 3456 2513 3518 Iunior-em
2544 3455 2864 3519 declarato
2884 3438 3580 3534 Amironicum,studio

318 3578 479 3641 erga
515 3561 916 3622 Barlaamum
965 3559 1496 3635 haeresiarcham,
1532 3559 1770 3623 invidia
1819 3557 2118 3621 factionis
2194 3558 2700 3638 Acindynianae,
2744 3560 2929 3638 cujus
2976 3567 3111 3623 erat
3160 3560 3429 3640 signifer
3454 3611 3483 3637 ,.
3508 3564 3583 3623 li-

312 3665 533 3728 een'tia
578 3666 967 3729 Obtrectandi
1010 3665 1416 3746 principibus
1446 3673 1508 3730 et
1539 3663 1868 3728 monachis
1891 3707 1908 3739 ,
1945 3661 2407 3727 indelebihbus
2466 3663 2759 3727 maledici
2782 3678 2867 3727 ac
2894 3665 3219 3729 mendacis
3262 3669 3340 3729 ab
3373 3668 3579 3745 ipsms

315 3769 563 3850 mquali
609 3768 1049 3847 ‘Cantaeuzeuo
1096 3765 1504 3846 stigmatibus
1566 3764 1738 3827 inuri
1795 3762 2097 3838 meritus;
2136 3763 2417 3843 denique
2449 3779 2671 3842 parum
2698 3765 2899 3826 etiam
2930 3765 3368 3830 Cautacuzeno
3396 3756 3579 3829 defe-

312 3878 617 3943 rentium
675 3884 737 3940 et
802 3874 1152 3940 liberorum
1205 3874 1392 3937 omni
1450 3872 1821 3953 praejudicio
1870 3873 2181 3933 lectorum
2230 3884 2414 3950 requa
2458 3869 2774 3933 sententia
2822 3870 3186 3947 notabilis,
3228 3873 3400 3951 quod
3456 3872 3581 3941 sibi

308 3983 561 4047 famam
609 3982 778 4053 ﬁdei,
807 3996 954 4061 quas
990 3988 1086 4040 est
1121 3978 1334 4040 anima
1365 3975 1670 4045 historiae,
1705 3991 1835 4037 non
1866 3974 2022 4037 satis
2054 3972 2331 4036 sollicite
2350 3973 2435 4037 sit
2466 3974 2669 4063 tuitus
2696 3974 3005 4038 adversus
3020 3975 3236 4056 justas
3268 3975 3584 4055 suspicio-

318 4107 447 4153 nes
482 4064 637 4169 styli
677 4088 1016 4150 aﬂectibus
1046 4083 1315 4148 obnoxii
1347 4090 1410 4146 et
1437 4081 1686 4163 ingenii
1719 4082 1987 4149 venalis.

409 4196 524 4258 Vl.
566 4193 846 4255 Unicum
875 4208 1040 4272 ergo
1074 4188 1422 4252 Andronici
1461 4198 1744 4251 actorum
1785 4195 2005 4250 testem
2037 4186 2250 4259 hunc,
2292 4188 2582 4267 prudens
2610 4187 2863 4258 Lector,
2900 4184 3064 4249 habe
3103 4187 3418 4252 idoneum
3456 4188 3586 4247 Pa-

319 4306 707 4382 chymerem
737 4323 752 4375 ;
779 4316 899 4362 nec
932 4307 1145 4361 metue
1166 4298 1515 4377 perniciem
1538 4316 1683 4380 qum
1710 4315 1743 4360 a
1765 4298 2131 4360 narratione
2151 4294 2440 4358 felicium
2464 4297 2782 4358 scelerum
2806 4293 3077 4356 cavenda
3105 4297 3331 4359 mer-ito
3362 4297 3582 4375 legen-

324 4414 519 4472 tibus
543 4406 1024 4489 przescribitur,
1055 4424 1137 4467 ne
1174 4406 1246 4467 ad
1282 4404 1712 4467 imitationem
1762 4404 2061 4466 incautos
2085 4402 2427 4465 alleetent.
2466 4402 2693 4481 Magna
2728 4400 2832 4463 hic
2865 4400 3215 4463 Andronici
3264 4400 3583 4474 senioris,

320 4512 448 4575 sed
481 4509 787 4575 vindictae
815 4507 981 4571 acris
1017 4524 1137 4570 nec
1165 4507 1381 4570 dilatae
1414 4505 1714 4586 praesenti
1749 4504 1927 4566 velut
1958 4504 2297 4577 antidoto,
2333 4503 2514 4564 nullo
2537 4506 2665 4581 jam
2698 4501 2989 4582 periculo
3020 4504 3583 4584 Cognoscentium,

321 4612 617 4680 crimina
653 4611 1040 4690 produntur.
1072 4609 1429 4672 Exhibetur
1460 4610 1512 4670 is
1550 4608 1950 4685 fmdifragus,
1986 4606 2339 4685 perduellis
2364 4603 2597 4670 Christi
2630 4604 2906 4679 vicario,
2940 4614 3319 4677 contumax,
3354 4614 3586 4670 contu-

328 4716 687 4789 meliosus,
723 4712 1202 4795 ingratissimus
1235 4712 1538 4775 Ecclesia:
1570 4711 1939 4790 apostolicae
1972 4713 2275 4773 Romanae
2313 4731 2326 4770 :
2361 4708 2471 4771 sed
2524 4718 2587 4769 et
2626 4710 2948 4772 continuo
3004 4710 3177 4772 idem
3226 4710 3591 4774 ostenditur

319 4819 995 4901 iniprudentissimus
1024 4820 1086 4880 in
1113 4817 1292 4880 omni
1313 4817 1612 4890 consilio,
1641 4814 2131 4879 infelicissimus
2163 4813 2231 4875 in
2265 4811 2444 4876 omni
2478 4820 2718 4890 empto;
2749 4812 2919 4875 nulli
2943 4816 3238 4894 quamvis
3262 4816 3610 4883 imbecillo.

312 4949 473 4997 non
500 4928 938 4992 Succumbens
972 4924 1163 5001 hosti,
1194 4924 1354 4989 nulli
1387 4942 1511 4987 non
1548 4924 1901 4987 ludibrium
1952 4920 2272 4985 adversari
2304 4935 2461 4981 auso
2483 4920 2779 4999 prmbens
2804 4963 2821 4991 ,
2858 4920 3127 5002 impune
3157 4939 3415 5003 semper
3444 4938 3597 4984 con-

304 5043 657 5113 demptus,
685 5045 830 5092 cum
852 5028 1034 5090 lucro
1067 5027 1341 5098 irrisus;
1384 5025 1566 5104 cujus
1601 5024 1791 5085 mium
1823 5021 2076 5085 nullum
2113 5020 2387 5100 pondus,
2415 5018 2657 5081 nullam
2685 5022 3107 5083 constantiam
3132 5024 3419 5098 decreta,
3446 5030 3594 5086 nul-

315 5122 691 5205 lam'ﬁdem
740 5133 966 5204 verba,
1009 5130 1257 5193 nullum
1291 5128 1611 5192 desideria
1659 5144 2027 5189 successum
2070 5125 2450 5195 habuerint;
2490 5123 2715 5184 umbra
2747 5123 3176 5203 imperatoris,
3210 5129 3385 5192 larva
3416 5129 3597 5209 priu-

314 5232 536 5323 oipis,
569 5254 807 5316 scopus
846 5237 1038 5298 sortis
1072 5236 1353 5296 adversm
1379 5280 1394 5308 ,
1430 5233 1755 5296 fecundus
1786 5232 1851 5293 in
1888 5247 2081 5291 suum
2114 5231 2393 5291 dedecus
2425 5242 2498 5288 ac
2549 5225 2891 5303 damnum,
2929 5230 3258 5311 longaevus
3311 5236 3386 5297 ad
3444 5253 3594 5317 per-

300 5345 727 5429 petuitatem
765 5340 1083 5414 miseriae;
1113 5339 1437 5417 denique,
1470 5355 1503 5401 a
1545 5355 1671 5416 quo
1708 5333 2196 5397 inclinationem
2239 5332 2529 5397 ultimam
2571 5336 2646 5397 ad
2681 5336 2952 5399 exitium
3016 5335 3433 5415 irreparabile
3490 5338 3599 5399 in—

321 5444 521 5531 clyto
545 5454 768 5529 decem
801 5444 1055 5508 saeculis
1090 5461 1269 5507 novas
1304 5446 1523 5507 Romae
1554 5441 1834 5521 imperio
1868 5440 2074 5503 datam
2109 5437 2324 5500 omnis
2350 5442 2497 5519 jure
2537 5443 2882 5521 deplorans
2915 5446 2975 5501 et
3008 5440 3327 5503 detestans
3385 5450 3595 5520 poste-

306 5540 502 5626 }ritas
535 5558 872 5630 queretur.
901 5545 1347 5620 Hmc,candide
1386 5548 1631 5618 Lector,
1656 5551 2077 5605 occurrerunt
2111 5559 2257 5623 quae
2293 5542 2358 5603 in
2397 5543 2519 5607 hoc
2554 5544 2664 5607 tibi
2695 5543 2920 5606 limine
2960 5543 3280 5623 praefarer.
3319 5544 3471 5607 Nam
3517 5547 3598 5610 de

326 5672 493 5722 mea
542 5646 1009 5730 interpretandi
1042 5648 1328 5721 ratione,
1359 5648 1437 5711 de
1471 5645 1699 5710 ordine
1746 5662 1819 5708 ac
1864 5642 2164 5704 methodo
2201 5644 2463 5731 notandi
2501 5647 2723 5711 eadem
2770 5664 2915 5727 quae
2975 5645 3041 5710 in
3097 5647 3303 5712 fronte
3358 5650 3600 5729 prioris

324 5756 551 5842 partis
582 5752 917 5822 admonui,
956 5749 1121 5831 dicta
1161 5748 1265 5813 hic
1294 5765 1556 5830 quoque
1597 5748 1787 5810 velim
1838 5744 2148 5826 intelligi.
2180 5749 2357 5811 Vale.

440 5857 801 5926 Scribebam
832 5855 1051 5918 Romae
1078 5853 1286 5934 pridie
1317 5853 1468 5915 ldus
1506 5849 1795 5915 Januarii
1838 5863 2005 5910 anno
2038 5848 2273 5910 Christi
2318 5852 2496 5914 1668.
