4058 6282
486 308 558 370 23
1697 312 2026 379 GEORGII
2061 317 2554 380 PACHYMER/E
3665 314 3732 377 ει

489 422 670 492 μένων
693 419 1020 493 ῑξιιμεροῦν.
1051 422 1287 490 Πολλοὺς
1323 423 1368 479 δ’
1399 423 1621 481 ἀκούειν
1647 428 1932 499 σχίζεσθαι
1964 428 2056 483 καὶ
2081 429 2132 488 Α
2162 429 2272 499 σὴιρ
2302 431 2626 494 ἀναϐάσεως
2663 431 2768 500 (τά
2826 429 2935 502 γάρ
2968 429 3252 500 ξυμϐάντα
3281 429 3382 485 οῦκ
3414 429 3480 485 ἂν
3524 437 3737 495 πάντως

485 513 757 584 μεγάλους
803 516 1315 585 προφασιζομένουε
1343 520 1445 588 τὴν
1476 521 1568 573 τοῦ
1599 520 1798 590 Ἰωσὴφ
1827 521 2060 592 ἀναχώ-

481 624 643 678 ρησιν
691 608 787 662 καὶ
828 609 892 663 ti.
939 609 1236 664 σκάνδαλον
1265 611 1294 664 δ
1325 612 1390 684 δὴ
1437 615 1658 686 πρὼῖζα
1712 615 1937 685 ξυνέϐη,
1964 615 2059 679 οὓς

479 703 733 773 παρορᾷν
773 703 900 774 μηδ’
920 703 1058 767 ὅλως
1091 704 1396 774 ξυμφέρειν
1431 708 1627 762 νεωστὶ
1671 710 2057 780 μοναρχοῦντι.

479 798 594 852 Καὶ
626 799 692 868 δὴ
714 799 808 852 καὶ
838 798 928 851 ἐπ’
955 800 1105 869 αὖτῷ
1133 817 1195 869 γε
1222 803 1489 874 μεγίστην
1520 805 1893 876 πληροφορίαν
1915 806 2059 879 ἔχειν

477 890 702 963 ἀγάπης
737 887 808 966 ἦς
847 891 962 964 ᾔδει
1019 893 1119 963 τῆς
1159 894 1262 948 ’ἀπ’
1286 897 1498 950 ἐκείνου
1544 884 1682 967 πρὸς
1720 897 1932 970 ἑαυτὸν,
1983 881 2059 969 μή

480 986 648 1054 μόνον
669 986 1014 1057 πατριάρχου
1033 988 1221 1058 τιμὴν,
1247 989 1385 1043 άλλά
1413 1007 1477 1060 γε
1506 992 1570 1061 δὴ
1602 994 1695 1046 καὶ
1720 991 1866 1065 ζωὴν
1888 993 2060 1062 αὐτὴν

479 1076 627 1147 ὑπὲρ
653 1075 750 1130 τοῦ
777 1076 1040 1147 βασιλέως
1068 1080 1356 1148 προεῖσθαι
1385 1081 1476 1134 καὶ
1506 1081 1606 1151 τῆς
1629 1083 1838 1138 ἐκείνου
1864 1075 2062 1137 συστά-

484 1184 643 1232 nuc.
680 1169 889 1230 ’Ἄλλως
923 1170 1108 1239 μέντοι
1139 1171 1272 1241 μηδὲ
1292 1173 1470 1245 -χολᾷν
1514 1175 1702 1241 ἀξιῶν.
1722 1176 1892 1246 αὐτὴν
1917 1178 2064 1228 ὲκεί-

481 1278 586 1331 νην
617 1261 720 1330 τὴν
747 1263 971 1331 ἀγάπην
991 1264 1057 1332 ἢν
1095 1263 1213 1334 ᾔδει
1247 1266 1344 1318 καὶ
1377 1267 1477 1338 τὴν
1507 1270 1678 1337 τιμὴν
1703 1269 1896 1334 ἕξοντα
1932 1271 2061 1339 παρ’

477 1352 671 1415 αὐτοῦ,
701 1355 751 1407 εξ
785 1356 881 1408 καὶ
932 1355 1091 1420 ἄλλος
1123 1358 1220 1428 τῆς
1287 1359 1612 1433 Ἐκκλησίας
1668 1365 2058 1435 προστήσεται.

480 1447 788 1502 Kcin-3:1
822 1450 922 1519 μὲν
955 1451 1190 1519 πέμπων
1216 1453 1307 1504 τὸν
1337 1455 1755 1525 Μελιτηνιώτην
1787 1455 2066 1528 χαρτοφΰ-

481 1538 627 1592 iam
660 1542 752 1594 καὶ
780 1541 1160 1612 ἀρχιδιάκονον
1201 1543 1420 1613 Θερμῶς
1454 1547 1556 1614 τὴν
1586 1547 1836 1617 ἀνάγκην
1863 1549 2062 1602 ἀπελο-

454 1630 650 1704 Ιγεῖτο,
694 1631 904 1684 ἐκεῖθεν
944 1631 1001 1686 δὲ
1039 1635 1583 1707 συνδιανυκτερεύων
1611 1636 1689 1706 τῷ
1735 1639 1934 1710 Ἰωσὴφ
1971 1641 2065 1693 καὶ

481 1723 596 1786 τοῖς
625 1723 756 1792 περὶ
789 1727 995 1779 ἐκεῖνον
1023 1725 1126 1796 τὴν
1157 1728 1236 1789 εἰς
1268 1729 1327 1781 τὸ
1363 1733 1758 1800 πατριαρχεῖον
1796 1731 2064 1800 προκαθί-

484 1829 589 1866 στα
615 1815 789 1870 ἅνάϐα
801 1834 903 1870 σιν.

483 1972 552 2031 δ’.
595 1976 1140 2058 Ἀναχὼρηςιςξοῦ
1173 1981 1538 2058 πατριάρχου
1583 1982 1810 2058 Βάκχου
1838 1984 1923 2050 είς
1951 1979 2066 2050 τὴν

857 2051 968 2117 τῆς
997 2051 1435 2119 Παναχράντου
1471 2053 1687 2129 μονήν.

480 2209 486 2214 ·
557 2183 648 2257 [Ρ.
684 2183 741 2258 9]
782 2187 843 2238 Ὀ
867 2185 968 2256 μὲν
1002 2183 1095 2240 οὗν
1143 2187 1399 2259 Ἰωάννης
1434 2190 1528 2243 καὶ
1561 2188 1736 2253 άλλως
1771 2191 1934 2256 εὐθὺς
1964 2193 2063 2255 ὣν.

486 2275 568 2330 In
588 2278 645 2330 δὲ
668 2277 764 2329 καὶ
788 2278 883 2349 τῆς
918 2279 1014 2332 τοῦ
1040 2283 1386 2351 πατριάρχου
1409 2281 1575 2352 τιμῆς
1597 2283 1872 2355 ἑπικὸρως
1901 2287 2064 2356 ἔχων,

483 2368 562 2433 ὡς
593 2370 857 2437 πυλλάκις
893 2373 988 2426 καὶ
1021 2373 1199 2441 λέγων
1230 2375 1326 2427 καὶ
1353 2379 1611 2444 πράττων
1643 2376 1867 2444 ἔδειξεν,
1908 2378 2062 2433 ἐλπί-

485 2461 595 2528 ζων
624 2463 680 2517 δὲ
706 2464 800 2518 καί
832 2482 888 2519 τι
905 2467 1160 2535 γενέσθαι
1189 2466 1298 2520 τῶν
1331 2467 1553 2537 ἀγαθῶν
1593 2472 1657 2523 ὲκ
1681 2470 1780 2540 τῆς
1810 2471 1913 2526 τοῦ
1954 2473 2066 2526 ’ῐω-

484 2650 747 2722 agitatum
783 2651 1022 2709 motibus
1073 2653 1362 2724 imperium
1399 2656 1717 2726 pervenisse
1767 2658 1835 2714 ad
1877 2674 1958 2725 se,
2007 2669 2066 2715 ut

487 2746 560 2796 sit
583 2745 686 2814 ipsi
717 2761 900 2801 tenera
934 2755 1092 2802 aetate
1122 2762 1350 2819 regnum
1381 2749 1685 2819 auspicanti
1716 2751 1863 2805 omni
1901 2753 2061 2807 sedu-

487 2836 640 2892 litate
679 2839 1098 2910 praecavendum
1159 2855 1228 2895 ne
1285 2841 1441 2895 noris
1489 2853 1750 2913 preterca
1811 2846 2064 2913 procellis

487 2930 706 2987 misceri
758 2933 1150 3002 rempublicam
1184 2936 1482 3006 contingat.
1517 2935 1572 2992 Id
1607 2938 1746 2992 haud
1783 2939 1944 2994 dubie
1975 2941 2062 2994 fu-

487 3036 671 3078 turum
695 3023 820 3087 nisi,
855 3034 1127 3093 quatenus
1153 3025 1233 3080 fas
1259 3037 1360 3092 est,
1391 3043 1421 3082 a
1453 3043 1511 3082 se
1532 3029 1866 3085 deliniantur
1894 3034 2058 3088 animi

2162 522 2360 594 ξυνέϐη
2382 522 2586 590 ζῶντος
2609 524 2842 588 ἐκείνου,
2861 524 2936 581 ὡς
2964 524 3026 576 ἐκ
3053 522 3260 577 πολλῶν
3280 521 3426 576 ἔστιν
3444 523 3739 590 ὑπονοεῖν),

2160 615 2250 670 διὰ
2278 614 2452 670 ταῦτα
2473 617 2693 686 ἕτοιμος
2729 616 2828 687 μὲν
2854 615 2928 670 ὢν
2959 618 3168 679 ἐκεῖνος
3194 616 3334 669 κατὰ
3369 615 3470 684 τὴν
3500 614 3738 692 Χριστοῦ

2163 709 2358 778 ἑορτὴν
2418 708 2780 778 λειτουργεῖν,
2834 711 3050 779 ἕτοιμος
3100 709 3157 763 δὲ
3189 711 3282 762 καὶ
3315 707 3595 778 ,περὶτῆς
3645 706 3739 761 τοῦ

2161 802 2532 872 ἀποιχομένου
2556 803 2699 856 κατὰ
2727 802 2788 856 τδ
2806 803 2955 863 εἰκὸς
2985 802 3209 872 μνήμης
3233 799 3564 871 φροντίζειν,
3582 799 3738 868 ἀφεὶς

2161 894 2230 946 τὰ
2263 894 2440 948 πάντα
2490 898 2556 966 τῇ
2608 896 2878 966 ὑστεραίᾳ
2913 896 3010 962 τῆς
3051 894 3246 965 ἑορτῆς
3277 891 3514 958 κάτεισι,
3545 891 3642 945 καὶ
3669 892 3736 959 τῇ

2162 985 2264 1055 τῆς
2297 986 2691 1057 Παναχράντου
2729 990 2865 1058 μονῇ
2894 989 3078 1060 φέρων
3119 985 3313 1040 ἑαυτὸν
3339 983 3541 1048 δίδωσι,
3575 978 3745 1052 ζητή-

2166 1095 2265 1140 σας
2298 1080 2752 1150 παρὰβασύἐως
2801 1081 2896 1133 xui.
2928 1079 3052 1142 τοὺς
3097 1077 3432 1143 ἀπάξοντας,
3463 1072 3742 1147 πρόφασιν

2167 1171 2266 1240 μὲν
2320 1170 2396 1235 ὡς
2445 1171 2948 1241 ὑπερασπιζῦντας,
2981 1171 3049 1241 ἦν
3101 1186 3186 1234 τις
3222 1168 3332 1222 τῶν
3378 1167 3475 1221 τοῦ
3532 1167 3742 1237 κλήρου

2164 1263 2502 1326 ἀπαιδεύτως
2531 1264 2618 1317 ἐπ’
2647 1265 2855 1316 ἐκεῖνον
2889 1261 3106 1335 ὁρμῴη,
3129 1259 3206 1331 τῷ
3225 1260 3283 1313 δὲ
3305 1257 3589 1329 βαθυτέρῳ
3613 1274 3746 1311 σκο-

2167 1357 2252 1425 πῷ
2283 1355 2380 1426 τὴν
2429 1356 2520 1410 τοῦ
2555 1355 2897 1420 λειποταξίου
2942 1353 3228 1424 ἐκφεύγων
3278 1351 3636 1422 κατηγορέαν,
3667 1349 3746 1411 ὡς

2165 1449 2370 1510 ἐκεῖνος
2425 1447 2585 1520 ᾤετο,
2634 1449 2789 1518 παρά
2824 1447 2944 1520 Θεῷ
2992 1448 3250 1520 κρίνοντι,
3293 1443 3400 1497 Καὶ
3427 1443 3599 1496 ταῦτα
3644 1443 3747 1510 μὲν

2165 1543 2468 1612 ἐπράττετο
2489 1545 2706 1615 εἰκοστῇ
2741 1543 2876 1616 ἕκτῃ
2904 1543 3073 1614 μηνὸς
3105 1537 3572 1611 Σκιροφοριῶνος-

2169 1677 2228 1732 ε’.
2269 1679 2578 1745 Ἀνάσασις
2628 1680 2736 1735 τοῦ
2785 1679 3007 1750 Ἰωσὴφ
3054 1681 3140 1746 είς
3177 1679 3242 1733 τὸ
3294 1675 3746 1747 πατριαρχεῖον.

2099 1783 2140 1837 Β
2242 1816 2350 1873 Τοῦ
2375 1818 2420 1871 δ’
2443 1817 2611 1872 αὑτοῦ
2652 1820 2821 1888 μηνὸς
2851 1818 2990 1888 μετᾶ
3014 1819 3113 1890 τὴν
3147 1816 3481 1890 τριακοστὴν
3507 1814 3568 1869 τδ
3609 1817 3749 1887 πρὸς

2170 1912 2411 1980 ἑσπέραν
2441 1911 2679 1974 ἐντεθεὶς
2702 1910 2874 1983 λίκνῳ
2896 1913 2924 1966 ὀ
2946 1912 3170 1981 Ἰωσὴφ,
3208 1911 3370 1981 μόνον
3393 1908 3493 1964 οὐκ
3507 1908 3748 1973 ἄπνους,

2168 2003 2382 2057 πολλῶν
2420 2003 2555 2074 παρ’
2588 2004 2832 2074 ἑκάτερα
2889 2004 3296 2076 παρεπομένων
3357 2003 3451 2055 καὶ
3503 2002 3749 2071 ἐπευφη-

2172 2096 2415 2168 μούντων
2445 2096 2515 2149 τὰ
2564 2099 3022 2170 προπεμπτήρια,
3056 2097 3142 2170 ἐφ’
3167 2096 3359 2167 ὕμνοις
3389 2096 3480 2151 καὶ
3527 2083 3748 2167 κρότοις

2167 2192 2498 2266 ἀνθρώπων,
2537 2191 2620 2246 ἔτι
2652 2192 2709 2246 δὲ
2742 2194 2833 2246 καὶ
2865 2193 2972 2246 τῶν
3009 2193 3108 2263 τῆς
3135 2192 3438 2264 ἐκκλησίας
3470 2208 3744 2262 συνακτη·

2171 2286 2304 2356 ρίων
2333 2286 2621 2344 κωδώνων.
2649 2288 2731 2349 είς
2755 2285 2813 2339 τὸ
2843 2287 3237 2357 πατριαρχεῖον
3267 2284 3553 2352 ἀνάγεται.
3591 2281 3657 2339 Oi
3688 2283 3753 2338 δὶ

2167 2377 2260 2429 τοῦ
2294 2377 2494 2447 κλήρου
2532 2378 2687 2448 μόλις
2712 2378 2816 2447 τὴν
2835 2379 3134 2445 ἑσπερινὴν
3163 2376 3442 2448 ὑμνῳδίαν
3467 2376 3592 2431 καθ’
3617 2378 3753 2429 ἑαυ-

2166 2475 2295 2535 τοὺς
2351 2470 2763 2538 ἐκτελέσαντες,
2829 2470 2956 2524 ἐπεὶ
3002 2469 3203 2541 δρθρος
3226 2466 3294 2541 ἦν
3347 2469 3612 2540 καὶπρὸς
3641 2469 3758 2540 τὴν

2166 2654 2222 2708 4.
2265 2651 2508 2708 Secessus
2536 2652 2856 2722 patriarchae
2892 2651 3036 2735 Vacci
3074 2651 3133 2704 in
3158 2647 3545 2705 Panachranta:
3567 2663 3754 2704 mona-

2845 2734 3081 2778 stertum.

2237 2842 2475 2899 Joannes
2534 2856 2734 2911 porro,
2796 2841 2887 2910 qui
2941 2850 2995 2895 et
3058 2839 3277 2894 aliunde
3325 2847 3512 2894 rectus
3557 2849 3748 2902 esset,

2168 2952 2439 3008 quemque
2469 2947 2728 3006 praeterea
2760 2935 2982 2989 satietas
3013 2935 3120 3003 jam
3147 2935 3378 3003 cepisset
3409 2931 3748 3003 patriarcha-

2171 3031 2237 3084 lis
2279 3030 2529 3091 honoris,
2553 3037 2611 3082 ut
2641 3027 2965 3098 smpe'dictis
2999 3027 3265 3096 factisque
3283 3024 3612 3085 ostenderat,
3645 3021 3758 3091 19

488 3115 782 3194 multorum
818 3115 1060 3184 inquiete
1095 3115 1426 3172 inhiantium
1467 3118 1752 3174 mutationi
1779 3136 1842 3176 ac
1872 3124 2064 3178 turbis.
2095 3137 2136 3194 ο
2170 3134 2396 3190 sperans
2419 3119 2643 3188 insuper
2675 3116 3003 3174 exstiturum
3045 3132 3112 3172 ex
3144 3114 3368 3186 Josephi
3399 3113 3756 3170 restitutione

486 3193 794 3278 Intelligere
823 3223 884 3263 se
930 3208 1156 3264 vocibus
1185 3211 1478 3265 multorum
1529 3210 1739 3267 efferari
1777 3213 2066 3284 plerosque

489 3302 803 3358 redactione
837 3302 892 3357 in
921 3303 1168 3359 ordinem
1191 3304 1439 3375 Josephi,
1469 3321 1632 3374 quem
1663 3321 1850 3361 verum
1885 3307 2068 3365 adhuc

486 3413 608 3452 esse
677 3395 1046 3467 patriarcbam
1103 3407 1408 3457 autumant,
1464 3408 1515 3452 et
1547 3397 1600 3453 vi
1651 3399 1806 3454 aiunt
1860 3389 2064 3472 injusta

488 3490 768 3560 prohiberi
810 3491 878 3547 ab
924 3492 1230 3546 exercendo
1273 3492 1532 3552 Ecclesiae
1581 3493 1884 3564 regimine;
1923 3495 2068 3549 unde

489 3592 669 3638 ortum
695 3588 1040 3640 contendunt
1071 3587 1214 3655 quod
1255 3601 1427 3655 nuper
1457 3587 1670 3641 exstitit
1704 3587 2020 3643 scandalum
2049 3629 2064 3654 ,

492 3677 906 3748 tranquillitate,
965 3679 1007 3732 si
1077 3681 1276 3734 throno
1337 3679 1426 3735 ille
1487 3680 1829 3746 restituatur,
1882 3683 2063 3736 statim

489 3773 636 3827 ultro
670 3773 930 3829 reditura.
973 3771 1123 3827 llaud
1179 3773 1284 3831 sibi
1336 3789 1458 3829 esse
1512 3784 1692 3830 tutum
1747 3777 1803 3831 in
1859 3777 2066 3830 teucris

492 3862 665 3919 initiis
699 3862 910 3932 imperii
943 3864 1216 3936 negligere
1249 3871 1329 3918 tot
1361 3864 1589 3920 istorum
1620 3880 1685 3920 ac
1731 3874 1837 3920 tam
1879 3874 2070 3935 poten-

495 3966 610 4011 tum
652 3957 830 4011 minas
863 3967 1272 4027 apparatusque
1301 3957 1629 4039 novitatum.
1665 3958 2063 4013 Exarmandam

490 4051 596 4106 sibi
626 4065 748 4106 esse
774 4049 1066 4106 factionem
1113 4049 1386 4108 demendo
1425 4061 1696 4123 przetextu
1731 4050 2015 4106 schismati
2046 4091 2060 4114 ,

491 4147 535 4201 si
565 4146 869 4215 periculum
903 4146 1386 4216 prmsentissimum
1412 4145 1692 4200 amittendi
1723 4145 2066 4216 principatus

491 4241 627 4293 velit
682 4238 941 4310 effugere.
1012 4237 1180 4292 Plane
1241 4238 1606 4294 conﬁdere'se
1654 4254 1720 4293 ex
1781 4245 2066 4308 perspecta

488 4330 718 4386 Joannis
752 4329 804 4384 in
855 4345 975 4385 sese
1024 4330 1332 4394 charitate,
1384 4338 1630 4399 paratum
1677 4343 1802 4384 eum
1841 4344 1936 4400 pro
1969 4343 2066 4383 sua

492 4426 840 4496 imperatoris
871 4424 1128 4477 incolumi
1167 4423 1462 4479 securitate
1494 4438 1603 4478 non
1640 4423 1802 4476 modo
1832 4423 2065 4492 patriar-

490 4518 702 4573 chalem
739 4519 935 4588 paciSri
962 4517 1305 4588 dignitatem,
1328 4520 1433 4572 sed'
1458 4517 1620 4573 vitam
1648 4525 1866 4586 qquue
1895 4518 2068 4586 ipsam

491 4594 845 4682 profundere.
866 4611 979 4666 Nec
1003 4627 1127 4666 vero
1151 4627 1293 4684 aegre
1315 4611 1458 4666 ferre
1472 4618 1568 4665 aut
1587 4609 1854 4678 indignari
1874 4610 2072 4664 debere

491 4707 670 4772 ipsum
700 4707 842 4776 quod
875 4716 980 4761 tam
1009 4706 1336 4763 necessariis
1355 4707 1422 4760 de
1445 4705 1624 4760 causis
1653 4705 1851 4758 throno
1876 4704 2073 4758 tantis-

491 4819 589 4873 per
617 4804 813 4859 cedere
835 4812 1097 4874 cogatur;
1140 4801 1227 4857 cui
1270 4801 1459 4870 utique
1491 4800 1785 4870 imperator
1808 4801 2072 4868 spondeat

495 4897 609 4968 pari
645 4898 786 4964 apud
819 4912 875 4950 se
909 4897 1095 4966 gratim
1129 4896 1248 4950 loco
1279 4910 1343 4950 ac
1390 4895 1577 4966 prius,
1636 4893 1754 4962 pari
1797 4890 2076 4945 existima-

494 4994 643 5047 tione
676 5007 738 5045 ac
769 4992 1082 5061 dignatione
1113 4990 1362 5052 honoris,
1394 4987 1482 5042 ubi
1515 4987 1582 5041 ad
1617 4986 1778 5040 vitam
1807 4983 2068 5053 privatan

493 5086 724 5142 redierit
756 5086 1033 5150 futurum,
1078 5095 1352 5153 utcunque
1379 5081 1516 5135 alius
1556 5095 1654 5150 pro
1701 5093 1766 5133 eo
1813 5076 2071 5132 Ecclesia:

494 5181 875 5252 pnefecturam
926 5189 1098 5250 gerat.
1134 5176 1258 5232 llaec
1291 5191 1391 5244 per
1423 5172 1897 5244 ebartophylaccm
1929 5169 2078 5224 Meli-

499 5275 761 5331 teniotem
795 5284 851 5327 et
877 5270 1323 5328 archidiaconum
1354 5267 1519 5339 jussit
1565 5264 1913 5321 Andronicus
1951 5279 1978 5316 ε
2015 5277 2074 5318 se

497 5366 801 5421 renuntiari
849 5365 1046 5430 Vecco,
1101 5362 1334 5417 sollicite
1374 5357 1758 5416 necessitatem
1801 5370 2073 5412 excusans

498 5475 620 5530 qua!
657 5458 756 5521 ipsi
789 5459 892 5512 tale
920 5456 1231 5518 consilium,
1263 5464 1320 5508 ut
1349 5453 1562 5517 aiebat,
1599 5457 1947 5521 extorqueret
1993 5448 2077 5501 in-

498 5549 788 5605 v‘tissimo.
846 5548 1066 5602 Interim
1115 5545 1229 5615 ipse
1266 5558 1516 5615 magnam
1569 5543 1809 5597 noctium
1862 5548 2071 5611 partem

500 5660 624 5698 cum
674 5642 912 5710 Josopho
956 5650 1010 5695 et
1057 5640 1176 5704 eius
1225 5638 1490 5696 studiosis
1522 5635 1850 5706 transigens,
1883 5631 2073 5688 sedulo

503 5733 842 5789 consultabat
873 5748 976 5801 qua
999 5732 1202 5801 Optime
1236 5732 1445 5788 ratione
1473 5728 1562 5784 ille
1590 5725 1776 5797 reponi
1814 5725 2069 5780 thronum

507 5829 560 5882 in
601 5826 1014 5898 patriarch'tlom
1047 5836 1247 5897 [HSSCL

2172 3213 2301 3270 boni
2336 3213 2616 3284 quidpiam
2669 3213 2816 3283 (nam
2861 3228 2984 3282 qua:
3045 3211 3395 3280 contigerunt
3473 3207 3746 3275 haudqua-

2171 3324 2332 3378 quam
2372 3316 2635 3363 eventura
2661 3309 2876 3360 vivente
2902 3303 3162 3376 Josepho,
3198 3304 3385 3359 multis
3429 3320 3498 3358 ex
3530 3298 3754 3357 indiciis

2173 3404 2298 3457 licet
2327 3402 2644 3474 conjicere),
2678 3416 2800 3456 cum
2834 3407 2890 3455 et
2937 3401 3179 3456 instante
3225 3397 3429 3454 Christi
3477 3396 3617 3452 festo
3666 3401 3754 3452 so-

2173 3495 2348 3550 lemne
2387 3510 2604 3550 sacrum
2653 3492 2858 3555 facere,
2893 3499 2951 3548 et
2999 3491 3144 3562 quod
3195 3487 3361 3546 funus
3396 3488 3629 3561 Augusti
3682 3488 3756 3542 de

2169 3605 2320 3646 more
2351 3589 2645 3660 flagitabat,
2669 3597 2958 3658 parentare
2984 3587 3091 3642 ritu
3119 3599 3275 3647 sacro
3301 3583 3551 3640 Michaeli
3572 3595 3756 3651 nuper

2170 3684 2430 3738 defuncto
2463 3692 2574 3736 tum
2606 3683 2845 3736 maxime
2881 3691 3122 3750 pararet,
3156 3676 3374 3734 cunctis
3408 3675 3494 3732 bis
3524 3683 3756 3744 repente

2168 3774 2409 3837 omissis,
2429 3771 2687 3844 postridie
2708 3770 2827 3827 festi
2847 3770 3185 3826 descendens
3207 3766 3538 3847 patriarcbio
3559 3765 3613 3820 in
3647 3762 3752 3818 Pa-

2168 3869 2488 3924 nachrantaa
2517 3866 2909 3922 monasterium
2946 3880 3004 3920 se
3031 3863 3297 3928 contulit,
3335 3860 3640 3933 impetratis
3677 3859 3750 3915 ab

2168 3965 2495 4036 imperatore
2541 3959 2954 4022 abductorihus,
2983 3974 3054 4013 ne
3093 3957 3150 4012 in
3178 3957 3269 4011 Dei
3313 3955 3524 4026 judicio
3563 3954 3747 4008 locum

2170 4065 2368 4128 sponte
2403 4055 2713 4111 deseruisse
2765 4063 2962 4120 posset,
3000 4049 3176 4121 argui.
3213 4050 3534 4117 Quanquam
3580 4048 3754 4115 impe-

2169 4161 2318 4205 rator
2355 4149 2509 4205 Vecci
2552 4147 2795 4218 petitioni
2825 4144 3092 4216 ejusmodi
3127 4158 3400 4206 annuens,
3429 4139 3601 4197 videri
3632 4148 3755 4194 stu-

2169 4245 2287 4301 duit
2316 4259 2424 4299 uon
2452 4243 2533 4296 vis
2564 4240 2880 4303 inferenda,
2913 4239 3007 4294 sed
3041 4236 3276 4306 prtesidii
3304 4250 3466 4290 causa
3491 4235 3543 4289 ei
3570 4247 3754 4316 arma-

2171 4352 2256 4395 tos
2297 4340 2536 4393 mittere.
2597 4335 2734 4402 Quia
2799 4334 2946 4390 enim
3005 4332 3182 4402 palam
3219 4340 3339 4386 erat
3371 4329 3575 4386 multos
3606 4319 3681 4383 illi
3720 4331 3755 4384 ε

2173 4435 2320 4490 clero
2369 4432 2727 4486 vehementer
2770 4424 3012 4482 infensos
3060 4425 3203 4479 haud
3253 4423 3413 4478 facile
3448 4422 3757 4476 omissuros

2176 4525 2519 4583 occasionem
2574 4530 2826 4592 proterve
2869 4518 3136 4574 illudendi
3185 4515 3476 4573 decedenti
3519 4515 3757 4586 patriar;-

2176 4619 2317 4675 chali
2359 4616 2646 4688 dignitate,
2677 4613 2960 4684 professus
2994 4611 3289 4681 imperator
3323 4618 3409 4663 est
3440 4624 3508 4663 eo
3533 4623 3591 4663 se
3613 4607 3756 4661 dun-

2177 4722 2344 4774 taxat,
2379 4719 2439 4763 ut
2476 4707 2705 4763 haberet
2736 4703 2944 4761 Veecus
2978 4705 3068 4773 qui
3096 4719 3154 4759 se
3180 4703 3250 4758 ab
3286 4703 3629 4758 inim‘coru’m
3668 4703 3756 4754 in.

2175 4802 2410 4856 saltibus
2461 4807 2722 4868 tegerent,
2758 4797 3008 4852 militaris
3043 4797 3148 4866 ipsi
3200 4812 3396 4851 manus
3431 4795 3751 4876 comitatum

2173 4895 2472 4951 addidisse.
2517 4893 2583 4949 Et
2626 4894 2741 4947 haec
2784 4891 3002 4962 quidem
3034 4893 3117 4947 sic
3151 4902 3298 4962 gesta
3331 4903 3460 4947 sunt
3497 4902 3645 4946 sexta
3698 4901 3755 4946 et

2180 4989 2436 5043 vicesima
2469 4986 2779 5040 Decembris
2813 4986 2920 5039 die.

2389 5122 2440 5176 5.
2477 5118 2760 5173 Restitutio
2785 5117 3002 5188 Iosephi
3024 5118 3076 5171 in
3099 5117 3538 5186 patriam/tantm.

2250 5255 2506 5326 Ejusdem
2541 5253 2744 5307 mensis
2788 5259 2913 5322 post
2940 5251 3081 5306 dietn
3133 5250 3480 5314 tricesimam,
3527 5250 3630 5306 sub
3661 5267 3746 5307 ve-

2179 5364 2413 5420 speram,
2447 5344 2738 5416 impositus
2767 5341 3060 5414 gestatoria
3085 5342 3356 5412 Iosephus
3385 5351 3595 5398 tantum
3639 5359 3750 5399 non

2182 5439 2456 5498 exanimis
2486 5479 2500 5503 ,
2544 5437 2731 5492 multis
2771 5433 3042 5508 uirimque
3081 5437 3467 5490 comitantibus
3497 5445 3552 5491 et
3580 5447 3755 5491 certa-

2181 5536 2276 5589 tim
2315 5530 2740 5587 acclamantibus
2779 5528 3021 5585 faustum
3056 5530 3290 5584 reditum
3316 5567 3332 5594 ,
3365 5543 3489 5584 cum
3539 5527 3753 5601 hymnis

2180 5638 2235 5684 et
2274 5624 2556 5697 plausibus
2586 5622 2889 5689 hominum,
2921 5623 3068 5678 inter
3099 5623 3574 5678 increbrescentes
3605 5627 3751 5693 pra-

2187 5735 2334 5778 terea
2367 5718 2600 5774 tinnitus
2625 5718 2872 5787 campani
2908 5718 3190 5788 mris,-quo
3223 5718 3277 5771 in
3310 5716 3594 5772 ecclesiam
3622 5731 3754 5771 con-

2183 5809 2364 5870 vocari
2401 5811 2633 5882 populus
2666 5812 2822 5876 solet,
2857 5814 2907 5866 in
2956 5811 3098 5868 aedes
3127 5809 3524 5883 patriarchales
3558 5823 3746 5881 repor-
