4058 6282
461 317 546 371 si
1678 313 2008 391 GEORGII
2048 315 2071 374 ι

2175 313 2531 407 εΗΥΜΕιιίε
3656 316 3727 379 32

476 418 773 491 προτιθεῖσι
794 420 910 482 δύο,
934 418 993 473 ὃν
1018 418 1120 491 μὲν
1144 420 1300 474 κενὸν
1328 422 1407 486 εἰς
1434 421 1599 492 τιμὴν
1621 424 1714 476 καὶ
1742 424 1926 494 σχῆμα
1955 423 2046 477 τοῦ
2082 429 2121 483 Α
2153 424 2238 494 εἴη
2260 426 2727 494 γινώσκοντας.ως
2756 428 2824 482 τά
2850 429 3078 500 μέγιστα
3112 430 3463 498 παραϐάντας
3493 430 3728 505 εκρινον,

475 514 814 585 πατριάρχου
847 513 1493 578 Κωνσταντινουπόλεως,
1519 513 1581 567 δν
1609 515 1664 568 δὲ
1684 515 1773 567 τὸν
1800 513 2053 579 Ἀλεξαν-

476 608 658 678 δρείας
690 604 1162 675 προκαθεζόμενον
1194 606 1406 677 ἔχοντα.
1437 608 1545 661 Καί
1574 606 1625 676 γ’
1663 609 1888 672 ἑαυτοὺς
1920 606 2055 662 κάθ-

478 699 698 754 ιστῶσιν
750 702 827 762 ei;
864 699 1059 769 δικαίῳ
1084 698 1179 751 τοῦ
1222 699 1576 771 πατριάρχου
1634 700 2056 773 ἧδηηνοσοῦντος

477 789 930 860 τοποτηροῦντας,
966 790 1184 844 σύνοδόν
1212 808 1269 843 τε
1313 790 1704 863 συγκροτοῦσιν
1727 794 2055 865 ἀρχιερέων,

480 885 748 955 παρόντος
804 885 902 956 μὲν
924 886 1112 943 ,ἐκεῖσε
1172 886 1264 937 καὶ
1296 886 1388 937 τοῦ
1454 886 1690 956 μεγάλου
1746 887 2057 955 λογοθέτου,

480 978 749 1051 παρόντος
774 979 829 1032 δὲ
860 976 955 1032 καὶ
984 978 1253 1049 Γεωργῐου
1292 978 1387 1031 τοῦ
1438 979 1685 1051 Κυπρίου
1720 984 1813 1034 καὶ
1840 980 1932 1034 τοῦ
1960 972 2059 1053 ῥή-

480 1087 633 1138 τορος
676 1058 997 1137 Ὀλοὸὠλου,
1043 1072 1167 1140 άρτι
1223 1072 1286 1122 ἐκ
1330 1070 1432 1141 τῆς
1464 1072 1555 1125 τοῦ
1589 1074 1825 1142 μεγάλου
1861 1074 2058 1147 Ἀγροῦ

484 1164 653 1234 μονῆς
686 1163 1146 1234 ὲπιδεδημηκότος
1178 1165 1244 1235 τῇ
1272 1151 1708 1227 Κωνσταντίνου.
1736 1168 1830 1222 καί
1859 1185 1921 1237 γε
1960 1168 2059 1223 τοῦ

487 1260 723 1332 μονοιχοῦ
760 1258 1040 1312 Θεοδοσίου
1064 1258 1516 1327 Σαπωνοπυύλου,
1547 1260 1608 1315 ὃν
1635 1264 1695 1316 ἐν
1714 1254 2056 1333 πρωτονοτα-

487 1352 622 1421 ρδοις
652 1351 866 1421 ἔχοντος
921 1349 1015 1403 τοῦ
1062 1347 1386 1423 κρατοῦντος
1430 1355 1457 1405 ὀ
1514 1355 1745 1425 μοναχδς
1786 1355 2063 1421 διεδέξατο

488 1445 623 1510 βίος,
650 1445 743 1497 καὶ
763 1443 937 1499 ἄλλων
954 1446 1219 1497 πλείστων
1242 1445 1695 1515 προκαθημένων.
1730 1450 1837 1502 Καὶ
1863 1449 1931 1503 τά
1954 1440 2062 1504 τῶν

487 1538 812 1609 γραφέντων
835 1537 1082 1591 εὐθύνειν
1104 1539 1423 1609 ἠϐούλοντο,
1457 1541 1557 1594 οὐκ
1582 1542 1831 1613 εἰρηνικῇ
1872 1545 2059 1615 σκέψει

492 1630 715 1695 μᾶλλον,
741 1628 801 1682 τὸ
832 1630 927 1699 μὲν
951 1631 1193 1699 ἀσφαλὲς
1226 1634 1593 1701 ἐγκρίνοντες,
1620 1635 1677 1687 τδ
1709 1635 1753 1687 δ’
1784 1637 2062 1707 άπερ.φαῖ-

487 1737 577 1773 νον
626 1722 974 1785 εὐθύνοντες
1006 1723 1229 1777 ἀλλ’ὅτι
1259 1725 1325 1778 τὰ
1385 1725 1658 1780 σκάνδαλα
1716 1726 1901 1798 ᾔρετο,
1958 1730 2062 1782 κᾶν

2165 518 2261 572 καὶ
2295 520 2463 589 μηδὲν
2493 520 2655 591 ὀρθοῦ
2708 521 2845 586 ὅλως
2888 522 3268 594 αι’ταρειιικλίναιΔ
3307 527 3728 596 διατεινομένους

2165 608 2439 673 λιϐἐλλους
2498 609 2728 683 ἐζήτουν
2782 612 3042 679 πίστεωςέ
3101 615 3162 669 Εἰ
3201 615 3248 669 δ’
3276 614 3475 685 ἔγρυξέ
3501 632 3582 681 τις
3606 617 3729 688 περὶ

2164 692 2450 771 δογμάτων
2500 704 2740 774 γράψας,
2775 706 2833 758 οὐ
2869 705 2929 759 τὸ
2957 707 3190 777 γραφὲν,
3249 709 3342 763 τὸν
3377 709 3657 780 γράψανοὰ
3684 709 3728 763 δ’

2165 794 2476 866 αἰτιώμενοι
2507 798 2818 861 καταδίκαις
2851 799 3062 869 ὑπῆγον
3091 798 3371 871 ἐσχάταις.
3422 802 3533 856 Καὶ
3566 802 3726 873 προη-

2168 890 2446 956 γουμένως
2464 890 2623 954 αὐτὸς
2646 890 2709 961 δὴ
2732 893 2759 945 ὁ
2785 892 2891 961 τῶν
2917 892 3218 961 λογοθετῶν
3246 893 3440 964 μέγας,
3462 894 3494 946 ὁ
3516 893 3609 949 καὶ
3628 892 3730 962 πῦρ

2166 982 2343 1035 πιέων
2374 982 2515 1054 ὑπὲρ
2546 984 2855 1057 δογμάτων,
2886 985 2962 1051 ὡς
3017 985 3202 1058 ἐῴκει,
3245 989 3473 1059 παρεῖχε
3519 986 3581 1040 τὸ
3613 984 3731 1055 σύγ-

2167 1091 2400 1145 γραμμα
2430 1077 2703 1143 καίεσθαι,
2733 1077 2830 1150 οὐχ
2857 1080 2940 1148 δτι
2968 1079 3230 1148 ἔσφαλταί
3265 1082 3336 1143 οἱ,
3366 1080 3505 1135 καθά
3547 1080 3609 1149 δὴ
3644 1081 3733 1134 καλ⁸

2166 1166 2329 1231 cura;
2371 1166 2588 1235 ἔνορκος
2621 1154 2828 1246 {nisi}
2874 1169 3074 1242 συνόδῳ
3130 1169 3473 1239 διωμολόγει,
3516 1168 3734 1224 αὐτόθεν

2167 1258 2597 1329 λογογραφῶντι
2656 1262 2785 1331 περὶ
2842 1261 3151 1330 δογμάτων,
3204 1262 3323 1317 ἀλλ’
3376 1263 3459 1317 ὅτι
3512 1263 3735 1332 γράφειν

2170 1349 2326 1422 ἐπῄει
2372 1353 2463 1405 καὶ
2509 1354 2821 1406 συντάττειν
2874 1354 3091 1423 Πτέρων
3142 1356 3283 1424 ῥητὰ
3313 1356 3563 1425 χρήσιμά
3623 1357 3735 1416 πώς

2168 1440 2429 1496 δοκοῦντά
2464 1443 2513 1495 οἱ
2547 1443 2682 1509 πρὸς
2712 1442 2779 1496 τὰ
2802 1443 2924 1496 τότε
2948 1444 3266 1513 τελούμενα,
3297 1438 3471 1505 ταᾶτα
3499 1444 3590 1497 καὶ
3616 1443 3740 1497 πολε

2169 1533 2278 1586 λῶν
2301 1536 2565 1605 πρότερον
2584 1536 2678 1589 καὶ
2713 1538 2962 1603 μεγάλων
2980 1538 3162 1601 αὐτοῖς
3186 1538 3250 1609 δὴ
3274 1554 3488 1609 συγχρη
3499 1537 3740 1608 σαμένιόν

2170 1624 2255 1692 ἐφ’
2281 1626 2491 1696 ὁμοίαις
2517 1629 2635 1691 ταῖς
2669 1628 3022 1683 ὑποθέσεσιν⁸
3050 1628 3164 1683 ἀλλ’
3184 1631 3347 1701 ,ὅμως
3370 1630 3600 1701 ἐπείπερ
3642 1630 3737 1681 οὐκ

2172 1717 2229 1768 ὲν
2248 1718 2420 1788 καιρῷ
2456 1705 2674 1790 εἰρήνης
2702 1721 3018 1793 ἐλέχθησαν,
3056 1720 3175 1779 ἀλλ’
3197 1724 3282 1776 ὅτε
3307 1722 3480 1775 δεινόν
3507 1720 3736 1788 τιλκῦμα

491 1814 667 1877 καλῶς
694 1816 742 1866 οἱ
760 1815 1066 1885 γράφοντες
1094 1812 1243 1885 εἶχον
1274 1816 1373 1886 τῆς
1411 1817 1595 1885 δόξης⁸
1617 1795 1885 1888 οὐχὸπως
1913 1821 2066 1891 έκρι-
2098 1795 2144 1856 θ
2174 1810 2269 1862 καὶ
2292 1811 2539 1881 τετριγὺς
2563 1813 2916 1883 κατεστρόϐει
2945 1813 3044 1884 τὴν
3081 1815 3409 1886 Ἐκκλησίαν
3437 1815 3616 1884 ἑκτῆς
3636 1812 3744 1864 τῶν

492 1922 584 1957 νον
608 1907 901 1972 ἐξετάζειν,
932 1906 1067 1960 ἀλλὰ
1093 1908 1252 1977 μόνον
1297 1908 1379 1962 ὅτι
1408 1911 1503 1962 καὶ
1527 1910 1774 1977 δόγματα
1798 1912 2067 1986 ἐλαλήθηο

496 2014 597 2052 σαν
623 1999 718 2052 καὶ
753 2000 966 2068 γραφαὶ
1016 1999 1436 2068 άνεπτύχθησαν
1486 2002 1577 2054 καὶ
1608 2002 1756 2069 λόγοι
1810 2005 2067 2075 Πατάρων

493 2091 575 2153 εἰς
605 2091 775 2162 ἀκοὴν
811 2090 893 2163 [Ρ.
935 2089 1023 2162 Μ]
1058 2090 1218 2144 ὠτίου
1275 2092 1561 2161 ἐτέθησαν,
1600 2093 1863 2167 μεγίστην
1894 2096 2067 2153 ταῦτα

495 2181 847 2251 παραεασίαν
875 2183 1188 2254 ἡγούμενοι,
1220 2182 1341 2247 τοὺς
1396 2184 1520 2254 μηδ’
1552 2185 1582 2239 ὃ
1607 2203 1659 2238 τι
1721 2185 1819 2239 καὶ
1859 2187 2070 2259 αἵρεσις

496 2364 767 2427 maximas.
802 2364 859 2418 in
904 2378 1032 2418 suas
1083 2362 1359 2419 attrahere
1387 2374 1573 2435 partes
1625 2380 1736 2420 non
1798 2365 2069 2423 inutiliter

494 2456 700 2517 conati,
738 2453 877 2507 duos
914 2455 1143 2508 thronos
1175 2464 1507 2521 statuerunt,
1542 2459 1776 2513 alterum
1814 2473 2068 2524 vacuum,

493 2545 803 2617 insignibus
831 2556 1084 2602 ornatum
1120 2549 1446 2618 patriarcha
1475 2549 2073 2622 Constantinopolituni'

420 2714 421 2717 η
493 2638 720 2709 Josepbi
774 2648 835 2696 et
886 2640 1039 2709 quasi
1084 2655 1209 2694 eum
1262 2647 1770 2711 reprresentantem,
1824 2644 1969 2713 quod
2023 2644 2069 2701 is

422 2746 425 2747 '
495 2730 672 2788 morbi
705 2736 1033 2801 necessitate
1065 2734 1395 2796 decumbens
1441 2750 1679 2804 praeesse
1722 2737 1929 2807 synodo
1974 2752 2071 2792 ne-

496 2823 708 2892 quiret;
738 2824 971 2878 alterum
995 2824 1083 2878 cui
1122 2823 1295 2892 palam
1324 2825 1635 2896 praesideret
1669 2826 2069 2884 Alexandrinus

494 2914 848 2980 Athanasius,
866 2930 925 2969 se
941 2924 1123 2969 autem
1144 2916 1311 2985 ipsos,
1326 2916 1621 2986 utJosepbi
1638 2918 1821 2991 aegroti
1838 2918 2071 2976 vicarius

496 3017 552 3061 et
573 3011 693 3075 ejus
716 3023 976 3063 sensuum
1009 3008 1232 3069 nuntios
1267 3023 1328 3064 ac
1366 3010 1663 3065 voluntatis
1690 3020 2067 3079 exsecutores,

502 3104 557 3156 in
595 3101 774 3172 capite
804 3100 992 3173 synodi
1023 3100 1283 3173 fixerunt.
1322 3101 1764 3173 Frequensinde
1814 3107 2071 3159 convenit

498 3196 879 3264 episcoporum
908 3206 1105 3260 cretus,
1148 3204 1418 3266 praesente
1453 3196 1655 3252 ibidem
1700 3213 1897 3268 magno
1927 3198 2073 3269 logo.

502 3288 669 3349 theta,
699 3296 969 3358 praesente
994 3287 1219 3358 insuper
1248 3286 1485 3358 Georgio
1518 3288 1718 3359 Cyprio
1745 3298 1801 3344 et
1854 3290 2075 3347 rhetore

503 3381 765 3439 Holubolo
790 3395 965 3451 nuper
1014 3396 1085 3435 ex
1142 3379 1315 3451 Magni
1365 3379 1493 3451 Agri
1549 3382 1883 3437 monasterio
1935 3382 2078 3437 Con-

502 3472 916 3545 stantinopolim
942 3486 1181 3539 reverso,
1212 3470 1490 3527 assidente
1515 3483 1776 3543 praeterea
1808 3476 2076 3530 monacho

504 3566 816 3622 Theodosio
842 3565 1213 3638 Saponopulo.
1248 3566 1336 3636 qui
1363 3582 1426 3621 ex
1464 3566 1657 3622 ordine
1674 3568 2077 3639 protonutario-

505 3674 625 3714 rum
657 3658 1004 3729 imperatoris
1044 3660 1098 3714 in
1142 3661 1312 3713 vitam
1352 3659 1712 3715 monasticam
1762 3661 2075 3726 transierat,

505 3749 737 3820 aliisque
767 3751 964 3819 pariter
988 3749 1370 3805 assistentibus
1424 3750 1693 3821 plurimis.
1754 3750 1957 3808 Delata:
2010 3753 2077 3807 ad

507 3844 653 3898 hunc
707 3850 1037 3897 conventum
1084 3841 1315 3898 Joannis
1352 3841 1511 3899 Vecci
1570 3854 1625 3899 et
1674 3844 2076 3915 pracipuorum

505 3951 631 3990 cum
665 3934 757 3989 illo
789 3936 1093 3991 concordi-te
1118 3937 1346 3991 duarum
1396 3935 1764 3990 Ecclesiarum
1793 3948 2076 3993 auctorum

511 4029 891 4084 accusationes
912 4039 1076 4095 sunt;
1115 4027 1183 4082 de
1208 4028 1409 4098 quibus
1438 4029 1527 4098 qui
1567 4042 1664 4099 pro
1687 4027 1926 4101 Josepho
1955 4046 2081 4104 age-

512 4123 662 4187 bant,
687 4120 815 4175 ferri
865 4120 1165 4176 sententias
1222 4120 1535 4184 studebant,
1571 4137 1678 4174 non
1715 4136 1837 4191 qua:
1886 4122 2079 4194 dogma

509 4217 685 4288 ipsum
741 4216 1124 4286 dijudiearent,
1156 4226 1211 4272 et
1242 4216 1371 4286 quid
1404 4225 1463 4269 ut
1508 4230 1759 4269 securum
1794 4216 1860 4270 ad
1892 4230 2080 4286 pacem

511 4309 769 4364 Ecclesia:
828 4308 1159 4371 tenendum,
1234 4310 1365 4380 quid
1417 4316 1478 4363 nt
1536 4309 1718 4363 minus
1794 4309 2079 4379 probatum

512 4403 862 4475 rejiriendum
888 4412 1051 4469 es~et,
1073 4403 1439 4458 declararent:
1461 4402 1552 4457 sed
1573 4404 1696 4472 quia
1718 4404 2080 4458 causabantur

2169 1901 2379 1954 πολλῶν
2408 1901 2766 1972 άνεγέρσεως,
2802 1902 2917 1973 ἅμα
2945 1904 3001 1957 δὲ
3043 1906 3135 1957 καὶ
3164 1903 3241 1974 τῷ
3266 1906 3449 1960 δοκεῖν
3470 1904 3745 1975 περιεῖναί

2168 1993 2218 2045 oi
2259 1993 2358 2064 τῆς
2416 1994 2717 2058 εὐσεϐείας,
2748 1996 2846 2065 οὐχ
2875 1995 2946 2057 ὡς
3011 1996 3148 2066 ῥητά
3182 1996 3442 2069 [ιατέρων
3479 1998 3648 2051 ὲᾶδου
3676 1998 3741 2050 τὰ

2170 2086 2530 2154 συνταχθέντα
2551 2089 2707 2159 πυρὶ,
2728 2087 2843 2140 ἀλλ’
2859 2087 2932 2150 ὡς
2958 2086 3089 2142 ἴδιον
3114 2088 3481 2161 σύγγραμμα.
3499 2089 3740 2158 Καθεξῆς

2168 2176 2213 2231 δ’
2238 2178 2330 2231 ἐπὶ
2355 2176 2530 2249 τούτῳ
2588 2180 2681 2233 καὶ
2705 2178 2765 2235 τὸ
2795 2177 2889 2233 τοῦ
2919 2179 3144 2235 παλαιοῦ
3176 2181 3419 2252 μεγάλου
3460 2182 3746 2252 λογοθὲτου

2172 2376 2444 2432 nusquam
2474 2376 2503 2417 a
2538 2372 2687 2419 recta
2721 2362 2846 2420 fidei
2900 2364 3204 2423 declinasse
3251 2367 3446 2438 regula
3496 2376 3552 2424 et
3606 2365 3747 2423 ailir-

2170 2462 2385 2508 mantes
2418 2462 2474 2510 et
2503 2465 2725 2526 paratos
2758 2455 3139 2529 demonstrare
3174 2457 3499 2525 qﬂ'erentes,
3530 2467 3588 2513 ut
3608 2468 3762 2513 atro--

2169 2548 2312 2603 cium
2348 2550 2633 2626 convictos
2652 2532 2983 2607 delictorum
3016 2551 3416 2609 damnaverunt
3464 2552 3751 2623 pinnisque

2170 2638 2500 2695 addixerunt
2531 2628 2803 2696 maximis.
2839 2641 2898 2713 ln
2925 2658 3035 2713 quo
3064 2652 3183 2697 erat
3218 2642 3337 2697 haec
3372 2641 3515 2697 mira
3551 2656 3763 2715 proce-r

2172 2731 2337 2787 dendi
2401 2733 2567 2788 ratio:
2630 2720 2867 2789 Libellos
2912 2735 2981 2789 ab
3039 2748 3369 2805 unoquoque
3432 2733 3748 2807 ﬂagitabant

2172 2827 2372 2895 quibus
2395 2814 2734 2898 exponerent
2772 2828 2903 2899 quid
2932 2829 3244 2884 crederent.
3285 2828 3542 2885 Prolatia
3565 2828 3650 2896 iis,
3699 2829 3745 2883 si

2173 2914 2303 2990 quid
2327 2921 2599 2991 quispiam
2626 2920 2694 2977 de
2720 2920 3069 2992 dOgmatibus
3097 2922 3416 2985 mussitasse
3447 2924 3743 2989 videretur,

2174 3013 2562 3077 damnabatur,
2588 3030 2703 3068 non
2731 3015 3020 3085 scriptum,
3082 3026 3143 3071 ut
3171 3016 3411 3083 aiebant,
3466 3018 3565 3074 sed
3618 3016 3747 3073 serio

2177 3108 2339 3169 ptor;
2373 3101 2524 3172 isque
2579 3101 2787 3157 idcirco
2844 3103 3020 3157 solum
3076 3104 3221 3175 quod
3257 3119 3335 3159 ea
3375 3104 3748 3177 consignasset

2178 3192 2373 3247 litteris
2404 3208 2525 3262 quae
2554 3208 2717 3263 prava
2750 3203 2979 3267 rectane
3032 3204 3218 3252 essent
3260 3196 3316 3251 in
3371 3198 3559 3255 medio
3589 3197 3745 3252 relin-

2176 3286 2466 3355 qncbatur,
2540 3287 2797 3363 extremis
2859 3288 3245 3346 ecclesiastica:
3288 3304 3547 3346 censui-te
3606 3289 3746 3345 notis

2175 3376 2399 3432 allectus
2432 3378 2827 3435 declarabatur.
2854 3381 3165 3449 Primuud
3196 3390 3527 3439 cteterorum
3566 3398 3747 3441 exem-

2176 3468 2325 3539 plum
2358 3469 2445 3525 isti
2496 3485 2558 3525 se
2609 3471 2843 3542 subjecit
2878 3468 3209 3546 ignominize,
3237 3476 3394 3547 quasi
3450 3476 3747 3533 remedium

2177 3562 2455 3619 canonica:
2485 3564 2861 3639 absolutionis
2883 3568 3221 3641 pmnitentize
3265 3567 3610 3638 professione
3633 3584 3747 3625 οων

2174 3650 2353 3717 biens,
2388 3652 2617 3726 magnus
2641 3655 2916 3728 logotheta
2950 3656 3195 3727 Muzalo;
3226 3658 3320 3729 qui
3371 3660 3644 3717 simulans
3692 3676 3746 3716 se

2178 3744 2247 3800 de
2268 3746 2517 3803 doctrina
2551 3734 2693 3803 nihil
2720 3750 3101 3820 praeiudicare,
3132 3748 3334 3807 frustra
3366 3761 3508 3808 erat.
3534 3753 3746 3810 Emine-

2180 3836 2273 3891 bat
2301 3836 2444 3892 enim
2477 3840 2595 3905 eius
2625 3838 2862 3908 ﬂagrans
2885 3838 3124 3895 studium
3152 3841 3206 3895 ln
3238 3848 3425 3911 partes
3450 3844 3749 3909 processio-

2181 3944 2303 3983 nem
2333 3944 2399 3985 ex
2435 3927 2576 3985 Filio
2611 3928 2847 4001 Spiritus
2878 3932 3228 4003 negantium;
3274 3932 3433 4002 cujus
3490 3935 3751 4005 dogmatis

2184 4031 2335 4077 tanto
2358 4021 2617 4093 ﬂagrabat
2641 4023 2759 4078 zelo
2799 4032 2859 4078 ut
2882 4022 3155 4079 ﬂammam
3208 4024 3421 4095 spirare
3454 4026 3746 4081 videretur.

2181 4116 2385 4172 Tamen
2416 4115 2774 4171 illelibellum
2805 4131 2834 4171 a
2862 4132 2922 4172 se
2952 4118 3102 4186 prius
3146 4118 3453 4188 imperante
3486 4120 3751 4175 Michaéle

2181 4209 2356 4282 palam
2386 4210 2594 4275 datum,
2618 4197 2733 4279 quo
2764 4224 2824 4265 se
2850 4210 3127 4280 professus
3164 4218 3283 4265 erat
3324 4211 3467 4267 idem
3498 4228 3624 4269 cum
3654 4211 3750 4267 Ln-

2183 4306 2311 4359 tinis
2333 4305 2580 4365 credere,
2606 4304 2748 4357 ultro
2769 4303 2879 4374 jam
2912 4318 3207 4360 exsecraris
3235 4315 3289 4360 et
3318 4305 3748 4362 comburendum

2182 4398 2439 4462 oﬂ‘erens,
2473 4397 2834 4465 jurejurando
2869 4396 3033 4452 etiam
3084 4398 3415 4469 interposito
3438 4409 3524 4454 est
3568 4412 3750 4455 coram

510 4498 824 4553 scandalum
860 4506 1039 4550 ortum
1075 4512 1138 4551 ex
1168 4496 1548 4567 intempestiva
1573 4496 1680 4567 26
1725 4495 2080 4551 vemilalione
2113 4498 2156 4553 ι)
2186 4489 2394 4560 synodo
2434 4489 2719 4559 professus
2750 4502 2874 4545 sese
2900 4489 3042 4544 baud
3076 4490 3200 4545 ideo
3226 4488 3459 4546 ﬂammis
3488 4497 3593 4547 hoc
3618 4490 3752 4545 scri—

509 4588 875 4658 quaestionum
906 4604 1041 4659 quas
1073 4588 1436 4659 inexploratas
1468 4588 1699 4656 relinqui
1726 4589 2074 4657 praestiterat,

508 4664 913 4738 contendebant
956 4698 1064 4737 non
1116 4698 1234 4737 esse
1293 4682 1673 4753 inquirendum
1734 4691 1952 4736 rectene
2008 4697 2076 4736 an

514 4791 674 4831 secus
700 4778 789 4846 qui
826 4776 893 4830 de
942 4776 1327 4831 controversiis
1387 4791 1559 4843 nuper
1594 4774 1755 4829 motis
1807 4790 1933 4828 suas
1964 4774 2081 4828 edi.

515 4864 709 4920 derant
733 4866 1032 4921 sententias
1062 4865 1430 4935 scripsissent,
1484 4881 1672 4929 verum
1705 4879 1798 4918 eos
1832 4865 1932 4919 hoc
1963 4864 2080 4933 ipso

513 4958 658 5029 quod
704 4959 957 5029 dogmata
997 4957 1314 5021 movissent,
1376 4960 1520 5029 quod
1563 4959 1614 5011 in
1651 4958 2078 5027 disputationem

514 5050 667 5121 prius
694 5049 745 5104 in
774 5065 872 5105 usu
923 5050 1101 5105 habita
1138 5060 1465 5116 vocassent;
1501 5048 1647 5119 quod
1670 5048 1967 5117 scripturas
2000 5062 2083 5101 re-

514 5148 834 5219 plicassent,
869 5148 1014 5216 quod
1044 5161 1142 5216 per
1165 5145 1287 5199 illos
1315 5143 1477 5199 fando
1506 5142 1707 5197 audita:
1736 5142 1862 5195 dum
1888 5140 2082 5194 recita-

516 5252 703 5297 rentur
730 5239 953 5295 Patrum
1005 5239 1359 5294 auctoritates
1407 5245 1616 5301 essent,
1655 5244 1913 5305 tauquam
1963 5247 2080 5303 per.

516 5334 827 5389 turbatores
859 5331 1061 5403 quietis
1108 5331 1337 5401 publica!
1364 5345 1429 5384 ac
1459 5327 1770 5400 gravissimi
1824 5342 1949 5384 reos
1978 5326 2083 5381 eri-

517 5427 681 5483 minis
736 5426 1090 5483 condemnari
1132 5425 1485 5497 satagebant;
1549 5432 1603 5477 et
1654 5422 2084 5493 obsequentibus

516 5538 653 5591 quos
682 5527 1141 5586 convocaverant,
1164 5535 1355 5575 revera
1380 5518 1821 5573 condemnandos
1858 5529 2086 5570 curave—

514 5623 668 5678 runt,
702 5628 766 5668 ac
796 5612 1116 5684 gravissima
1161 5625 1390 5680 quaeque
1442 5608 1935 5665 animadversionis
1990 5623 2084 5661 eco

514 5706 834 5769 clesiasticaa
857 5707 1109 5775 exempla
1144 5720 1199 5758 ιιι
1230 5718 1326 5760 eos
1378 5703 1689 5768 ediderunt,
1724 5715 1864 5771 quos
1918 5712 1979 5755 se
2018 5714 2087 5753 ne

516 5798 741 5854 minima
766 5799 983 5869 quidem
1017 5812 1268 5868 aspersus
1315 5794 1649 5849 conscientia
1686 5792 1980 5857 luere-sees,
2033 5797 2085 5842 et

2181 4594 2337 4654 ptum
2370 4583 2597 4649 donare,
2627 4582 2771 4652 quod
2808 4582 2915 4636 sibi
2944 4592 3092 4637 esset
3112 4584 3370 4640 conscius
3417 4601 3644 4655 pravum
3695 4583 3751 4637 in

2179 4691 2246 4730 eo
2286 4684 2377 4729 aut
2400 4691 2428 4729 a
2460 4691 2592 4730 sana
2621 4674 2866 4729 doctrina
2895 4688 3156 4731 exerrans
3182 4675 3458 4745 quidpiam
3493 4678 3750 4747 positum,

2181 4767 2272 4822 sed
2297 4768 2549 4839 quoniam
2574 4775 2891 4838 agnosceret
2912 4782 2977 4822 eo
2996 4768 3115 4837 ipso
3142 4784 3200 4824 se
3223 4770 3458 4841 graviter
3479 4785 3752 4841 peccasse,

2182 4861 2327 4929 quod
2378 4860 2606 4915 omnino
2640 4860 2883 4915 scribere
2939 4860 3009 4914 de
3064 4861 3317 4933 dogmate
3368 4878 3536 4917 ausus
3585 4874 3751 4925 esset,

2181 4955 2325 5024 quod
2360 4956 2427 5009 de
2462 4955 2659 5009 talibus
2687 4955 2979 5021 disserere,
3010 4955 3152 5025 quod
3194 4956 3417 5011 Patrum
3444 4957 3752 5011 testimonia

2180 5046 2248 5103 de
2286 5047 2371 5101 bis
2407 5047 2700 5117 inquirere,
2744 5062 3061 5114 congerere,
3088 5051 3493 5105 accommodata
3516 5058 3572 5105 et
3604 5049 3750 5104 utilia

2186 5148 2312 5193 tunc
2343 5138 2456 5190 visa
2482 5138 2549 5192 ad
2578 5120 2944 5207 causamque
2977 5146 3249 5208 ageretur,
3282 5136 3411 5191 licet
3460 5153 3568 5192 non
3603 5137 3754 5209 igno-

2184 5239 2322 5285 raret
2356 5228 2461 5299 27
2488 5229 2633 5283 idem
2665 5229 2795 5283 olim
2830 5244 2858 5282 a
2888 5231 3075 5283 multis
3106 5237 3161 5285 et
3187 5230 3401 5301 magnis
3434 5231 3566 5286 viris
3587 5225 3751 5283 simili

2183 5323 2473 5379 occasione
2522 5322 2849 5377 factitatum.
2912 5322 3111 5377 Verum
3164 5323 3291 5393 quia
3329 5322 3421 5377 illa
3448 5331 3580 5377 tunc
3624 5338 3655 5376 a
3693 5336 3752 5376 se

2184 5430 2293 5469 non
2328 5424 2575 5481 tempore
2609 5412 2757 5483 pacis
2807 5412 3035 5483 allegata
3064 5412 3316 5475 fuissent,
3358 5421 3415 5467 at
3448 5412 3754 5483 importune

2184 5515 2403 5578 oggesta
2440 5515 2554 5561 tum
2591 5521 2712 5562 eum
2740 5514 2895 5559 atrox
2918 5515 2975 5559 et
3004 5505 3485 5562 vehementissima
3518 5502 3751 5576 procella

2185 5599 2341 5654 saevis
2379 5599 2507 5653 hinc
2541 5597 2668 5652 inde
2722 5596 2980 5652 ﬂuetibus
3040 5597 3336 5653 multorum
3391 5597 3753 5665 undecunque

2188 5693 2585 5764 insurgentium
2617 5691 2915 5746 Ecclesiam
2940 5699 3127 5761 ageret
3152 5690 3449 5761 ferretque,
3470 5705 3597 5761 ergo
3627 5689 3752 5758 quia

2190 5786 2244 5841 in
2308 5802 2372 5839 eo
2427 5800 2483 5839 se
2545 5784 2806 5855 religione
2861 5797 3265 5854 supervacanea
3324 5783 3753 5853 intemperanter
