4058 6282
689 367 757 434 43

1901 344 2221 412 GEORGII
2260 340 2743 408 PACHYMER/E

3858 329 3922 395 ιι

661 498 815 540 των.
859 475 1143 533 Ἐσεσαίου
1187 474 1244 528 δὲ
1307 468 1403 527 καὶ
1449 467 1546 531 τὰς
1582 464 1809 536 γνώμας
1859 461 2130 532 λεγόντων
2175 458 2269 515 καὶ
2298 465 2340 524 Α
2375 457 2484 529 σὴφ
2513 459 2815 531 ἀρρώστως
2839 459 2983 535 έχων
3020 456 3114 513 τοῦ
3147 453 3403 530 σώματος
3443 453 3543 520 τῆς
3571 447 3926 524 πατριαρχῐσς

691 575 949 650 προθέσει
974 570 1207 641 καρδίας
1253 566 1346 621 καὶ
1381 562 1730 635 γράμμασιν,
1757 551 1832 612 ὧν
1863 555 1925 608 τὸ
1959 554 2147 650 μεῖζον
2171 554 2264 606 καὶ

682 647 906 743 «ista»,
963 666 1038 738 μὴ
1074 664 1141 719 ἀν
1177 662 1299 716 ποτ’
1341 657 1593 729 εὐφήμου
1628 653 1870 726 μνήμης,
1916 649 1993 721 μὴ
2031 647 2267 743 ψᾳλμφ-

684 741 829 832 δίας,
871 765 945 834 μὴ
972 761 1151 830 ταφῆς
1181 754 1487 824 ἀξιωθῆναι
1531 749 1622 804 τὸν
1652 745 2034 816 ἀποιχόμενον.
2071 741 2147 834 Οίλ
2167 741 2266 809 μὲν

688 860 784 915 οὖν
814 832 959 912 οὕτω
982 857 1184 916 ταῦτα,
1228 845 1490 920 βασιλεὺς
1538 843 1587 896 δ’
1627 841 1873 910 οίόμενος
1920 832 2267 906 πραγμάτων

689 950 1080 1020 ἀπαλλαγῆναι
1113 945 1176 998 τὸ
1221 942 1331 996 πᾶν
1358 934 1663 1010 κατορθοῦν
1707 932 1950 1004 ἐνόμιζε.
1988 928 2060 983 Τὸ
2085 927 2127 982 δ’
2160 927 2269 996 ἄρα

690 1043 759 1118 ἦν
792 1045 1024 1114 ὗνειρος.

694 1207 781 1279 ιβ’.
826 1200 965 1272 Περὶ
999 1198 1120 1254 τῶν
1169 1189 1568 1317 ’Λρσενῒιιέἕῗέ
1611 1186 1712 1241 καὶ
1757 1182 1867 1253 τῆς
1900 1178 2006 1236 τοῦ
2056 1177 2269 1246 Ἰωσὴφ

761 1417 825 1468 Οἱ
859 1413 929 1481 γᾶ
940 1427 973 1482 ρ
1018 1404 1365 1479 Ἀρσενιᾶται
1396 1399 1582 1461 ἀδείας
1616 1393 1680 1468 [Ρ
1711 1390 1803 1464 21]
1833 1393 2075 1445 κάκεῖνοι
2105 1384 2271 1482 λαξό-

694 1526 848 1580 μενοι
874 1478 1156 1561 πείθοντος
1183 1495 1279 1551 τοῦ
1318 1490 1537 1563 καιροῦ,
1579 1490 1674 1544 καὶ
1705 1483 2047 1554 πανταχόθεν
2077 1478 2275 1542 ὑπεξα-

693 1570 953 1656 ναδύντες
1001 1591 1111 1643 τῶν
1151 1584 1396 1657 φωλεῶν,
1439 1580 1533 1635 τοῦ
1595 1576 1858 1650 βασιλέως
1908 1573 2148 1636 ἀνιέντος
2195 1570 2272 1634 ὡς

694 1689 987 1750 κάκείνους
1027 1685 1106 1747 εἰς
1139 1683 1364 1752 εἰρήνην
1390 1676 1548 1746 ἄγειν
1591 1672 1932 1737 ἐλπίζοντος,
1969 1666 2271 1735 ὑπέτρεχον

691 1789 820 1849 τοὺς
873 1780 1124 1844 πολλοὺς,
1157 1775 1254 1831 καὶ
1290 1771 1489 1846 μᾶλλον
1535 1765 1871 1840 Θαρροῦντες
1915 1763 2004 1818 ἐπ’
2049 1758 2271 1830 Ἀνδροο

846 1825 1374 1947 ,ἓτιθνὲύιῖδεὲυῆ
1409 1865 1468 1919 ὃν
1499 1825 1623 1918 ὅσοᾷ
1648 1825 1808 1915 ὶδῦπω
1852 1825 2062 1930 hac“!
2101 1825 2271 1925 πρὸσ-
2307 1825 2348 1880 Β
2383 1855 2476 1911 τὸν
2505 1825 3004 1929 πάνυγθαρραλέον
3047 1825 3283 1910 δεδιέναι
3311 1855 3406 1909 καὶ
3438 1852 3538 1925 τὴν
3571 1849 3798 1909 ἐκείνων
3834 1845 3956 1896 ὑπο-

694 1945 962 2045 εδένοντο,
996 1963 1140 2022 εἷναί
1175 1981 1234 2017 τε
1267 1964 1356 2016 τὸν
1399 1960 1596 2028 Ἰωσὴψ
1627 1955 1718 2010 ὑπ’
1747 1950 2059 2023 ἁφορισμὸν
2084 1951 2149 2001 ὲκ
2181 1945 2275 2000 τοῦ

694 2042 1044 2137 πατριάρχου
1102 2055 1380 2131 Ἀρσενίου
1425 2049 1788 2113 διεόεὸαίουν,
1813 2046 1910 2100 καὶ
1937 2044 2035 2115 τὴν
2065 2042 2276 2096 ἐκείνου

695 2135 985 2216 κνινωνίαν
1020 2154 1095 2226 μὴ
1135 2155 1217 2207 ὅτι
1241 2149 1293 2218 γ’
1324 2147 1524 2201 ἐκεῖνοι
1550 2145 1624 2207 ὡς
1652 2144 1785 2210 ἄγος
1812 2136 2109 2204 ἐξέκλινον,
2145 2135 2282 2188 ἀλλὰ

698 2256 788 2310 καὶ
821 2250 1050 2312 πολλοὺς
1101 2242 1320 2299 ἔπειθον
1370 2238 1620 2308 φεύγειν,
1676 2233 1816 2288 ὥστε
1867 2233 1967 2285 καὶ
2005 2228 2282 2299 ὁσημέραι

699 2349 919 2409 πλείους
985 2339 1220 2401 ἐκεινοις
1279 2329 1696 2407 προστίθεσθαι,
1755 2325 1861 2392 κάξ
1921 2321 2120 2392 ὀλίγων
2172 2320 2284 2374 τῶν

697 2449 934 2515 πρώτων
964 2433 1195 2498 πολλοὺς
1224 2428 1498 2502 γίνεσθαι.
1536 2422 1677 2478 Ἀλλ’
1709 2419 1795 2492 ἐφ’
1826 2421 1950 2474 ὅσον
1971 2416 2082 2489 μὲν
2106 2417 2134 2468 ὁ
2166 2415 2283 2468 ἰω-

698 2606 830 2679 quin
853 2612 908 2659 et
939 2614 1063 2656 eum
1091 2593 1310 2668 quidvis
1336 2606 1435 2662 pro
1464 2586 1712 2659 quolibet
1739 2581 2146 2640 intercederent
2190 2584 2287 2632 aut

699 2704 968 2774 peterent,
998 2699 1249 2764 prompte
1280 2698 1553 2748 annuens,
1600 2678 1879 2763 multaque
1906 2691 1975 2730 ex
2016 2688 2118 2727 usu
2151 2687 2288 2742 pra:-

700 2766 837 2847 senti
871 2787 1104 2846 faciens,
1133 2787 1297 2852 prout
1327 2776 1405 2832 illi
1436 2774 1554 2828 ﬁeri
1589 2771 1814 2826 omnino
1840 2766 2041 2822 debere
2065 2777 2289 2834 sugges-

701 2886 918 2941 sissent.
953 2873 1323 2933 Conﬁrmabat
1355 2878 1537 2924 autem
1581 2860 1887 2920 sententias
1939 2859 2135 2913 horum
2186 2855 2289 2910 sibi

719 2974 1044 3047 oquentium
1100 2981 1224 3022 cum
1281 2969 1532 3034 prompta
1588 2955 1986 3028 signiﬁcatione
2039 2947 2293 3005 benevoli

701 3041 981 3129 assensus,
1007 3073 1121 3118 tum
1155 3057 1249 3115 ubi
1283 3070 1369 3112 res
1402 3058 1676 3124 posceret,
1719 3046 1920 3102 litteris
1940 3053 1996 3099 et
2024 3041 2293 3112 diploma-

702 3165 848 3220 tibus
879 3160 946 3215 ad
973 3169 1159 3211 earum
1193 3147 1553 3207 sanciendum
1576 3142 1833 3198 ell‘ectutn
1863 3137 2027 3213 datis.
2058 3135 2292 3189 Istorum

703 3258 852 3314 hisce
887 3261 1273 3309 concessurum
1303 3259 1331 3297 a
1355 3240 1608 3314 principe
1637 3237 1741 3291 hoc
1774 3233 2070 3289 maximqu
2098 3239 2152 3284 et
2175 3226 2290 3298 pri-

702 3368 852 3410 mum
875 3348 998 3406 fuit,
1023 3343 1166 3416 quod
1195 3340 1263 3396 iis
1298 3333 1659 3395 suadentibus
1689 3327 1863 3385 vetuit
1892 3341 1965 3380 ne
1993 3325 2151 3395 signo
2178 3319 2288 3376 ullo

703 3445 1020 3504 honorifica:
1068 3434 1346 3492 memoriae
1398 3443 1501 3486 nec
1543 3426 1706 3498 justis
1757 3419 2287 3477 funebribus-cantu

705 3542 1040 3615 psalmorum
1075 3534 1181 3587 rite
1219 3525 1532 3589 celebratis,
1571 3522 1683 3576 imo
1721 3531 1795 3572 ne
1846 3513 2127 3584 sepultura
2162 3509 2288 3582 qui-

703 3605 824 3692 dem
853 3625 1224 3690 ecclesiastica
1267 3629 1420 3693 pater
1463 3616 1585 3686 ejus
1632 3615 1912 3683 Augustus
1959 3619 2138 3676 nuper
2187 3605 2286 3658 de-

704 3731 924 3784 functus
952 3722 1293 3792 dignaretur.
1334 3709 1402 3765 Et
1441 3708 1558 3762 haec
1591 3705 1666 3758 illi
1689 3702 1910 3773 quidem
1932 3699 2011 3753 sic
2035 3701 2286 3767 egerunt.

704 3823 1008 3892 Imperator
1063 3819 1248 3866 autem
1307 3814 1579 3876 propensa
1624 3793 1844 3852 ista‘ad
1882 3806 2074 3849 eorum
2118 3799 2288 3892 nutus

704 3883 898 3970 οιιίιιθσ
930 3906 1184 3963 facilitate
1202 3893 1568 3966 obsequendi,
1595 3888 1916 3946 defunctum
1946 3899 2006 3939 sc
2032 3883 2205 3942 turbis
2234 3890 2288 3937 et

706 4016 957 4076 ntagnam
986 4001 1040 4054 in
1089 4005 1393 4067 posterum,
1434 3985 1648 4045 cunctis
1683 3978 2028 4051 compositis,
2074 3990 2137 4076 se
2181 3974 2285 4076 sibi

706 4067 1152 4167 tranquillitatem
1215 4083 1518 4142 confecisse
1562 4076 1977 4138 arbitrabatur;
2036 4070 2091 4125 id
2138 4067 2293 4139 quod

705 4205 906 4248 vanum
936 4186 1211 4242 somnium
1245 4178 1346 4235 Sibi
1382 4173 1618 4231 faventis
1645 4169 1815 4253 animi
1851 4167 1971 4222 fuit.

951 4325 1035 4379 12.
1071 4321 1143 4377 De
1169 4315 1482 4372 Arae-niani:
1515 4323 1565 4370 et
1596 4310 1773 4366 morbo
1799 4307 2036 4378 Iosephi.

787 4461 1071 4524 Arseniani
1099 4457 1318 4529 quippe,
1341 4469 1408 4510 ex
1437 4451 1741 4509 mutatione
1761 4459 1817 4505 et
1849 4445 1952 4519 ipsi
1977 4452 2287 4514 temporum

2368 551 2693 622 ἐπείληπτο,
2712 553 2906 624 καιρὸν
2931 550 3113 624 ἥκιστ’
3138 545 3283 623 εἶχον
3301 549 3501 603 εκεῖνοι
3534 545 3663 616 πρὸς
3689 541 3925 614 βασιλέα·

2366 641 2428 697 τὸ
2464 642 2569 714 γὰρ
2606 643 2758 712 σφῶν
2795 643 3213 705 ἀκατάλλακτον
3246 644 3295 696 οἱ
3330 640 3425 696 τοῦ
3472 641 3670 710 Ἰωσὴφ
3698 641 3762 691 ὲκ
3785 633 3932 696 πλεί-

2370 751 2499 788 στου
2548 737 2771 802 ειδότες,
2808 739 2903 790 καὶ
2957 737 3040 791 ὃτι
3093 738 3251 793 αὐτοὶ
3295 735 3395 806 μὲν
3450 734 3798 803 πατριάρχην
3850 729 3930 782 τὸν

2382 827 2581 899 Ἰωσὴφ
2629 823 2798 899 εἶχον,
2858 832 3057 884 ἐκεῖνοι
3104 829 3162 882 δὲ
3202 829 3312 884 οὐδ’
3359 827 3510 897 ἄξιον
3547 821 3932 897 Χριστιανικῆς

2371 919 2589 990 ὁμιλίας
2620 919 2996 992 ἔκρινον,,καὶ
3041 921 3131 977 διὰ
3169 921 3342 976 ταῦτα
3387 920 3648 976 ἀδύνατον
3684 916 3784 988 τὴν
3813 911 3932 985 ξύει

2371 1012 2536 1068 ϐασιν
2579 1015 2862 1087 κρίνοντες
2896 1013 3416 1086 προκατελάμϐανον
3459 1011 3706 1082 βασιλέα,
3746 1022 3937 1080 μαρτυ·

2376 1109 2596 1184 ροῦντες
2627 1110 2776 1180 σφίσι
2806 1111 2874 1165 τὰ
2905 1111 3178 1181 χείριστα,
3225 1112 3318 1164 καὶ
3347 1109 3424 1172 ὡς
3456 1107 3564 1162 οὐδ’
3601 1106 3687 1161 ἐπ’
3722 1101 3936 1172 ἀγαθοῖς

2372 1205 2521 1275 αύτῷ
2555 1202 2897 1276 βαᾶιλεύοντι
2945 1207 3142 1259 ἐκεῖνοι
3185 1202 3286 1274 τὴν
3325 1199 3658 1271 Ἐκκλησίαν
3707 1197 3940 1270 σχίζουσι

2372 1299 2629 1366 λέγοντες
2659 1301 2943 1370 φροντίσιν
2969 1299 3028 1352 οὐ
3059 1300 3182 1361 ταῖς
3204 1296 3502 1368 τυχούσαις
3535 1294 3763 1349 ἐδίδουν.
3801 1290 3943 1344 Ἐπεὶ

2375 1390 2420 1446 δ’
2451 1393 2818 1462 ἐκραταιοῦτο
2845 1391 2923 1462 τῷ
2968 1391 3289 1464 πατριάρχῃ
3338 1390 3373 1462 ἡ
3421 1389 3595 1455 νόσος,
3625 1385 3723 1440 καὶ
3750 1385 3850 1456 ἤδη
3896 1383 3945 1445 ἐς

2375 1483 2525 1539 ἅπαν
2558 1484 2919 1555 ἐκλελυμένος
2945 1479 3014 1556 ἦν
3039 1485 3114 1548 ὡς
3154 1485 3251 1537 καὶ
3284 1483 3377 1538 τὸν
3405 1481 3637 1537 θάνατον
3667 1474 3948 1546 ἀπεκδέχε-

2375 1576 2524 1644 σθαι,
2556 1579 2648 1632 καὶ
2673 1577 2763 1633 διὰ
2786 1576 2960 1631 ταῦτα
2992 1579 3294 1650 παρῃτεῖτο
3328 1575 3429 1648 τὴν
3468 1570 3829 1648 προστασίαν,
3863 1567 3948 1622 καὶ

2374 1668 2616 1741 γράμμα
2666 1666 2969 1740 προύϐαινε
3018 1669 3438 1739 παραιτήσεως,
3489 1664 3822 1736 ὑπορρέουσι
3861 1659 3950 1729 μὲν

2374 1765 2424 1817 oi
2463 1763 2684 1828 τούτου,
2721 1762 2806 1826 εἰς
2849 1761 3057 1834 πλῆθος
3095 1761 3153 1816 δὲ
3183 1759 3480 1828 ξυστάντες
3506 1759 3732 1822 ἐκεῖνοι,
3762 1754 3838 1812 ὡς
3865 1751 3952 1804 καὶ

3994 1801 4058 1946 ll

2356 1972 2358 1976 ·
2387 1949 2623 2023 ποίησιν,
2647 1951 2958 2039 ἀναγκαίαν
2988 1947 3266 2022 ἡγεῖσθαι,
3301 1949 3461 2016 λόγου
3509 1944 3755 2016 μείζονος
3785 1935 3957 2039 ἀξιοῖ·

2390 2045 2536 2115 σθαι,
2558 2033 2854 2110 νεύσαντος
2879 2046 2972 2100 ἐπὶ
2993 2045 3218 2108 τούτους
3234 2042 3328 2097 τοῦ
3354 2040 3643 2114 βασιλέως,
3669 2037 3763 2090 καὶ
3787 2031 3959 2102 πολλῷ

2387 2157 2493 2194 τινι
2534 2140 2801 2195 νικῶνται
2829 2139 2891 2194 τὸ
2923 2136 3131 2210 πλῆθος
3164 2139 3296 2202 τοὺς
3334 2136 3429 2189 τοῦ
3471 2134 3695 2204 Ἰωσήφ.
3741 2127 3964 2203 Ἐξῆρζι

2393 2233 2492 2305 μὲν
2523 2228 2617 2288 οὖν
2643 2233 2866 2288 ἐκείνων
2887 2231 3041 2288 ἔνθεν
3070 2234 3170 2303 μὲν
3194 2233 3223 2285 ὁ
3250 2225 3675 2301 Ταρχανειὼτης
3718 2222 3964 2289 Ἰωάννης

2393 2326 2489 2380 καὶ
2524 2325 2617 2381 τοῦ
2650 2324 2918 2398 βασιλέως
2948 2322 3272 2393 αὐτανέψιος
3306 2321 3429 2393 (τῆς
3463 2319 3574 2392 γὰρ
3608 2315 3839 2387 Μάρθας
3859 2312 3965 2366 τῶν

2391 2417 2560 2492 τριῶν
2592 2419 2756 2473 υἱέων
2793 2417 3021 2490 ὕστερος
3057 2412 3172 2490 ἦν),
3220 2417 3318 2471 σὺν
3347 2410 3391 2486 ᾧ
3422 2413 3486 2485 δὴ
3520 2411 3615 2466 καὶ
3642 2410 3700 2463 ai
3743 2405 3968 2478 ἀδελφαὶ

2383 2574 2810 2647 patriarchatns
2843 2584 3122 2647 utcunque
3167 2571 3596 2646 possessionem,
3653 2568 3804 2642 gravi
3849 2565 3970 2624 licet

2398 2680 2624 2740 urgente
2647 2671 2863 2736 morbo,
2903 2671 3098 2736 tenuit,
3127 2683 3322 2741 parum
3352 2665 3498 2738 apud
3547 2667 3855 2738 Augustum
3889 2677 3956 2717 va-

2398 2764 2639 2819 luerunt.
2677 2762 2814 2818 Nam
2858 2779 2983 2819 cum
3019 2780 3085 2819 es
3123 2763 3285 2835 longo
3332 2767 3673 2832 compertum
3708 2757 3970 2815 haberent

2398 2857 2493 2928 qui
2515 2855 2811 2927 .losephum
2836 2857 3231 2925 sequebantur,
3264 2851 3605 2909 irrevocabili
3645 2851 3975 2905 Arsenianos

2400 2953 2455 3005 in
2476 2964 2600 3005 eum
2633 2950 2922 3010 instinctos
2947 2950 3094 3017 odio,
3128 2963 3232 3006 nec
3253 2961 3544 3018 superesse
3573 2945 3825 3000 viderent
3849 2958 3975 2997 con-

2402 3043 2691 3102 ciliationis
2713 3058 2865 3115 spem
2897 3043 3061 3099 ullam
3086 3044 3229 3100 inter
3251 3050 3436 3112 partes
3468 3051 3576 3094 tam
3609 3039 3721 3096 acri
3749 3037 3977 3094 discidio

2402 3137 2744 3202 commissas,
2773 3144 2833 3192 ut
2859 3151 3021 3207 quem
3051 3134 3153 3189 alia
3179 3134 3483 3204 principem
3512 3144 3792 3186 sacrorum
3818 3144 3978 3188 vene-

2319 3197 2364 3256 C
2398 3238 2634 3295 raretur,
2658 3230 2830 3285 altera
2853 3244 2922 3284 ne
2943 3229 3086 3292 laica
3107 3227 3328 3300 quidem
3350 3227 3736 3282 communione
3754 3224 3979 3296 dignan-

4041 1935 4052 2182 l

2392 3323 2520 3378 dum
2571 3320 2873 3394 Josephum
2909 3323 3158 3388 duceret,
3217 3329 3429 3376 mature
3458 3335 3560 3391 pro
3618 3334 3716 3375 sua
3781 3331 3978 3373 caetera
4056 3345 4058 3350 -

2391 3414 2537 3484 apud
2576 3411 2953 3470 Andronicum
3001 3415 3331 3469 auctoritate
3369 3426 3497 3467 eum
3533 3413 3592 3466 in
3638 3410 3978 3466 contrarium

2391 3507 2839 3579 praemunierant,
2873 3508 3118 3578 gravium
3156 3505 3492 3562 Arsenianos
3531 3511 3856 3560 accusantes
3878 3502 3983 3559 cri-

2392 3602 2626 3670 minum,
2682 3611 2999 3672 metumque
3042 3601 3403 3665 intentantes,
3469 3614 3542 3655 ne
3583 3599 3690 3654 hoc
3741 3599 3982 3657 schisma

2392 3694 2732 3751 invalescens
2759 3709 2867 3750 non
2902 3693 3159 3750 Ecclesia:
3191 3694 3352 3750 modo
3383 3693 3478 3750 sed
3506 3692 3733 3764 imperio
3767 3706 3986 3764 quoque

2391 3787 2493 3856 ipsi
2527 3787 3054 3857 perniciosissimum
3081 3787 3146 3841 ad
3175 3794 3492 3842 extremum
3528 3782 3824 3852 evaderet;
3858 3786 3981 3856 qui.-

2391 3878 2496 3935 bus
2527 3879 2786 3936 credulus
2807 3880 3066 3952 princeps
3102 3878 3307 3934 auditis
3351 3879 3408 3932 in
3439 3891 3547 3932 non
3590 3877 3874 3948 vulgarem
3915 3877 3982 3936 ah

2389 3971 2710 4026 Arsenianis
2749 3972 2980 4027 cavendi
3034 3971 3466 4028 sollicitudinem
3519 3969 3984 4026 contrahebatur.

2390 4063 2683 4135 Postquam
2724 4079 2853 4120 vero
2905 4065 3228 4122 intendente
3269 4080 3330 4122 se
3366 4063 3625 4135 gravibus
3675 4053 3987 4136 augmentis

2391 4157 2713 4230 patriarchae
2737 4158 2951 4226 morbo,
2986 4158 3124 4214 adeo
3148 4167 3207 4213 ut
3241 4174 3385 4232 aeger
3411 4157 3699 4229 planejam
3736 4157 3991 4220 defectus

2392 4251 2601 4308 viribus
2639 4263 2694 4307 et
2724 4252 2866 4307 haud
2897 4253 3062 4308 dubie
3117 4260 3349 4307 mortem
3379 4263 3705 4323 exspectans
3743 4243 3991 4323 patriar-

2393 4347 2616 4400 chatum
2646 4346 2950 4413 abdicaret,
2983 4345 3143 4417 cujus
3168 4345 3534 4402 abdicationis
3568 4345 3834 4416 scriptum
3889 4347 3993 4401 rite

2395 4437 2688 4494 formatum
2713 4438 2933 4509 prodiit,
2964 4439 3057 4508 qui
3086 4439 3208 4510 ejus
3226 4438 3447 4494 nomine
3465 4451 3552 4494 res
3583 4438 3850 4510 gerebant
3897 4444 3995 4494 des

710 4559 905 4615 ﬁducia
946 4560 1158 4620 arrepta
1186 4560 1312 4602 snas
1334 4559 1424 4599 res
1455 4541 1561 4614 37
1601 4538 1818 4612 agendi,
1860 4536 2103 4606 undique
2158 4548 2288 4604 pro-
2319 4551 2363 4607 ι)
2394 4532 2663 4602 spondere
2679 4532 2891 4587 animos
2906 4530 3216 4587 etdiflluere
3233 4529 3797 4603 38cmperunt.Quo
3813 4530 3994 4589 fiden—

708 4657 940 4709 deuntes
957 4663 986 4702 e
1003 4641 1244 4701 latibulis
1261 4637 1613 4709 (connivente
1633 4634 1900 4702 Augusto,
1925 4629 2016 4698 qui
2045 4627 2146 4682 hos
2169 4639 2302 4694 qua-

709 4747 834 4803 dam
860 4743 1085 4797 lenitate
1105 4736 1300 4792 adduci
1322 4733 1386 4787 ad
1414 4742 1606 4801 pacem
1629 4736 1791 4795 posse
1813 4719 2088 4792 sperabat)
2104 4717 2303 4772 multos

710 4839 918 4895 ambire
943 4847 1104 4900 atque
1135 4832 1190 4886 in
1219 4837 1406 4901 partes
1438 4823 1658 4891 trahere
1679 4823 1992 4886 creperum.
2032 4813 2303 4866 Columen

711 4937 829 5004 ejus
871 4943 984 4987 tum
1020 4925 1273 4982 factionis
1307 4928 1426 4977 erat
1456 4915 1826 4978 Andronicus,
1850 4909 1977 4964 olim
2009 4908 2305 4978 episcopus

715 5028 990 5091 Sardium,
1051 5013 1577 5094 qnetn‘nuperrime
1627 5010 1916 5078 appulsum
1966 5013 2300 5070 exceperant

712 5122 890 5183 avide,
920 5092 1093 5187 eoque
1128 5121 1350 5168 auctore
1379 5117 1708 5176 magnopere
1734 5099 1858 5154 freti
1896 5097 2126 5152 fidenter
2150 5092 2302 5148 allir-

714 5215 939 5268 mabant
997 5207 1280 5276 subjacere
1315 5198 1615 5268 Josephum
1670 5188 2004 5247 anathemati
2062 5189 2115 5241 in
2171 5199 2302 5240 eum

714 5305 990 5376 quondam
1038 5301 1242 5353 intorto
1296 5294 1363 5348 ab
1401 5289 1635 5346 Arseuio
1684 5300 1810 5341 cum
1867 5281 2307 5354 patriarchatum

714 5406 965 5472 gereret;
998 5395 1279 5464 ipsiusque
1325 5401 1387 5442 ea
1420 5387 1488 5439 de
1526 5395 1690 5437 causa
1725 5376 2165 5455 communionem
2200 5387 2308 5425 non

717 5468 881 5548 ntodo
904 5498 963 5545 ut
1007 5486 1280 5558 piaculum
1325 5479 1592 5541 vitabant,
1625 5473 1721 5530 sed
1752 5483 1805 5528 et
1858 5486 1968 5526 non
2020 5468 2210 5540 paucis
2253 5478 2312 5521 nt

718 5591 786 5644 ab
812 5587 902 5640 illa
940 5599 995 5639 se
1035 5579 1423 5637 abscinderent
1465 5569 1894 5644 persuadebant.
1927 5564 2087 5621 Unde
2120 5562 2313 5617 multis

718 5677 966 5752 quotidie
1005 5676 1070 5730 ad
1103 5685 1306 5744 paucos
1337 5667 1428 5740 qui
1459 5666 1694 5737 primum
1731 5666 2104 5730 apparuerant
2132 5670 2190 5711 se
2225 5669 2314 5724 ag-

719 5750 1097 5848 gregentibus,
1124 5767 1598 5836 exiguo'tempore
1631 5757 1685 5811 in
1716 5768 2008 5810 numerum
2037 5750 2314 5822 ingentem

2334 4676 2337 4679 .
2405 4627 2513 4681 tius
2530 4627 2772 4696 sesejam
2802 4625 3093 4686 Arseniani
3128 4635 3473 4684 ostentantes
3503 4634 3654 4682 tanto
3676 4640 3738 4682 se
3757 4641 4000 4682 numero

2405 4721 2680 4784 ferebant,
2714 4730 2773 4774 ut
2804 4730 3072 4776 terrorem
3094 4720 3424 4776 adversariis
3439 4735 3798 4793 nonparvunt
3840 4724 4001 4778 incu-

2406 4820 2606 4877 terent,
2633 4825 2934 4881 curamque
2952 4812 3220 4867 adderent
3239 4811 3488 4883 Augusto
3502 4812 3873 4868 necessariam
3907 4832 4003 4871 eos

2407 4918 2476 4959 ne
2509 4905 2764 4959 saevirent
2784 4904 3100 4960 deliniendi.
3122 4905 3180 4958 ln
3201 4919 3318 4960 eam
3342 4919 3468 4976 ergo
3484 4914 3692 4976 partem
3718 4903 3810 4960 ille
3839 4907 4004 4961 incu-

2409 4997 2548 5064 buit,
2568 4998 2760 5069 majori
2789 5015 2950 5069 quam
2973 5008 3132 5053 antea
3156 4998 3384 5053 honoris
3408 4997 3812 5068 signiﬁcatione
3829 5000 4004 5054 Arse-

2409 5096 2603 5150 nianos
2641 5101 2902 5158 tractans;
2921 5106 3030 5160 quo
3046 5090 3195 5146 brevi
3216 5089 3473 5144 enectum
3497 5101 3553 5144 ut
3575 5089 3629 5144 bi
3651 5089 4008 5145 multitudine

2409 5189 2569 5260 longe
2590 5189 2877 5242 vincerent
2907 5184 3132 5254 Jose‘phi
3172 5183 3426 5239 asseclas.
3463 5182 3647 5252 Capita
3677 5183 4010 5239 eminebant

2413 5284 2576 5354 hujus
2616 5295 2924 5335 numerosa:
2960 5278 3132 5331 turbae
3190 5291 3253 5332 ac
3320 5276 3472 5332 velut
3517 5275 3774 5330 factionis
3829 5276 4009 5330 duces

2415 5377 2542 5432 hinc
2577 5376 2797 5446 quidem
2814 5372 3055 5428 Joannes
3086 5369 3474 5438 Tarchaniota,
3503 5370 3870 5426 consobrinus
3903 5369 4014 5425 im-

2413 5465 2701 5538 peratoris,
2751 5465 2956 5535 quippe
3002 5459 3247 5527 Marthae,
3292 5461 3498 5516 sororis
3544 5457 3831 5515 Michaelis
3882 5463 4012 5532 ejus

2414 5562 2605 5632 patris,
2660 5559 2826 5612 trium
2879 5557 3115 5610 filiorum
3179 5563 3312 5609 natu
3369 5553 3649 5616 minimus,
3710 5567 3837 5608 cum
3896 5570 4014 5626 quo

2414 5662 2470 5705 et
2494 5652 2613 5720 ejus
2643 5663 2862 5704 sorores
2907 5643 3212 5699 Theodosia
3245 5654 3299 5700 et
3326 5643 3706 5714 Nostongissa,
3740 5642 3875 5698 inde
3906 5661 4012 5698 au-

2419 5755 2526 5802 tem
2567 5745 2823 5816 superius
2852 5755 3194 5798 memoratus
3230 5739 3596 5812 Hyacinthus.
3639 5739 3842 5793 ﬂiuno
3881 5753 4017 5795 ocn-

720 5831 963 5924 zxcrev'it
990 5831 1286 5921 Arseniana
1315 5831 1501 5911 factio.
1535 5851 1599 5907 Hi
1629 5861 1812 5906 tamen
1838 5844 2016 5916 quoad
2041 5841 2317 5911 Iosephus
2421 5855 2586 5899 sensu
2627 5837 2823 5910 praeire
2867 5837 2972 5892 sibi
3012 5834 3283 5892 universis
3325 5833 3676 5905 patiebantur
3716 5831 4015 5902 antiquum
