4058 6282
635 348 705 418 7ιῖ
1850 350 2177 416 GEORGII
2215 352 2702 419 PACBYMERIE
3815 346 3880 416 48

640 468 778 542 μηδὲ
814 464 1043 530 πολλοὺς
1071 462 1387 537 μεμνῆσθαι
1413 465 1478 537 ἦν
1514 462 1568 519 τί
1599 477 1706 517 που
1741 463 1836 517 καὶ
1866 462 2122 535 ἐτελέσθη
2156 466 2213 518 ἐν
2244 472 2297 533 Α
2322 466 2381 521 ἐν
2474 466 2537 522 τὸ
2578 458 2743 539 σῶμα
2775 468 3153 540 χωρήσουσαν,
3190 466 3336 524 οὕτω
3367 466 3424 523 δὲ
3453 463 3659 522 ταύττκν
3698 466 3812 521 οῐαν
3834 467 3878 520 τ’

637 558 852 624 τούτοις
878 560 984 613 τῶν
1005 556 1166 628 ἱερῶν
1181 554 1439 611 τελετῶν.
1470 555 1557 619 Ὦς
1576 554 1707 625 γοῦν
1729 555 1909 609 ίκεῖσε
1934 555 2220 627 συναχθέν-

637 670 727 719 τες
755 651 849 707 ὑπ’
882 651 1121 722 ὁπτῆρσι
1160 650 1407 712 πιστοῖς,
1448 646 1521 709 ὡς
1577 644 1653 719 μή
1694 645 1874 700 λαθών
1923 663 2009 709 τις
2058 645 2216 700 εισίοι

631 748 743 801 τῶν
774 745 960 816 σφισιν
988 741 1399 813 ἀκοινωνήτων,
1438 739 1537 803 τὰς
1573 738 1823 805 συνάξεις
1852 739 2093 807 ἐτέλουν,
2124 738 2219 793 καὶ

636 838 904 910 συχνάκις
942 835 1182 906 πέμπων
1207 836 1235 888 ὁ
1266 832 1526 904 βασιλεὺς
1555 830 1650 887 τοῦ
1678 833 1749 887 τὰ
1780 831 1902 886 κατ’
1931 830 2132 896 αὐτοὺς
2160 832 2217 890 ὲν

632 929 897 1002 φροντίσιν
942 927 1211 1001 μεγάλαις
1260 926 1410 998 ἔχειν
1481 927 1712 997 παρεῖχε
1763 925 2020 997 δόκησιν,
2063 926 2218 980 αὐτοὶ

633 1024 727 1078 ἐπὶ
762 1021 930 1077 πλέον
957 1020 1334 1092 θαρσήσαντες
1363 1019 1497 1091 πρὸς
1530 1021 1597 1074 τὰ
1624 1020 1679 1072 ὲν
1710 1017 2015 1090 Χαλκηδόνι
2046 1016 2218 1072 πάλαι

634 1116 978 1183 τελεσθέντα,
1007 1115 1083 1178 ὡς
1108 1117 1137 1169 ὁ
1165 1114 1325 1182 λόγος
1354 1114 1526 1186 αἱρεῖ,
1551 1114 1643 1167 ἐπὶ
1669 1113 1749 1182 τῷ
1779 1114 1881 1183 τῆς
1910 1112 2217 1182 καλλιπαρ-

632 1216 790 1271 θένου
820 1212 917 1269 καὶ
958 1212 1234 1285 μάρτυρος
1269 1200 1562 1282 Εὐφημῑας
1587 1208 1800 1281 σώματι
1825 1208 2085 1278 ἀνάγουσι
2116 1207 2216 1278 τὴν

632 1308 961 1379 ἐνθύμησιν,
988 1306 1082 1361 καί
1116 1323 1178 1375 γε
1220 1305 1316 1359 καὶ
1352 1306 1511 1359 αὐτοὶ⁵
1546 1303 1651 1357 ὑπὸ
1693 1302 1911 1375 σώματι
1946 1303 2086 1371 ἁγίῳ
2114 1299 2217 1353 πά-

630 1403 723 1457 λαι
754 1398 1193 1462 κατατεθνεῶτος
1225 1396 1408 1468 νεκρῷ
1447 1397 1516 1450 τὰ
1559 1394 1683 1451 καθ’
1724 1395 1927 1459 αὐτοὺς
1966 1395 2041 1457 ὡς
2082 1393 2216 1463 ἀρε-

632 1492 823 1559 σκείας
860 1493 1151 1566 ἐξημμένα
1198 1491 1353 1556 θείας
1388 1488 1661 1544 δεικνύειν
1705 1488 1920 1561 ήθελον,
1963 1486 2059 1543 καὶΙ
2097 1488 2214 1559 ἅμα

628 1590 708 1662 τῷ
731 1589 924 1658 δεῖξαι,
963 1587 1039 1650 ὡς
1069 1584 1323 1660 ήλπιζον,
1354 1586 1508 1655 σφίσι
1547 1583 1846 1656 προσσχεῖν
1876 1581 2064 1652 ἠξίουν
2086 1579 2215 1644 τοὺς

629 1684 823 1747 ἄλλους
858 1682 952 1735 καὶ
984 1679 1296 1741 πείθεσθαι.
1319 1679 1425 1731 κᾶν
1451 1678 1480 1731 ὅ
1508 1695 1557 1731 τι
1591 1675 1804 1745 λέγοιεν
1828 1691 1886 1727 τε
1919 1675 2015 1727 καὶ
2041 1674 2214 1743 πράτ-

630 1793 802 1832 τοιεν.
838 1773 1101 1828 Πείθεται
1127 1770 1343 1835 τούτοις
1378 1771 1407 1824 ὁ
1432 1770 1685 1841 βασιλεὺς
1711 1766 1804 1823 καὶ
1836 1766 1996 1838 σῶμα
2027 1765 2124 1835 μὲν
2152 1764 2214 1818 τὸ

630 1869 725 1923 τοῦ
752 1865 1124 1939 Δαμασκηνοῦ
1150 1866 1249 1919 καὶ
1291 1864 1437 1918 θείου
1468 1863 1689 1935 Πατρὸς
1737 1860 1991 1917 Ἰωάννου
2023 1859 2211 1923 αὐτοῖς
2243 1844 2287 1901 Β

630 1964 888 2034 αἰτήσασι
924 1960 1164 2023 δίδωσιν,
1187 1960 1261 2021 ὡς
1291 1958 1356 2013 ἂν
1385 1957 1445 2010 δὲ
1481 1958 1555 2027 μή
1588 1972 1642 2009 τι
1667 1956 1761 2009 καὶ
1786 1950 2213 2026 ρᾳδιουργηθείη

633 2060 726 2113 ἐπὶ
760 2052 899 2119 τοῖς¹
921 2051 1407 2125 προσδοκωμένοις
1452 2050 1678 2121 τέρασιν
1712 2048 1745 2117 ἢ
1797 2046 1904 2117 μὴν
1960 2046 2057 2100 καὶ
2083 2047 2215 2099 ὑπο-

634 2147 893 2218 πτευθείη
924 2143 1321 2219 ρᾳδιουργηθὲν
1352 2142 1564 2212 (τόμοις
1592 2139 1703 2209 γὰρ
1728 2138 2215 2208 ἐπιτεθησομὲνοις

630 2241 709 2313 τῷ
736 2240 953 2310 σώματι
984 2236 1054 2291 τὰ
1090 2235 1213 2289 καθ’
1260 2233 1458 2296 αὐτοὺς
1505 2232 1830 2303 ἐπιτρέπειν
1870 2226 2215 2298 ἠϐούλοντο),

632 2337 691 2403 ἐξ
721 2333 890 2404 αὐτῆς
928 2329 1181 2401 βασιλεὺς
1212 2326 1551 2398 προστάσσει
1598 2322 2077 2392 ἐπισκευασθῆναι
2110 2321 2215 2391 μὲν

633 2430 835 2502 ἑτέραν
880 2423 1109 2498 μείζονα
1138 2422 1336 2493 θήκην,
1384 2420 1480 2474 καὶ
1510 2418 1673 2491 σῶμα
1700 2416 1795 2472 καὶ
1823 2415 2000 2491 θήκην
2042 2415 2217 2487 αὐτὴν

637 2590 899 2662 templum
934 2594 1251 2643 sanctorum
1279 2581 1524 2640 omnium
1561 2580 1832 2649 attribuit,
1880 2580 2012 2637 satis
2041 2592 2214 2651 capax

635 2693 850 2756 magnae
885 2675 1251 2736 multitudinis
1300 2673 1699 2745 magniﬁceque
1750 2679 2031 2737 ornatum,
2061 2679 2122 2725 ut
2158 2672 2216 2725 in

636 2778 691 2834 id
726 2775 821 2847 qui
851 2770 1215 2829 convenirent
1244 2783 1369 2823 cum
1403 2768 1648 2839 jucunde
1679 2780 1846 2820 sensu
1882 2764 2052 2818 animi
2078 2778 2219 2820 con-

635 2870 1011 2935 solatioueque
1033 2878 1143 2918 non
1172 2861 1384 2917 modica
1407 2859 1538 2916 dare
1564 2872 1783 2929 operam
1812 2856 2060 2927 religioni
2087 2869 2215 2927 pos-

632 2968 779 3024 sent,
804 2968 859 3014 at
879 2959 1020 3013 idem
1052 2953 1232 3027 (quod
1258 2951 1556 3023 praesertim
1583 2949 1932 3021 quaerebatur
1957 2951 1975 3021 )
2006 2963 2075 3006 ex
2101 2956 2212 3003 tam

633 3058 796 3127 longe
836 3066 1035 3107 vacans
1068 3057 1123 3105 et
1155 3047 1403 3103 clausum
1445 3054 1716 3117 tempore,
1747 3055 1805 3100 ut
1831 3044 1992 3116 pauci
2027 3044 2216 3101 viven-

635 3151 770 3204 tium
803 3143 1220 3201 recordarentur
1250 3139 1413 3194 ullam
1450 3138 1509 3193 in
1537 3152 1604 3194 eo
1632 3137 1971 3194 iunctionem
2004 3150 2213 3193 sacram

637 3239 880 3297 exerceri
923 3252 981 3292 se
1027 3235 1251 3290 vidisse.
1298 3233 1376 3287 lbi
1404 3246 1537 3305 ergo
1573 3244 1697 3287 eum
1747 3244 1880 3287 suos
1916 3230 2210 3287 Arseniani
2239 3206 2281 3268 ε

614 3342 960 3396 conventus.
995 3330 1115 3385 ﬁdis
1143 3328 1214 3383 ad
1247 3327 1435 3382 valvas
1465 3324 1786 3381 custodibus
1815 3324 2115 3396 appositis,
2143 3337 2216 3379 ne

634 3429 760 3500 quis
783 3428 1054 3496 irreperet
1088 3434 1282 3478 eorum
1313 3434 1440 3475 cum
1459 3418 1662 3491 quibus
1683 3416 2097 3472 communicare
2121 3431 2219 3472 ne-

639 3530 720 3579 t‘as
744 3518 1177 3581 arbitrabantur,
1211 3512 1514 3584 ccepissent
1541 3525 1817 3567 concursu
1849 3509 2055 3583 ingenti
2076 3511 2220 3567 cele—

639 3620 821 3680 brare,
846 3611 1140 3668 allectabat
1163 3608 1229 3665 iis
1254 3605 1610 3664 demerendis
1645 3605 1895 3661 intentus
1920 3605 2218 3675 imperator

636 3724 817 3767 certos
855 3724 887 3763 e
932 3710 1048 3763 suis
1080 3704 1213 3759 illuc
1242 3700 1563 3772 frequenter
1598 3699 1840 3764 mittere,
1880 3696 1973 3768 qui
2019 3705 2220 3767 prmsto

638 3804 776 3874 ipsis
793 3808 980 3856 essent
998 3808 1055 3852 et
1083 3792 1433 3851 securitatem
1456 3806 1619 3861 quam
1643 3797 1899 3861 optarent
1923 3787 2220 3843 maximam

642 3899 987 3968 praestarent,
1044 3903 1109 3945 ac
1157 3888 1259 3943 sibi
1292 3900 1413 3941 esse
1458 3900 1604 3940 curae
1644 3898 1732 3937 res
1759 3882 2005 3953 ipsorum
2058 3879 2218 3936 ﬁdem

639 3990 888 4043 facerent
911 3982 1291 4040 certissimam.
1320 3977 1453 4033 Inde
1486 3976 1561 4030 illi
1588 3977 1732 4031 aucti
1755 3974 1953 4029 animis
1976 3971 2219 4044 polliceri

643 4080 761 4135 ausi
790 4087 921 4132 sunt
956 4089 1014 4130 se
1072 4071 1339 4128 miraculo
1375 4069 1494 4139 ejus
1523 4068 1687 4124 simili
1724 4067 1872 4137 quod
1916 4067 2045 4121 olim
2076 4065 2221 4137 apud

639 4170 1045 4229 Chalcedonam
1073 4166 1127 4220 in
1156 4178 1383 4234 corpore
1405 4173 1606 4217 sanctae
1632 4160 1862 4231 virginis
1888 4169 1945 4215 et
1970 4159 2222 4230 martyris

641 4265 962 4336 Euphemire
994 4270 1279 4318 ostensum
1316 4258 1484 4311 fuisse
1518 4255 1663 4309 fama
1693 4254 1883 4321 ferret,
1931 4253 2221 4308 veritatem

646 4368 759 4413 Sua:
785 4354 1050 4411 doctrina:
1078 4349 1458 4421 iustitiamque
1485 4358 1649 4401 sectm
1686 4346 2032 4415 probaturos.
2067 4344 2226 4399 Pete-

647 4455 778 4508 bant
814 4448 979 4520 igitur
1009 4443 1128 4499 dari
1163 4442 1268 4496 sibi
1303 4454 1503 4510 corpus
1548 4437 1767 4507 aliquod
1806 4436 1982 4491 sancti
2017 4436 2222 4491 dudum

2322 558 2466 616 εῐναι
2525 561 2934 633 ἀσφαλισθῆναι
2979 562 3078 618 καὶ
3126 560 3304 616 κλεισὶ
3334 561 3431 616 καὶ
3471 561 3770 631 σφραγῖσιν
3808 558 3881 621 ὡς

2324 652 2461 724 μηδὲ
2507 651 2600 707 τὸν
2628 649 3017 724 ἑντεχνότατον
3042 653 3187 708 κατά
3210 651 3472 706 Δαίδαλον
3504 644 3883 722 παρεγχειρεῖν

2325 744 2452 817 μηδ’
2474 743 2658 800 ὁτιοῦν
2694 744 2981 801 δύνασθαι.
3017 745 3192 799 Αὑτὸν
3231 746 3417 816 μέντοι
3454 745 3715 816 παρεῖχεν
3749 742 3884 796 ’ἐτοι-

2322 856 2447 910 μον,
2487 840 2539 893 εί
2568 836 2948 911 προσληφθείη
2977 840 3102 908 ταῖς
3124 836 3220 892 τοῦ
3256 839 3415 907 ἁγίου
3444 839 3635 910 χερσὶν
3669 837 3699 890 ὁ
3728 836 3885 906 τόμος

2319 932 2459 1004 πρὸς
2488 933 2618 986 ποσὶ
2651 930 2853 997 τεθεὶς,
2876 933 2946 987 τὰ
2975 931 3340 1008 γεγραμμένα
3368 931 3628 1002 πράττειν
3655 931 3886 999 ἀναμφι-

2319 1024 2514 1088 ϐόλως.
2560 1023 2651 1079 Ἐν
2680 1024 2790 1097 ὅσῳ
2835 1024 2934 1097 μὲν
2960 1020 3056 1079 οὖν
3086 1022 3241 1079 ταῦτ’
3280 1023 3614 1095 ἐπράττετο,
3651 1023 3885 1078 κάκεῖνοι

2318 1119 2601 1191 νηστείαις
2648 1118 2747 1173 καὶ
2788 1119 3124 1190 προσευχαῖς
3161 1118 3452 1179 παντοῖαις
3505 1103 3886 1188 προετελοῦντο

2318 1207 2414 1268 καί
2439 1213 2763 1285 παννυχίσιν
2786 1212 3085 1285 ὑμνῳδίαις
3104 1211 3461 1285 ὲσχόλαζον,ὁ
3489 1207 3767 1282 βασιλεὺς,
3788 1209 3886 1263 κᾶν

2314 1308 2476 1371 αὐτὸς
2509 1307 2595 1378 ἐφ’
2623 1304 2823 1361 ἑαυτοῦ
2854 1305 2960 1361 κᾶν
2989 1305 3156 1363 ἄλλον
3197 1321 3261 1375 γε
3296 1305 3733 1375 ὑπομνήσαντος,
3766 1303 3888 1375 περὶ

2315 1400 2521 1471 ἐαυτῷ,
2550 1400 2627 1464 ὡς
2655 1399 2857 1467 ἔδοξεν,
2887 1399 3221 1469 ὑπονοήσας,
3273 1398 3472 1470 μήπως
3513 1396 3609 1452 καὶ
3643 1396 3729 1449 ἐπ’
3755 1394 3887 1465 αὐτῇ

2317 1494 2567 1568 βασιλείᾳ
2589 1495 2686 1550 καὶ
2710 1494 2776 1567 τῇ
2800 1493 2932 1564 περὶ
2954 1491 3167 1565 ταύτης
3189 1491 3421 1563 ζητήσει
3448 1490 3568 1561 (καὶ
3589 1489 3765 1543 ταῦτα
3785 1489 3890 1559 γάρ

2315 1589 2536 1658 ἐλέγετο
2586 1580 2772 1659 ζητεῖν
2815 1583 3082 1658 ἐκείνους)
3117 1583 3495 1658 ἀμφισϐητεῖν
3541 1580 3889 1653 προαχθεῖεν,

2314 1665 2412 1736 κάί
2441 1683 2494 1751 γ’
2528 1680 2627 1736 ἐπὶ
2656 1678 2809 1735 τοῦτ’
2833 1678 3105 1748 ἀδοξήσας
3138 1675 3520 1749 ἀναλαμϐάνει
3556 1691 3617 1729 τε
3641 1673 3742 1737 τὰς
3763 1675 3891 1744 ὀμο-

2314 1773 2505 1845 λογιας
2535 1773 2821 1846 ιξαιφνης,
2867 1772 2963 1828 καὶ
2994 1771 3244 1844 πέμψας,
3272 1770 3566 1842 ὀστράκου,
3615 1768 3771 1839 φασὶ,
3798 1782 3891 1836 μευ

2314 1867 2671 1932 ταπεσόντος,
2698 1863 2997 1921 διακωλύει
3026 1863 3322 1936 τοὺγχείρη
3332 1880 3432 1935 μα,
3462 1861 3523 1938 τί)
3548 1860 3659 1916 τῶν
3689 1858 3893 1914 πολλῶν

2314 1959 2730 2030 καχυπονόητον
2768 1957 3145 2026 ἀναστέλλων,
3177 1955 3352 2011 εἰπὼν
3387 1954 3528 2026 πρὸς
3572 1950 3771 2017 αὐτοὺς
3818 1948 3893 2015 ὡς

2314 2052 2490 2125 Εἴπερ
2542 2052 2620 2125 μὴ
2655 2052 2989 2125 ἐπιτρέπειν
3019 2048 3249 2117 ἐννοίαις
3295 2048 3597 2122 ἡμετέραις
3621 2046 3689 2100 τά
3720 2063 3774 2115 π.
3795 2046 3891 2114 ἀγ·

2319 2164 2470 2217 ματα
2495 2148 2769 2218 ἀξιοῖμεν,
2806 2146 2947 2202 ἀλλὰ
2977 2147 3080 2220 τήν
3120 2144 3305 2200 θεόθεν
3352 2146 3540 2216 ζητεῖν
3583 2139 3893 2212 συμῦουλὴν

2314 2238 2574 2311 (καὶγὰρ
2622 2238 2769 2294 οὕτω
2802 2240 2900 2296 καὶ
2940 2238 3137 2309 ἀξιον),
3173 2239 3366 2311 ἀργεῖν
3417 2236 3520 2307 μὲν
3575 2236 3794 2305 ἀνάγκη
3829 2235 3893 2287 ὲκ

2315 2332 2559 2388 παλαιοῦ
2594 2336 2665 2389 τὰ
2696 2334 2929 2407 σημεῖα,
2979 2333 3082 2404 τῆς
3135 2332 3422 2396 εὐσεόείας
3466 2329 3892 2398 πλατυνθείσης,

2301 2426 2464 2499 ’ἔχειν
2499 2427 2556 2482 δὲ
2590 2425 2691 2491 τὰς
2712 2426 2936 2499 γραφὰς
2956 2426 3068 2482 τῶν
3095 2426 3360 2498 Πατέρων
3389 2424 3450 2491 ἐξ
3476 2418 3552 2480 ὧν
3581 2422 3679 2478 καὶ
3707 2438 3895 2494 χειρα-

2316 2581 2634 2646 hominibus
2684 2586 2918 2660 ingenti,
2973 2601 3098 2659 qua:
3136 2584 3316 2659 palam
3356 2588 3625 2646 exstaret,
3664 2588 3792 2649 toto.
3840 2579 3897 2634 in

2317 2683 2424 2739 hoc
2448 2682 2671 2755 negotio
2688 2682 2992 2754 cupiditate
3036 2677 3347 2751 ruentibus)
3381 2677 3489 2751 ipsi
3527 2689 3696 2733 manu
3752 2672 3902 2742 adju-

2314 2785 2527 2846 vareut,
2554 2778 2779 2849 utquod
2804 2778 3101 2833 studebant
3118 2770 3382 2832 divinitus
3397 2772 3651 2830 etl’ectnm
3664 2784 3900 2842 appare-

2314 2876 2422 2939 ret,
2455 2870 2603 2927 hanc
2632 2870 2755 2940 ejus
2802 2868 3033 2941 periculi
3069 2863 3414 2938 praecavendi
3440 2861 3712 2918 rationem
3770 2869 3903 2931 prn-

2315 2962 2513 3021 denter
2538 2960 2909 3018 iniitJPrazter
2932 2958 3148 3015 thecam
3177 2956 3234 3012 in
3253 2971 3360 3027 qua
3380 2953 3556 3011 sancti
3573 2946 3899 3007 Damssceni

2317 3044 2563 3125 reliquias
2615 3050 2976 3110 servabantur
3034 3047 3289 3114 conditae,
3348 3044 3492 3100 intra
3546 3053 3709 3112 quam
3765 3051 3902 3092 snas

2315 3147 2652 3204 Arsenianos
2686 3144 2963 3215 deponere
2994 3142 3213 3199 chartas
3236 3136 3548 3211 oportebat,
3587 3132 3748 3188 aliam
3780 3145 3905 3186 ma-

2316 3242 2495 3313 jorem
2526 3236 2710 3311 parari
2739 3250 2923 3292 arcam
2948 3233 3134 3306 jussit,
3174 3233 3233 3289 in
3281 3244 3449 3303 quam
3487 3227 3683 3285 eadem
3734 3224 3903 3278 theca

2317 3331 2687 3403 conjiceretur
2744 3328 2963 3402 scriptis
3008 3328 3123 3400 jam
3176 3326 3235 3383 in
3274 3339 3399 3381 eam
3452 3319 3663 3378 missis.
3694 3319 3903 3374 Arcam

2318 3439 2483 3497 porro
2516 3423 2845 3479 exteriorem
2876 3422 3037 3479 istam
3066 3418 3206 3476 seris
3254 3415 3446 3488 sigillis
3500 3413 3748 3470 clavibus
3774 3428 3905 3467 mu-

2317 3518 2424 3575 niri
2454 3517 2666 3574 curavit
2698 3517 2775 3572 ita
2830 3514 3083 3577 ﬁrmiter,
3121 3512 3199 3569 ita
3227 3518 3424 3568 contra
3475 3509 3723 3567 omnium
3752 3513 3909 3560 sstu-

2320 3612 2521 3668 tiaram
2551 3608 2711 3665 dolos
2748 3605 3268 3679 immnetrabiliter‘,
3298 3614 3361 3661 ut
3387 3619 3459 3659 ne
3481 3601 3735 3658 Daedalus
3772 3598 3908 3670 qui-

2319 3705 2468 3769 dem,
2489 3702 2650 3758 autsi
2676 3700 2801 3771 quis
2828 3700 2938 3756 isto
2961 3700 3254 3765 versutior,
3280 3690 3534 3754 fraudem
3559 3697 3617 3752 in
3675 3712 3745 3753 eo
3780 3711 3911 3751 mo-

2318 3795 2409 3853 liri
2432 3795 2601 3871 ullam
2616 3803 2959 3850 attentareve
2985 3786 3431 3863 indeprehensus
3450 3798 3664 3861 posset.
3698 3791 3909 3865 Ingens

2320 3893 2442 3947 erat
2481 3898 2715 3946 eventus
2774 3886 3142 3957 exspectatio,
3209 3885 3528 3941 Arsenianis
3574 3878 3909 3957 jejunando,

2323 3978 2710 4053 pervigilandis
2731 3978 2783 4032 in
2820 3977 3115 4051 bymnodia
3148 3976 3426 4043 noctibus,
3479 3979 3626 4032 omni
3664 3979 3913 4052 denique

2322 4069 2579 4143 supplicii
2613 4085 2679 4125 ac
2718 4068 3002 4141 religionis
3064 4067 3511 4139 exquisitissimae
3561 4082 3765 4143 genere
3794 4072 3912 4129 reti

2325 4165 2581 4222 etl‘ectum
2599 4163 2746 4235 apud
2764 4176 2993 4231 superos
3010 4162 3354 4234 urgentibus.
3373 4164 3591 4233 quando
3604 4165 3918 4236 imperator
4024 4168 4025 4241 Ϊ

2324 4257 2411 4314 vel
2447 4272 2543 4328 per
2574 4270 2695 4312 sese
2723 4256 2933 4311 veritus
2960 4254 3129 4325 empti
3160 4254 3418 4325 ancipitis
3451 4258 3681 4324 exitum,
3716 4259 3805 4313 vel
3838 4260 3918 4316 ab

2326 4353 2512 4423 aliquo
2535 4351 2779 4408 monitus
2796 4357 3013 4420 quantae
3037 4348 3117 4404 rei
3145 4350 3315 4405 aleam
3334 4350 3562 4421 iaceret,
3583 4366 3708 4406 cum
3728 4354 3920 4408 mani—
4024 4380 4025 4423 ξ

2331 4446 2470 4499 fcsle
2496 4452 2794 4506 constaret,
2821 4443 2865 4496 si
2887 4442 3095 4498 caelesti
3120 4443 3433 4500 testimonio
3447 4446 3732 4501 Arseniani
3756 4464 3925 4511 com:
4024 4442 4025 4511 ἦ

647 4541 1057 4610 mortui,certo
1087 4534 1360 4591 conﬁdere
1390 4547 1448 4587 se
1476 4531 1685 4585 aientes
1715 4531 2217 4583 demonstraturum
2248 4552 2304 4614 Β
2330 4535 2741 4599 mendarentur,
2772 4548 2926 4588 suam
2962 4542 3021 4588 ut
3052 4532 3119 4588 ab
3152 4531 3431 4605 “legitimo
3454 4546 3509 4591 ει
3526 4542 3926 4594 εχοοηιιηυηί-

647 4651 745 4706 per
778 4632 912 4687 illud
937 4630 1133 4694 Deum,
1161 4622 1423 4697 quidquid
1449 4622 1548 4690 ipsi
1578 4620 1839 4692 egissent,
1867 4634 1925 4674 se
1955 4619 2221 4673 haetenus

645 4730 862 4785 Valente
885 4738 947 4779 ac
965 4721 1191 4793 iubente
1215 4717 1439 4781 factum;
1463 4729 1573 4784 quo
1602 4714 1720 4767 viso
1746 4710 1945 4766 deinde
1963 4727 2057 4782 par
2078 4719 2226 4768 esset

647 4819 989 4879 adversarios
1021 4820 1263 4887 ipsorum
1293 4810 1491 4865 divinae
1521 4806 1833 4863 auctoritati
1874 4806 2093 4873 cedere,
2122 4819 2225 4858 nec

644 4922 755 4991 jam
787 4912 1043 4983 amplius,
1089 4908 1231 4962 sicut
1259 4905 1327 4959 ad
1363 4890 1502 4957 hanc
1544 4916 1718 4972 usque
1763 4901 1907 4955 diem
1957 4897 2223 4963 fecerant,

651 5015 719 5068 de
760 5007 1072 5065 innocentia
1108 5005 1350 5073 ipsorum
1384 4997 1783 5067 sanetitateque
1815 4997 2089 5051 dubitare.
2120 4996 2226 5048 As-

649 5104 827 5163 sensit
859 5111 911 5156 et
943 5100 1029 5156 bis
1074 5101 1377 5167 Augustus,
1414 5091 1699 5161 sanctique
1733 5101 1787 5146 et
1827 5091 1995 5146 divini
2050 5088 2228 5144 Patris

648 5197 875 5255 Joannis
896 5189 1217 5249 Damasceni
1238 5202 1455 5242 sacrum
1483 5186 1546 5239 ad
1567 5187 1671 5240 hoc
1694 5183 2087 5254 experiendum
2110 5197 2230 5235 cor-

652 5307 753 5363 pus
786 5291 849 5344 iis
879 5286 1123 5341 tradidit.
1175 5282 1313 5347 Quia
1346 5294 1473 5333 vero
1521 5278 1809 5333 Arseniani
1841 5276 2123 5346 iactabant
2169 5290 2229 5330 se

650 5386 850 5452 scripta
881 5379 1274 5451 prol't-Ssienem
1311 5389 1423 5428 suae
1458 5374 1701 5440 ipsorum
1736 5371 1859 5423 ﬁdei
1896 5369 2230 5438 ;juriuntque

649 5476 1006 5532 assertionem
1036 5466 1451 5539 complectentia
1482 5463 1547 5519 ad
1578 5464 1752 5517 sancti
1778 5462 2028 5531 corporis
2061 5460 2230 5528 pedes

655 5570 949 5641 posituros,
980 5561 1326 5633 postmodum
1362 5572 1491 5611 vero
1512 5555 1701 5609 eadem
1734 5572 1807 5609 se:
1824 5554 1934 5624 ipta
1956 5570 1984 5605 e
2004 5554 2231 5623 pedibus

654 5661 759 5734 41
800 5658 869 5713 ad
896 5670 1099 5713 manus
1126 5653 1304 5731 sancti
1352 5648 1535 5705 divina
1574 5648 1622 5700 vi
1656 5657 1904 5717 promota
1954 5655 2228 5715 repertum

658 5756 743 5815 iri,
786 5749 1049 5805 sollicitus
1081 5748 1376 5816 imperator
1434 5757 1504 5795 ne
1560 5739 1714 5794 fraus
1752 5738 2111 5793 interveniret
2175 5738 2227 5791 in

656 5864 723 5901 eo
753 5844 1015 5907 quapiam
1044 5857 1106 5897 ac
1167 5838 1337 5907 (quod
1390 5834 1674 5903 suspicatu
1729 5848 1964 5902 pronum
2010 5842 2129 5885 erat
2162 5830 2228 5886 de

2329 4642 2456 4687 cato
2470 4628 2774 4700 patriarcha
2794 4629 2985 4682 factam
3004 4628 3340 4684 evectionem
3359 4628 3426 4684 ad
3445 4629 3924 4701 imperiumbnud

2328 4722 2493 4778 dubie
2512 4721 2809 4777 vocandam
2831 4720 2885 4775 in
2915 4722 3362 4786 controversiam,
3382 4721 3428 4777 si
3444 4737 3554 4777 non
3573 4735 3628 4779 et
3643 4726 3929 4794 proinani

2328 4830 2393 4870 ac
2413 4815 2571 4885 plane
2595 4813 2740 4867 nulla
2769 4812 3188 4881 reprobandam,
3227 4814 3502 4869 revocavit
3537 4819 3749 4886 trepide
3786 4834 3931 4888 qua:

2329 4909 2667 4971 decreverat,
2684 4918 2737 4961 et
2750 4906 2896 4962 misit
2914 4919 3137 4978 repente
3162 4909 3266 4978 qui,
3282 4912 3738 4968 reserarisacrum
3758 4914 3937 4971 locu—

2330 5002 2864 5073 lum,’,explorarique
2886 5002 3079 5074 ecquid
3097 5003 3260 5058 situm
3282 5005 3569 5075 scriptura:
3596 5007 3708 5063 illic
3732 5011 3939 5080 deponi

2333 5096 2451 5150 sita:
2484 5104 2810 5162 mutassent,
2842 5096 3067 5150 omnino
3104 5096 3497 5165 prohiberent;
3528 5098 3694 5153 simul
3731 5103 3931 5159 Arse-

2333 5190 2513 5245 nianis
2535 5190 2834 5245 renuntiari
2855 5206 2886 5244 a
2908 5205 2966 5246 se
2988 5191 3171 5259 jussit,
3196 5205 3256 5247 re
3276 5191 3471 5247 melius
3498 5204 3784 5265 perspecta
3806 5199 3937 5254 sibi

2336 5283 2512 5337 visum
2543 5283 2851 5353 exspectari
2888 5292 3207 5339 reverenter
3240 5293 3495 5354 oportere
3534 5286 3716 5343 divina
3782 5305 3940 5346 ora-

2335 5372 2478 5436 cula,
2519 5371 2648 5426 dum
2671 5387 2777 5428 sua
2806 5387 2867 5428 se
2897 5382 3091 5442 sponte
3127 5372 3424 5443 proferant,
3456 5391 3565 5431 non
3602 5379 3939 5449 impatienti

2334 5464 2652 5519 curiositate
2684 5465 3032 5534 praelicenter
3065 5467 3136 5520 ab
3164 5467 3595 5537 irrumpentibus
3652 5471 3709 5526 in
3742 5476 3937 5546 adyta

2333 5556 2568 5626 exquiri.
2612 5556 2732 5611 Hoc
2784 5559 2931 5612 enim
2972 5567 3122 5613 esset
3168 5573 3199 5613 a
3253 5559 3670 5629 cogitationibus
3722 5570 3943 5635 potius

2334 5649 2539 5703 nostris
2568 5664 2730 5719 quam
2760 5664 2790 5704 a
2819 5649 2915 5703 Dei
2950 5650 3175 5719 provida
3225 5652 3493 5721 sapientia
3527 5656 3823 5711 consilium
3870 5661 3944 5716 in

2333 5739 2517 5796 dubiis
2543 5740 2912 5796 incidentibus
2942 5749 3147 5811 petere.
3212 5740 3321 5815 42
3352 5743 3562 5799 Dudum
3605 5762 3729 5803 esse
3784 5764 3943 5806 cum

2335 5832 2583 5888 videmus
2604 5848 2851 5890 cessasse
2880 5833 3125 5890 divinum
3159 5850 3359 5891 numen
3388 5852 3418 5893 a
3447 5839 3639 5896 crebra
3664 5843 3945 5903 editione
