4058 6282
261 432 339 512 49
1166 446 1265 508 DE
1304 446 1755 519 ANDRONICO
1789 443 2256 509 PALJEOLOGO
2300 442 2448 503 LIB.
2490 438 2540 501 Ῑ.
3444 422 3517 487 50

256 558 651 632 γωγουμένους
680 561 749 615 τὰ
797 560 914 615 κατ’
962 561 1263 633 ἀρέσκειαν
1298 564 1393 617 τοῦ
1414 565 1797 620 Θείουτελεῖν
1818 580 1837 597 ι
1866 573 1908 627 Α
1945 580 2163 635 μνωμα,
2200 560 2267 633 [Ρ
2293 558 2389 629 25]
2422 558 2524 611 κάν
2570 551 2748 622 τούτῳ
2770 548 2826 605 δέ
2855 549 3013 615 δόξας
3048 542 3374 616 ἰωσηφίτας
3411 542 3513 611 μὲν

254 654 355 708 τοῦ
386 656 491 723 γὰρ
521 655 780 711 πλουσίου
810 652 875 729 [l’
894 654 987 729 24]
1008 656 1302 727 ζητοῦντος
1327 655 1692 728 ἐξαναστῆναι
1710 674 1836 711 τινα

256 746 356 801 καὶ
386 747 594 811 διδάξαι
641 748 771 813 τοὺς
816 749 1105 819 ἀδελφοὺς,
1157 750 1309 822 ἔχειν
1354 750 1599 813 ἐκείνους
1631 750 1836 803 Μωσέα

261 837 362 892 καὶ
393 839 522 901 τοὺς
552 842 844 911 προφήτας
879 839 1256 911 numen;
1295 842 1476 896 αὐτῶν
1507 841 1711 896 ἱκανῶν
1744 841 1838 894 ὅν-

257 945 375 985 των
402 929 614 984 πείθειν
642 948 704 986 τε
729 933 826 987 καὶ
850 933 1149 989 διδάσκειν.
1176 933 1331 988 Οὕτω
1364 933 1463 1005 μὲν
1485 931 1581 987 οὖν
1603 935 1839 1003 ἐκκρου-

260 1021 501 1077 σθέντων
545 1025 645 1088 τῆς
675 1025 1053 1097 ἐγχειρήσεως·
1080 1027 1191 1080 τῶν
1237 1026 1628 1097 ’Δρσενιατῶν,
1678 1028 1707 1080 ὁ
1743 1025 1840 1096 βα-

259 1116 448 1179 σιλεὺς
500 1116 704 1186 μᾶλλον
748 1120 827 1190 τῷ
860 1121 1020 1191 μέρει
1054 1118 1153 1173 τοῦ
1189 1120 1393 1190 Ἰωσὴφ
1426 1119 1503 1184 ὡς
1553 1119 1839 1191 εὐθυτὲρῳ

262 1208 667 1278 προσκείμενος
693 1209 820 1264 οὐδὲ
849 1210 978 1274 τοὺς
1027 1211 1387 1282 ’Δρσενιάτας
1417 1209 1676 1276 καθάπαξ
1701 1210 1841 1263 ἀπε-

257 1297 558 1370 δοκίμαζε·
598 1303 662 1355 τὸ
695 1302 805 1370 γὰρ
834 1304 965 1373 περὶ
991 1304 1238 1367 ἐκείνους
1260 1303 1465 1376 πλῆθος
1489 1303 1723 1374 παρεῖχε
1745 1300 1843 1355 καὶ

258 1389 418 1456 σφῶν
447 1392 538 1442 ἐπὶ
567 1390 771 1462 μᾶλλον
803 1393 1136 1463 φροντίζειν.

255 1502 584 1576 ιδ¹.ί”οπως
606 1504 691 1574 μὴ
736 1505 1187 1576 ἀποδοκιμάζων
1216 1507 1356 1571 τοὺς
1387 1504 1775 1576 Ἀρσενιάῑξας
1810 1506 1843 1559 ὁ

325 1575 653 1641 βασιλεὺς.
683 1576 846 1631 ἀλλὰ
874 1575 1263 1647 δεξιούμενος
1295 1579 1394 1633 διὰ
1421 1575 1846 1647 τὴννεὶρήνηνό

334 1647 432 1700 καὶ
462 1648 571 1701 τὸν
612 1648 880 1716 Κύπριον
913 1651 998 1715 εὶς
1036 1646 1410 1719 πατριάρχην
1446 1646 1773 1718 ἀνήγαγεν.

331 1760 425 1831 Τῷ
456 1779 538 1815 τοι
579 1762 677 1816 καὶ
727 1762 833 1834 τὴν
887 1763 1061 1834 μέσην
1125 1763 1385 1831 ἐγνωκὼς
1446 1761 1712 1835 βαδίζειν,
1770 1761 1845 1826 ὡς

258 1854 395 1925 μήτ’
439 1854 597 1926 ἀνιᾷν
629 1854 879 1919 τούτους,
907 1854 1199 1919 κάκείνους
1228 1854 1485 1927 δέχεσθαι
1524 1854 1602 1928 τῷ
1632 1854 1702 1909 τὰ
1747 1853 1848 1923 ζη-

256 1945 501 2016 τούμενα
556 1948 687 2017 παρ’
731 1948 958 2001 ἐκείνων
996 1951 1300 2021 συγχωρεῖν
1350 1948 1637 2018 γίγνεσθαι
1671 1947 1760 2019 (τὰ
1799 1939 1850 1999 δ’

256 2034 405 2109 ἦσαν
460 2040 680 2103 πάντως
713 2041 747 2111 ἡ
781 2040 880 2112 τῆς
921 2041 1255 2114 Ἐκκλησίας
1306 2041 1383 2104 ὡς
1440 2043 1621 2095 εἰπεῖν
1680 2057 1848 2110 μετα-

260 2131 531 2202 ποίησις),
568 2131 854 2201 ἐκλέγεται
898 2134 998 2203 μέν
1023 2136 1103 2195 είς
1129 2134 1481 2207 πατριάρχην
1510 2133 1603 2188 τὸν
1632 2135 1697 2187 ἐκ
1735 2133 1847 2187 Κύ-

259 2241 411 2295 πρου
441 2222 739 2295 Γεώργιον,
767 2224 939 2299 ἄνδρα
964 2226 1146 2295 λόγοις
1174 2226 1512 2299 ἐντραφέντα
1539 2225 1634 2279 καὶ
1667 2241 1846 2297 σφρα-

262 2318 394 2386 γῖδα
434 2318 531 2372 τοῦ
560 2322 900 2393 πατριάρχου
947 2318 1148 2390 Ἰωσὴφ
1178 2320 1436 2389 φέροντα,
1469 2318 1531 2372 τὺ
1560 2318 1654 2371 τοῦ
1694 2334 1847 2388 πρω-

263 2413 737 2486 τοαποστολαρίου
798 2414 880 2479 είς
945 2412 1265 2485 ἀνακτόρων
1313 2411 1716 2485 ἐπιφερόμενον
1764 2409 1851 2464 σέ·-

270 2572 608 2630 mirabilium
640 2570 924 2645 signorum
954 2588 969 2639 ;
1002 2571 1424 2642 audivimusque
1454 2588 1485 2630 a
1534 2571 1852 2630 doctoribus

268 2668 450 2723 sacris
479 2681 674 2723 causas
703 2666 863 2736 plane
891 2665 1119 2722 idoneas
1154 2682 1254 2722 cur
1281 2667 1538 2738 expediat
1566 2666 1699 2723 talia
1724 2681 1853 2738 pro-

269 2761 485 2818 miscue
516 2776 627 2817 non
657 2761 896 2827 ostendi,
930 2776 1058 2817 vera
1086 2761 1197 2829 jam
1231 2760 1495 2832 religione
1531 2775 1631 2833 per
1661 2761 1850 2816 orbem

269 2856 384 2911 late
437 2853 635 2913 diﬂ'usa
694 2855 939 2926 satisque
997 2853 1262 2918 stabilita.
1292 2854 1383 2910 cui
1424 2854 1744 2926 spargenda
1789 2868 1853 2909 ac

273 2946 571 3003 fundandae
602 2946 728 3002 talia
750 2946 903 3010 olim,
928 2946 1148 3017 quando
1179 2946 1235 3002 id
1260 2946 1649 3014 conveniebat,
1679 2945 1854 3001 fuisse

274 3048 493 3095 constat
527 3039 740 3095 utiliter
799 3040 1061 3096 adhibita.
1128 3039 1371 3099 Suliiciat
1428 3038 1589 3095 nobis
1652 3038 1853 3094 habere

274 3132 578 3203 scripturas
630 3128 876 3200 Patrum,
922 3132 1127 3203 quibus
1184 3131 1480 3187 manuduci
1538 3130 1607 3186 ad
1670 3123 1854 3186 mores

268 3223 475 3294 probos
505 3232 562 3280 et
593 3224 660 3282 ad
722 3222 1141 3295 intelligendum
1194 3223 1324 3294 quid
1356 3221 1466 3278 Deo
1502 3220 1659 3279 cordi
1711 3224 1789 3279 sit
1821 3238 1851 3278 a

275 3316 433 3372 nobis
466 3317 584 3372 tieri
647 3316 779 3375 satis
814 3317 1027 3374 erudiri
1061 3332 1383 3389 possumus.
1437 3316 1575 3372 Nam
1606 3325 1662 3372 et
1697 3318 1852 3373 diviti

274 3410 485 3465 scimus
513 3409 592 3465 illi
619 3410 763 3481 apud
793 3410 1149 3482 Evangelium
1185 3408 1438 3480 poscenti
1492 3416 1551 3463 ut
1602 3418 1855 3464 mortuus

274 3500 473 3570 aliquis
510 3500 579 3555 ad
603 3500 752 3555 vivos
800 3500 1021 3559 rediens
1079 3500 1277 3556 fratres
1322 3514 1457 3554 suos
1511 3499 1855 3557 admonitum

275 3594 611 3660 mitteretur,
636 3593 904 3649 divinitus
937 3608 1258 3664 responsum
1283 3593 1486 3648 habere
1511 3592 1631 3648 illos
1649 3592 1855 3648 Mosem

272 3701 330 3746 et
358 3690 684 3763 prophetas,
716 3705 748 3746 a
779 3691 979 3762 quibus
1028 3689 1315 3751 admoneri
1356 3689 1655 3762 docerique
1704 3689 1858 3747 suill-

271 3787 485 3843 cienter
553 3787 823 3843 valerent.
880 3784 941 3842 1n
973 3785 1123 3842 hunc
1171 3786 1395 3843 modum
1456 3785 1729 3856 repressis
1787 3785 1856 3841 ab

275 3880 500 3950 incepto
532 3877 729 3934 audaci
767 3877 1112 3945 Arsenianis,
1145 3879 1362 3934 cautior
1418 3878 1767 3933 Andronicus
1799 3877 1854 3932 in

273 3981 556 4045 posterum
589 3980 649 4028 ut
684 3970 741 4026 in
777 3971 1067 4038 iustiorem
1099 3987 1325 4042 suaeque
1341 3970 1621 4025 securitati
1643 3985 1859 4025 accom-

276 4066 643 4122 modatiorem
708 4063 1013 4122 studiosius
1096 4064 1391 4136 propeudit
1447 4064 1858 4134 .losephitarum

276 4168 510 4225 sectam,
555 4160 637 4214 sic
685 4166 871 4215 tamen
930 4166 992 4214 ut
1032 4159 1389 4214 Arsenianam
1455 4157 1598 4212 haud
1633 4171 1859 4227 prorsus

276 4249 577 4320 reprobate
609 4248 909 4312 videretur,
938 4246 1142 4319 quippe
1169 4263 1332 4319 quam
1386 4263 1616 4303 numero
1649 4258 1859 4317 praeva-

276 4340 443 4397 lidam
508 4341 933 4411 haudquaquam
1030 4340 1490 4396 contemnendam
1562 4339 1621 4395 in
1686 4354 1857 4410 seque

280 4446 488 4492 temere
523 4434 844 4491 irritandam
878 4435 1079 4491 merito
1110 4433 1362 4502 duceret,
1399 4434 1512 4490 acri
1546 4448 1767 4504 semper
1804 4439 1862 4487 et

278 4528 437 4585 auxia
473 4529 531 4583 in
564 4544 682 4583 eam
714 4528 1085 4585 sollicitudine
1112 4527 1382 4585 intentus.

1940 658 2005 711 ἐκ
2030 657 2127 724 τῆς
2152 652 2448 725 σφραγῖδος
2474 646 2933 717 ὑποποιούμενος,
2970 638 3323 719 Ἀρσενςιᾷτας
3347 635 3404 689 δὲ
3435 635 3521 705 τῷ,

1896 746 1901 751 ’
1941 751 2018 823 μὴ
2049 718 2325 804 xera'éa'
2349 742 2753 811 διατεταγμένα
2803 738 2882 808 τῷ
2930 733 3128 805 Ἰωσὴφ
3173 718 3265 785 ἐπὶ
3292 732 3358 801 τῇ
3396 729 3521 823 Ἑκ-

1939 822 2141 915 σιλησίιγ⁵
2186 839 2495 910 συγχωρεῖν
2540 834 2791 905 γίνεσθαι
2822 831 2916 888 καὶ
2964 829 3089 883 λίαν
3142 822 3518 893 ἐξευμενίζειν

1940 936 2021 999 είς
2061 933 2289 1005 εἰρήνην
2337 928 2600 994 ἐλπίζων.
2642 926 2928 998 ἀρχιερεῖς
2984 922 3081 991 μὲν
3134 917 3378 979 ἐκείνους
3422 915 3519 1005 καὶ
3582 926 3585 927 ⁷

1939 1025 2039 1096 τὴν
2067 1004 2200 1096 παρ’
2235 1020 2417 1078 αὐτῶν
2444 1020 2540 1075 ἐπὶ
2559 1018 2638 1093 τῷ
2663 1013 3160 1088 πατριαρχεύσοντι
3189 1010 3370 1081 ψῆφον
3398 1004 3520 1077 μηδῖ

1943 1120 2105 1191 ῖκταρ
2127 1119 2209 1183 είς
2238 1116 2363 1174 νοῦν
2393 1116 2630 1189 βάλλων,
2664 1111 2988 1184 ἀψηφίστως
3022 1108 3080 1163 δέ
3108 1105 3271 1162 πάλιν
3297 1103 3522 1170 ἀνάγειν

1944 1213 2022 1286 μὴ
2050 1213 2331 1286 εὐπρεπὲς
2363 1208 2679 1281 δοκιμάζων
2712 1206 2809 1262 καὶ
2837 1204 3142 1278 εὗσχημον.
3173 1197 3388 1257 Μᾶλλον
3424 1195 3524 1265 μὲν

1918 1308 2037 1364 οὖν
2060 1310 2134 1382 τῇ
2168 1306 2367 1379 πράξει
2404 1308 2499 1361 καὶ
2534 1304 2612 1369 είς
2645 1302 2839 1373 καιρὸν
2867 1296 3336 1371 προστησόμενον,
3367 1288 3531 1352 τινὲς

1943 1396 2053 1453 τῶν
2079 1397 2389 1452 δοκούντων
2437 1393 2828 1463 ἐκλεξάμενος,
2865 1390 2960 1445 καὶ
2991 1386 3218 1451 τούτους
3252 1383 3375 1440 καθ’
3402 1382 3524 1444 ἕνα,

1945 1489 2063 1560 ἅμα
2091 1491 2190 1559 μὲν
2214 1490 2401 1552 αὐτοῖς
2445 1488 2545 1558 τὴν
2584 1485 2781 1557 βουλὴν
2822 1480 3122 1549 ἐκοινοῦτο,
3157 1474 3526 1549 πληροφορῶν

1942 1582 2018 1645 ὡς
2045 1578 2158 1653 εἶχε
2183 1583 2278 1636 καὶ
2307 1580 2369 1635 τὺ
2392 1581 2577 1650 σφίσιν
2603 1578 2827 1642 ἐσαῦθις
2854 1575 3165 1638 ἀκίνδυνον,
3196 1572 3318 1641 ἅμα.
3346 1569 3404 1624 δέ
3434 1567 3529 1625 καὶ

1945 1675 2023 1741 ὼς
2063 1675 2247 1746 ψῆφον
2276 1673 2376 1745 τὴν
2415 1674 2521 1735 ἀπ’
2568 1672 2797 1728 ἐκείνων
2856 1667 3172 1742 ἐκχώρησιν
3224 1662 3523 1732 ἐλογίζετο.

1959 1768 2078 1837 Ἐφ’
2121 1764 2205 1833 οἷς
2238 1768 2333 1824 καὶ
2362 1766 2461 1840 τὴν
2499 1765 2594 1821 τοῦ
2630 1766 2739 1820 ἀπὸ
2772 1763 3025 1836 Σάρδεων
3059 1757 3388 1817 Ἀθανασίου
3426 1751 3531 1808 εἴτ’

1950 1860 2046 1915 οὖν
2088 1859 2441 1931 Ἀνδρονίκου
2464 1858 2695 1929 γνώμην
2724 1856 3038 1927 δεξάμενος,
3086 1851 3151 1907 ὃν
3197 1850 3263 1922 δὴ
3313 1849 3407 1903 καὶ
3448 1844 3529 1909 είς

1955 1952 2171 2026 πατέρα
2229 1951 2418 2006 ἔταττε
2453 1951 2680 2022 γράφων
2711 1948 2740 2001 ὁ
2788 1946 3077 2019 βασιλεὺς,
3119 1938 3415 1997 κάντεῦθεν
3469 1936 3533 1990 τὸ

1949 2047 2049 2117 τῆς
2078 2043 2457 2112 ἀπεντεύξεως
2479 2044 2580 2114 τῆς
2612 2039 2983 2113 πατριαρχίας
3017 2038 3230 2091 ἐκείνου
3258 2031 3327 2087 τὰ
3361 2029 3530 2085 πολλὰ

1952 2134 2356 2209 τεχνιτεύοντος
2398 2134 2494 2190 ἐπὶ
2537 2134 2747 2195 τούτοις
2780 2130 3089 2204 ὡμάλιζεν,
3122 2127 3200 2193 ὡς
3245 2123 3339 2180 καὶ
3370 2121 3534 2185 αὑτὸν

1953 2230 2019 2301 δὴ
2050 2229 2143 2285 τὸν
2175 2228 2524 2300 πατριάρχην
2555 2226 2786 2298 ὕστερον
2809 2219 3234 2279 καθυποκλίνειν
3264 2219 3345 2282 είς
3374 2215 3533 2270 εὐλο-

1954 2323 2083 2394 γίαν
2116 2321 2215 2393 τὴν
2246 2324 2375 2393 παρ’
2407 2320 2645 2387 ἐκείνου,
2672 2319 2735 2374 οὐ
2768 2315 2928 2390 χρείᾳ,
2955 2313 3159 2389 μᾶλλον
3202 2314 3235 2386 ἢ
3268 2309 3537 2381 κολακείᾳ

1957 2419 2050 2472 καὶ
2078 2417 2406 2488 ὑπο-ποιήσει
2440 2415 2649 2489 σφοδρᾷ
2673 2415 2767 2469 καὶ
2792 2411 3043 2485 ἀφύκτῳ,
3078 2408 3142 2463 τὸ
3173 2405 3358 2465 ἱκανὸν
3388 2404 3536 2477 ἔχειν

1955 2588 2163 2651 gatum,
2181 2588 2331 2636 certo
2352 2577 2672 2635 charactere
2684 2592 2795 2632 suae
2809 2569 3221 2647 approbationis
3247 2586 3314 2625 ac
3332 2568 3540 2633 favoris

1955 2672 2255 2745 Iosephus,
2312 2672 2443 2729 dum
2484 2672 2717 2736 viveret,
2776 2668 3171 2740 insigniverat;
3237 2665 3383 2719 unde
3433 2663 3540 2718 hoc

1955 2767 2332 2839 promovendo
2356 2780 2468 2822 non
2487 2765 2709 2821 dubiam
2731 2764 2872 2820 inire
2899 2778 2958 2820 se
2982 2758 3249 2833 alosephi
3288 2755 3540 2817 sectariis

1958 2860 2188 2930 gratiam
2215 2857 2491 2915 sentiebat
2536 2857 2858 2928 imperator.
2914 2852 3022 2921 Qui
3064 2861 3257 2915 tamen
3284 2850 3448 2913 idem
3475 2864 3542 2905 eo

1958 2952 2226 3011 demereri
2256 2951 2364 3025 5.3
2392 2950 2725 3007 Arseniauos
2756 2964 2814 3005 se
2834 2949 3059 3020 putabat
3083 2955 3140 3003 et
3168 2944 3453 3019 proniores
3474 2942 3545 3001 ad

1948 3060 2250 3103 assensum
2302 3044 2361 3100 in
2411 3042 2918 3101 reconciliationem
2964 3042 3219 3112 sperabat
3284 3038 3541 3105 reddere,

1960 3138 2107 3209 quod
2138 3136 2391 3207 componi
2424 3151 2512 3193 res
2561 3135 2962 3192 ecclesiasticas
2990 3132 3144 3205 juxta
3188 3130 3413 3205 Iosephi
3446 3131 3542 3187 dav

1959 3240 2111 3286 creta
2177 3245 2287 3285 non
2319 3231 2551 3287 sineret.
2585 3228 2755 3284 Porro
2787 3244 2818 3284 a
2847 3226 2929 3283 sic
2963 3227 3185 3283 decreta
3217 3225 3321 3282 sibi
3354 3224 3540 3297 Cyprii

1959 3324 2229 3380 electione
2264 3321 2453 3379 liberis
2477 3321 2781 3378 antistitum
2815 3319 3205 3385 committenda
3266 3317 3542 3388 δυσκλεεῖς

1956 3416 2275 3487 longissime
2302 3415 2653 3472 Andronicus
2684 3414 2880 3480 abfuit,
2918 3430 2980 3470 ac
3011 3429 3081 3470 ne
3106 3412 3284 3485 prima
3314 3412 3538 3482 quidem

1959 3509 2355 3567 deliberatione
2389 3518 2551 3566 tenus
2604 3508 2881 3579 ejusmodi
2933 3507 3137 3579 quippe
3180 3506 3411 3564 nimium
3440 3522 3541 3559 an-

1959 3617 2089 3675 ceps
2122 3610 2176 3657 et
2230 3602 2382 3659 exitu
2425 3600 2657 3665 dubium
2689 3599 2977 3656 consilium
3032 3597 3276 3653 admisit.
3304 3596 3543 3652 Aliunde

1954 3703 2147 3759 tamen
2182 3710 2372 3751 secum
2405 3703 2673 3766 reputans
2693 3694 3034 3749 evectionem
3066 3690 3266 3762 privati
3305 3690 3544 3746 hominis

1962 3791 2018 3847 in
2049 3789 2473 3860 patriarcbalem
2508 3789 2793 3852 thronum,
2837 3786 2973 3842 citra
3018 3785 3419 3855 qualiacunque
3455 3785 3547 3855 jus

1962 3882 2030 3940 ad
2074 3882 2238 3939 talem
2272 3881 2597 3938 electionem
2661 3879 2978 3935 habentium
3040 3877 3306 3950 suffragia
3364 3884 3545 3933 tenta-

1963 3986 2094 4045 tam,
2128 3976 2279 4031 omni
2311 3975 2607 4031 carituram
2638 3973 2785 4044 apud
2821 3972 3083 4044 populum
3136 3984 3265 4027 ratae
3302 3974 3546 4028 auctori-

1964 4071 2092 4127 tatis
2125 4068 2332 4141 specie,
2367 4078 2429 4124 ut
2467 4068 2548 4124 rei
2583 4068 2804 4132 vitium,
2836 4082 2999 4137 quam
3048 4065 3544 4139 quomodocunque

1962 4171 2198 4235 emptam
2260 4178 2366 4219 usu
2425 4161 2643 4216 tandem
2707 4176 2773 4215 ac
2819 4169 3065 4231 tempore
3128 4160 3548 4219 ,convalituram

1962 4257 2286 4321 confideret,
2332 4263 2596 4326 quantum
2632 4253 2703 4309 ad
2749 4254 2973 4325 impune
3026 4253 3400 4309 inchoandum
3453 4268 3550 4308 nc-

1963 4362 2115 4403 cesse
2146 4346 2456 4411 rideretur,
2490 4347 2796 4403 occultaret
2831 4346 2887 4400 in
2936 4345 3241 4417 principiis,
3278 4346 3544 4417 quosdam

1962 4455 2030 4495 ex
2051 4438 2403 4503 electoribus,
2436 4438 2711 4495 faciliores
2736 4438 2987 4507 videlicet
3016 4448 3073 4495 et
3105 4438 3448 4495 ﬂcxibilioris
3478 4440 3547 4494 ad

1965 4545 2159 4589 nutum
2194 4533 2394 4589 indolis
2431 4550 2499 4588 ex
2526 4543 2723 4589 caetera
2759 4534 2887 4588 vita:
2921 4533 3325 4589 consuetudine
3361 4548 3571 4603 spera-.

282 4644 364 4701 η.
404 4644 473 4700 Ut
507 4646 817 4716 imperator,
868 4662 970 4716 non
1021 4644 1311 4713 reprobans
1357 4643 1702 4716 Aprsenianos,
1761 4643 1853 4697 sed

1973 4636 2058 4683 tos
2083 4627 2219 4689 fore,
2272 4626 2551 4698 sigillatim
2582 4635 2841 4682 evocatos
2865 4624 3089 4679 edocuit
3142 4625 3273 4695 quid
3306 4634 3548 4695 pararet,

348 4719 494 4786 paris
527 4714 692 4771 causa
720 4715 1015 4771 liberaliter
1060 4724 1317 4782 tractam,
1364 4714 1620 4786 Cyprium
1652 4731 1861 4784 promo-

349 4790 479 4842 verit
510 4789 563 4842 in
591 4789 1037 4857 patriarchatum.
1540 4860 1543 4861 ν

352 4899 584 4957 Mediam
623 4903 807 4971 itaque
844 4902 988 4958 inter
1049 4901 1339 4974 utriusque
1372 4900 1732 4957 oﬂensioncm
1785 4899 1863 4955 fa.

282 4993 480 5049 ctionis
510 4994 723 5065 ingredi
755 4993 897 5049 viam
932 4994 1236 5061 constituit,
1292 4995 1365 5050 ita
1401 5004 1460 5050 ut
1490 5009 1671 5064 neque
1694 4995 1861 5048 Arse-

285 5088 478 5144 nianos
506 5087 936 5143 contristaretet
988 5089 1305 5158 Josephitas
1343 5097 1523 5142 tamen
1570 5087 1863 5156 amplecte-

288 5191 462 5245 retur,
487 5195 609 5250 quae
645 5181 697 5234 hi
728 5188 995 5250 cuperent
1026 5181 1353 5252 permittens
1384 5180 1521 5235 ﬁeri.
1550 5179 1862 5247 Cupiehaut

287 5291 414 5332 vero
442 5276 519 5330 illi
554 5274 693 5329 nihil
748 5276 930 5330 minus
964 5290 1125 5344 quam
1186 5275 1371 5337 totius.
1414 5282 1472 5328 ut
1505 5271 1674 5327 verbo
1709 5271 1863 5327 dixe-

289 5374 413 5439 rim,
471 5367 1017 5425 transformationem
1068 5369 1369 5439 Ecclesiae.
1466 5369 1627 5438 Eligit
1697 5372 1864 5439 igitur

292 5467 343 5519 in
403 5464 773 5532 patriarchatn
850 5463 1143 5519 oriundum
1205 5479 1236 5518 e
1286 5462 1465 5535 Cypro
1524 5463 1857 5539 Georgium,

293 5554 465 5609 virum
527 5552 798 5608 doctrinis
853 5554 1203 5620 innutritum,
1232 5569 1396 5624 quem
1455 5558 1865 5619 commendaret

294 5646 588 5718 Josrphitis
614 5660 647 5701 a
671 5644 914 5717 Josepho
938 5645 1249 5717 patriarcha
1283 5647 1599 5704 benedictio
1620 5659 1864 5719 accepta.

246 5766 255 5769 -
297 5741 505 5813 Quippe
563 5739 717 5814 illum
761 5740 830 5795 ad
864 5739 1202 5816 iunctionem
1242 5741 1486 5817 primarii
1537 5724 1868 5817 ecclesiastis

301 5834 545 5903 palatinas
599 5832 908 5899 concionis,
968 5833 1454 5888 consuetasacris
1506 5835 1703 5893 ritibus
1758 5838 1865 5896 ,tali

302 5928 582 5983 occasione
614 5926 752 5980 bene
790 5926 1050 5996 precandi
1074 5926 1311 5983 formula
1348 5928 1521 5999 palam
1552 5945 1582 5983 a
1626 5944 1685 5985 se
1718 5930 1870 5987 delc-

1964 4721 2115 4775 omni
2171 4718 2582 4775 asseveratione
2632 4718 2970 4774 conﬁrmans
3024 4718 3162 4774 nihil
3199 4719 3334 4788 ipsis
3363 4718 3549 4775 damni

1964 4812 2173 4884 proprii
2203 4828 2268 4867 ex
2320 4812 2444 4871 hac.
2472 4810 2708 4881 publicis
2758 4811 2969 4881 alioqui.
3017 4810 3325 4867 rationibus
3354 4825 3549 4887 neces.

1965 4905 2129 4969 saria,
2186 4902 2407 4976 Georgii
2472 4902 2817 4974 promotioue
2900 4903 3280 4959 metuendum.
3352 4902 3549 4959 Petere

1966 4998 2177 5053 idcirco
2233 5012 2586 5067 magnOpcre,
2624 4997 2724 5063 sibi
2767 5006 2827 5051 ut
2886 4995 2951 5050 ad
2982 4996 3127 5050 illam
3196 4996 3550 5052 commodare

1966 5106 2038 5146 ne
2096 5099 2478 5162 gravarentur,
2562 5090 2606 5144 si
2662 5091 2846 5143 minus
2908 5090 3177 5144 disertum
3235 5104 3545 5154 assensum,

1966 5186 2156 5239 saltem
2226 5184 2443 5238 tacitam
2483 5184 2931 5238 conniventiam:
2972 5184 3108 5238 ultra
3170 5183 3318 5238 enim
3365 5184 3549 5247 .banc.

1967 5290 2023 5334 ct
2053 5294 2209 5332 usum
2249 5279 2301 5331 in
2360 5292 2601 5348 praesens
2660 5286 2715 5331 et
2764 5277 2909 5345 apud
2976 5293 3037 5333 se
3078 5279 3335 5333 meritum
3401 5278 3551 5348 pleni

1968 5370 2212 5442 δυσί-οειὶ
2249 5372 2555 5427 habituram
2579 5411 2592 5434 ,
2662 5370 2808 5423 aliud
2840 5386 2897 5424 se
2930 5370 3093 5425 modo
3138 5387 3246 5427 non
3279 5386 3547 5441 qumrcrc.

1971 5464 2236 5519 Viderent
2262 5463 2528 5534 quantulo
2553 5474 2698 5517 esset
2732 5472 3026 5517 contentus
3057 5479 3071 5528 ;
3106 5480 3207 5518 nec
3232 5463 3553 5517 dubitarent

1970 5558 2119 5612 nullo
2156 5573 2255 5613 suo
2312 5559 2520 5621 labore,
2552 5558 2697 5611 nulla
2732 5557 2962 5621 invidia,
3023 5556 3413 5613 immortaliter
3446 5554 3553 5614 sibi

1972 5650 2679 5726 obstringere.principem.
2713 5650 2826 5704 llac
2854 5660 2971 5704 arte
2996 5665 3117 5705 cum
3166 5648 3301 5704 alios
3349 5663 3417 5703 ex
3452 5663 3550 5703 an-

1976 5743 2266 5815 tistitibus,
2293 5758 2360 5797 nc
2392 5742 2496 5797 sibi
2524 5742 2832 5806 obstarent,
2870 5743 3147 5807 astrinxit,
3207 5754 3318 5796 tum
3353 5742 3405 5796 in
3440 5744 3553 5814 pri-

1952 5838 2079 5891 .mis
2130 5852 2195 5891 ex
2232 5834 2491 5891 Sardensi
2524 5836 2653 5889 olim
2718 5836 3034 5890 Andronico
3066 5853 3211 5891 nunc
3252 5836 3414 5891 tmdio
3447 5852 3549 5891 suo

1973 5945 2168 6002 magno
2198 5929 2381 5987 adhuc
2411 5932 2740 5986 monachum
2799 5929 3181 5993 Athanasium.
3242 5946 3405 6001 quem
3441 5944 3550 6007 non~
