  <div class='ocr_page' id='page_1' title='image "/cluster/home/n/w/nwhite01/storage/ocr_20150623/144/mdp.39015046822246/037.png"; bbox 0 0 4058 6282; ppageno 0'>
   <div class='ocr_carea' id='block_1_1' title="bbox 605 410 3833 525">
    <p class='ocr_par' dir='ltr' id='par_1_1' title="bbox 605 410 3833 525">
     <span class='ocr_line' id='line_1_1' title="bbox 605 410 3833 525; baseline 0.004 -33"><span class='ocrx_word' id='word_1_1' title='bbox 605 427 676 494; x_wconf 71' lang='lat'><strong>55</strong></span> <span class='ocrx_word' id='word_1_2' title='bbox 1807 410 2138 497; x_wconf 75' lang='lat' dir='ltr'><strong>Gnoson</strong></span> <span class='ocrx_word' id='word_1_3' title='bbox 2177 435 2658 525; x_wconf 60' lang='lat' dir='ltr'><strong>PACHYMERE</strong></span> <span class='ocrx_word' id='word_1_4' title='bbox 3772 437 3833 505; x_wconf 75' lang='lat'><strong>56</strong></span> 
     </span>
    </p>
   </div>
   <div class='ocr_carea' id='block_1_2' title="bbox 602 539 3838 624">
    <p class='ocr_par' dir='ltr' id='par_1_2' title="bbox 602 539 3838 624">
     <span class='ocr_line' id='line_1_2' title="bbox 602 539 3838 624; baseline 0.004 -32"><span class='ocrx_word' id='word_1_5' title='bbox 602 539 785 594; x_wconf 75' lang='grc' dir='ltr'>καὶτὰ</span> <span class='ocrx_word' id='word_1_6' title='bbox 810 539 949 598; x_wconf 77' lang='grc' dir='ltr'>αὐτὰ</span> <span class='ocrx_word' id='word_1_7' title='bbox 980 544 1349 617; x_wconf 73' lang='grc' dir='ltr'><strong>διεπράττετο.</strong></span> <span class='ocrx_word' id='word_1_8' title='bbox 1388 546 1479 612; x_wconf 82' lang='grc' dir='ltr'>Ὠς</span> <span class='ocrx_word' id='word_1_9' title='bbox 1526 547 1572 601; x_wconf 77' lang='grc' dir='ltr'>δ’</span> <span class='ocrx_word' id='word_1_10' title='bbox 1627 549 1659 615; x_wconf 80' lang='grc' dir='ltr'>ἡ</span> <span class='ocrx_word' id='word_1_11' title='bbox 1703 546 1935 618; x_wconf 81' lang='grc' dir='ltr'><strong>τετάρτη</strong></span> <span class='ocrx_word' id='word_1_12' title='bbox 1991 549 2169 619; x_wconf 82' lang='grc' dir='ltr'>παρῆν</span> <span class='ocrx_word' id='word_1_13' title='bbox 2195 553 2242 610; x_wconf 77' lang='grc' dir='ltr'>Α</span> <span class='ocrx_word' id='word_1_14' title='bbox 2270 546 2617 618; x_wconf 79' lang='grc' dir='ltr'>κλασμάτων.</span> <span class='ocrx_word' id='word_1_15' title='bbox 2645 549 2674 604; x_wconf 80' lang='grc' dir='ltr'><strong>δ</strong></span> <span class='ocrx_word' id='word_1_16' title='bbox 2707 549 2772 624; x_wconf 81' lang='grc' dir='ltr'>δὴ</span> <span class='ocrx_word' id='word_1_17' title='bbox 2805 550 2897 606; x_wconf 72' lang='grc' dir='ltr'><strong>καὶ</strong></span> <span class='ocrx_word' id='word_1_18' title='bbox 2926 550 3169 622; x_wconf 67' lang='grc' dir='ltr'>γνωσθὲν</span> <span class='ocrx_word' id='word_1_19' title='bbox 3191 551 3419 623; x_wconf 75' lang='grc' dir='ltr'>ὕστερον</span> <span class='ocrx_word' id='word_1_20' title='bbox 3442 551 3542 608; x_wconf 75' lang='grc' dir='ltr'>οὐκ</span> <span class='ocrx_word' id='word_1_21' title='bbox 3562 546 3710 623; x_wconf 79' lang='grc' dir='ltr'>εἶχον</span> <span class='ocrx_word' id='word_1_22' title='bbox 3734 553 3761 605; x_wconf 83' lang='grc' dir='ltr'><strong><em>ὃ</em></strong></span> <span class='ocrx_word' id='word_1_23' title='bbox 3794 570 3838 606; x_wconf 89' lang='grc' dir='ltr'><strong>τι</strong></span> 
     </span>
    </p>
   </div>
   <div class='ocr_carea' id='block_1_3' title="bbox 600 635 2170 711">
    <p class='ocr_par' dir='ltr' id='par_1_3' title="bbox 600 635 2170 711">
     <span class='ocr_line' id='line_1_3' title="bbox 600 635 2170 711; baseline 0.004 -24"><span class='ocrx_word' id='word_1_24' title='bbox 600 638 695 696; x_wconf 71' lang='grc' dir='ltr'>καὶ</span> <span class='ocrx_word' id='word_1_25' title='bbox 721 636 826 709; x_wconf 69' lang='grc' dir='ltr'><strong>ἥδη</strong></span> <span class='ocrx_word' id='word_1_26' title='bbox 860 641 1159 709; x_wconf 76' lang='grc' dir='ltr'><strong>συγχωρεῖν</strong></span> <span class='ocrx_word' id='word_1_27' title='bbox 1195 639 1416 710; x_wconf 68' lang='grc' dir='ltr'>ἔμελλον</span> <span class='ocrx_word' id='word_1_28' title='bbox 1434 640 1635 708; x_wconf 85' lang='grc' dir='ltr'>σφίσιν,</span> <span class='ocrx_word' id='word_1_29' title='bbox 1668 642 1790 694; x_wconf 76' lang='grc' dir='ltr'>ἐπεὶ</span> <span class='ocrx_word' id='word_1_30' title='bbox 1819 641 1918 696; x_wconf 78' lang='grc' dir='ltr'><strong>οὐκ</strong></span> <span class='ocrx_word' id='word_1_31' title='bbox 1938 635 2011 711; x_wconf 78' lang='grc' dir='ltr'>ἦν</span> <span class='ocrx_word' id='word_1_32' title='bbox 2030 657 2170 711; x_wconf 83' lang='grc' dir='ltr'>συμ-</span> 
     </span>
    </p>
   </div>
   <div class='ocr_carea' id='block_1_4' title="bbox 601 730 2172 804">
    <p class='ocr_par' dir='ltr' id='par_1_4' title="bbox 601 730 2172 804">
     <span class='ocr_line' id='line_1_4' title="bbox 601 730 2172 804; baseline 0.003 -24"><span class='ocrx_word' id='word_1_33' title='bbox 601 731 798 796; x_wconf 70' lang='grc' dir='ltr'>φωνεῖν</span> <span class='ocrx_word' id='word_1_34' title='bbox 835 730 1074 793; x_wconf 69' lang='grc' dir='ltr'>ἐκείνους</span> <span class='ocrx_word' id='word_1_35' title='bbox 1105 732 1196 784; x_wconf 68' lang='grc' dir='ltr'><strong>ἐπὶ</strong></span> <span class='ocrx_word' id='word_1_36' title='bbox 1225 733 1337 793; x_wconf 85' lang='grc' dir='ltr'>τοῖς</span> <span class='ocrx_word' id='word_1_37' title='bbox 1359 732 1595 798; x_wconf 76' lang='grc' dir='ltr'><strong>δόξασιν,</strong></span> <span class='ocrx_word' id='word_1_38' title='bbox 1629 733 1744 786; x_wconf 82' lang='grc' dir='ltr'>ἀλλ’</span> <span class='ocrx_word' id='word_1_39' title='bbox 1799 733 2172 804; x_wconf 76' lang='grc' dir='ltr'>ἀμφεγνωμό-</span> 
     </span>
    </p>
   </div>
   <div class='ocr_carea' id='block_1_5' title="bbox 598 822 2172 897">
    <p class='ocr_par' dir='ltr' id='par_1_5' title="bbox 598 822 2172 897">
     <span class='ocr_line' id='line_1_5' title="bbox 598 822 2172 897; baseline 0.004 -26"><span class='ocrx_word' id='word_1_40' title='bbox 598 837 724 874; x_wconf 86' lang='grc' dir='ltr'>νουν</span> <span class='ocrx_word' id='word_1_41' title='bbox 751 822 842 874; x_wconf 77' lang='grc' dir='ltr'><strong>ἐπὶ</strong></span> <span class='ocrx_word' id='word_1_42' title='bbox 875 822 1030 882; x_wconf 73' lang='grc' dir='ltr'>πολὺ.</span> <span class='ocrx_word' id='word_1_43' title='bbox 1063 823 1135 885; x_wconf 79' lang='grc' dir='ltr'>ὡς</span> <span class='ocrx_word' id='word_1_44' title='bbox 1167 824 1257 877; x_wconf 77' lang='grc' dir='ltr'>καὶ</span> <span class='ocrx_word' id='word_1_45' title='bbox 1280 824 1572 895; x_wconf 77' lang='grc' dir='ltr'>παρελθεῖν</span> <span class='ocrx_word' id='word_1_46' title='bbox 1625 825 1726 897; x_wconf 74' lang='grc' dir='ltr'>τὴν</span> <span class='ocrx_word' id='word_1_47' title='bbox 1769 824 1867 894; x_wconf 83' lang='grc' dir='ltr'>τῆς</span> <span class='ocrx_word' id='word_1_48' title='bbox 1906 837 2172 894; x_wconf 71' lang='grc' dir='ltr'>προηγιαυ</span> 
     </span>
    </p>
   </div>
   <div class='ocr_carea' id='block_1_6' title="bbox 599 914 2172 990">
    <p class='ocr_par' dir='ltr' id='par_1_6' title="bbox 599 914 2172 990">
     <span class='ocr_line' id='line_1_6' title="bbox 599 914 2172 990; baseline 0.004 -24"><span class='ocrx_word' id='word_1_49' title='bbox 599 914 802 983; x_wconf 80' lang='grc' dir='ltr'>σμένης</span> <span class='ocrx_word' id='word_1_50' title='bbox 831 915 1052 986; x_wconf 76' lang='grc' dir='ltr'>τελετῆς</span> <span class='ocrx_word' id='word_1_51' title='bbox 1085 916 1253 986; x_wconf 80' lang='grc' dir='ltr'>ὥραν,</span> <span class='ocrx_word' id='word_1_52' title='bbox 1293 919 1445 986; x_wconf 82' lang='grc' dir='ltr'>μόλις</span> <span class='ocrx_word' id='word_1_53' title='bbox 1476 919 1771 990; x_wconf 80' lang='grc' dir='ltr'><strong>στήσαντες</strong></span> <span class='ocrx_word' id='word_1_54' title='bbox 1817 915 1904 989; x_wconf 75' lang='grc' dir='ltr'><strong>ὲᾳ’</strong></span> <span class='ocrx_word' id='word_1_55' title='bbox 1934 918 2172 987; x_wconf 76' lang='grc' dir='ltr'>ἑκάτερα</span> 
     </span>
    </p>
   </div>
   <div class='ocr_carea' id='block_1_7' title="bbox 596 1003 2172 1081">
    <p class='ocr_par' dir='ltr' id='par_1_7' title="bbox 596 1003 2172 1081">
     <span class='ocr_line' id='line_1_7' title="bbox 596 1003 2172 1081; baseline 0.003 -22"><span class='ocrx_word' id='word_1_56' title='bbox 596 1003 753 1075; x_wconf 66' lang='grc' dir='ltr'>ὄχλον</span> <span class='ocrx_word' id='word_1_57' title='bbox 805 1004 979 1070; x_wconf 78' lang='grc' dir='ltr'>ἄλλως</span> <span class='ocrx_word' id='word_1_58' title='bbox 1031 1008 1124 1060; x_wconf 75' lang='grc' dir='ltr'>καὶ</span> <span class='ocrx_word' id='word_1_59' title='bbox 1171 1007 1370 1078; x_wconf 75' lang='grc' dir='ltr'>πλῆθος</span> <span class='ocrx_word' id='word_1_60' title='bbox 1397 1009 1586 1063; x_wconf 80' lang='grc' dir='ltr'>δοκοῦν</span> <span class='ocrx_word' id='word_1_61' title='bbox 1633 1012 1697 1064; x_wconf 67' lang='grc' dir='ltr'><strong>ἐν.</strong></span> <span class='ocrx_word' id='word_1_62' title='bbox 1726 1008 1992 1081; x_wconf 77' lang='grc' dir='ltr'>ζηλωταῖς</span> <span class='ocrx_word' id='word_1_63' title='bbox 2024 1009 2172 1081; x_wconf 80' lang='grc' dir='ltr'>ἀριθ-</span> 
     </span>
    </p>
   </div>
   <div class='ocr_carea' id='block_1_8' title="bbox 600 1098 2171 1174">
    <p class='ocr_par' dir='ltr' id='par_1_8' title="bbox 600 1098 2171 1174">
     <span class='ocr_line' id='line_1_8' title="bbox 600 1098 2171 1174; baseline 0.003 -22"><span class='ocrx_word' id='word_1_64' title='bbox 600 1098 842 1165; x_wconf 73' lang='grc' dir='ltr'>μεῖσθαι,</span> <span class='ocrx_word' id='word_1_65' title='bbox 877 1099 1040 1170; x_wconf 77' lang='grc' dir='ltr'>μέσον</span> <span class='ocrx_word' id='word_1_66' title='bbox 1071 1101 1290 1156; x_wconf 68' lang='grc' dir='ltr'>Ξκείνων</span> <span class='ocrx_word' id='word_1_67' title='bbox 1355 1104 1503 1174; x_wconf 73' lang='grc' dir='ltr'>παρὰ</span> <span class='ocrx_word' id='word_1_68' title='bbox 1544 1101 1744 1174; x_wconf 76' lang='grc' dir='ltr'>θάτερα</span> <span class='ocrx_word' id='word_1_69' title='bbox 1796 1103 1901 1157; x_wconf 81' lang='grc' dir='ltr'>τῶν</span> <span class='ocrx_word' id='word_1_70' title='bbox 1955 1103 2171 1171; x_wconf 64' lang='grc' dir='ltr'>ὡραίων</span> 
     </span>
    </p>
   </div>
   <div class='ocr_carea' id='block_1_9' title="bbox 597 1188 2171 1264">
    <p class='ocr_par' dir='ltr' id='par_1_9' title="bbox 597 1188 2171 1264">
     <span class='ocr_line' id='line_1_9' title="bbox 597 1188 2171 1264; baseline 0.002 -18"><span class='ocrx_word' id='word_1_71' title='bbox 597 1188 860 1246; x_wconf 78' lang='grc' dir='ltr'>πυλώνων</span> <span class='ocrx_word' id='word_1_72' title='bbox 890 1194 1147 1263; x_wconf 82' lang='grc' dir='ltr'>παρεῖχον</span> <span class='ocrx_word' id='word_1_73' title='bbox 1182 1195 1305 1258; x_wconf 80' lang='grc' dir='ltr'>τοὺς</span> <span class='ocrx_word' id='word_1_74' title='bbox 1365 1197 1463 1264; x_wconf 75' lang='grc' dir='ltr'><strong>τῆς</strong></span> <span class='ocrx_word' id='word_1_75' title='bbox 1499 1196 1827 1262; x_wconf 76' lang='grc' dir='ltr'>Ἑκκλησίας</span> <span class='ocrx_word' id='word_1_76' title='bbox 1889 1195 2171 1264; x_wconf 74' lang='grc' dir='ltr'>διερχομέ-</span> 
     </span>
    </p>
   </div>
   <div class='ocr_carea' id='block_1_10' title="bbox 599 1287 2172 1358">
    <p class='ocr_par' dir='ltr' id='par_1_10' title="bbox 599 1287 2172 1358">
     <span class='ocr_line' id='line_1_10' title="bbox 599 1287 2172 1358; baseline 0.007 -26"><span class='ocrx_word' id='word_1_77' title='bbox 599 1298 722 1344; x_wconf 86' lang='grc' dir='ltr'>νους</span> <span class='ocrx_word' id='word_1_78' title='bbox 745 1288 1106 1351; x_wconf 81' lang='grc' dir='ltr'>προσπίπτειν</span> <span class='ocrx_word' id='word_1_79' title='bbox 1136 1287 1230 1340; x_wconf 72' lang='grc' dir='ltr'>καὶ</span> <span class='ocrx_word' id='word_1_80' title='bbox 1271 1288 1599 1358; x_wconf 75' lang='grc' dir='ltr'>συγγνώμην</span> <span class='ocrx_word' id='word_1_81' title='bbox 1645 1290 1814 1342; x_wconf 79' lang='grc' dir='ltr'>αἰτεῖν</span> <span class='ocrx_word' id='word_1_82' title='bbox 1865 1288 1956 1340; x_wconf 78' lang='grc' dir='ltr'>καὶ</span> <span class='ocrx_word' id='word_1_83' title='bbox 2000 1288 2172 1351; x_wconf 75' lang='grc' dir='ltr'>οὕτως</span> 
     </span>
    </p>
   </div>
   <div class='ocr_carea' id='block_1_11' title="bbox 599 1373 2172 1452">
    <p class='ocr_par' dir='ltr' id='par_1_11' title="bbox 599 1373 2172 1452">
     <span class='ocr_line' id='line_1_11' title="bbox 599 1373 2172 1452; baseline 0.003 -25"><span class='ocrx_word' id='word_1_84' title='bbox 599 1373 786 1439; x_wconf 80' lang='grc' dir='ltr'>ἀξίους</span> <span class='ocrx_word' id='word_1_85' title='bbox 806 1373 1118 1443; x_wconf 76' lang='grc' dir='ltr'>νομίζεσθαι</span> <span class='ocrx_word' id='word_1_86' title='bbox 1150 1377 1251 1448; x_wconf 85' lang='grc' dir='ltr'>τῆς</span> <span class='ocrx_word' id='word_1_87' title='bbox 1285 1381 1810 1449; x_wconf 79' lang='grc' dir='ltr'>συνεκκλησιάσεως.</span> <span class='ocrx_word' id='word_1_88' title='bbox 1839 1381 1995 1452; x_wconf 78' lang='grc' dir='ltr'><strong>’Λμα</strong></span> <span class='ocrx_word' id='word_1_89' title='bbox 2039 1383 2172 1451; x_wconf 82' lang='grc' dir='ltr'>γοῦν</span> 
     </span>
    </p>
   </div>
   <div class='ocr_carea' id='block_1_12' title="bbox 596 1469 2173 1548">
    <p class='ocr_par' dir='ltr' id='par_1_12' title="bbox 596 1469 2173 1548">
     <span class='ocr_line' id='line_1_12' title="bbox 596 1469 2173 1548; baseline 0.006 -28"><span class='ocrx_word' id='word_1_90' title='bbox 596 1470 666 1521; x_wconf 75' lang='grc' dir='ltr'><strong>τά</strong></span> <span class='ocrx_word' id='word_1_91' title='bbox 684 1469 792 1523; x_wconf 86' lang='grc' dir='ltr'>τῶν</span> <span class='ocrx_word' id='word_1_92' title='bbox 816 1470 1088 1542; x_wconf 70' lang='grc' dir='ltr'>ἐσπερίων</span> <span class='ocrx_word' id='word_1_93' title='bbox 1114 1473 1298 1542; x_wconf 74' lang='grc' dir='ltr'>ὓμνων</span> <span class='ocrx_word' id='word_1_94' title='bbox 1321 1474 1422 1527; x_wconf 84' lang='grc' dir='ltr'><strong>ὑπὸ</strong></span> <span class='ocrx_word' id='word_1_95' title='bbox 1450 1476 1626 1547; x_wconf 81' lang='grc' dir='ltr'>σκότῳ</span> <span class='ocrx_word' id='word_1_96' title='bbox 1649 1476 1986 1540; x_wconf 82' lang='grc' dir='ltr'>τελέσαντες.</span> <span class='ocrx_word' id='word_1_97' title='bbox 2009 1493 2173 1548; x_wconf 80' lang='grc' dir='ltr'>παρι-</span> 
     </span>
    </p>
   </div>
   <div class='ocr_carea' id='block_1_13' title="bbox 597 1558 2170 1638">
    <p class='ocr_par' dir='ltr' id='par_1_13' title="bbox 597 1558 2170 1638">
     <span class='ocr_line' id='line_1_13' title="bbox 597 1558 2170 1638; baseline 0.006 -29"><span class='ocrx_word' id='word_1_98' title='bbox 597 1558 776 1624; x_wconf 78' lang='grc' dir='ltr'>δόντες</span> <span class='ocrx_word' id='word_1_99' title='bbox 806 1561 904 1631; x_wconf 86' lang='grc' dir='ltr'>τὴν</span> <span class='ocrx_word' id='word_1_100' title='bbox 936 1562 1294 1630; x_wconf 75' lang='grc' dir='ltr'>λειτουργίαν,</span> <span class='ocrx_word' id='word_1_101' title='bbox 1329 1566 1430 1619; x_wconf 75' lang='grc' dir='ltr'>οὐκ</span> <span class='ocrx_word' id='word_1_102' title='bbox 1456 1564 1570 1619; x_wconf 78' lang='grc' dir='ltr'>οἶδα</span> <span class='ocrx_word' id='word_1_103' title='bbox 1613 1567 1703 1620; x_wconf 77' lang='grc' dir='ltr'>διὰ</span> <span class='ocrx_word' id='word_1_104' title='bbox 1723 1567 1814 1620; x_wconf 60' lang='grc' dir='ltr'><strong>τὸν</strong></span> <span class='ocrx_word' id='word_1_105' title='bbox 1862 1567 2051 1637; x_wconf 81' lang='grc' dir='ltr'>καιρὸν</span> <span class='ocrx_word' id='word_1_106' title='bbox 2095 1570 2170 1638; x_wconf 75' lang='grc' dir='ltr'><strong>μὴ</strong></span> 
     </span>
    </p>
   </div>
   <div class='ocr_carea' id='block_1_14' title="bbox 599 1652 2172 1732">
    <p class='ocr_par' dir='ltr' id='par_1_14' title="bbox 599 1652 2172 1732">
     <span class='ocr_line' id='line_1_14' title="bbox 599 1652 2172 1732; baseline 0.006 -28"><span class='ocrx_word' id='word_1_107' title='bbox 599 1652 942 1722; x_wconf 74' lang='grc' dir='ltr'>ἐκχωροῦντα</span> <span class='ocrx_word' id='word_1_108' title='bbox 975 1655 1007 1724; x_wconf 76' lang='grc' dir='ltr'><strong>ἦ</strong></span> <span class='ocrx_word' id='word_1_109' title='bbox 1039 1655 1238 1724; x_wconf 75' lang='grc' dir='ltr'>μᾶλλον</span> <span class='ocrx_word' id='word_1_110' title='bbox 1266 1657 1354 1711; x_wconf 81' lang='grc' dir='ltr'>διὰ</span> <span class='ocrx_word' id='word_1_111' title='bbox 1379 1658 1439 1711; x_wconf 79' lang='grc' dir='ltr'>τὸ</span> <span class='ocrx_word' id='word_1_112' title='bbox 1471 1659 1545 1728; x_wconf 84' lang='grc' dir='ltr'><strong>μὴ</strong></span> <span class='ocrx_word' id='word_1_113' title='bbox 1578 1659 1818 1713; x_wconf 82' lang='grc' dir='ltr'>δικαιοῦν</span> <span class='ocrx_word' id='word_1_114' title='bbox 1843 1659 1907 1730; x_wconf 86' lang='grc' dir='ltr'><strong>[Ρ</strong></span> <span class='ocrx_word' id='word_1_115' title='bbox 1939 1655 2032 1732; x_wconf 73' lang='grc'><strong>28]</strong></span> <span class='ocrx_word' id='word_1_116' title='bbox 2092 1659 2172 1713; x_wconf 75' lang='grc' dir='ltr'>ἔτι</span> 
     </span>
    </p>
   </div>
   <div class='ocr_carea' id='block_1_15' title="bbox 597 1745 2168 1824">
    <p class='ocr_par' dir='ltr' id='par_1_15' title="bbox 597 1745 2168 1824">
     <span class='ocr_line' id='line_1_15' title="bbox 597 1745 2168 1824; baseline 0.006 -28"><span class='ocrx_word' id='word_1_117' title='bbox 597 1745 924 1815; x_wconf 79' lang='grc' dir='ltr'>ἁγιασθῆναι</span> <span class='ocrx_word' id='word_1_118' title='bbox 962 1750 1082 1812; x_wconf 81' lang='grc' dir='ltr'>τοὺς</span> <span class='ocrx_word' id='word_1_119' title='bbox 1105 1750 1552 1822; x_wconf 81' lang='grc' dir='ltr'>συγχωρηθέντας</span> <span class='ocrx_word' id='word_1_120' title='bbox 1577 1752 1654 1822; x_wconf 79' lang='grc' dir='ltr'><strong>τῷ</strong></span> <span class='ocrx_word' id='word_1_121' title='bbox 1693 1751 1824 1824; x_wconf 74' lang='grc' dir='ltr'>ἱερῷ</span> <span class='ocrx_word' id='word_1_122' title='bbox 1872 1753 2168 1822; x_wconf 83' lang='grc' dir='ltr'>κλάσματι,</span> 
     </span>
    </p>
   </div>
   <div class='ocr_carea' id='block_1_16' title="bbox 598 1833 2169 1907">
    <p class='ocr_par' dir='ltr' id='par_1_16' title="bbox 598 1833 2169 1907">
     <span class='ocr_line' id='line_1_16' title="bbox 598 1833 2169 1907; baseline 0.007 -22"><span class='ocrx_word' id='word_1_123' title='bbox 598 1833 676 1896; x_wconf 84' lang='grc' dir='ltr'><strong>ὡς</strong></span> <span class='ocrx_word' id='word_1_124' title='bbox 702 1835 734 1905; x_wconf 80' lang='grc' dir='ltr'>ἡ</span> <span class='ocrx_word' id='word_1_125' title='bbox 764 1836 1022 1907; x_wconf 84' lang='grc' dir='ltr'>ὑστεραία</span> <span class='ocrx_word' id='word_1_126' title='bbox 1061 1839 1278 1906; x_wconf 75' lang='grc' dir='ltr'>ἔδειξεν,</span> <span class='ocrx_word' id='word_1_127' title='bbox 1304 1841 1390 1893; x_wconf 65' lang='grc' dir='ltr'><strong>ἐπ’</strong></span> <span class='ocrx_word' id='word_1_128' title='bbox 1437 1843 1585 1899; x_wconf 73' lang='grc' dir='ltr'>οἴκου</span> <span class='ocrx_word' id='word_1_129' title='bbox 1627 1843 1891 1896; x_wconf 79' lang='grc' dir='ltr'>ἀπελύετο</span> <span class='ocrx_word' id='word_1_130' title='bbox 1923 1843 2169 1903; x_wconf 72' lang='grc' dir='ltr'>ἕκαστος.</span> 
     </span>
    </p>
   </div>
   <div class='ocr_carea' id='block_1_17' title="bbox 2274 636 3841 716">
    <p class='ocr_par' dir='ltr' id='par_1_17' title="bbox 2274 636 3841 716">
     <span class='ocr_line' id='line_1_17' title="bbox 2274 636 3841 716; baseline -0.003 -15"><span class='ocrx_word' id='word_1_131' title='bbox 2274 636 2334 701; x_wconf 68' lang='grc' dir='ltr'><strong>ἐξ</strong></span> <span class='ocrx_word' id='word_1_132' title='bbox 2359 638 2665 711; x_wconf 70' lang='grc' dir='ltr'>ὑπερτέρας</span> <span class='ocrx_word' id='word_1_133' title='bbox 2689 643 2844 706; x_wconf 82' lang='grc' dir='ltr'>ἀνίας</span> <span class='ocrx_word' id='word_1_134' title='bbox 2865 645 2961 698; x_wconf 78' lang='grc' dir='ltr'>καὶ</span> <span class='ocrx_word' id='word_1_135' title='bbox 2989 646 3254 712; x_wconf 74' lang='grc' dir='ltr'>γένοιντο.</span> <span class='ocrx_word' id='word_1_136' title='bbox 3279 644 3471 716; x_wconf 83' lang='grc' dir='ltr'><strong>Ὅμως</strong></span> <span class='ocrx_word' id='word_1_137' title='bbox 3498 643 3558 698; x_wconf 75' lang='grc' dir='ltr'>δὲ</span> <span class='ocrx_word' id='word_1_138' title='bbox 3604 645 3739 715; x_wconf 72' lang='grc' dir='ltr'>πρὸς</span> <span class='ocrx_word' id='word_1_139' title='bbox 3781 645 3841 697; x_wconf 72' lang='grc' dir='ltr'>τὰ</span> 
     </span>
    </p>
   </div>
   <div class='ocr_carea' id='block_1_18' title="bbox 2273 728 3838 804">
    <p class='ocr_par' dir='ltr' id='par_1_18' title="bbox 2273 728 3838 804">
     <span class='ocr_line' id='line_1_18' title="bbox 2273 728 3838 804; baseline 0.006 -24"><span class='ocrx_word' id='word_1_140' title='bbox 2273 728 2493 794; x_wconf 71' lang='grc' dir='ltr'>ἐσαῦθις</span> <span class='ocrx_word' id='word_1_141' title='bbox 2523 731 2852 804; x_wconf 68' lang='grc' dir='ltr'>ἐλπιζόμενα</span> <span class='ocrx_word' id='word_1_142' title='bbox 2874 736 3050 790; x_wconf 86' lang='grc' dir='ltr'>οίστδν</span> <span class='ocrx_word' id='word_1_143' title='bbox 3089 737 3314 790; x_wconf 80' lang='grc' dir='ltr'>κάκεῖνο</span> <span class='ocrx_word' id='word_1_144' title='bbox 3363 734 3557 803; x_wconf 73' lang='grc' dir='ltr'>ἐδόκει,</span> <span class='ocrx_word' id='word_1_145' title='bbox 3609 734 3706 790; x_wconf 76' lang='grc' dir='ltr'><strong>καὶ</strong></span> <span class='ocrx_word' id='word_1_146' title='bbox 3753 735 3838 803; x_wconf 80' lang='grc' dir='ltr'><strong>φέ-</strong></span> 
     </span>
    </p>
   </div>
   <div class='ocr_carea' id='block_1_19' title="bbox 2270 823 3842 899">
    <p class='ocr_par' dir='ltr' id='par_1_19' title="bbox 2270 823 3842 899">
     <span class='ocr_line' id='line_1_19' title="bbox 2270 823 3842 899; baseline 0.005 -27"><span class='ocrx_word' id='word_1_147' title='bbox 2270 836 2458 891; x_wconf 85' lang='grc' dir='ltr'>ροντες</span> <span class='ocrx_word' id='word_1_148' title='bbox 2478 823 2548 876; x_wconf 81' lang='grc' dir='ltr'><strong>τά</strong></span> <span class='ocrx_word' id='word_1_149' title='bbox 2567 825 2679 878; x_wconf 86' lang='grc' dir='ltr'><strong>τῶν</strong></span> <span class='ocrx_word' id='word_1_150' title='bbox 2700 828 2882 881; x_wconf 87' lang='grc' dir='ltr'>κακῶν</span> <span class='ocrx_word' id='word_1_151' title='bbox 2933 829 3276 898; x_wconf 82' lang='grc' dir='ltr'>προσεδόκων</span> <span class='ocrx_word' id='word_1_152' title='bbox 3335 829 3523 899; x_wconf 79' lang='grc' dir='ltr'>μείζω,</span> <span class='ocrx_word' id='word_1_153' title='bbox 3577 828 3640 882; x_wconf 76' lang='grc' dir='ltr'><strong>οὺ</strong></span> <span class='ocrx_word' id='word_1_154' title='bbox 3697 829 3842 880; x_wconf 81' lang='grc' dir='ltr'>τόσον</span> 
     </span>
    </p>
   </div>
   <div class='ocr_carea' id='block_1_20' title="bbox 2269 913 3844 991">
    <p class='ocr_par' dir='ltr' id='par_1_20' title="bbox 2269 913 3844 991">
     <span class='ocr_line' id='line_1_20' title="bbox 2269 913 3844 991; baseline 0.008 -29"><span class='ocrx_word' id='word_1_155' title='bbox 2269 915 2382 975; x_wconf 87' lang='grc' dir='ltr'>τοῖς</span> <span class='ocrx_word' id='word_1_156' title='bbox 2407 913 2644 984; x_wconf 82' lang='grc' dir='ltr'>παροῦσι</span> <span class='ocrx_word' id='word_1_157' title='bbox 2672 916 2764 971; x_wconf 71' lang='grc' dir='ltr'><strong>διὰ</strong></span> <span class='ocrx_word' id='word_1_158' title='bbox 2795 918 2893 991; x_wconf 76' lang='grc' dir='ltr'>τὴν</span> <span class='ocrx_word' id='word_1_159' title='bbox 2929 923 3123 991; x_wconf 79' lang='grc' dir='ltr'>πεῖραν</span> <span class='ocrx_word' id='word_1_160' title='bbox 3144 921 3267 976; x_wconf 81' lang='grc' dir='ltr'>ὅσον</span> <span class='ocrx_word' id='word_1_161' title='bbox 3290 922 3404 986; x_wconf 87' lang='grc' dir='ltr'>τοῖς</span> <span class='ocrx_word' id='word_1_162' title='bbox 3462 918 3844 990; x_wconf 79' lang='grc' dir='ltr'>προσδοκωμέ-</span> 
     </span>
    </p>
   </div>
   <div class='ocr_carea' id='block_1_21' title="bbox 2271 1002 3846 1083">
    <p class='ocr_par' dir='ltr' id='par_1_21' title="bbox 2271 1002 3846 1083">
     <span class='ocr_line' id='line_1_21' title="bbox 2271 1002 3846 1083; baseline 0.006 -28"><span class='ocrx_word' id='word_1_163' title='bbox 2271 1018 2380 1066; x_wconf 84' lang='grc' dir='ltr'>νοις</span> <span class='ocrx_word' id='word_1_164' title='bbox 2407 1002 2495 1058; x_wconf 82' lang='grc' dir='ltr'><strong>διά</strong></span> <span class='ocrx_word' id='word_1_165' title='bbox 2526 1007 2626 1078; x_wconf 80' lang='grc' dir='ltr'>τὴν</span> <span class='ocrx_word' id='word_1_166' title='bbox 2655 1006 2847 1063; x_wconf 75' lang='grc' dir='ltr'>ἐλπίδα</span> <span class='ocrx_word' id='word_1_167' title='bbox 2887 1009 3260 1083; x_wconf 78' lang='grc' dir='ltr'>ὲξανιὼμενοι.</span> <span class='ocrx_word' id='word_1_168' title='bbox 3320 1012 3395 1065; x_wconf 83' lang='grc' dir='ltr'><strong>Τὸ</strong></span> <span class='ocrx_word' id='word_1_169' title='bbox 3415 1010 3731 1082; x_wconf 60' lang='grc' dir='ltr'>γάρηπαρὸν</span> <span class='ocrx_word' id='word_1_170' title='bbox 3762 1011 3846 1065; x_wconf 80' lang='grc' dir='ltr'>λυ·</span> 
     </span>
    </p>
   </div>
   <div class='ocr_carea' id='block_1_22' title="bbox 2271 1093 3844 1176">
    <p class='ocr_par' dir='ltr' id='par_1_22' title="bbox 2271 1093 3844 1176">
     <span class='ocr_line' id='line_1_22' title="bbox 2271 1093 3844 1176; baseline 0.004 -29"><span class='ocrx_word' id='word_1_171' title='bbox 2271 1093 2468 1162; x_wconf 77' lang='grc' dir='ltr'>πηρὸν,</span> <span class='ocrx_word' id='word_1_172' title='bbox 2486 1096 2715 1153; x_wconf 68' lang='grc' dir='ltr'>ἐπιστάν</span> <span class='ocrx_word' id='word_1_173' title='bbox 2751 1099 3066 1173; x_wconf 73' lang='grc' dir='ltr'>ἀνθρώποις</span> <span class='ocrx_word' id='word_1_174' title='bbox 3107 1102 3269 1174; x_wconf 76' lang='grc' dir='ltr'>φύσιν</span> <span class='ocrx_word' id='word_1_175' title='bbox 3293 1104 3478 1175; x_wconf 69' lang='grc' dir='ltr'>ἔχουσι</span> <span class='ocrx_word' id='word_1_176' title='bbox 3529 1104 3714 1176; x_wconf 74' lang='grc' dir='ltr'>φέρειν</span> <span class='ocrx_word' id='word_1_177' title='bbox 3758 1103 3844 1156; x_wconf 81' lang='grc' dir='ltr'>καὶ</span> 
     </span>
    </p>
   </div>
   <div class='ocr_carea' id='block_1_23' title="bbox 2269 1184 3848 1270">
    <p class='ocr_par' dir='ltr' id='par_1_23' title="bbox 2269 1184 3848 1270">
     <span class='ocr_line' id='line_1_23' title="bbox 2269 1184 3848 1270; baseline 0.008 -34"><span class='ocrx_word' id='word_1_178' title='bbox 2269 1184 2342 1238; x_wconf 82' lang='grc' dir='ltr'><strong>τά</strong></span> <span class='ocrx_word' id='word_1_179' title='bbox 2361 1185 2677 1258; x_wconf 83' lang='grc' dir='ltr'>ἀνύποιστα,</span> <span class='ocrx_word' id='word_1_180' title='bbox 2718 1192 2878 1247; x_wconf 80' lang='grc' dir='ltr'>λυπεῖ</span> <span class='ocrx_word' id='word_1_181' title='bbox 2907 1195 3007 1265; x_wconf 67' lang='grc' dir='ltr'><strong>μὲν</strong></span> <span class='ocrx_word' id='word_1_182' title='bbox 3035 1196 3110 1261; x_wconf 79' lang='grc' dir='ltr'>ὡς</span> <span class='ocrx_word' id='word_1_183' title='bbox 3132 1197 3278 1261; x_wconf 78' lang='grc' dir='ltr'>είκδς</span> <span class='ocrx_word' id='word_1_184' title='bbox 3316 1199 3410 1252; x_wconf 84' lang='grc' dir='ltr'>καὶ</span> <span class='ocrx_word' id='word_1_185' title='bbox 3437 1198 3566 1270; x_wconf 75' lang='grc' dir='ltr'>ἀνιᾷ</span> <span class='ocrx_word' id='word_1_186' title='bbox 3593 1198 3712 1250; x_wconf 69' lang='grc' dir='ltr'>τὸν¹</span> <span class='ocrx_word' id='word_1_187' title='bbox 3737 1213 3848 1250; x_wconf 81' lang='grc' dir='ltr'>πει-</span> 
     </span>
    </p>
   </div>
   <div class='ocr_carea' id='block_1_24' title="bbox 2272 1275 3850 1359">
    <p class='ocr_par' dir='ltr' id='par_1_24' title="bbox 2272 1275 3850 1359">
     <span class='ocr_line' id='line_1_24' title="bbox 2272 1275 3850 1359; baseline 0.007 -31"><span class='ocrx_word' id='word_1_188' title='bbox 2272 1275 2544 1346; x_wconf 81' lang='grc' dir='ltr'>ρασθέντα</span> <span class='ocrx_word' id='word_1_189' title='bbox 2591 1283 2699 1337; x_wconf 87' lang='grc' dir='ltr'>τῶν</span> <span class='ocrx_word' id='word_1_190' title='bbox 2735 1284 3031 1356; x_wconf 79' lang='grc' dir='ltr'>δυσχερῶν,</span> <span class='ocrx_word' id='word_1_191' title='bbox 3085 1290 3149 1359; x_wconf 78' lang='grc' dir='ltr'>τῇ</span> <span class='ocrx_word' id='word_1_192' title='bbox 3201 1288 3258 1342; x_wconf 81' lang='grc' dir='ltr'>δὲ</span> <span class='ocrx_word' id='word_1_193' title='bbox 3310 1289 3462 1358; x_wconf 81' lang='grc' dir='ltr'>παρὰ</span> <span class='ocrx_word' id='word_1_194' title='bbox 3491 1289 3601 1342; x_wconf 85' lang='grc' dir='ltr'>τῶν</span> <span class='ocrx_word' id='word_1_195' title='bbox 3647 1287 3850 1341; x_wconf 84' lang='grc' dir='ltr'>πολλῶν</span> 
     </span>
    </p>
   </div>
   <div class='ocr_carea' id='block_1_25' title="bbox 2272 1366 3847 1448">
    <p class='ocr_par' dir='ltr' id='par_1_25' title="bbox 2272 1366 3847 1448">
     <span class='ocr_line' id='line_1_25' title="bbox 2272 1366 3847 1448; baseline 0.002 -21"><span class='ocrx_word' id='word_1_196' title='bbox 2272 1369 2595 1441; x_wconf 78' lang='grc' dir='ltr'>παραμυθίᾳ</span> <span class='ocrx_word' id='word_1_197' title='bbox 2659 1371 2950 1431; x_wconf 78' lang='grc' dir='ltr'>ἐκλύεσθαι</span> <span class='ocrx_word' id='word_1_198' title='bbox 3021 1378 3262 1445; x_wconf 70' lang='grc' dir='ltr'>πέφυκεν</span> <span class='ocrx_word' id='word_1_199' title='bbox 3298 1394 3312 1409; x_wconf 86' lang='grc'><em>’</em></span> <span class='ocrx_word' id='word_1_200' title='bbox 3378 1366 3736 1448; x_wconf 73' lang='grc' dir='ltr'>ἐλπιζόμενον</span> <span class='ocrx_word' id='word_1_201' title='bbox 3793 1375 3847 1430; x_wconf 72' lang='grc' dir='ltr'>δὲ</span> 
     </span>
    </p>
   </div>
   <div class='ocr_carea' id='block_1_26' title="bbox 2269 1452 3844 1539">
    <p class='ocr_par' dir='ltr' id='par_1_26' title="bbox 2269 1452 3844 1539">
     <span class='ocr_line' id='line_1_26' title="bbox 2269 1452 3844 1539; baseline 0.016 -34"><span class='ocrx_word' id='word_1_202' title='bbox 2269 1452 2611 1513; x_wconf 80' lang='grc' dir='ltr'>δυσδιάθετον</span> <span class='ocrx_word' id='word_1_203' title='bbox 2668 1462 2767 1532; x_wconf 87' lang='grc' dir='ltr'>τὴν</span> <span class='ocrx_word' id='word_1_204' title='bbox 2825 1466 3081 1538; x_wconf 83' lang='grc' dir='ltr'>φροντίδα</span> <span class='ocrx_word' id='word_1_205' title='bbox 3119 1467 3199 1537; x_wconf 83' lang='grc' dir='ltr'>τῷ</span> <span class='ocrx_word' id='word_1_206' title='bbox 3249 1469 3560 1539; x_wconf 82' lang='grc' dir='ltr'>πεισομένῳ</span> <span class='ocrx_word' id='word_1_207' title='bbox 3595 1466 3844 1537; x_wconf 66' lang='grc' dir='ltr'>παρέχω</span> 
     </span>
    </p>
   </div>
   <div class='ocr_carea' id='block_1_27' title="bbox 2272 1542 3853 1632">
    <p class='ocr_par' dir='ltr' id='par_1_27' title="bbox 2272 1542 3853 1632">
     <span class='ocr_line' id='line_1_27' title="bbox 2272 1542 3853 1632; baseline 0.008 -34"><span class='ocrx_word' id='word_1_208' title='bbox 2272 1542 2438 1601; x_wconf 81' lang='grc' dir='ltr'>Ταῦτ’</span> <span class='ocrx_word' id='word_1_209' title='bbox 2490 1553 2597 1623; x_wconf 81' lang='grc' dir='ltr'>ἄρα</span> <span class='ocrx_word' id='word_1_210' title='bbox 2635 1556 2905 1621; x_wconf 76' lang='grc' dir='ltr'>κάκείνοις</span> <span class='ocrx_word' id='word_1_211' title='bbox 2953 1558 3015 1612; x_wconf 77' lang='grc' dir='ltr'><strong>τὸ</strong></span> <span class='ocrx_word' id='word_1_212' title='bbox 3056 1562 3228 1632; x_wconf 84' lang='grc' dir='ltr'>παρὸν</span> <span class='ocrx_word' id='word_1_213' title='bbox 3256 1561 3367 1614; x_wconf 84' lang='grc' dir='ltr'><strong>τῶν</strong></span> <span class='ocrx_word' id='word_1_214' title='bbox 3395 1561 3581 1615; x_wconf 83' lang='grc' dir='ltr'>κακῶν</span> <span class='ocrx_word' id='word_1_215' title='bbox 3633 1561 3707 1624; x_wconf 79' lang='grc' dir='ltr'>ὡς</span> <span class='ocrx_word' id='word_1_216' title='bbox 3732 1561 3853 1628; x_wconf 70' lang='grc' dir='ltr'><strong>ὲνῆν</strong></span> 
     </span>
    </p>
   </div>
   <div class='ocr_carea' id='block_1_28' title="bbox 2273 1641 3849 1727">
    <p class='ocr_par' dir='ltr' id='par_1_28' title="bbox 2273 1641 3849 1727">
     <span class='ocr_line' id='line_1_28' title="bbox 2273 1641 3849 1727; baseline 0.009 -37"><span class='ocrx_word' id='word_1_217' title='bbox 2273 1641 2499 1707; x_wconf 77' lang='grc' dir='ltr'>φέρουσι</span> <span class='ocrx_word' id='word_1_218' title='bbox 2557 1645 2735 1717; x_wconf 76' lang='grc' dir='ltr'>δεινὴν</span> <span class='ocrx_word' id='word_1_219' title='bbox 2790 1650 2978 1722; x_wconf 79' lang='grc' dir='ltr'>ἐλπίδα</span> <span class='ocrx_word' id='word_1_220' title='bbox 3025 1654 3085 1706; x_wconf 82' lang='grc' dir='ltr'>τὸ</span> <span class='ocrx_word' id='word_1_221' title='bbox 3142 1653 3566 1722; x_wconf 62' lang='grc' dir='ltr'>ἐπελευσόμενον</span> <span class='ocrx_word' id='word_1_222' title='bbox 3609 1649 3732 1726; x_wconf 78' lang='grc' dir='ltr'>ἦγε,</span> <span class='ocrx_word' id='word_1_223' title='bbox 3761 1657 3849 1727; x_wconf 79' lang='grc' dir='ltr'>καὶ</span> 
     </span>
    </p>
   </div>
   <div class='ocr_carea' id='block_1_29' title="bbox 2271 1732 3853 1816">
    <p class='ocr_par' dir='ltr' id='par_1_29' title="bbox 2271 1732 3853 1816">
     <span class='ocr_line' id='line_1_29' title="bbox 2271 1732 3853 1816; baseline 0.009 -34"><span class='ocrx_word' id='word_1_224' title='bbox 2271 1732 2447 1786; x_wconf 73' lang='grc' dir='ltr'>οἰστὸν</span> <span class='ocrx_word' id='word_1_225' title='bbox 2471 1734 2642 1791; x_wconf 77' lang='grc' dir='ltr'>ἐδόκει</span> <span class='ocrx_word' id='word_1_226' title='bbox 2667 1741 2728 1792; x_wconf 59' lang='grc' dir='ltr'>τί)</span> <span class='ocrx_word' id='word_1_227' title='bbox 2756 1742 2981 1798; x_wconf 78' lang='grc' dir='ltr'>ἐπιστὰν</span> <span class='ocrx_word' id='word_1_228' title='bbox 3009 1746 3147 1816; x_wconf 76' lang='grc' dir='ltr'>πρὸς</span> <span class='ocrx_word' id='word_1_229' title='bbox 3174 1746 3273 1815; x_wconf 80' lang='grc' dir='ltr'>τὴν</span> <span class='ocrx_word' id='word_1_230' title='bbox 3297 1745 3487 1798; x_wconf 74' lang='grc' dir='ltr'>ἐλπίδα</span> <span class='ocrx_word' id='word_1_231' title='bbox 3511 1743 3604 1798; x_wconf 82' lang='grc' dir='ltr'>τοῦ</span> <span class='ocrx_word' id='word_1_232' title='bbox 3639 1746 3853 1815; x_wconf 76' lang='grc' dir='ltr'>μέλλον-</span> 
     </span>
    </p>
   </div>
   <div class='ocr_carea' id='block_1_30' title="bbox 2272 1823 3852 1908">
    <p class='ocr_par' dir='ltr' id='par_1_30' title="bbox 2272 1823 3852 1908">
     <span class='ocr_line' id='line_1_30' title="bbox 2272 1823 3852 1908; baseline 0.002 -22"><span class='ocrx_word' id='word_1_233' title='bbox 2272 1837 2360 1886; x_wconf 73' lang='grc' dir='ltr'><strong>τος</strong></span> <span class='ocrx_word' id='word_1_234' title='bbox 2392 1823 2658 1898; x_wconf 71' lang='grc' dir='ltr'>λυπηροῦ.</span> <span class='ocrx_word' id='word_1_235' title='bbox 2689 1827 2797 1885; x_wconf 81' lang='grc' dir='ltr'>Ἦν</span> <span class='ocrx_word' id='word_1_236' title='bbox 2831 1833 3024 1901; x_wconf 80' lang='grc' dir='ltr'>ταῦτα,</span> <span class='ocrx_word' id='word_1_237' title='bbox 3061 1838 3157 1892; x_wconf 72' lang='grc' dir='ltr'>καὶ</span> <span class='ocrx_word' id='word_1_238' title='bbox 3204 1841 3236 1907; x_wconf 80' lang='grc' dir='ltr'><strong>ἡ</strong></span> <span class='ocrx_word' id='word_1_239' title='bbox 3279 1838 3443 1908; x_wconf 85' lang='grc' dir='ltr'>κυρία</span> <span class='ocrx_word' id='word_1_240' title='bbox 3497 1838 3698 1906; x_wconf 70' lang='grc' dir='ltr'>ἐπέστη</span> <span class='ocrx_word' id='word_1_241' title='bbox 3751 1838 3852 1890; x_wconf 82' lang='grc' dir='ltr'><strong>τῶν</strong></span> 
     </span>
    </p>
   </div>
   <div class='ocr_carea' id='block_1_31' title="bbox 610 1901 3855 2007">
    <p class='ocr_par' dir='ltr' id='par_1_31' title="bbox 610 1901 3855 2007">
     <span class='ocr_line' id='line_1_31' title="bbox 610 1901 3855 2007; baseline 0.005 -42"><span class='ocrx_word' id='word_1_242' title='bbox 610 1925 700 1988; x_wconf 73' lang='grc' dir='ltr'><strong>Ὡς</strong></span> <span class='ocrx_word' id='word_1_243' title='bbox 724 1901 794 1980; x_wconf 49' lang='grc' dir='ltr'><strong>’δξ</strong></span> <span class='ocrx_word' id='word_1_244' title='bbox 830 1901 925 2000; x_wconf 48' lang='grc' dir='ltr'><strong>τῆξ</strong></span> <span class='ocrx_word' id='word_1_245' title='bbox 955 1930 1104 1999; x_wconf 56' lang='grc' dir='ltr'>ἱερᾶς</span> <span class='ocrx_word' id='word_1_246' title='bbox 1132 1901 1224 1986; x_wconf 43' lang='grc' dir='ltr'>κάει</span> <span class='ocrx_word' id='word_1_247' title='bbox 1258 1901 1500 2004; x_wconf 45' lang='grc' dir='ltr'><strong>μεγάλης</strong></span> <span class='ocrx_word' id='word_1_248' title='bbox 1545 1935 1804 2005; x_wconf 70' lang='grc' dir='ltr'><strong>πέμπτης</strong></span> <span class='ocrx_word' id='word_1_249' title='bbox 1862 1936 2093 2007; x_wconf 65' lang='grc' dir='ltr'><strong>ἐτελεῖτο</strong></span> <span class='ocrx_word' id='word_1_250' title='bbox 2132 1901 2172 2004; x_wconf 14' lang='grc' dir='ltr'>ἡὴ</span> <span class='ocrx_word' id='word_1_251' title='bbox 2207 1901 2244 1954; x_wconf 77' lang='grc' dir='ltr'><strong>Β</strong></span> <span class='ocrx_word' id='word_1_252' title='bbox 2275 1909 2499 1983; x_wconf 79' lang='grc' dir='ltr'>ἑορτῶν,</span> <span class='ocrx_word' id='word_1_253' title='bbox 2537 1922 2660 1975; x_wconf 84' lang='grc' dir='ltr'>καθ’</span> <span class='ocrx_word' id='word_1_254' title='bbox 2686 1923 2752 1994; x_wconf 82' lang='grc' dir='ltr'>ἣν</span> <span class='ocrx_word' id='word_1_255' title='bbox 2788 1925 2896 1981; x_wconf 81' lang='grc' dir='ltr'>ἔδει</span> <span class='ocrx_word' id='word_1_256' title='bbox 2930 1927 3023 1981; x_wconf 77' lang='grc' dir='ltr'>καὶ</span> <span class='ocrx_word' id='word_1_257' title='bbox 3070 1901 3377 1984; x_wconf 73' lang='grc' dir='ltr'>συνδεῖσθαι</span> <span class='ocrx_word' id='word_1_258' title='bbox 3397 1931 3523 1992; x_wconf 80' lang='grc' dir='ltr'>τοὺς</span> <span class='ocrx_word' id='word_1_259' title='bbox 3572 1901 3697 1993; x_wconf 36' lang='grc' dir='ltr'>τῆς-</span> <span class='ocrx_word' id='word_1_260' title='bbox 3731 1929 3855 1984; x_wconf 81' lang='grc' dir='ltr'><strong>Ἐκ-</strong></span> 
     </span>
    </p>
   </div>
   <div class='ocr_carea' id='block_1_32' title="bbox 601 2015 2177 2096">
    <p class='ocr_par' dir='ltr' id='par_1_32' title="bbox 601 2015 2177 2096">
     <span class='ocr_line' id='line_1_32' title="bbox 601 2015 2177 2096; baseline 0.004 -24"><span class='ocrx_word' id='word_1_261' title='bbox 601 2015 911 2088; x_wconf 79' lang='grc' dir='ltr'>λειτουργία</span> <span class='ocrx_word' id='word_1_262' title='bbox 940 2023 1032 2074; x_wconf 77' lang='grc' dir='ltr'><strong>καὶ</strong></span> <span class='ocrx_word' id='word_1_263' title='bbox 1055 2024 1209 2076; x_wconf 81' lang='grc' dir='ltr'>αὐτοὶ</span> <span class='ocrx_word' id='word_1_264' title='bbox 1242 2026 1632 2096; x_wconf 78' lang='grc' dir='ltr'>συμπαρῆσαν,</span> <span class='ocrx_word' id='word_1_265' title='bbox 1689 2027 1887 2080; x_wconf 72' lang='grc' dir='ltr'>ἐκεῖνοι</span> <span class='ocrx_word' id='word_1_266' title='bbox 1937 2023 2177 2088; x_wconf 80' lang='grc' dir='ltr'>θέλοντες</span> 
     </span>
    </p>
   </div>
   <div class='ocr_carea' id='block_1_33' title="bbox 604 2110 2179 2188">
    <p class='ocr_par' dir='ltr' id='par_1_33' title="bbox 604 2110 2179 2188">
     <span class='ocr_line' id='line_1_33' title="bbox 604 2110 2179 2188; baseline 0.004 -26"><span class='ocrx_word' id='word_1_267' title='bbox 604 2110 755 2180; x_wconf 78' lang='grc' dir='ltr'>σφίσι</span> <span class='ocrx_word' id='word_1_268' title='bbox 779 2113 1249 2182; x_wconf 80' lang='grc' dir='ltr'>παραλογίσασθαι</span> <span class='ocrx_word' id='word_1_269' title='bbox 1273 2116 1361 2169; x_wconf 76' lang='grc' dir='ltr'>τὸν</span> <span class='ocrx_word' id='word_1_270' title='bbox 1383 2119 1673 2186; x_wconf 74' lang='grc' dir='ltr'>άγιασμδν,</span> <span class='ocrx_word' id='word_1_271' title='bbox 1705 2116 2018 2188; x_wconf 79' lang='grc' dir='ltr'>πέμψαντες</span> <span class='ocrx_word' id='word_1_272' title='bbox 2049 2133 2179 2186; x_wconf 87' lang='grc' dir='ltr'><strong>κρυ⁸</strong></span> 
     </span>
    </p>
   </div>
   <div class='ocr_carea' id='block_1_34' title="bbox 602 2204 2177 2280">
    <p class='ocr_par' dir='ltr' id='par_1_34' title="bbox 602 2204 2177 2280">
     <span class='ocr_line' id='line_1_34' title="bbox 602 2204 2177 2280; baseline 0.002 -23"><span class='ocrx_word' id='word_1_273' title='bbox 602 2204 769 2274; x_wconf 58' lang='grc' dir='ltr'>φηδδν</span> <span class='ocrx_word' id='word_1_274' title='bbox 791 2205 847 2273; x_wconf 68' lang='grc' dir='ltr'><strong>ἐξ</strong></span> <span class='ocrx_word' id='word_1_275' title='bbox 871 2207 1075 2276; x_wconf 78' lang='grc' dir='ltr'>ἀγορᾶς</span> <span class='ocrx_word' id='word_1_276' title='bbox 1103 2207 1472 2278; x_wconf 71' lang='grc' dir='ltr'>λαμϐάνουσιν</span> <span class='ocrx_word' id='word_1_277' title='bbox 1493 2209 1680 2280; x_wconf 79' lang='grc' dir='ltr'>ἄρτον,</span> <span class='ocrx_word' id='word_1_278' title='bbox 1731 2213 1827 2264; x_wconf 74' lang='grc' dir='ltr'>καὶ</span> <span class='ocrx_word' id='word_1_279' title='bbox 1881 2211 2177 2272; x_wconf 75' lang='grc' dir='ltr'>κλάσαντες</span> 
     </span>
    </p>
   </div>
   <div class='ocr_carea' id='block_1_35' title="bbox 601 2295 2176 2376">
    <p class='ocr_par' dir='ltr' id='par_1_35' title="bbox 601 2295 2176 2376">
     <span class='ocr_line' id='line_1_35' title="bbox 601 2295 2176 2376; baseline 0.004 -29"><span class='ocrx_word' id='word_1_280' title='bbox 601 2297 683 2360; x_wconf 78' lang='grc' dir='ltr'><strong>είς</strong></span> <span class='ocrx_word' id='word_1_281' title='bbox 720 2295 891 2360; x_wconf 70' lang='grc' dir='ltr'>λεπτὰ</span> <span class='ocrx_word' id='word_1_282' title='bbox 953 2299 1117 2370; x_wconf 80' lang='grc' dir='ltr'>μηδὲν</span> <span class='ocrx_word' id='word_1_283' title='bbox 1149 2299 1313 2353; x_wconf 79' lang='grc' dir='ltr'>εἰδόσι</span> <span class='ocrx_word' id='word_1_284' title='bbox 1363 2301 1666 2372; x_wconf 77' lang='grc' dir='ltr'>μετεδίδουν</span> <span class='ocrx_word' id='word_1_285' title='bbox 1702 2301 1776 2366; x_wconf 77' lang='grc' dir='ltr'>ὡς</span> <span class='ocrx_word' id='word_1_286' title='bbox 1817 2301 1963 2376; x_wconf 80' lang='grc' dir='ltr'>ἱεροῦ</span> <span class='ocrx_word' id='word_1_287' title='bbox 2011 2303 2176 2373; x_wconf 82' lang='grc' dir='ltr'>άρτου</span> 
     </span>
    </p>
   </div>
   <div class='ocr_carea' id='block_1_36' title="bbox 605 2560 2176 2634">
    <p class='ocr_par' dir='ltr' id='par_1_36' title="bbox 605 2560 2176 2634">
     <span class='ocr_line' id='line_1_36' title="bbox 605 2560 2176 2634; baseline 0.008 -18"><span class='ocrx_word' id='word_1_288' title='bbox 605 2560 829 2631; x_wconf 81' lang='lat' dir='ltr'><strong>quidem</strong></span> <span class='ocrx_word' id='word_1_289' title='bbox 859 2562 924 2619; x_wconf 86' lang='lat' dir='ltr'><strong>ad</strong></span> <span class='ocrx_word' id='word_1_290' title='bbox 957 2563 1337 2634; x_wconf 68' lang='lat' dir='ltr'><strong>imperatorem</strong></span> <span class='ocrx_word' id='word_1_291' title='bbox 1370 2576 1518 2622; x_wconf 86' lang='lat' dir='ltr'><strong>recta</strong></span> <span class='ocrx_word' id='word_1_292' title='bbox 1542 2566 1671 2623; x_wconf 89' lang='lat' dir='ltr'><strong>inde</strong></span> <span class='ocrx_word' id='word_1_293' title='bbox 1697 2583 1756 2624; x_wconf 87' lang='lat' dir='ltr'><strong>se</strong></span> <span class='ocrx_word' id='word_1_294' title='bbox 1783 2569 2037 2634; x_wconf 85' lang='lat' dir='ltr'><strong>contulit.</strong></span> <span class='ocrx_word' id='word_1_295' title='bbox 2087 2586 2176 2629; x_wconf 92' lang='lat' dir='ltr'><strong>ce—</strong></span> 
     </span>
    </p>
   </div>
   <div class='ocr_carea' id='block_1_37' title="bbox 603 2654 2176 2721">
    <p class='ocr_par' dir='ltr' id='par_1_37' title="bbox 603 2654 2176 2721">
     <span class='ocr_line' id='line_1_37' title="bbox 603 2654 2176 2721; baseline 0.006 -11"><span class='ocrx_word' id='word_1_296' title='bbox 603 2654 917 2713; x_wconf 83' lang='lat' dir='ltr'><strong>lebraturus</strong></span> <span class='ocrx_word' id='word_1_297' title='bbox 942 2675 1066 2713; x_wconf 88' lang='lat' dir='ltr'><strong>cum</strong></span> <span class='ocrx_word' id='word_1_298' title='bbox 1101 2675 1169 2714; x_wconf 90' lang='lat' dir='ltr'><strong>eo</strong></span> <span class='ocrx_word' id='word_1_299' title='bbox 1198 2659 1267 2715; x_wconf 91' lang='lat' dir='ltr'><strong>de</strong></span> <span class='ocrx_word' id='word_1_300' title='bbox 1318 2675 1468 2715; x_wconf 88' lang='lat' dir='ltr'><strong>more</strong></span> <span class='ocrx_word' id='word_1_301' title='bbox 1506 2661 1725 2718; x_wconf 91' lang='lat' dir='ltr'><strong>festum.</strong></span> <span class='ocrx_word' id='word_1_302' title='bbox 1766 2666 1835 2721; x_wconf 77' lang='lat' dir='ltr'><strong>At</strong></span> <span class='ocrx_word' id='word_1_303' title='bbox 1863 2665 2050 2721; x_wconf 80' lang='lat' dir='ltr'><strong>clerici</strong></span> <span class='ocrx_word' id='word_1_304' title='bbox 2094 2665 2176 2720; x_wconf 84' lang='lat' dir='ltr'><strong>ni—</strong></span> 
     </span>
    </p>
   </div>
   <div class='ocr_carea' id='block_1_38' title="bbox 601 2749 2172 2824">
    <p class='ocr_par' dir='ltr' id='par_1_38' title="bbox 601 2749 2172 2824">
     <span class='ocr_line' id='line_1_38' title="bbox 601 2749 2172 2824; baseline 0.004 -19"><span class='ocrx_word' id='word_1_305' title='bbox 601 2749 904 2807; x_wconf 83' lang='lat' dir='ltr'><strong>hilominus</strong></span> <span class='ocrx_word' id='word_1_306' title='bbox 940 2751 1116 2808; x_wconf 87' lang='lat' dir='ltr'><strong>sacris</strong></span> <span class='ocrx_word' id='word_1_307' title='bbox 1146 2753 1444 2824; x_wconf 80' lang='lat' dir='ltr'><strong>synaxibus</strong></span> <span class='ocrx_word' id='word_1_308' title='bbox 1467 2756 1897 2811; x_wconf 80' lang='lat' dir='ltr'><strong>excludebantur</strong></span> <span class='ocrx_word' id='word_1_309' title='bbox 1936 2771 1966 2811; x_wconf 91' lang='lat' dir='ltr'><strong>a</strong></span> <span class='ocrx_word' id='word_1_310' title='bbox 2013 2757 2172 2812; x_wconf 85' lang='lat' dir='ltr'><strong>nihili</strong></span> 
     </span>
    </p>
   </div>
   <div class='ocr_carea' id='block_1_39' title="bbox 600 2844 2170 2919">
    <p class='ocr_par' dir='ltr' id='par_1_39' title="bbox 600 2844 2170 2919">
     <span class='ocr_line' id='line_1_39' title="bbox 600 2844 2170 2919; baseline 0.004 -20"><span class='ocrx_word' id='word_1_311' title='bbox 600 2844 932 2901; x_wconf 78' lang='lat' dir='ltr'><strong>ducentibus</strong></span> <span class='ocrx_word' id='word_1_312' title='bbox 967 2847 1282 2903; x_wconf 84' lang='lat' dir='ltr'><strong>sanctiones</strong></span> <span class='ocrx_word' id='word_1_313' title='bbox 1310 2845 1536 2918; x_wconf 75' lang='lat' dir='ltr'><strong>Iosephi</strong></span> <span class='ocrx_word' id='word_1_314' title='bbox 1593 2849 1916 2919; x_wconf 70' lang='lat' dir='ltr'><strong>patriarcha!</strong></span> <span class='ocrx_word' id='word_1_315' title='bbox 1955 2851 2170 2919; x_wconf 87' lang='lat' dir='ltr'><strong>nuperi,</strong></span> 
     </span>
    </p>
   </div>
   <div class='ocr_carea' id='block_1_40' title="bbox 601 2940 2170 3013">
    <p class='ocr_par' dir='ltr' id='par_1_40' title="bbox 601 2940 2170 3013">
     <span class='ocr_line' id='line_1_40' title="bbox 601 2940 2170 3013; baseline 0.004 -21"><span class='ocrx_word' id='word_1_316' title='bbox 601 2946 882 3010; x_wconf 79' lang='lat' dir='ltr'><strong>utcunque</strong></span> <span class='ocrx_word' id='word_1_317' title='bbox 905 2949 960 2994; x_wconf 90' lang='lat' dir='ltr'><strong>et</strong></span> <span class='ocrx_word' id='word_1_318' title='bbox 991 2940 1138 3012; x_wconf 88' lang='lat' dir='ltr'><strong>ipsas</strong></span> <span class='ocrx_word' id='word_1_319' title='bbox 1165 2957 1449 3010; x_wconf 63' lang='lat' dir='ltr'><strong>poenarum</strong></span> <span class='ocrx_word' id='word_1_320' title='bbox 1473 2942 1963 2998; x_wconf 64' lang='lat' dir='ltr'><strong>ecclesiasticarum</strong></span> <span class='ocrx_word' id='word_1_321' title='bbox 1986 2945 2170 3013; x_wconf 86' lang='lat' dir='ltr'><strong>injun-</strong></span> 
     </span>
    </p>
   </div>
   <div class='ocr_carea' id='block_1_41' title="bbox 598 3031 2168 3102">
    <p class='ocr_par' dir='ltr' id='par_1_41' title="bbox 598 3031 2168 3102">
     <span class='ocr_line' id='line_1_41' title="bbox 598 3031 2168 3102; baseline 0.003 -14"><span class='ocrx_word' id='word_1_322' title='bbox 598 3031 781 3089; x_wconf 79' lang='lat' dir='ltr'><strong>ctione</strong></span> <span class='ocrx_word' id='word_1_323' title='bbox 825 3032 1082 3089; x_wconf 83' lang='lat' dir='ltr'><strong>llrmatas.</strong></span> <span class='ocrx_word' id='word_1_324' title='bbox 1135 3034 1315 3097; x_wconf 79' lang='lat' dir='ltr'><strong>llluzit</strong></span> <span class='ocrx_word' id='word_1_325' title='bbox 1352 3035 1590 3091; x_wconf 86' lang='lat' dir='ltr'><strong>secunda</strong></span> <span class='ocrx_word' id='word_1_326' title='bbox 1636 3035 1988 3091; x_wconf 70' lang='lat' dir='ltr'><strong>hebdomadas</strong></span> <span class='ocrx_word' id='word_1_327' title='bbox 2035 3037 2168 3102; x_wconf 90' lang='lat' dir='ltr'><strong>dies,</strong></span> 
     </span>
    </p>
   </div>
   <div class='ocr_carea' id='block_1_42' title="bbox 602 3124 2174 3198">
    <p class='ocr_par' dir='ltr' id='par_1_42' title="bbox 602 3124 2174 3198">
     <span class='ocr_line' id='line_1_42' title="bbox 602 3124 2174 3198; baseline 0.003 -20"><span class='ocrx_word' id='word_1_328' title='bbox 602 3124 863 3194; x_wconf 85' lang='lat' dir='ltr'><strong>quaitem</strong></span> <span class='ocrx_word' id='word_1_329' title='bbox 923 3124 1288 3183; x_wconf 80' lang='lat' dir='ltr'><strong>familiaribus</strong></span> <span class='ocrx_word' id='word_1_330' title='bbox 1335 3127 1462 3182; x_wconf 88' lang='lat' dir='ltr'><strong>novi</strong></span> <span class='ocrx_word' id='word_1_331' title='bbox 1497 3127 1820 3197; x_wconf 72' lang='lat' dir='ltr'><strong>patriarcha:</strong></span> <span class='ocrx_word' id='word_1_332' title='bbox 1875 3128 2174 3198; x_wconf 83' lang='lat' dir='ltr'><strong>permissus</strong></span> 
     </span>
    </p>
   </div>
   <div class='ocr_carea' id='block_1_43' title="bbox 598 3217 2169 3291">
    <p class='ocr_par' dir='ltr' id='par_1_43' title="bbox 598 3217 2169 3291">
     <span class='ocr_line' id='line_1_43' title="bbox 598 3217 2169 3291; baseline 0.004 -21"><span class='ocrx_word' id='word_1_333' title='bbox 598 3219 880 3288; x_wconf 79' lang='lat' dir='ltr'><strong>ingressus</strong></span> <span class='ocrx_word' id='word_1_334' title='bbox 910 3217 966 3273; x_wconf 92' lang='lat' dir='ltr'><strong>in</strong></span> <span class='ocrx_word' id='word_1_335' title='bbox 999 3219 1261 3290; x_wconf 88' lang='lat' dir='ltr'><strong>templum</strong></span> <span class='ocrx_word' id='word_1_336' title='bbox 1294 3229 1397 3284; x_wconf 87' lang='lat' dir='ltr'><strong>est,</strong></span> <span class='ocrx_word' id='word_1_337' title='bbox 1429 3219 1644 3275; x_wconf 82' lang='lat' dir='ltr'><strong>clericis</strong></span> <span class='ocrx_word' id='word_1_338' title='bbox 1672 3235 1803 3276; x_wconf 86' lang='lat' dir='ltr'><strong>vero</strong></span> <span class='ocrx_word' id='word_1_339' title='bbox 1843 3220 2169 3291; x_wconf 84' lang='lat' dir='ltr'><strong>prohibitus.</strong></span> 
     </span>
    </p>
   </div>
   <div class='ocr_carea' id='block_1_44' title="bbox 603 3311 2176 3383">
    <p class='ocr_par' dir='ltr' id='par_1_44' title="bbox 603 3311 2176 3383">
     <span class='ocr_line' id='line_1_44' title="bbox 603 3311 2176 3383; baseline 0.001 -16"><span class='ocrx_word' id='word_1_340' title='bbox 603 3311 938 3383; x_wconf 79' lang='lat' dir='ltr'><strong>Supervenit</strong></span> <span class='ocrx_word' id='word_1_341' title='bbox 985 3321 1044 3369; x_wconf 91' lang='lat' dir='ltr'><strong>et</strong></span> <span class='ocrx_word' id='word_1_342' title='bbox 1106 3311 1287 3375; x_wconf 84' lang='lat' dir='ltr'><strong>tertia,</strong></span> <span class='ocrx_word' id='word_1_343' title='bbox 1341 3327 1446 3381; x_wconf 88' lang='lat' dir='ltr'><strong>qua</strong></span> <span class='ocrx_word' id='word_1_344' title='bbox 1510 3320 1567 3368; x_wconf 90' lang='lat' dir='ltr'><strong>et</strong></span> <span class='ocrx_word' id='word_1_345' title='bbox 1613 3311 1729 3383; x_wconf 86' lang='lat' dir='ltr'><strong>ipsa</strong></span> <span class='ocrx_word' id='word_1_346' title='bbox 1800 3313 2050 3370; x_wconf 83' lang='lat' dir='ltr'><strong>similiter</strong></span> <span class='ocrx_word' id='word_1_347' title='bbox 2092 3322 2176 3370; x_wconf 90' lang='lat' dir='ltr'><strong>est</strong></span> 
     </span>
    </p>
   </div>
   <div class='ocr_carea' id='block_1_45' title="bbox 604 3403 2176 3475">
    <p class='ocr_par' dir='ltr' id='par_1_45' title="bbox 604 3403 2176 3475">
     <span class='ocr_line' id='line_1_45' title="bbox 604 3403 2176 3475; baseline 0.001 -15"><span class='ocrx_word' id='word_1_348' title='bbox 604 3413 808 3461; x_wconf 84' lang='lat' dir='ltr'><strong>actum.</strong></span> <span class='ocrx_word' id='word_1_349' title='bbox 852 3405 926 3463; x_wconf 88' lang='lat' dir='ltr'><strong>Ut</strong></span> <span class='ocrx_word' id='word_1_350' title='bbox 975 3420 1106 3461; x_wconf 86' lang='lat' dir='ltr'><strong>vero</strong></span> <span class='ocrx_word' id='word_1_351' title='bbox 1132 3413 1321 3475; x_wconf 88' lang='lat' dir='ltr'><strong>quarta</strong></span> <span class='ocrx_word' id='word_1_352' title='bbox 1356 3404 1474 3460; x_wconf 90' lang='lat' dir='ltr'><strong>dies</strong></span> <span class='ocrx_word' id='word_1_353' title='bbox 1498 3403 1696 3471; x_wconf 87' lang='lat' dir='ltr'><strong>adfuit,</strong></span> <span class='ocrx_word' id='word_1_354' title='bbox 1727 3419 1834 3474; x_wconf 90' lang='lat' dir='ltr'><strong>qua</strong></span> <span class='ocrx_word' id='word_1_355' title='bbox 1865 3404 2176 3461; x_wconf 83' lang='lat' dir='ltr'><strong>decrevisse</strong></span> 
     </span>
    </p>
   </div>
   <div class='ocr_carea' id='block_1_46' title="bbox 600 3496 2176 3567">
    <p class='ocr_par' dir='ltr' id='par_1_46' title="bbox 600 3496 2176 3567">
     <span class='ocr_line' id='line_1_46' title="bbox 600 3496 2176 3567; baseline 0.001 -17"><span class='ocrx_word' id='word_1_356' title='bbox 600 3497 928 3553; x_wconf 76' lang='lat' dir='ltr'><strong>videbantur</strong></span> <span class='ocrx_word' id='word_1_357' title='bbox 955 3497 1244 3554; x_wconf 86' lang='lat' dir='ltr'><strong>remittere</strong></span> <span class='ocrx_word' id='word_1_358' title='bbox 1273 3497 1380 3566; x_wconf 79' lang='lat' dir='ltr'><strong>iam</strong></span> <span class='ocrx_word' id='word_1_359' title='bbox 1403 3496 1624 3553; x_wconf 81' lang='lat' dir='ltr'><strong>clericis</strong></span> <span class='ocrx_word' id='word_1_360' title='bbox 1649 3496 1923 3553; x_wconf 83' lang='lat' dir='ltr'><strong>interdicti</strong></span> <span class='ocrx_word' id='word_1_361' title='bbox 1954 3512 2176 3567; x_wconf 68' lang='lat' dir='ltr'><strong>poenam</strong></span> 
     </span>
    </p>
   </div>
   <div class='ocr_carea' id='block_1_47' title="bbox 603 3591 2178 3648">
    <p class='ocr_par' dir='ltr' id='par_1_47' title="bbox 603 3591 2178 3648">
     <span class='ocr_line' id='line_1_47' title="bbox 603 3591 2178 3648; baseline -0.001 0"><span class='ocrx_word' id='word_1_362' title='bbox 603 3607 703 3648; x_wconf 83' lang='lat' dir='ltr'><strong>nec</strong></span> <span class='ocrx_word' id='word_1_363' title='bbox 735 3607 830 3646; x_wconf 87' lang='lat' dir='ltr'><strong>eos</strong></span> <span class='ocrx_word' id='word_1_364' title='bbox 859 3591 927 3647; x_wconf 91' lang='lat' dir='ltr'><strong>de</strong></span> <span class='ocrx_word' id='word_1_365' title='bbox 977 3600 1179 3647; x_wconf 79' lang='lat' dir='ltr'><strong>caetero</strong></span> <span class='ocrx_word' id='word_1_366' title='bbox 1211 3591 1384 3646; x_wconf 87' lang='lat' dir='ltr'><strong>sacris</strong></span> <span class='ocrx_word' id='word_1_367' title='bbox 1436 3605 1626 3646; x_wconf 88' lang='lat' dir='ltr'><strong>arcere</strong></span> <span class='ocrx_word' id='word_1_368' title='bbox 1657 3607 1670 3642; x_wconf 90' lang='lat'>:</span> <span class='ocrx_word' id='word_1_369' title='bbox 1705 3606 1895 3646; x_wconf 89' lang='lat' dir='ltr'><strong>verum</strong></span> <span class='ocrx_word' id='word_1_370' title='bbox 1951 3591 2018 3648; x_wconf 89' lang='lat' dir='ltr'><strong>ad</strong></span> <span class='ocrx_word' id='word_1_371' title='bbox 2072 3591 2178 3647; x_wconf 84' lang='lat' dir='ltr'><strong>hoc</strong></span> 
     </span>
    </p>
   </div>
   <div class='ocr_carea' id='block_1_48' title="bbox 602 3683 2178 3756">
    <p class='ocr_par' dir='ltr' id='par_1_48' title="bbox 602 3683 2178 3756">
     <span class='ocr_line' id='line_1_48' title="bbox 602 3683 2178 3756; baseline 0.001 -19"><span class='ocrx_word' id='word_1_372' title='bbox 602 3683 759 3756; x_wconf 89' lang='lat' dir='ltr'><strong>prius</strong></span> <span class='ocrx_word' id='word_1_373' title='bbox 785 3683 855 3737; x_wconf 86' lang='lat' dir='ltr'><strong>ab</strong></span> <span class='ocrx_word' id='word_1_374' title='bbox 888 3683 1024 3752; x_wconf 85' lang='lat' dir='ltr'><strong>ipsis</strong></span> <span class='ocrx_word' id='word_1_375' title='bbox 1043 3683 1340 3753; x_wconf 75' lang='lat' dir='ltr'><strong>exigebant</strong></span> <span class='ocrx_word' id='word_1_376' title='bbox 1382 3692 1593 3738; x_wconf 88' lang='lat' dir='ltr'><strong>certum</strong></span> <span class='ocrx_word' id='word_1_377' title='bbox 1624 3697 1908 3738; x_wconf 83' lang='lat' dir='ltr'><strong>assensum</strong></span> <span class='ocrx_word' id='word_1_378' title='bbox 1940 3683 2007 3738; x_wconf 86' lang='lat' dir='ltr'><strong>ad</strong></span> <span class='ocrx_word' id='word_1_379' title='bbox 2033 3699 2178 3753; x_wconf 78' lang='lat' dir='ltr'><strong>quae-</strong></span> 
     </span>
    </p>
   </div>
   <div class='ocr_carea' id='block_1_49' title="bbox 607 3775 2175 3848">
    <p class='ocr_par' dir='ltr' id='par_1_49' title="bbox 607 3775 2175 3848">
     <span class='ocr_line' id='line_1_49' title="bbox 607 3775 2175 3848; baseline -0.001 -16"><span class='ocrx_word' id='word_1_380' title='bbox 607 3777 732 3832; x_wconf 83' lang='lat' dir='ltr'><strong>dam</strong></span> <span class='ocrx_word' id='word_1_381' title='bbox 755 3775 888 3845; x_wconf 85' lang='lat' dir='ltr'><strong>ipsis</strong></span> <span class='ocrx_word' id='word_1_382' title='bbox 919 3777 1137 3844; x_wconf 87' lang='lat' dir='ltr'><strong>placita,</strong></span> <span class='ocrx_word' id='word_1_383' title='bbox 1185 3791 1348 3847; x_wconf 87' lang='lat' dir='ltr'><strong>quem</strong></span> <span class='ocrx_word' id='word_1_384' title='bbox 1375 3793 1499 3832; x_wconf 90' lang='lat' dir='ltr'><strong>cum</strong></span> <span class='ocrx_word' id='word_1_385' title='bbox 1553 3777 1798 3848; x_wconf 88' lang='lat' dir='ltr'><strong>plerique</strong></span> <span class='ocrx_word' id='word_1_386' title='bbox 1856 3777 2175 3831; x_wconf 88' lang='lat' dir='ltr'><strong>clericorum</strong></span> 
     </span>
    </p>
   </div>
   <div class='ocr_carea' id='block_1_50' title="bbox 607 3868 2180 3936">
    <p class='ocr_par' dir='ltr' id='par_1_50' title="bbox 607 3868 2180 3936">
     <span class='ocr_line' id='line_1_50' title="bbox 607 3868 2180 3936; baseline 0 -12"><span class='ocrx_word' id='word_1_387' title='bbox 607 3882 719 3924; x_wconf 88' lang='lat' dir='ltr'><strong>non</strong></span> <span class='ocrx_word' id='word_1_388' title='bbox 745 3869 926 3923; x_wconf 78' lang='lat' dir='ltr'><strong>statim</strong></span> <span class='ocrx_word' id='word_1_389' title='bbox 950 3868 1293 3936; x_wconf 78' lang='lat' dir='ltr'><strong>expedirent,</strong></span> <span class='ocrx_word' id='word_1_390' title='bbox 1324 3869 1420 3926; x_wconf 88' lang='lat' dir='ltr'><strong>sed</strong></span> <span class='ocrx_word' id='word_1_391' title='bbox 1455 3869 1867 3925; x_wconf 86' lang='lat' dir='ltr'><strong>deliberabundi</strong></span> <span class='ocrx_word' id='word_1_392' title='bbox 1904 3879 2180 3924; x_wconf 86' lang='lat' dir='ltr'><strong>verentes—</strong></span> 
     </span>
    </p>
   </div>
   <div class='ocr_carea' id='block_1_51' title="bbox 604 3960 2175 4031">
    <p class='ocr_par' dir='ltr' id='par_1_51' title="bbox 604 3960 2175 4031">
     <span class='ocr_line' id='line_1_51' title="bbox 604 3960 2175 4031; baseline -0.001 -15"><span class='ocrx_word' id='word_1_393' title='bbox 604 3976 713 4030; x_wconf 87' lang='lat' dir='ltr'><strong>que</strong></span> <span class='ocrx_word' id='word_1_394' title='bbox 736 3960 1136 4025; x_wconf 90' lang='lat' dir='ltr'><strong>consultarent,</strong></span> <span class='ocrx_word' id='word_1_395' title='bbox 1187 3960 1407 4031; x_wconf 88' lang='lat' dir='ltr'><strong>quidam</strong></span> <span class='ocrx_word' id='word_1_396' title='bbox 1449 3961 1612 4017; x_wconf 85' lang='lat' dir='ltr'><strong>etiam</strong></span> <span class='ocrx_word' id='word_1_397' title='bbox 1653 3962 1798 4016; x_wconf 88' lang='lat' dir='ltr'><strong>clare</strong></span> <span class='ocrx_word' id='word_1_398' title='bbox 1847 3963 2175 4023; x_wconf 87' lang='lat' dir='ltr'><strong>abnuerent.</strong></span> 
     </span>
    </p>
   </div>
   <div class='ocr_carea' id='block_1_52' title="bbox 605 4054 2180 4128">
    <p class='ocr_par' dir='ltr' id='par_1_52' title="bbox 605 4054 2180 4128">
     <span class='ocr_line' id='line_1_52' title="bbox 605 4054 2180 4128; baseline -0.003 -14"><span class='ocrx_word' id='word_1_399' title='bbox 605 4055 662 4114; x_wconf 84' lang='lat' dir='ltr'><strong>in</strong></span> <span class='ocrx_word' id='word_1_400' title='bbox 695 4054 781 4110; x_wconf 78' lang='lat' dir='ltr'><strong>his</strong></span> <span class='ocrx_word' id='word_1_401' title='bbox 822 4055 1276 4112; x_wconf 80' lang='lat' dir='ltr'><strong>altercationibus</strong></span> <span class='ocrx_word' id='word_1_402' title='bbox 1309 4055 1443 4110; x_wconf 86' lang='lat' dir='ltr'><strong>hora</strong></span> <span class='ocrx_word' id='word_1_403' title='bbox 1488 4055 1729 4128; x_wconf 76' lang='lat' dir='ltr'><strong>legitima</strong></span> <span class='ocrx_word' id='word_1_404' title='bbox 1777 4057 1915 4111; x_wconf 85' lang='lat' dir='ltr'><strong>sacri</strong></span> <span class='ocrx_word' id='word_1_405' title='bbox 1947 4071 2012 4111; x_wconf 81' lang='lat' dir='ltr'><strong>ex</strong></span> <span class='ocrx_word' id='word_1_406' title='bbox 2043 4071 2180 4127; x_wconf 66' lang='lat' dir='ltr'><strong>prai-</strong></span> 
     </span>
    </p>
   </div>
   <div class='ocr_carea' id='block_1_53' title="bbox 607 4143 2181 4219">
    <p class='ocr_par' dir='ltr' id='par_1_53' title="bbox 607 4143 2181 4219">
     <span class='ocr_line' id='line_1_53' title="bbox 607 4143 2181 4219; baseline -0.004 -12"><span class='ocrx_word' id='word_1_407' title='bbox 607 4149 961 4207; x_wconf 80' lang='lat' dir='ltr'><strong>sanctificatis</strong></span> <span class='ocrx_word' id='word_1_408' title='bbox 997 4148 1091 4204; x_wconf 88' lang='lat' dir='ltr'><strong>tali</strong></span> <span class='ocrx_word' id='word_1_409' title='bbox 1119 4147 1207 4203; x_wconf 89' lang='lat' dir='ltr'><strong>die</strong></span> <span class='ocrx_word' id='word_1_410' title='bbox 1248 4147 1508 4203; x_wconf 86' lang='lat' dir='ltr'><strong>celebrari</strong></span> <span class='ocrx_word' id='word_1_411' title='bbox 1541 4143 1686 4203; x_wconf 86' lang='lat' dir='ltr'><strong>soliti</strong></span> <span class='ocrx_word' id='word_1_412' title='bbox 1715 4149 2000 4219; x_wconf 68' lang='lat' dir='ltr'><strong>praeteriit.</strong></span> <span class='ocrx_word' id='word_1_413' title='bbox 2047 4150 2181 4204; x_wconf 90' lang='lat' dir='ltr'><strong>Sero</strong></span> 
     </span>
    </p>
   </div>
   <div class='ocr_carea' id='block_1_54' title="bbox 608 4241 2180 4312">
    <p class='ocr_par' dir='ltr' id='par_1_54' title="bbox 608 4241 2180 4312">
     <span class='ocr_line' id='line_1_54' title="bbox 608 4241 2180 4312; baseline -0.004 -11"><span class='ocrx_word' id='word_1_414' title='bbox 608 4245 852 4308; x_wconf 82' lang='lat' dir='ltr'><strong>tandem,</strong></span> <span class='ocrx_word' id='word_1_415' title='bbox 912 4258 969 4298; x_wconf 88' lang='lat' dir='ltr'><strong>re</strong></span> <span class='ocrx_word' id='word_1_416' title='bbox 1000 4243 1054 4296; x_wconf 81' lang='lat' dir='ltr'><strong>i’u</strong></span> <span class='ocrx_word' id='word_1_417' title='bbox 1104 4241 1520 4297; x_wconf 85' lang='lat' dir='ltr'><strong>conventionem</strong></span> <span class='ocrx_word' id='word_1_418' title='bbox 1548 4241 1777 4298; x_wconf 86' lang='lat' dir='ltr'><strong>adducta</strong></span> <span class='ocrx_word' id='word_1_419' title='bbox 1824 4242 2180 4312; x_wconf 80' lang='lat' dir='ltr'><strong>qualemcun-</strong></span> 
     </span>
    </p>
   </div>
   <div class='ocr_carea' id='block_1_55' title="bbox 607 4332 2179 4405">
    <p class='ocr_par' dir='ltr' id='par_1_55' title="bbox 607 4332 2179 4405">
     <span class='ocr_line' id='line_1_55' title="bbox 607 4332 2179 4405; baseline -0.001 -16"><span class='ocrx_word' id='word_1_420' title='bbox 607 4352 734 4405; x_wconf 85' lang='lat' dir='ltr'><strong>que,</strong></span> <span class='ocrx_word' id='word_1_421' title='bbox 764 4333 1048 4404; x_wconf 87' lang='lat' dir='ltr'><strong>dispositis</strong></span> <span class='ocrx_word' id='word_1_422' title='bbox 1081 4347 1280 4405; x_wconf 74' lang='lat' dir='ltr'><strong>magno</strong></span> <span class='ocrx_word' id='word_1_423' title='bbox 1308 4346 1541 4386; x_wconf 86' lang='lat' dir='ltr'><strong>numero</strong></span> <span class='ocrx_word' id='word_1_424' title='bbox 1569 4332 1625 4387; x_wconf 89' lang='lat' dir='ltr'><strong>in</strong></span> <span class='ocrx_word' id='word_1_425' title='bbox 1661 4332 1940 4404; x_wconf 91' lang='lat' dir='ltr'><strong>duplicem</strong></span> <span class='ocrx_word' id='word_1_426' title='bbox 1980 4334 2179 4390; x_wconf 88' lang='lat' dir='ltr'><strong>seriem</strong></span> 
     </span>
    </p>
   </div>
   <div class='ocr_carea' id='block_1_56' title="bbox 608 4426 2182 4497">
    <p class='ocr_par' dir='ltr' id='par_1_56' title="bbox 608 4426 2182 4497">
     <span class='ocr_line' id='line_1_56' title="bbox 608 4426 2182 4497; baseline -0.002 -10"><span class='ocrx_word' id='word_1_427' title='bbox 608 4429 937 4487; x_wconf 86' lang='lat' dir='ltr'><strong>altrinsecus</strong></span> <span class='ocrx_word' id='word_1_428' title='bbox 969 4443 1000 4482; x_wconf 86' lang='lat' dir='ltr'><strong>a</strong></span> <span class='ocrx_word' id='word_1_429' title='bbox 1047 4426 1261 4482; x_wconf 82' lang='lat' dir='ltr'><strong>dextris</strong></span> <span class='ocrx_word' id='word_1_430' title='bbox 1291 4436 1346 4482; x_wconf 87' lang='lat' dir='ltr'><strong>et</strong></span> <span class='ocrx_word' id='word_1_431' title='bbox 1371 4426 1613 4483; x_wconf 87' lang='lat' dir='ltr'><strong>sinistris</strong></span> <span class='ocrx_word' id='word_1_432' title='bbox 1637 4435 1809 4497; x_wconf 64' lang='lat' dir='ltr'><strong>portae</strong></span> <span class='ocrx_word' id='word_1_433' title='bbox 1828 4427 2093 4496; x_wconf 71' lang='lat' dir='ltr'><strong>speciosae</strong></span> <span class='ocrx_word' id='word_1_434' title='bbox 2116 4428 2182 4484; x_wconf 89' lang='lat' dir='ltr'><strong>iis</strong></span> 
     </span>
    </p>
   </div>
   <div class='ocr_carea' id='block_1_57' title="bbox 608 4523 2183 4594">
    <p class='ocr_par' dir='ltr' id='par_1_57' title="bbox 608 4523 2183 4594">
     <span class='ocr_line' id='line_1_57' title="bbox 608 4523 2183 4594; baseline -0.001 -16"><span class='ocrx_word' id='word_1_435' title='bbox 608 4541 640 4579; x_wconf 89' lang='lat' dir='ltr'><strong>e</strong></span> <span class='ocrx_word' id='word_1_436' title='bbox 668 4525 871 4594; x_wconf 90' lang='lat' dir='ltr'><strong>populo</strong></span> <span class='ocrx_word' id='word_1_437' title='bbox 901 4523 1005 4578; x_wconf 91' lang='lat' dir='ltr'><strong>sibi</strong></span> <span class='ocrx_word' id='word_1_438' title='bbox 1038 4523 1298 4587; x_wconf 79' lang='lat' dir='ltr'><strong>obnoxio,</strong></span> <span class='ocrx_word' id='word_1_439' title='bbox 1346 4523 1437 4594; x_wconf 90' lang='lat' dir='ltr'><strong>qui</strong></span> <span class='ocrx_word' id='word_1_440' title='bbox 1481 4523 1597 4577; x_wconf 86' lang='lat' dir='ltr'><strong>zelo</strong></span> <span class='ocrx_word' id='word_1_441' title='bbox 1638 4523 1832 4592; x_wconf 86' lang='lat' dir='ltr'><strong>majori</strong></span> <span class='ocrx_word' id='word_1_442' title='bbox 1875 4538 2034 4578; x_wconf 83' lang='lat' dir='ltr'><strong>sensa</strong></span> <span class='ocrx_word' id='word_1_443' title='bbox 2090 4524 2183 4579; x_wconf 85' lang='lat' dir='ltr'><strong>de-</strong></span> 
     </span>
    </p>
   </div>
   <div class='ocr_carea' id='block_1_58' title="bbox 2286 2009 3852 2093">
    <p class='ocr_par' dir='ltr' id='par_1_58' title="bbox 2286 2009 3852 2093">
     <span class='ocr_line' id='line_1_58' title="bbox 2286 2009 3852 2093; baseline -0.003 -17"><span class='ocrx_word' id='word_1_444' title='bbox 2286 2009 2535 2079; x_wconf 73' lang='grc' dir='ltr'>κλησίας,</span> <span class='ocrx_word' id='word_1_445' title='bbox 2563 2013 2920 2086; x_wconf 83' lang='grc' dir='ltr'>Χριστιανούς</span> <span class='ocrx_word' id='word_1_446' title='bbox 2947 2039 3011 2090; x_wconf 80' lang='grc' dir='ltr'><strong>γε</strong></span> <span class='ocrx_word' id='word_1_447' title='bbox 3050 2022 3228 2089; x_wconf 74' lang='grc' dir='ltr'>ὄντας,</span> <span class='ocrx_word' id='word_1_448' title='bbox 3291 2024 3511 2093; x_wconf 75' lang='grc' dir='ltr'>ἀγάπης</span> <span class='ocrx_word' id='word_1_449' title='bbox 3566 2023 3852 2093; x_wconf 71' lang='grc' dir='ltr'>φιλήματι.</span> 
     </span>
    </p>
   </div>
   <div class='ocr_carea' id='block_1_59' title="bbox 2286 2105 3856 2191">
    <p class='ocr_par' dir='ltr' id='par_1_59' title="bbox 2286 2105 3856 2191">
     <span class='ocr_line' id='line_1_59' title="bbox 2286 2105 3856 2191; baseline 0.007 -34"><span class='ocrx_word' id='word_1_450' title='bbox 2286 2105 2394 2158; x_wconf 82' lang='grc' dir='ltr'><strong>Καὶ</strong></span> <span class='ocrx_word' id='word_1_451' title='bbox 2423 2106 2487 2179; x_wconf 79' lang='grc' dir='ltr'>δὴ</span> <span class='ocrx_word' id='word_1_452' title='bbox 2505 2113 2936 2180; x_wconf 83' lang='grc' dir='ltr'>προσεκαλοῠντο</span> <span class='ocrx_word' id='word_1_453' title='bbox 2966 2118 3064 2188; x_wconf 75' lang='grc' dir='ltr'><strong>μὲν</strong></span> <span class='ocrx_word' id='word_1_454' title='bbox 3095 2120 3395 2191; x_wconf 79' lang='grc' dir='ltr'>ἀρχιερεῖς,</span> <span class='ocrx_word' id='word_1_455' title='bbox 3425 2117 3856 2190; x_wconf 76' lang='grc' dir='ltr'>προσεκαλοῦντο</span> 
     </span>
    </p>
   </div>
   <div class='ocr_carea' id='block_1_60' title="bbox 2283 2196 3853 2284">
    <p class='ocr_par' dir='ltr' id='par_1_60' title="bbox 2283 2196 3853 2284">
     <span class='ocr_line' id='line_1_60' title="bbox 2283 2196 3853 2284; baseline 0.008 -35"><span class='ocrx_word' id='word_1_456' title='bbox 2283 2196 2338 2250; x_wconf 83' lang='grc' dir='ltr'>δὲ</span> <span class='ocrx_word' id='word_1_457' title='bbox 2369 2200 2637 2271; x_wconf 70' lang='grc' dir='ltr'>κληρικοὶ,</span> <span class='ocrx_word' id='word_1_458' title='bbox 2661 2207 2755 2260; x_wconf 85' lang='grc' dir='ltr'>καὶ</span> <span class='ocrx_word' id='word_1_459' title='bbox 2781 2210 2881 2275; x_wconf 81' lang='grc' dir='ltr'>τῆς</span> <span class='ocrx_word' id='word_1_460' title='bbox 2909 2210 3001 2263; x_wconf 61' lang='grc' dir='ltr'><strong>ἐπὶ</strong></span> <span class='ocrx_word' id='word_1_461' title='bbox 3026 2213 3092 2282; x_wconf 81' lang='grc' dir='ltr'><strong>τῇ</strong></span> <span class='ocrx_word' id='word_1_462' title='bbox 3123 2211 3312 2284; x_wconf 78' lang='grc' dir='ltr'>πρώτη</span> <span class='ocrx_word' id='word_1_463' title='bbox 3359 2213 3450 2265; x_wconf 75' lang='grc' dir='ltr'>καὶ</span> <span class='ocrx_word' id='word_1_464' title='bbox 3476 2211 3644 2282; x_wconf 78' lang='grc' dir='ltr'>κυρίᾳ</span> <span class='ocrx_word' id='word_1_465' title='bbox 3671 2210 3853 2262; x_wconf 73' lang='grc' dir='ltr'>δευτέ-</span> 
     </span>
    </p>
   </div>
   <div class='ocr_carea' id='block_1_61' title="bbox 2283 2298 3853 2378">
    <p class='ocr_par' dir='ltr' id='par_1_61' title="bbox 2283 2298 3853 2378">
     <span class='ocr_line' id='line_1_61' title="bbox 2283 2298 3853 2378; baseline -0.004 -17"><span class='ocrx_word' id='word_1_466' title='bbox 2283 2308 2383 2361; x_wconf 73' lang='grc' dir='ltr'><strong>ρας</strong></span> <span class='ocrx_word' id='word_1_467' title='bbox 2433 2298 2788 2368; x_wconf 81' lang='grc' dir='ltr'>συναχθέντες</span> <span class='ocrx_word' id='word_1_468' title='bbox 2835 2300 2953 2370; x_wconf 73' lang='grc' dir='ltr'><strong>ἅμα</strong></span> <span class='ocrx_word' id='word_1_469' title='bbox 3009 2304 3307 2378; x_wconf 79' lang='grc' dir='ltr'>φιλήμασιν</span> <span class='ocrx_word' id='word_1_470' title='bbox 3362 2304 3559 2374; x_wconf 80' lang='grc' dir='ltr'>ἁγίοις,</span> <span class='ocrx_word' id='word_1_471' title='bbox 3603 2303 3679 2366; x_wconf 84' lang='grc' dir='ltr'>ῶς</span> <span class='ocrx_word' id='word_1_472' title='bbox 3727 2302 3762 2373; x_wconf 70' lang='grc' dir='ltr'>ἠ</span> <span class='ocrx_word' id='word_1_473' title='bbox 3795 2317 3853 2355; x_wconf 82' lang='grc' dir='ltr'><strong>τε</strong></span> 
     </span>
    </p>
   </div>
   <div class='ocr_carea' id='block_1_62' title="bbox 2280 2565 3854 2638">
    <p class='ocr_par' dir='ltr' id='par_1_62' title="bbox 2280 2565 3854 2638">
     <span class='ocr_line' id='line_1_62' title="bbox 2280 2565 3854 2638; baseline 0.001 -18"><span class='ocrx_word' id='word_1_474' title='bbox 2280 2565 2416 2622; x_wconf 77' lang='lat' dir='ltr'><strong>Cum</strong></span> <span class='ocrx_word' id='word_1_475' title='bbox 2484 2581 2618 2623; x_wconf 85' lang='lat' dir='ltr'><strong>vero</strong></span> <span class='ocrx_word' id='word_1_476' title='bbox 2665 2568 2782 2624; x_wconf 77' lang='lat' dir='ltr'><strong>luce</strong></span> <span class='ocrx_word' id='word_1_477' title='bbox 2838 2577 3053 2638; x_wconf 82' lang='lat' dir='ltr'><strong>postera</strong></span> <span class='ocrx_word' id='word_1_478' title='bbox 3127 2569 3369 2625; x_wconf 88' lang='lat' dir='ltr'><strong>solemne</strong></span> <span class='ocrx_word' id='word_1_479' title='bbox 3423 2584 3640 2626; x_wconf 81' lang='lat' dir='ltr'><strong>sacrum</strong></span> <span class='ocrx_word' id='word_1_480' title='bbox 3705 2567 3854 2623; x_wconf 70' lang='lat' dir='ltr'><strong>ferite</strong></span> 
     </span>
    </p>
   </div>
   <div class='ocr_carea' id='block_1_63' title="bbox 2282 2656 3855 2730">
    <p class='ocr_par' dir='ltr' id='par_1_63' title="bbox 2282 2656 3855 2730">
     <span class='ocr_line' id='line_1_63' title="bbox 2282 2656 3855 2730; baseline 0.002 -19"><span class='ocrx_word' id='word_1_481' title='bbox 2282 2658 2488 2727; x_wconf 57' lang='lat' dir='ltr'><strong>quintae</strong></span> <span class='ocrx_word' id='word_1_482' title='bbox 2518 2656 2874 2714; x_wconf 76' lang='lat' dir='ltr'><strong>hebdomadas</strong></span> <span class='ocrx_word' id='word_1_483' title='bbox 2907 2660 3128 2730; x_wconf 87' lang='lat' dir='ltr'><strong>majoris</strong></span> <span class='ocrx_word' id='word_1_484' title='bbox 3163 2661 3557 2725; x_wconf 87' lang='lat' dir='ltr'><strong>celebraretur,</strong></span> <span class='ocrx_word' id='word_1_485' title='bbox 3611 2675 3855 2730; x_wconf 80' lang='lat' dir='ltr'><strong>praesen-</strong></span> 
     </span>
    </p>
   </div>
   <div class='ocr_carea' id='block_1_64' title="bbox 2285 2749 3854 2824">
    <p class='ocr_par' dir='ltr' id='par_1_64' title="bbox 2285 2749 3854 2824">
     <span class='ocr_line' id='line_1_64' title="bbox 2285 2749 3854 2824; baseline 0.003 -20"><span class='ocrx_word' id='word_1_486' title='bbox 2285 2749 2560 2820; x_wconf 87' lang='lat' dir='ltr'><strong>tibusjam</strong></span> <span class='ocrx_word' id='word_1_487' title='bbox 2602 2754 2841 2812; x_wconf 81' lang='lat' dir='ltr'><strong>cunctis.</strong></span> <span class='ocrx_word' id='word_1_488' title='bbox 2873 2754 3074 2824; x_wconf 87' lang='lat' dir='ltr'><strong>quippe</strong></span> <span class='ocrx_word' id='word_1_489' title='bbox 3099 2755 3220 2809; x_wconf 88' lang='lat' dir='ltr'><strong>sine</strong></span> <span class='ocrx_word' id='word_1_490' title='bbox 3254 2754 3573 2812; x_wconf 89' lang='lat' dir='ltr'><strong>discrimine</strong></span> <span class='ocrx_word' id='word_1_491' title='bbox 3597 2753 3854 2810; x_wconf 84' lang='lat' dir='ltr'><strong>admissis</strong></span> 
     </span>
    </p>
   </div>
   <div class='ocr_carea' id='block_1_65' title="bbox 2280 2843 3854 2916">
    <p class='ocr_par' dir='ltr' id='par_1_65' title="bbox 2280 2843 3854 2916">
     <span class='ocr_line' id='line_1_65' title="bbox 2280 2843 3854 2916; baseline 0.003 -17"><span class='ocrx_word' id='word_1_492' title='bbox 2280 2843 2579 2910; x_wconf 87' lang='lat' dir='ltr'><strong>universis,</strong></span> <span class='ocrx_word' id='word_1_493' title='bbox 2607 2847 2700 2916; x_wconf 88' lang='lat' dir='ltr'><strong>qui</strong></span> <span class='ocrx_word' id='word_1_494' title='bbox 2755 2850 2830 2901; x_wconf 87' lang='lat' dir='ltr'><strong>rei</strong></span> <span class='ocrx_word' id='word_1_495' title='bbox 2857 2858 3144 2916; x_wconf 61' lang='lat' dir='ltr'><strong>praeerant,</strong></span> <span class='ocrx_word' id='word_1_496' title='bbox 3170 2846 3421 2903; x_wconf 86' lang='lat' dir='ltr'><strong>frustrari</strong></span> <span class='ocrx_word' id='word_1_497' title='bbox 3461 2849 3854 2903; x_wconf 81' lang='lat' dir='ltr'><strong>communione</strong></span> 
     </span>
    </p>
   </div>
   <div class='ocr_carea' id='block_1_66' title="bbox 2279 2938 3851 3010">
    <p class='ocr_par' dir='ltr' id='par_1_66' title="bbox 2279 2938 3851 3010">
     <span class='ocr_line' id='line_1_66' title="bbox 2279 2938 3851 3010; baseline 0.001 -18"><span class='ocrx_word' id='word_1_498' title='bbox 2279 2938 2663 2994; x_wconf 87' lang='lat' dir='ltr'><strong>reconciliatos</strong></span> <span class='ocrx_word' id='word_1_499' title='bbox 2709 2939 2885 3010; x_wconf 85' lang='lat' dir='ltr'><strong>pridie</strong></span> <span class='ocrx_word' id='word_1_500' title='bbox 2917 2940 3037 2996; x_wconf 88' lang='lat' dir='ltr'><strong>sine</strong></span> <span class='ocrx_word' id='word_1_501' title='bbox 3069 2941 3310 3010; x_wconf 89' lang='lat' dir='ltr'><strong>ipsorum</strong></span> <span class='ocrx_word' id='word_1_502' title='bbox 3365 2955 3554 3004; x_wconf 86' lang='lat' dir='ltr'><strong>sensu,</strong></span> <span class='ocrx_word' id='word_1_503' title='bbox 3605 2939 3751 3009; x_wconf 91' lang='lat' dir='ltr'><strong>quod</strong></span> <span class='ocrx_word' id='word_1_504' title='bbox 3775 2938 3851 2993; x_wconf 86' lang='lat' dir='ltr'><strong>ita</strong></span> 
     </span>
    </p>
   </div>
   <div class='ocr_carea' id='block_1_67' title="bbox 2278 3031 3851 3105">
    <p class='ocr_par' dir='ltr' id='par_1_67' title="bbox 2278 3031 3851 3105">
     <span class='ocr_line' id='line_1_67' title="bbox 2278 3031 3851 3105; baseline 0.001 -19"><span class='ocrx_word' id='word_1_505' title='bbox 2278 3031 2662 3094; x_wconf 86' lang='lat' dir='ltr'><strong>decreverant,</strong></span> <span class='ocrx_word' id='word_1_506' title='bbox 2708 3032 3013 3098; x_wconf 89' lang='lat' dir='ltr'><strong>studentes,</strong></span> <span class='ocrx_word' id='word_1_507' title='bbox 3041 3050 3236 3105; x_wconf 85' lang='lat' dir='ltr'><strong>panem</strong></span> <span class='ocrx_word' id='word_1_508' title='bbox 3266 3054 3294 3090; x_wconf 75' lang='grc' dir='ltr'><strong>ε</strong></span> <span class='ocrx_word' id='word_1_509' title='bbox 3318 3032 3438 3092; x_wconf 89' lang='lat' dir='ltr'><strong>foro</strong></span> <span class='ocrx_word' id='word_1_510' title='bbox 3458 3033 3596 3090; x_wconf 84' lang='lat' dir='ltr'><strong>clam</strong></span> <span class='ocrx_word' id='word_1_511' title='bbox 3626 3033 3851 3089; x_wconf 86' lang='lat' dir='ltr'><strong>allatum</strong></span> 
     </span>
    </p>
   </div>
   <div class='ocr_carea' id='block_1_68' title="bbox 2277 3125 3856 3198">
    <p class='ocr_par' dir='ltr' id='par_1_68' title="bbox 2277 3125 3856 3198">
     <span class='ocr_line' id='line_1_68' title="bbox 2277 3125 3856 3198; baseline 0.001 -20"><span class='ocrx_word' id='word_1_512' title='bbox 2277 3134 2333 3178; x_wconf 91' lang='lat' dir='ltr'><strong>et</strong></span> <span class='ocrx_word' id='word_1_513' title='bbox 2367 3134 2578 3179; x_wconf 87' lang='lat' dir='ltr'><strong>sectum</strong></span> <span class='ocrx_word' id='word_1_514' title='bbox 2621 3126 2673 3179; x_wconf 91' lang='lat' dir='ltr'><strong>in</strong></span> <span class='ocrx_word' id='word_1_515' title='bbox 2728 3126 2958 3183; x_wconf 86' lang='lat' dir='ltr'><strong>frustula</strong></span> <span class='ocrx_word' id='word_1_516' title='bbox 3021 3127 3091 3182; x_wconf 90' lang='lat' dir='ltr'><strong>iis</strong></span> <span class='ocrx_word' id='word_1_517' title='bbox 3136 3125 3341 3198; x_wconf 75' lang='lat' dir='ltr'><strong>ignaris</strong></span> <span class='ocrx_word' id='word_1_518' title='bbox 3398 3136 3652 3196; x_wconf 87' lang='lat' dir='ltr'><strong>tanquam</strong></span> <span class='ocrx_word' id='word_1_519' title='bbox 3709 3126 3856 3181; x_wconf 84' lang='lat' dir='ltr'><strong>sacri</strong></span> 
     </span>
    </p>
   </div>
   <div class='ocr_carea' id='block_1_69' title="bbox 2278 3218 3858 3288">
    <p class='ocr_par' dir='ltr' id='par_1_69' title="bbox 2278 3218 3858 3288">
     <span class='ocr_line' id='line_1_69' title="bbox 2278 3218 3858 3288; baseline 0.003 -18"><span class='ocrx_word' id='word_1_520' title='bbox 2278 3219 2435 3287; x_wconf 89' lang='lat' dir='ltr'><strong>panis</strong></span> <span class='ocrx_word' id='word_1_521' title='bbox 2458 3218 2751 3288; x_wconf 87' lang='lat' dir='ltr'><strong>particulas</strong></span> <span class='ocrx_word' id='word_1_522' title='bbox 2789 3218 3213 3275; x_wconf 89' lang='lat' dir='ltr'><strong>distribuerunt.</strong></span> <span class='ocrx_word' id='word_1_523' title='bbox 3273 3218 3429 3287; x_wconf 87' lang='lat' dir='ltr'><strong>Quod</strong></span> <span class='ocrx_word' id='word_1_524' title='bbox 3460 3236 3584 3276; x_wconf 89' lang='lat' dir='ltr'><strong>cum</strong></span> <span class='ocrx_word' id='word_1_525' title='bbox 3641 3220 3719 3276; x_wconf 88' lang='lat' dir='ltr'><strong>illi</strong></span> <span class='ocrx_word' id='word_1_526' title='bbox 3757 3219 3858 3274; x_wconf 86' lang='lat' dir='ltr'><strong>de-</strong></span> 
     </span>
    </p>
   </div>
   <div class='ocr_carea' id='block_1_70' title="bbox 2280 3309 3861 3383">
    <p class='ocr_par' dir='ltr' id='par_1_70' title="bbox 2280 3309 3861 3383">
     <span class='ocr_line' id='line_1_70' title="bbox 2280 3309 3861 3383; baseline 0.001 -19"><span class='ocrx_word' id='word_1_527' title='bbox 2280 3309 2409 3366; x_wconf 91' lang='lat' dir='ltr'><strong>inde</strong></span> <span class='ocrx_word' id='word_1_528' title='bbox 2445 3311 2822 3376; x_wconf 88' lang='lat' dir='ltr'><strong>rescivissent,</strong></span> <span class='ocrx_word' id='word_1_529' title='bbox 2854 3312 3095 3367; x_wconf 85' lang='lat' dir='ltr'><strong>immane</strong></span> <span class='ocrx_word' id='word_1_530' title='bbox 3121 3321 3388 3382; x_wconf 80' lang='lat' dir='ltr'><strong>quantum</strong></span> <span class='ocrx_word' id='word_1_531' title='bbox 3423 3313 3686 3383; x_wconf 67' lang='lat' dir='ltr'><strong>indignati</strong></span> <span class='ocrx_word' id='word_1_532' title='bbox 3722 3311 3861 3366; x_wconf 68' lang='lat' dir='ltr'><strong>elle-</strong></span> 
     </span>
    </p>
   </div>
   <div class='ocr_carea' id='block_1_71' title="bbox 2278 3403 3860 3476">
    <p class='ocr_par' dir='ltr' id='par_1_71' title="bbox 2278 3403 3860 3476">
     <span class='ocr_line' id='line_1_71' title="bbox 2278 3403 3860 3476; baseline 0.001 -19"><span class='ocrx_word' id='word_1_533' title='bbox 2278 3403 2491 3474; x_wconf 87' lang='lat' dir='ltr'><strong>ratique</strong></span> <span class='ocrx_word' id='word_1_534' title='bbox 2529 3413 2681 3460; x_wconf 85' lang='lat' dir='ltr'><strong>sunt.</strong></span> <span class='ocrx_word' id='word_1_535' title='bbox 2711 3403 2914 3460; x_wconf 80' lang='lat' dir='ltr'><strong>Verum</strong></span> <span class='ocrx_word' id='word_1_536' title='bbox 2968 3405 3042 3461; x_wconf 84' lang='lat' dir='ltr'><strong>ita</strong></span> <span class='ocrx_word' id='word_1_537' title='bbox 3097 3406 3162 3460; x_wconf 64' lang='lat' dir='ltr'><strong>in,</strong></span> <span class='ocrx_word' id='word_1_538' title='bbox 3197 3405 3411 3461; x_wconf 89' lang='lat' dir='ltr'><strong>ruinam</strong></span> <span class='ocrx_word' id='word_1_539' title='bbox 3461 3421 3550 3461; x_wconf 80' lang='lat' dir='ltr'><strong>res</strong></span> <span class='ocrx_word' id='word_1_540' title='bbox 3611 3406 3860 3476; x_wconf 90' lang='lat' dir='ltr'><strong>ipsorum</strong></span> 
     </span>
    </p>
   </div>
   <div class='ocr_carea' id='block_1_72' title="bbox 2277 3486 3859 3568">
    <p class='ocr_par' dir='ltr' id='par_1_72' title="bbox 2277 3486 3859 3568">
     <span class='ocr_line' id='line_1_72' title="bbox 2277 3486 3859 3568; baseline 0.001 -18"><span class='ocrx_word' id='word_1_541' title='bbox 2277 3494 2690 3559; x_wconf 82' lang='lat' dir='ltr'><strong>incumbebant,</strong></span> <span class='ocrx_word' id='word_1_542' title='bbox 2738 3505 2800 3551; x_wconf 89' lang='lat' dir='ltr'><strong>ut</strong></span> <span class='ocrx_word' id='word_1_543' title='bbox 2830 3497 3210 3566; x_wconf 79' lang='lat' dir='ltr'><strong>reputantibus</strong></span> <span class='ocrx_word' id='word_1_544' title='bbox 3239 3497 3370 3568; x_wconf 91' lang='lat' dir='ltr'><strong>quid</strong></span> <span class='ocrx_word' id='word_1_545' title='bbox 3403 3486 3775 3552; x_wconf 87' lang='lat' dir='ltr'><strong>verisimiliter</strong></span> <span class='ocrx_word' id='word_1_546' title='bbox 3799 3497 3859 3552; x_wconf 89' lang='lat' dir='ltr'><strong>in</strong></span> 
     </span>
    </p>
   </div>
   <div class='ocr_carea' id='block_1_73' title="bbox 2276 3587 3860 3663">
    <p class='ocr_par' dir='ltr' id='par_1_73' title="bbox 2276 3587 3860 3663">
     <span class='ocr_line' id='line_1_73' title="bbox 2276 3587 3860 3663; baseline 0.001 -23"><span class='ocrx_word' id='word_1_547' title='bbox 2276 3597 2556 3657; x_wconf 87' lang='lat' dir='ltr'><strong>posterum</strong></span> <span class='ocrx_word' id='word_1_548' title='bbox 2587 3587 2864 3655; x_wconf 89' lang='lat' dir='ltr'><strong>timerent,</strong></span> <span class='ocrx_word' id='word_1_549' title='bbox 2897 3589 3202 3645; x_wconf 85' lang='lat' dir='ltr'><strong>tolerabilia</strong></span> <span class='ocrx_word' id='word_1_550' title='bbox 3253 3588 3574 3663; x_wconf 78' lang='lat' dir='ltr'><strong>existimari</strong></span> <span class='ocrx_word' id='word_1_551' title='bbox 3612 3604 3860 3657; x_wconf 67' lang='lat' dir='ltr'><strong>prmscn-</strong></span> 
     </span>
    </p>
   </div>
   <div class='ocr_carea' id='block_1_74' title="bbox 2279 3679 3863 3751">
    <p class='ocr_par' dir='ltr' id='par_1_74' title="bbox 2279 3679 3863 3751">
     <span class='ocr_line' id='line_1_74' title="bbox 2279 3679 3863 3751; baseline 0.001 -16"><span class='ocrx_word' id='word_1_552' title='bbox 2279 3681 2356 3735; x_wconf 87' lang='lat' dir='ltr'><strong>tia</strong></span> <span class='ocrx_word' id='word_1_553' title='bbox 2403 3690 2681 3750; x_wconf 84' lang='lat' dir='ltr'><strong>utcunque</strong></span> <span class='ocrx_word' id='word_1_554' title='bbox 2752 3680 3106 3738; x_wconf 89' lang='lat' dir='ltr'><strong>acerbissima</strong></span> <span class='ocrx_word' id='word_1_555' title='bbox 3179 3697 3278 3751; x_wconf 88' lang='lat' dir='ltr'><strong>par</strong></span> <span class='ocrx_word' id='word_1_556' title='bbox 3328 3692 3496 3738; x_wconf 89' lang='lat' dir='ltr'><strong>esset.</strong></span> <span class='ocrx_word' id='word_1_557' title='bbox 3581 3679 3863 3737; x_wconf 77' lang='lat' dir='ltr'><strong>Ferebant</strong></span> 
     </span>
    </p>
   </div>
   <div class='ocr_carea' id='block_1_75' title="bbox 2280 3772 3863 3846">
    <p class='ocr_par' dir='ltr' id='par_1_75' title="bbox 2280 3772 3863 3846">
     <span class='ocr_line' id='line_1_75' title="bbox 2280 3772 3863 3846; baseline 0.001 -20"><span class='ocrx_word' id='word_1_558' title='bbox 2280 3772 2443 3846; x_wconf 72' lang='lat' dir='ltr'><strong>igitur</strong></span> <span class='ocrx_word' id='word_1_559' title='bbox 2491 3784 2549 3827; x_wconf 92' lang='lat' dir='ltr'><strong>ut</strong></span> <span class='ocrx_word' id='word_1_560' title='bbox 2582 3782 2858 3843; x_wconf 87' lang='lat' dir='ltr'><strong>poterant,</strong></span> <span class='ocrx_word' id='word_1_561' title='bbox 2915 3783 2973 3830; x_wconf 85' lang='lat' dir='ltr'><strong>et</strong></span> <span class='ocrx_word' id='word_1_562' title='bbox 3021 3773 3293 3830; x_wconf 86' lang='lat' dir='ltr'><strong>durabant</strong></span> <span class='ocrx_word' id='word_1_563' title='bbox 3331 3790 3390 3828; x_wconf 89' lang='lat' dir='ltr'><strong>se</strong></span> <span class='ocrx_word' id='word_1_564' title='bbox 3428 3774 3492 3829; x_wconf 90' lang='lat' dir='ltr'><strong>ad</strong></span> <span class='ocrx_word' id='word_1_565' title='bbox 3534 3773 3863 3845; x_wconf 85' lang='lat' dir='ltr'><strong>patientiam</strong></span> 
     </span>
    </p>
   </div>
   <div class='ocr_carea' id='block_1_76' title="bbox 2279 3867 3868 3938">
    <p class='ocr_par' dir='ltr' id='par_1_76' title="bbox 2279 3867 3868 3938">
     <span class='ocr_line' id='line_1_76' title="bbox 2279 3867 3868 3938; baseline 0.001 -18"><span class='ocrx_word' id='word_1_566' title='bbox 2279 3868 2620 3938; x_wconf 72' lang='lat' dir='ltr'><strong>graviorum,</strong></span> <span class='ocrx_word' id='word_1_567' title='bbox 2657 3867 2840 3921; x_wconf 80' lang='lat' dir='ltr'><strong>acrius</strong></span> <span class='ocrx_word' id='word_1_568' title='bbox 2869 3867 3156 3938; x_wconf 86' lang='lat' dir='ltr'><strong>inquietati</strong></span> <span class='ocrx_word' id='word_1_569' title='bbox 3198 3867 3492 3922; x_wconf 88' lang='lat' dir='ltr'><strong>formidine</strong></span> <span class='ocrx_word' id='word_1_570' title='bbox 3530 3868 3868 3935; x_wconf 82' lang='lat' dir='ltr'><strong>impenden-</strong></span> 
     </span>
    </p>
   </div>
   <div class='ocr_carea' id='block_1_77' title="bbox 2279 3959 3864 4032">
    <p class='ocr_par' dir='ltr' id='par_1_77' title="bbox 2279 3959 3864 4032">
     <span class='ocr_line' id='line_1_77' title="bbox 2279 3959 3864 4032; baseline 0.001 -18"><span class='ocrx_word' id='word_1_571' title='bbox 2279 3961 2416 4014; x_wconf 84' lang='lat' dir='ltr'><strong>tium</strong></span> <span class='ocrx_word' id='word_1_572' title='bbox 2451 3959 2922 4016; x_wconf 88' lang='lat' dir='ltr'><strong>iucommodorum</strong></span> <span class='ocrx_word' id='word_1_573' title='bbox 2951 3975 3115 4030; x_wconf 90' lang='lat' dir='ltr'><strong>quam</strong></span> <span class='ocrx_word' id='word_1_574' title='bbox 3145 3974 3312 4016; x_wconf 84' lang='lat' dir='ltr'><strong>sensu</strong></span> <span class='ocrx_word' id='word_1_575' title='bbox 3343 3961 3457 4032; x_wconf 85' lang='lat' dir='ltr'><strong>jam</strong></span> <span class='ocrx_word' id='word_1_576' title='bbox 3470 3960 3864 4032; x_wconf 83' lang='lat' dir='ltr'><strong>appulsorum.</strong></span> 
     </span>
    </p>
   </div>
   <div class='ocr_carea' id='block_1_78' title="bbox 2280 4050 3868 4123">
    <p class='ocr_par' dir='ltr' id='par_1_78' title="bbox 2280 4050 3868 4123">
     <span class='ocr_line' id='line_1_78' title="bbox 2280 4050 3868 4123; baseline 0.002 -17"><span class='ocrx_word' id='word_1_577' title='bbox 2280 4050 2414 4106; x_wconf 81' lang='lat' dir='ltr'><strong>Nam</strong></span> <span class='ocrx_word' id='word_1_578' title='bbox 2461 4051 2657 4106; x_wconf 89' lang='lat' dir='ltr'><strong>malum</strong></span> <span class='ocrx_word' id='word_1_579' title='bbox 2687 4053 2943 4123; x_wconf 70' lang='lat' dir='ltr'><strong>praesenti</strong></span> <span class='ocrx_word' id='word_1_580' title='bbox 2977 4051 3027 4105; x_wconf 90' lang='lat' dir='ltr'><strong>vi</strong></span> <span class='ocrx_word' id='word_1_581' title='bbox 3074 4066 3324 4123; x_wconf 80' lang='lat' dir='ltr'><strong>pungens</strong></span> <span class='ocrx_word' id='word_1_582' title='bbox 3375 4052 3628 4108; x_wconf 82' lang='lat' dir='ltr'><strong>homines</strong></span> <span class='ocrx_word' id='word_1_583' title='bbox 3657 4062 3868 4109; x_wconf 83' lang='lat' dir='ltr'><strong>natura</strong></span> 
     </span>
    </p>
   </div>
   <div class='ocr_carea' id='block_1_79' title="bbox 2282 4143 3865 4214">
    <p class='ocr_par' dir='ltr' id='par_1_79' title="bbox 2282 4143 3865 4214">
     <span class='ocr_line' id='line_1_79' title="bbox 2282 4143 3865 4214; baseline 0.001 -15"><span class='ocrx_word' id='word_1_584' title='bbox 2282 4145 2561 4214; x_wconf 83' lang='lat' dir='ltr'><strong>expositos</strong></span> <span class='ocrx_word' id='word_1_585' title='bbox 2591 4143 2834 4200; x_wconf 91' lang='lat' dir='ltr'><strong>incursui</strong></span> <span class='ocrx_word' id='word_1_586' title='bbox 2869 4143 3029 4211; x_wconf 75' lang='lat' dir='ltr'><strong>longe</strong></span> <span class='ocrx_word' id='word_1_587' title='bbox 3058 4145 3233 4214; x_wconf 79' lang='lat' dir='ltr'><strong>magis</strong></span> <span class='ocrx_word' id='word_1_588' title='bbox 3266 4145 3534 4200; x_wconf 86' lang='lat' dir='ltr'><strong>atrocium</strong></span> <span class='ocrx_word' id='word_1_589' title='bbox 3585 4145 3865 4201; x_wconf 82' lang='lat' dir='ltr'><strong>malorum</strong></span> 
     </span>
    </p>
   </div>
   <div class='ocr_carea' id='block_1_80' title="bbox 2282 4235 3863 4307">
    <p class='ocr_par' dir='ltr' id='par_1_80' title="bbox 2282 4235 3863 4307">
     <span class='ocr_line' id='line_1_80' title="bbox 2282 4235 3863 4307; baseline -0.002 -15"><span class='ocrx_word' id='word_1_590' title='bbox 2282 4237 2570 4292; x_wconf 81' lang='lat' dir='ltr'><strong>contristat</strong></span> <span class='ocrx_word' id='word_1_591' title='bbox 2596 4238 2813 4306; x_wconf 90' lang='lat' dir='ltr'><strong>quidem</strong></span> <span class='ocrx_word' id='word_1_592' title='bbox 2866 4245 2924 4291; x_wconf 88' lang='lat' dir='ltr'><strong>et</strong></span> <span class='ocrx_word' id='word_1_593' title='bbox 2953 4235 3158 4290; x_wconf 86' lang='lat' dir='ltr'><strong>cruciat</strong></span> <span class='ocrx_word' id='word_1_594' title='bbox 3188 4251 3288 4307; x_wconf 89' lang='lat' dir='ltr'><strong>pro</strong></span> <span class='ocrx_word' id='word_1_595' title='bbox 3339 4235 3660 4291; x_wconf 81' lang='lat' dir='ltr'><strong>conditione</strong></span> <span class='ocrx_word' id='word_1_596' title='bbox 3703 4251 3863 4291; x_wconf 86' lang='lat' dir='ltr'><strong>mor-</strong></span> 
     </span>
    </p>
   </div>
   <div class='ocr_carea' id='block_1_81' title="bbox 2285 4327 3873 4396">
    <p class='ocr_par' dir='ltr' id='par_1_81' title="bbox 2285 4327 3873 4396">
     <span class='ocr_line' id='line_1_81' title="bbox 2285 4327 3873 4396; baseline 0 -12"><span class='ocrx_word' id='word_1_597' title='bbox 2285 4328 2512 4385; x_wconf 86' lang='lat' dir='ltr'><strong>talitatis</strong></span> <span class='ocrx_word' id='word_1_598' title='bbox 2553 4329 2602 4382; x_wconf 90' lang='lat' dir='ltr'><strong>ei</strong></span> <span class='ocrx_word' id='word_1_599' title='bbox 2649 4327 2957 4396; x_wconf 88' lang='lat' dir='ltr'><strong>subjectum</strong></span> <span class='ocrx_word' id='word_1_600' title='bbox 3016 4335 3200 4396; x_wconf 90' lang='lat' dir='ltr'><strong>caput,</strong></span> <span class='ocrx_word' id='word_1_601' title='bbox 3260 4342 3370 4383; x_wconf 89' lang='lat' dir='ltr'><strong>non</strong></span> <span class='ocrx_word' id='word_1_602' title='bbox 3411 4335 3594 4382; x_wconf 85' lang='lat' dir='ltr'><strong>tamen</strong></span> <span class='ocrx_word' id='word_1_603' title='bbox 3629 4327 3748 4382; x_wconf 86' lang='lat' dir='ltr'><strong>sine</strong></span> <span class='ocrx_word' id='word_1_604' title='bbox 3781 4329 3873 4384; x_wconf 62' lang='lat' dir='ltr'><strong>leo</strong></span> 
     </span>
    </p>
   </div>
   <div class='ocr_carea' id='block_1_82' title="bbox 2285 4417 3871 4488">
    <p class='ocr_par' dir='ltr' id='par_1_82' title="bbox 2285 4417 3871 4488">
     <span class='ocr_line' id='line_1_82' title="bbox 2285 4417 3871 4488; baseline -0.001 -12"><span class='ocrx_word' id='word_1_605' title='bbox 2285 4429 2542 4476; x_wconf 86' lang='lat' dir='ltr'><strong>vamento</strong></span> <span class='ocrx_word' id='word_1_606' title='bbox 2566 4419 2961 4474; x_wconf 87' lang='lat' dir='ltr'><strong>consolationis</strong></span> <span class='ocrx_word' id='word_1_607' title='bbox 3004 4417 3125 4488; x_wconf 82' lang='lat' dir='ltr'><strong>ejus</strong></span> <span class='ocrx_word' id='word_1_608' title='bbox 3157 4433 3278 4488; x_wconf 70' lang='lat' dir='ltr'><strong>quae</strong></span> <span class='ocrx_word' id='word_1_609' title='bbox 3307 4434 3371 4474; x_wconf 78' lang='lat' dir='ltr'><strong>ex</strong></span> <span class='ocrx_word' id='word_1_610' title='bbox 3404 4418 3683 4474; x_wconf 86' lang='lat' dir='ltr'><strong>consortio</strong></span> <span class='ocrx_word' id='word_1_611' title='bbox 3717 4420 3871 4474; x_wconf 90' lang='lat' dir='ltr'><strong>mul-</strong></span> 
     </span>
    </p>
   </div>
   <div class='ocr_carea' id='block_1_83' title="bbox 2285 4512 3874 4585">
    <p class='ocr_par' dir='ltr' id='par_1_83' title="bbox 2285 4512 3874 4585">
     <span class='ocr_line' id='line_1_83' title="bbox 2285 4512 3874 4585; baseline 0 -16"><span class='ocrx_word' id='word_1_612' title='bbox 2285 4525 2466 4572; x_wconf 86' lang='lat' dir='ltr'><strong>torum</strong></span> <span class='ocrx_word' id='word_1_613' title='bbox 2499 4515 2649 4585; x_wconf 88' lang='lat' dir='ltr'><strong>paria</strong></span> <span class='ocrx_word' id='word_1_614' title='bbox 2685 4513 3035 4568; x_wconf 86' lang='lat' dir='ltr'><strong>tolerantium</strong></span> <span class='ocrx_word' id='word_1_615' title='bbox 3067 4512 3252 4569; x_wconf 75' lang='lat' dir='ltr'><strong>oﬂerri</strong></span> <span class='ocrx_word' id='word_1_616' title='bbox 3272 4513 3489 4568; x_wconf 85' lang='lat' dir='ltr'><strong>miseris</strong></span> <span class='ocrx_word' id='word_1_617' title='bbox 3530 4513 3707 4581; x_wconf 88' lang='lat' dir='ltr'><strong>solet:</strong></span> <span class='ocrx_word' id='word_1_618' title='bbox 3737 4531 3874 4583; x_wconf 59' lang='lat' dir='ltr'><strong>qua</strong></span> 
     </span>
    </p>
   </div>
   <div class='ocr_carea' id='block_1_84' title="bbox 610 4606 3871 4685">
    <p class='ocr_par' dir='ltr' id='par_1_84' title="bbox 610 4606 3871 4685">
     <span class='ocr_line' id='line_1_84' title="bbox 610 4606 3871 4685; baseline -0.004 -13"><span class='ocrx_word' id='word_1_619' title='bbox 610 4627 876 4684; x_wconf 85' lang='lat' dir='ltr'><strong>cretaque</strong></span> <span class='ocrx_word' id='word_1_620' title='bbox 910 4615 1151 4684; x_wconf 83' lang='lat' dir='ltr'><strong>ipsorum</strong></span> <span class='ocrx_word' id='word_1_621' title='bbox 1189 4615 1443 4685; x_wconf 86' lang='lat' dir='ltr'><strong>amplecti</strong></span> <span class='ocrx_word' id='word_1_622' title='bbox 1487 4616 1842 4685; x_wconf 82' lang='lat' dir='ltr'><strong>putabantur,</strong></span> <span class='ocrx_word' id='word_1_623' title='bbox 1897 4614 2184 4684; x_wconf 80' lang='lat' dir='ltr'><strong>patefactis</strong></span> <span class='ocrx_word' id='word_1_624' title='bbox 2217 4621 2260 4676; x_wconf 83' lang='grc' dir='ltr'>ι)</span> <span class='ocrx_word' id='word_1_625' title='bbox 2290 4619 2469 4663; x_wconf 83' lang='lat' dir='ltr'><strong>autem</strong></span> <span class='ocrx_word' id='word_1_626' title='bbox 2509 4607 2802 4664; x_wconf 89' lang='lat' dir='ltr'><strong>imminere</strong></span> <span class='ocrx_word' id='word_1_627' title='bbox 2846 4608 2900 4661; x_wconf 94' lang='lat' dir='ltr'><strong>in</strong></span> <span class='ocrx_word' id='word_1_628' title='bbox 2929 4616 3209 4676; x_wconf 87' lang='lat' dir='ltr'><strong>posterum</strong></span> <span class='ocrx_word' id='word_1_629' title='bbox 3257 4606 3543 4661; x_wconf 80' lang='lat' dir='ltr'><strong>calamitas</strong></span> <span class='ocrx_word' id='word_1_630' title='bbox 3590 4606 3871 4671; x_wconf 83' lang='lat' dir='ltr'><strong>creditur,</strong></span> 
     </span>
    </p>
   </div>
   <div class='ocr_carea' id='block_1_85' title="bbox 612 4707 2182 4778">
    <p class='ocr_par' dir='ltr' id='par_1_85' title="bbox 612 4707 2182 4778">
     <span class='ocr_line' id='line_1_85' title="bbox 612 4707 2182 4778; baseline -0.001 -13"><span class='ocrx_word' id='word_1_631' title='bbox 612 4710 822 4768; x_wconf 84' lang='lat' dir='ltr'><strong>loribus</strong></span> <span class='ocrx_word' id='word_1_632' title='bbox 844 4709 1195 4778; x_wconf 69' lang='lat' dir='ltr'><strong>praebuerunt</strong></span> <span class='ocrx_word' id='word_1_633' title='bbox 1221 4709 1427 4762; x_wconf 89' lang='lat' dir='ltr'><strong>aditum</strong></span> <span class='ocrx_word' id='word_1_634' title='bbox 1458 4717 1608 4763; x_wconf 78' lang='lat' dir='ltr'><strong>extra</strong></span> <span class='ocrx_word' id='word_1_635' title='bbox 1636 4707 1925 4773; x_wconf 88' lang='lat' dir='ltr'><strong>stantibus,</strong></span> <span class='ocrx_word' id='word_1_636' title='bbox 1960 4724 2083 4763; x_wconf 90' lang='lat' dir='ltr'><strong>cum</strong></span> <span class='ocrx_word' id='word_1_637' title='bbox 2118 4725 2182 4763; x_wconf 89' lang='lat' dir='ltr'><strong>eo</strong></span> 
     </span>
    </p>
   </div>
   <div class='ocr_carea' id='block_1_86' title="bbox 614 4801 2182 4872">
    <p class='ocr_par' dir='ltr' id='par_1_86' title="bbox 614 4801 2182 4872">
     <span class='ocr_line' id='line_1_86' title="bbox 614 4801 2182 4872; baseline 0 -15"><span class='ocrx_word' id='word_1_638' title='bbox 614 4812 674 4857; x_wconf 85' lang='lat' dir='ltr'><strong>ut</strong></span> <span class='ocrx_word' id='word_1_639' title='bbox 715 4803 768 4855; x_wconf 91' lang='lat' dir='ltr'><strong>in</strong></span> <span class='ocrx_word' id='word_1_640' title='bbox 799 4802 986 4856; x_wconf 89' lang='lat' dir='ltr'><strong>limine</strong></span> <span class='ocrx_word' id='word_1_641' title='bbox 1019 4802 1366 4870; x_wconf 84' lang='lat' dir='ltr'><strong>procidenles</strong></span> <span class='ocrx_word' id='word_1_642' title='bbox 1396 4801 1610 4856; x_wconf 85' lang='lat' dir='ltr'><strong>veniam</strong></span> <span class='ocrx_word' id='word_1_643' title='bbox 1637 4815 1951 4871; x_wconf 88' lang='lat' dir='ltr'><strong>poscerent,</strong></span> <span class='ocrx_word' id='word_1_644' title='bbox 1994 4804 2182 4872; x_wconf 89' lang='lat' dir='ltr'><strong>sicque</strong></span> 
     </span>
    </p>
   </div>
   <div class='ocr_carea' id='block_1_87' title="bbox 613 4894 2180 4966">
    <p class='ocr_par' dir='ltr' id='par_1_87' title="bbox 613 4894 2180 4966">
     <span class='ocr_line' id='line_1_87' title="bbox 613 4894 2180 4966; baseline -0.003 -15"><span class='ocrx_word' id='word_1_645' title='bbox 613 4897 760 4966; x_wconf 76' lang='lat' dir='ltr'><strong>digni</strong></span> <span class='ocrx_word' id='word_1_646' title='bbox 797 4895 1054 4962; x_wconf 80' lang='lat' dir='ltr'><strong>deinceps</strong></span> <span class='ocrx_word' id='word_1_647' title='bbox 1095 4894 1206 4966; x_wconf 62' lang='grc'><strong>48</strong></span> <span class='ocrx_word' id='word_1_648' title='bbox 1236 4894 1566 4949; x_wconf 83' lang='lat' dir='ltr'><strong>admissiOue</strong></span> <span class='ocrx_word' id='word_1_649' title='bbox 1623 4895 1678 4948; x_wconf 92' lang='lat' dir='ltr'><strong>in</strong></span> <span class='ocrx_word' id='word_1_650' title='bbox 1708 4912 1941 4965; x_wconf 77' lang='lat' dir='ltr'><strong>synaxes</strong></span> <span class='ocrx_word' id='word_1_651' title='bbox 1965 4897 2180 4966; x_wconf 81' lang='lat' dir='ltr'><strong>judica-</strong></span> 
     </span>
    </p>
   </div>
   <div class='ocr_carea' id='block_1_88' title="bbox 615 4987 2182 5058">
    <p class='ocr_par' dir='ltr' id='par_1_88' title="bbox 615 4987 2182 5058">
     <span class='ocr_line' id='line_1_88' title="bbox 615 4987 2182 5058; baseline -0.001 -13"><span class='ocrx_word' id='word_1_652' title='bbox 615 4998 828 5045; x_wconf 86' lang='lat' dir='ltr'><strong>rentur.</strong></span> <span class='ocrx_word' id='word_1_653' title='bbox 870 4989 1004 5042; x_wconf 88' lang='lat' dir='ltr'><strong>Dum</strong></span> <span class='ocrx_word' id='word_1_654' title='bbox 1039 4988 1151 5041; x_wconf 62' lang='lat' dir='ltr'><strong>lta‘c</strong></span> <span class='ocrx_word' id='word_1_655' title='bbox 1170 4987 1383 5046; x_wconf 82' lang='lat' dir='ltr'><strong>fierent.</strong></span> <span class='ocrx_word' id='word_1_656' title='bbox 1425 4989 1610 5057; x_wconf 86' lang='lat' dir='ltr'><strong>hymni</strong></span> <span class='ocrx_word' id='word_1_657' title='bbox 1650 4991 1947 5058; x_wconf 88' lang='lat' dir='ltr'><strong>vespertini</strong></span> <span class='ocrx_word' id='word_1_658' title='bbox 1981 4990 2182 5044; x_wconf 87' lang='lat' dir='ltr'><strong>decan-</strong></span> 
     </span>
    </p>
   </div>
   <div class='ocr_carea' id='block_1_89' title="bbox 615 5079 2180 5150">
    <p class='ocr_par' dir='ltr' id='par_1_89' title="bbox 615 5079 2180 5150">
     <span class='ocr_line' id='line_1_89' title="bbox 615 5079 2180 5150; baseline -0.001 -13"><span class='ocrx_word' id='word_1_659' title='bbox 615 5084 891 5146; x_wconf 73' lang='lat' dir='ltr'><strong>tabuntur,</strong></span> <span class='ocrx_word' id='word_1_660' title='bbox 936 5081 1134 5150; x_wconf 87' lang='lat' dir='ltr'><strong>quibus</strong></span> <span class='ocrx_word' id='word_1_661' title='bbox 1155 5079 1436 5146; x_wconf 82' lang='lat' dir='ltr'><strong>absolutis,</strong></span> <span class='ocrx_word' id='word_1_662' title='bbox 1470 5081 1754 5134; x_wconf 86' lang='lat' dir='ltr'><strong>nocturnis</strong></span> <span class='ocrx_word' id='word_1_663' title='bbox 1775 5081 1886 5148; x_wconf 87' lang='lat' dir='ltr'><strong>jam</strong></span> <span class='ocrx_word' id='word_1_664' title='bbox 1919 5082 2180 5147; x_wconf 84' lang='lat' dir='ltr'><strong>tenebris,</strong></span> 
     </span>
    </p>
   </div>
   <div class='ocr_carea' id='block_1_90' title="bbox 613 5171 2181 5243">
    <p class='ocr_par' dir='ltr' id='par_1_90' title="bbox 613 5171 2181 5243">
     <span class='ocr_line' id='line_1_90' title="bbox 613 5171 2181 5243; baseline -0.006 -12"><span class='ocrx_word' id='word_1_665' title='bbox 613 5175 834 5231; x_wconf 85' lang='lat' dir='ltr'><strong>dimissa</strong></span> <span class='ocrx_word' id='word_1_666' title='bbox 903 5171 1130 5228; x_wconf 86' lang='lat' dir='ltr'><strong>ecclesia</strong></span> <span class='ocrx_word' id='word_1_667' title='bbox 1205 5184 1309 5235; x_wconf 74' lang='lat' dir='ltr'><strong>est,</strong></span> <span class='ocrx_word' id='word_1_668' title='bbox 1364 5187 1514 5226; x_wconf 85' lang='lat' dir='ltr'><strong>sacra</strong></span> <span class='ocrx_word' id='word_1_669' title='bbox 1568 5173 1808 5243; x_wconf 72' lang='lat' dir='ltr'><strong>liturgia,</strong></span> <span class='ocrx_word' id='word_1_670' title='bbox 1859 5189 1979 5242; x_wconf 67' lang='lat' dir='ltr'><strong>qua:</strong></span> <span class='ocrx_word' id='word_1_671' title='bbox 2032 5174 2181 5242; x_wconf 75' lang='lat' dir='ltr'><strong>juxta</strong></span> 
     </span>
    </p>
   </div>
   <div class='ocr_carea' id='block_1_91' title="bbox 616 5260 2182 5336">
    <p class='ocr_par' dir='ltr' id='par_1_91' title="bbox 616 5260 2182 5336">
     <span class='ocr_line' id='line_1_91' title="bbox 616 5260 2182 5336; baseline -0.004 -16"><span class='ocrx_word' id='word_1_672' title='bbox 616 5273 895 5336; x_wconf 64' lang='lat' dir='ltr'><strong>receptum</strong></span> <span class='ocrx_word' id='word_1_673' title='bbox 949 5265 1112 5318; x_wconf 89' lang='lat' dir='ltr'><strong>ritum</strong></span> <span class='ocrx_word' id='word_1_674' title='bbox 1141 5278 1202 5316; x_wconf 87' lang='lat' dir='ltr'><strong>ea</strong></span> <span class='ocrx_word' id='word_1_675' title='bbox 1240 5263 1328 5315; x_wconf 88' lang='lat' dir='ltr'><strong>die</strong></span> <span class='ocrx_word' id='word_1_676' title='bbox 1368 5260 1487 5316; x_wconf 89' lang='lat' dir='ltr'><strong>lleri</strong></span> <span class='ocrx_word' id='word_1_677' title='bbox 1543 5261 1832 5324; x_wconf 85' lang='lat' dir='ltr'><strong>debuerat,</strong></span> <span class='ocrx_word' id='word_1_678' title='bbox 1892 5261 2182 5329; x_wconf 60' lang='lat' dir='ltr'><strong>pra&#39;terita,</strong></span> 
     </span>
    </p>
   </div>
   <div class='ocr_carea' id='block_1_92' title="bbox 619 5355 2182 5426">
    <p class='ocr_par' dir='ltr' id='par_1_92' title="bbox 619 5355 2182 5426">
     <span class='ocr_line' id='line_1_92' title="bbox 619 5355 2182 5426; baseline -0.004 -11"><span class='ocrx_word' id='word_1_679' title='bbox 619 5360 759 5416; x_wconf 79' lang='lat' dir='ltr'><strong>baud</strong></span> <span class='ocrx_word' id='word_1_680' title='bbox 795 5359 908 5412; x_wconf 88' lang='lat' dir='ltr'><strong>scio</strong></span> <span class='ocrx_word' id='word_1_681' title='bbox 945 5373 1010 5410; x_wconf 83' lang='lat' dir='ltr'><strong>an</strong></span> <span class='ocrx_word' id='word_1_682' title='bbox 1048 5355 1187 5426; x_wconf 90' lang='lat' dir='ltr'><strong>quod</strong></span> <span class='ocrx_word' id='word_1_683' title='bbox 1215 5357 1333 5425; x_wconf 82' lang='lat' dir='ltr'><strong>ejus</strong></span> <span class='ocrx_word' id='word_1_684' title='bbox 1370 5355 1525 5420; x_wconf 83' lang='lat' dir='ltr'><strong>hora,</strong></span> <span class='ocrx_word' id='word_1_685' title='bbox 1557 5364 1616 5408; x_wconf 94' lang='lat' dir='ltr'><strong>ut</strong></span> <span class='ocrx_word' id='word_1_686' title='bbox 1649 5355 1782 5420; x_wconf 82' lang='lat' dir='ltr'><strong>dixi,</strong></span> <span class='ocrx_word' id='word_1_687' title='bbox 1815 5355 2182 5424; x_wconf 82' lang='lat' dir='ltr'><strong>essetelapsa,</strong></span> 
     </span>
    </p>
   </div>
   <div class='ocr_carea' id='block_1_93' title="bbox 618 5447 2184 5523">
    <p class='ocr_par' dir='ltr' id='par_1_93' title="bbox 618 5447 2184 5523">
     <span class='ocr_line' id='line_1_93' title="bbox 618 5447 2184 5523; baseline -0.004 -15"><span class='ocrx_word' id='word_1_688' title='bbox 618 5470 687 5508; x_wconf 87' lang='lat' dir='ltr'><strong>an</strong></span> <span class='ocrx_word' id='word_1_689' title='bbox 719 5453 921 5523; x_wconf 85' lang='lat' dir='ltr'><strong>petius,</strong></span> <span class='ocrx_word' id='word_1_690' title='bbox 986 5449 1131 5520; x_wconf 90' lang='lat' dir='ltr'><strong>quod</strong></span> <span class='ocrx_word' id='word_1_691' title='bbox 1167 5450 1258 5519; x_wconf 82' lang='lat' dir='ltr'><strong>qui</strong></span> <span class='ocrx_word' id='word_1_692' title='bbox 1300 5449 1460 5504; x_wconf 91' lang='lat' dir='ltr'><strong>modo</strong></span> <span class='ocrx_word' id='word_1_693' title='bbox 1499 5449 1552 5503; x_wconf 92' lang='lat' dir='ltr'><strong>in</strong></span> <span class='ocrx_word' id='word_1_694' title='bbox 1588 5449 1848 5518; x_wconf 86' lang='lat' dir='ltr'><strong>templum</strong></span> <span class='ocrx_word' id='word_1_695' title='bbox 1908 5447 2184 5502; x_wconf 88' lang='lat' dir='ltr'><strong>introduci</strong></span> 
     </span>
    </p>
   </div>
   <div class='ocr_carea' id='block_1_94' title="bbox 619 5541 2186 5615">
    <p class='ocr_par' dir='ltr' id='par_1_94' title="bbox 619 5541 2186 5615">
     <span class='ocr_line' id='line_1_94' title="bbox 619 5541 2186 5615; baseline -0.003 -14"><span class='ocrx_word' id='word_1_696' title='bbox 619 5554 924 5615; x_wconf 76' lang='lat' dir='ltr'><strong>ceperant,</strong></span> <span class='ocrx_word' id='word_1_697' title='bbox 956 5544 1196 5598; x_wconf 81' lang='lat' dir='ltr'><strong>nondum</strong></span> <span class='ocrx_word' id='word_1_698' title='bbox 1231 5542 1363 5597; x_wconf 83' lang='lat' dir='ltr'><strong>satis</strong></span> <span class='ocrx_word' id='word_1_699' title='bbox 1398 5542 1612 5613; x_wconf 74' lang='lat' dir='ltr'><strong>purgati</strong></span> <span class='ocrx_word' id='word_1_700' title='bbox 1668 5541 1906 5611; x_wconf 82' lang='lat' dir='ltr'><strong>antiquis</strong></span> <span class='ocrx_word' id='word_1_701' title='bbox 1954 5543 2186 5610; x_wconf 83' lang='lat' dir='ltr'><strong>piaculis</strong></span> 
     </span>
    </p>
   </div>
   <div class='ocr_carea' id='block_1_95' title="bbox 621 5635 2181 5705">
    <p class='ocr_par' dir='ltr' id='par_1_95' title="bbox 621 5635 2181 5705">
     <span class='ocr_line' id='line_1_95' title="bbox 621 5635 2181 5705; baseline -0.003 -14"><span class='ocrx_word' id='word_1_702' title='bbox 621 5639 962 5704; x_wconf 75' lang='lat' dir='ltr'><strong>viderentur,</strong></span> <span class='ocrx_word' id='word_1_703' title='bbox 1032 5647 1091 5692; x_wconf 88' lang='lat' dir='ltr'><strong>ut</strong></span> <span class='ocrx_word' id='word_1_704' title='bbox 1147 5652 1305 5691; x_wconf 83' lang='lat' dir='ltr'><strong>sacro</strong></span> <span class='ocrx_word' id='word_1_705' title='bbox 1369 5636 1674 5704; x_wconf 78' lang='lat' dir='ltr'><strong>fragmento</strong></span> <span class='ocrx_word' id='word_1_706' title='bbox 1733 5635 2181 5705; x_wconf 87' lang='lat' dir='ltr'><strong>impertirentur;</strong></span> 
     </span>
    </p>
   </div>
   <div class='ocr_carea' id='block_1_96' title="bbox 617 5729 2183 5802">
    <p class='ocr_par' dir='ltr' id='par_1_96' title="bbox 617 5729 2183 5802">
     <span class='ocr_line' id='line_1_96' title="bbox 617 5729 2183 5802; baseline 0 -18"><span class='ocrx_word' id='word_1_707' title='bbox 617 5748 781 5802; x_wconf 86' lang='lat' dir='ltr'><strong>quam</strong></span> <span class='ocrx_word' id='word_1_708' title='bbox 840 5733 1084 5789; x_wconf 83' lang='lat' dir='ltr'><strong>ultimam</strong></span> <span class='ocrx_word' id='word_1_709' title='bbox 1143 5729 1514 5799; x_wconf 88' lang='lat' dir='ltr'><strong>suspicionem</strong></span> <span class='ocrx_word' id='word_1_710' title='bbox 1574 5729 1844 5782; x_wconf 89' lang='lat' dir='ltr'><strong>veriorem</strong></span> <span class='ocrx_word' id='word_1_711' title='bbox 1887 5730 2081 5783; x_wconf 89' lang='lat' dir='ltr'><strong>astruit</strong></span> <span class='ocrx_word' id='word_1_712' title='bbox 2129 5729 2183 5784; x_wconf 90' lang='lat' dir='ltr'><strong>id</strong></span> 
     </span>
    </p>
   </div>
   <div class='ocr_carea' id='block_1_97' title="bbox 614 5807 2184 5895">
    <p class='ocr_par' dir='ltr' id='par_1_97' title="bbox 614 5807 2184 5895">
     <span class='ocr_line' id='line_1_97' title="bbox 614 5807 2184 5895; baseline -0.003 -17"><span class='ocrx_word' id='word_1_713' title='bbox 614 5807 757 5894; x_wconf 75' lang='lat' dir='ltr'><strong>quod</strong></span> <span class='ocrx_word' id='word_1_714' title='bbox 795 5824 1054 5895; x_wconf 78' lang='lat' dir='ltr'><strong>postridie</strong></span> <span class='ocrx_word' id='word_1_715' title='bbox 1088 5833 1267 5879; x_wconf 88' lang='lat' dir='ltr'><strong>actum</strong></span> <span class='ocrx_word' id='word_1_716' title='bbox 1311 5832 1413 5878; x_wconf 88' lang='lat' dir='ltr'><strong>cst.</strong></span> <span class='ocrx_word' id='word_1_717' title='bbox 1464 5821 1634 5890; x_wconf 82' lang='lat' dir='ltr'><strong>Igitur</strong></span> <span class='ocrx_word' id='word_1_718' title='bbox 1659 5832 1787 5876; x_wconf 89' lang='lat' dir='ltr'><strong>tunc</strong></span> <span class='ocrx_word' id='word_1_719' title='bbox 1817 5821 2036 5890; x_wconf 88' lang='lat' dir='ltr'><strong>quidem</strong></span> <span class='ocrx_word' id='word_1_720' title='bbox 2071 5837 2184 5875; x_wconf 87' lang='lat' dir='ltr'><strong>0m-</strong></span> 
     </span>
    </p>
   </div>
   <div class='ocr_carea' id='block_1_98' title="bbox 613 5916 2171 5991">
    <p class='ocr_par' dir='ltr' id='par_1_98' title="bbox 613 5916 2171 5991">
     <span class='ocr_line' id='line_1_98' title="bbox 613 5916 2171 5991; baseline -0.003 -16"><span class='ocrx_word' id='word_1_721' title='bbox 613 5931 712 5980; x_wconf 66' lang='grc' dir='ltr'><strong>πει</strong></span> <span class='ocrx_word' id='word_1_722' title='bbox 747 5922 798 5982; x_wconf 84' lang='lat' dir='ltr'><strong>in</strong></span> <span class='ocrx_word' id='word_1_723' title='bbox 837 5921 999 5991; x_wconf 76' lang='lat' dir='ltr'><strong>hunc</strong></span> <span class='ocrx_word' id='word_1_724' title='bbox 1031 5919 1250 5974; x_wconf 78' lang='lat' dir='ltr'><strong>modum</strong></span> <span class='ocrx_word' id='word_1_725' title='bbox 1295 5917 1358 5971; x_wconf 83' lang='lat' dir='ltr'><strong>ad</strong></span> <span class='ocrx_word' id='word_1_726' title='bbox 1392 5931 1487 5969; x_wconf 85' lang='lat' dir='ltr'><strong>sua</strong></span> <span class='ocrx_word' id='word_1_727' title='bbox 1522 5916 1750 5987; x_wconf 85' lang='lat' dir='ltr'><strong>quisque</strong></span> <span class='ocrx_word' id='word_1_728' title='bbox 1803 5924 2171 5978; x_wconf 82' lang='lat' dir='ltr'><strong>recesserunt.</strong></span> 
     </span>
    </p>
   </div>
   <div class='ocr_carea' id='block_1_99' title="bbox 2291 4699 3877 4771">
    <p class='ocr_par' dir='ltr' id='par_1_99' title="bbox 2291 4699 3877 4771">
     <span class='ocr_line' id='line_1_99' title="bbox 2291 4699 3877 4771; baseline -0.002 -12"><span class='ocrx_word' id='word_1_729' title='bbox 2291 4705 2485 4759; x_wconf 88' lang='lat' dir='ltr'><strong>acriori</strong></span> <span class='ocrx_word' id='word_1_730' title='bbox 2512 4703 2626 4758; x_wconf 87' lang='lat' dir='ltr'><strong>fere</strong></span> <span class='ocrx_word' id='word_1_731' title='bbox 2673 4717 2804 4757; x_wconf 89' lang='lat' dir='ltr'><strong>cura</strong></span> <span class='ocrx_word' id='word_1_732' title='bbox 2833 4708 2890 4757; x_wconf 85' lang='lat' dir='ltr'><strong>et</strong></span> <span class='ocrx_word' id='word_1_733' title='bbox 2941 4700 3146 4756; x_wconf 87' lang='lat' dir='ltr'><strong>nullius</strong></span> <span class='ocrx_word' id='word_1_734' title='bbox 3197 4708 3498 4771; x_wconf 89' lang='lat' dir='ltr'><strong>temperato</strong></span> <span class='ocrx_word' id='word_1_735' title='bbox 3531 4699 3877 4756; x_wconf 84' lang='lat' dir='ltr'><strong>admistione</strong></span> 
     </span>
    </p>
   </div>
   <div class='ocr_carea' id='block_1_100' title="bbox 2291 4792 3878 4864">
    <p class='ocr_par' dir='ltr' id='par_1_100' title="bbox 2291 4792 3878 4864">
     <span class='ocr_line' id='line_1_100' title="bbox 2291 4792 3878 4864; baseline -0.003 -13"><span class='ocrx_word' id='word_1_736' title='bbox 2291 4795 2471 4851; x_wconf 82' lang='lat' dir='ltr'><strong>solatii</strong></span> <span class='ocrx_word' id='word_1_737' title='bbox 2503 4796 2692 4851; x_wconf 85' lang='lat' dir='ltr'><strong>dolore</strong></span> <span class='ocrx_word' id='word_1_738' title='bbox 2718 4801 3013 4850; x_wconf 68' lang='lat' dir='ltr'><strong>mstuantes</strong></span> <span class='ocrx_word' id='word_1_739' title='bbox 3048 4793 3198 4864; x_wconf 84' lang='lat' dir='ltr'><strong>angit</strong></span> <span class='ocrx_word' id='word_1_740' title='bbox 3226 4792 3439 4849; x_wconf 86' lang='lat' dir='ltr'><strong>animos</strong></span> <span class='ocrx_word' id='word_1_741' title='bbox 3495 4802 3551 4847; x_wconf 88' lang='lat' dir='ltr'><strong>et</strong></span> <span class='ocrx_word' id='word_1_742' title='bbox 3581 4806 3878 4847; x_wconf 64' lang='lat' dir='ltr'><strong>aerumno-</strong></span> 
     </span>
    </p>
   </div>
   <div class='ocr_carea' id='block_1_101' title="bbox 2292 4885 3885 4957">
    <p class='ocr_par' dir='ltr' id='par_1_101' title="bbox 2292 4885 3885 4957">
     <span class='ocr_line' id='line_1_101' title="bbox 2292 4885 3885 4957; baseline -0.001 -13"><span class='ocrx_word' id='word_1_743' title='bbox 2292 4892 2408 4945; x_wconf 87' lang='lat' dir='ltr'><strong>sius</strong></span> <span class='ocrx_word' id='word_1_744' title='bbox 2429 4891 2658 4944; x_wconf 87' lang='lat' dir='ltr'><strong>sauciat.</strong></span> <span class='ocrx_word' id='word_1_745' title='bbox 2692 4887 2870 4953; x_wconf 85' lang='lat' dir='ltr'><strong>Quare</strong></span> <span class='ocrx_word' id='word_1_746' title='bbox 2890 4888 3026 4942; x_wconf 88' lang='lat' dir='ltr'><strong>istos</strong></span> <span class='ocrx_word' id='word_1_747' title='bbox 3053 4887 3137 4941; x_wconf 92' lang='lat' dir='ltr'><strong>his</strong></span> <span class='ocrx_word' id='word_1_748' title='bbox 3177 4900 3296 4957; x_wconf 72' lang='lat' dir='ltr'><strong>qua:</strong></span> <span class='ocrx_word' id='word_1_749' title='bbox 3338 4900 3484 4939; x_wconf 89' lang='lat' dir='ltr'><strong>nunc</strong></span> <span class='ocrx_word' id='word_1_750' title='bbox 3517 4885 3885 4955; x_wconf 86' lang='lat' dir='ltr'><strong>patiebantur</strong></span> 
     </span>
    </p>
   </div>
   <div class='ocr_carea' id='block_1_102' title="bbox 2295 4974 3882 5050">
    <p class='ocr_par' dir='ltr' id='par_1_102' title="bbox 2295 4974 3882 5050">
     <span class='ocr_line' id='line_1_102' title="bbox 2295 4974 3882 5050; baseline -0.001 -16"><span class='ocrx_word' id='word_1_751' title='bbox 2295 4996 2571 5050; x_wconf 80' lang='lat' dir='ltr'><strong>utcunque</strong></span> <span class='ocrx_word' id='word_1_752' title='bbox 2617 4978 2914 5033; x_wconf 87' lang='lat' dir='ltr'><strong>tolerandis</strong></span> <span class='ocrx_word' id='word_1_753' title='bbox 2948 4991 3128 5046; x_wconf 84' lang='lat' dir='ltr'><strong>pares,</strong></span> <span class='ocrx_word' id='word_1_754' title='bbox 3165 4975 3274 5048; x_wconf 67' lang='grc'><strong>49</strong></span> <span class='ocrx_word' id='word_1_755' title='bbox 3321 4974 3668 5031; x_wconf 79' lang='lat' dir='ltr'><strong>exanimabat</strong></span> <span class='ocrx_word' id='word_1_756' title='bbox 3709 4987 3882 5034; x_wconf 81' lang='lat' dir='ltr'><strong>atrox</strong></span> 
     </span>
    </p>
   </div>
   <div class='ocr_carea' id='block_1_103' title="bbox 2293 5068 3882 5144">
    <p class='ocr_par' dir='ltr' id='par_1_103' title="bbox 2293 5068 3882 5144">
     <span class='ocr_line' id='line_1_103' title="bbox 2293 5068 3882 5144; baseline -0.004 -13"><span class='ocrx_word' id='word_1_757' title='bbox 2293 5074 2629 5144; x_wconf 71' lang='lat' dir='ltr'><strong>exspectatio</strong></span> <span class='ocrx_word' id='word_1_758' title='bbox 2655 5071 3025 5142; x_wconf 85' lang='lat' dir='ltr'><strong>sequentium,</strong></span> <span class='ocrx_word' id='word_1_759' title='bbox 3060 5079 3114 5125; x_wconf 89' lang='lat' dir='ltr'><strong>et</strong></span> <span class='ocrx_word' id='word_1_760' title='bbox 3145 5070 3320 5126; x_wconf 86' lang='lat' dir='ltr'><strong>minas</strong></span> <span class='ocrx_word' id='word_1_761' title='bbox 3367 5068 3565 5125; x_wconf 69' lang='lat' dir='ltr'><strong>futurae</strong></span> <span class='ocrx_word' id='word_1_762' title='bbox 3626 5070 3882 5125; x_wconf 62' lang='lat' dir='ltr'><strong>miseriae</strong></span> 
     </span>
    </p>
   </div>
   <div class='ocr_carea' id='block_1_104' title="bbox 2294 5164 3881 5234">
    <p class='ocr_par' dir='ltr' id='par_1_104' title="bbox 2294 5164 3881 5234">
     <span class='ocr_line' id='line_1_104' title="bbox 2294 5164 3881 5234; baseline -0.002 -10"><span class='ocrx_word' id='word_1_763' title='bbox 2294 5172 2554 5224; x_wconf 65' lang='lat' dir='ltr'><strong>saeviores</strong></span> <span class='ocrx_word' id='word_1_764' title='bbox 2589 5166 2657 5221; x_wconf 88' lang='lat' dir='ltr'><strong>ad</strong></span> <span class='ocrx_word' id='word_1_765' title='bbox 2720 5181 2785 5220; x_wconf 91' lang='lat' dir='ltr'><strong>se</strong></span> <span class='ocrx_word' id='word_1_766' title='bbox 2823 5164 3222 5219; x_wconf 83' lang='lat' dir='ltr'><strong>excruciandos</strong></span> <span class='ocrx_word' id='word_1_767' title='bbox 3277 5164 3701 5234; x_wconf 73' lang='lat' dir='ltr'><strong>experiebantur</strong></span> <span class='ocrx_word' id='word_1_768' title='bbox 3778 5166 3881 5221; x_wconf 91' lang='lat' dir='ltr'><strong>illo</strong></span> 
     </span>
    </p>
   </div>
   <div class='ocr_carea' id='block_1_105' title="bbox 2291 5255 3880 5331">
    <p class='ocr_par' dir='ltr' id='par_1_105' title="bbox 2291 5255 3880 5331">
     <span class='ocr_line' id='line_1_105' title="bbox 2291 5255 3880 5331; baseline -0.003 -17"><span class='ocrx_word' id='word_1_769' title='bbox 2291 5265 2409 5331; x_wconf 91' lang='lat' dir='ltr'><strong>ipso</strong></span> <span class='ocrx_word' id='word_1_770' title='bbox 2429 5277 2537 5331; x_wconf 91' lang='lat' dir='ltr'><strong>quo</strong></span> <span class='ocrx_word' id='word_1_771' title='bbox 2572 5268 2684 5319; x_wconf 86' lang='lat' dir='ltr'><strong>tum</strong></span> <span class='ocrx_word' id='word_1_772' title='bbox 2727 5257 2964 5313; x_wconf 79' lang='lat' dir='ltr'><strong>maxime</strong></span> <span class='ocrx_word' id='word_1_773' title='bbox 2991 5259 3336 5313; x_wconf 80' lang='lat' dir='ltr'><strong>vexabantur</strong></span> <span class='ocrx_word' id='word_1_774' title='bbox 3365 5255 3684 5312; x_wconf 85' lang='lat' dir='ltr'><strong>infortunio.</strong></span> <span class='ocrx_word' id='word_1_775' title='bbox 3723 5257 3880 5313; x_wconf 85' lang='lat' dir='ltr'><strong>Inter</strong></span> 
     </span>
    </p>
   </div>
   <div class='ocr_carea' id='block_1_106' title="bbox 2295 5347 3877 5420">
    <p class='ocr_par' dir='ltr' id='par_1_106' title="bbox 2295 5347 3877 5420">
     <span class='ocr_line' id='line_1_106' title="bbox 2295 5347 3877 5420; baseline -0.003 -9"><span class='ocrx_word' id='word_1_776' title='bbox 2295 5360 2416 5412; x_wconf 61' lang='lat' dir='ltr'><strong>haec</strong></span> <span class='ocrx_word' id='word_1_777' title='bbox 2446 5353 2685 5409; x_wconf 84' lang='lat' dir='ltr'><strong>evolutis</strong></span> <span class='ocrx_word' id='word_1_778' title='bbox 2712 5349 3005 5406; x_wconf 85' lang='lat' dir='ltr'><strong>sanctioris</strong></span> <span class='ocrx_word' id='word_1_779' title='bbox 3038 5347 3394 5404; x_wconf 72' lang='lat' dir='ltr'><strong>ncbdomadze</strong></span> <span class='ocrx_word' id='word_1_780' title='bbox 3423 5347 3576 5404; x_wconf 87' lang='lat' dir='ltr'><strong>feriis</strong></span> <span class='ocrx_word' id='word_1_781' title='bbox 3598 5350 3877 5420; x_wconf 86' lang='lat' dir='ltr'><strong>&#39;princeps</strong></span> 
     </span>
    </p>
   </div>
   <div class='ocr_carea' id='block_1_107' title="bbox 2293 5437 3875 5511">
    <p class='ocr_par' dir='ltr' id='par_1_107' title="bbox 2293 5437 3875 5511">
     <span class='ocr_line' id='line_1_107' title="bbox 2293 5437 3875 5511; baseline -0.005 -8"><span class='ocrx_word' id='word_1_782' title='bbox 2293 5446 2699 5504; x_wconf 88' lang='lat' dir='ltr'><strong>solemnitatum</strong></span> <span class='ocrx_word' id='word_1_783' title='bbox 2737 5441 3020 5497; x_wconf 86' lang='lat' dir='ltr'><strong>Dominica</strong></span> <span class='ocrx_word' id='word_1_784' title='bbox 3052 5438 3488 5495; x_wconf 81' lang='lat' dir='ltr'><strong>Resurrectionis</strong></span> <span class='ocrx_word' id='word_1_785' title='bbox 3525 5437 3724 5506; x_wconf 81' lang='lat' dir='ltr'><strong>illuxit,</strong></span> <span class='ocrx_word' id='word_1_786' title='bbox 3759 5452 3875 5511; x_wconf 81' lang='lat' dir='ltr'><strong>qua</strong></span> 
     </span>
    </p>
   </div>
   <div class='ocr_carea' id='block_1_108' title="bbox 2293 5534 3882 5610">
    <p class='ocr_par' dir='ltr' id='par_1_108' title="bbox 2293 5534 3882 5610">
     <span class='ocr_line' id='line_1_108' title="bbox 2293 5534 3882 5610; baseline -0.004 -12"><span class='ocrx_word' id='word_1_787' title='bbox 2293 5561 2356 5598; x_wconf 75' lang='lat' dir='ltr'><strong>ex</strong></span> <span class='ocrx_word' id='word_1_788' title='bbox 2393 5556 2542 5597; x_wconf 90' lang='lat' dir='ltr'><strong>more</strong></span> <span class='ocrx_word' id='word_1_789' title='bbox 2570 5537 2858 5610; x_wconf 87' lang='lat' dir='ltr'><strong>oportebat</strong></span> <span class='ocrx_word' id='word_1_790' title='bbox 2887 5534 3228 5592; x_wconf 87' lang='lat' dir='ltr'><strong>Christianos</strong></span> <span class='ocrx_word' id='word_1_791' title='bbox 3249 5549 3461 5599; x_wconf 90' lang='lat' dir='ltr'><strong>omnes,</strong></span> <span class='ocrx_word' id='word_1_792' title='bbox 3502 5534 3708 5590; x_wconf 88' lang='lat' dir='ltr'><strong>nedum</strong></span> <span class='ocrx_word' id='word_1_793' title='bbox 3762 5534 3882 5592; x_wconf 86' lang='lat' dir='ltr'><strong>Ec-</strong></span> 
     </span>
    </p>
   </div>
   <div class='ocr_carea' id='block_1_109' title="bbox 2292 5627 3884 5700">
    <p class='ocr_par' dir='ltr' id='par_1_109' title="bbox 2292 5627 3884 5700">
     <span class='ocr_line' id='line_1_109' title="bbox 2292 5627 3884 5700; baseline -0.006 -10"><span class='ocrx_word' id='word_1_794' title='bbox 2292 5636 2471 5690; x_wconf 69' lang='lat' dir='ltr'><strong>clesiae</strong></span> <span class='ocrx_word' id='word_1_795' title='bbox 2527 5631 2810 5688; x_wconf 76' lang='lat' dir='ltr'><strong>ministros</strong></span> <span class='ocrx_word' id='word_1_796' title='bbox 2855 5630 3006 5700; x_wconf 82' lang='lat' dir='ltr'><strong>pacis</strong></span> <span class='ocrx_word' id='word_1_797' title='bbox 3028 5628 3336 5683; x_wconf 86' lang='lat' dir='ltr'><strong>invicemet</strong></span> <span class='ocrx_word' id='word_1_798' title='bbox 3361 5627 3643 5682; x_wconf 84' lang='lat' dir='ltr'><strong>charitatis</strong></span> <span class='ocrx_word' id='word_1_799' title='bbox 3678 5630 3884 5686; x_wconf 78' lang='lat' dir='ltr'><strong>osculo</strong></span> 
     </span>
    </p>
   </div>
   <div class='ocr_carea' id='block_1_110' title="bbox 2277 5717 3883 5796">
    <p class='ocr_par' dir='ltr' id='par_1_110' title="bbox 2277 5717 3883 5796">
     <span class='ocr_line' id='line_1_110' title="bbox 2277 5717 3883 5796; baseline -0.003 -14"><span class='ocrx_word' id='word_1_800' title='bbox 2277 5735 2536 5783; x_wconf 84' lang='lat' dir='ltr'><strong>.mutuam</strong></span> <span class='ocrx_word' id='word_1_801' title='bbox 2573 5723 2814 5796; x_wconf 83' lang='lat' dir='ltr'><strong>profiteri</strong></span> <span class='ocrx_word' id='word_1_802' title='bbox 2841 5720 3275 5792; x_wconf 74' lang='lat' dir='ltr'><strong>germanitatem.</strong></span> <span class='ocrx_word' id='word_1_803' title='bbox 3332 5717 3719 5775; x_wconf 80' lang='lat' dir='ltr'><strong>Convocantur</strong></span> <span class='ocrx_word' id='word_1_804' title='bbox 3739 5736 3883 5794; x_wconf 70' lang='lat' dir='ltr'><strong>ergo</strong></span> 
     </span>
    </p>
   </div>
   <div class='ocr_carea' id='block_1_111' title="bbox 2294 5813 3879 5887">
    <p class='ocr_par' dir='ltr' id='par_1_111' title="bbox 2294 5813 3879 5887">
     <span class='ocr_line' id='line_1_111' title="bbox 2294 5813 3879 5887; baseline -0.005 -13"><span class='ocrx_word' id='word_1_805' title='bbox 2294 5819 2594 5887; x_wconf 86' lang='lat' dir='ltr'><strong>antistites,</strong></span> <span class='ocrx_word' id='word_1_806' title='bbox 2655 5823 3026 5872; x_wconf 87' lang='lat' dir='ltr'><strong>convocantur</strong></span> <span class='ocrx_word' id='word_1_807' title='bbox 3056 5824 3109 5868; x_wconf 91' lang='lat' dir='ltr'><strong>et</strong></span> <span class='ocrx_word' id='word_1_808' title='bbox 3148 5813 3366 5879; x_wconf 89' lang='lat' dir='ltr'><strong>clerici;</strong></span> <span class='ocrx_word' id='word_1_809' title='bbox 3420 5827 3725 5882; x_wconf 82' lang='lat' dir='ltr'><strong>omnesque</strong></span> <span class='ocrx_word' id='word_1_810' title='bbox 3779 5830 3879 5870; x_wconf 67' lang='lat' dir='ltr'><strong>se-</strong></span> 
     </span>
    </p>
   </div>
   <div class='ocr_carea' id='block_1_112' title="bbox 2295 5895 3880 5985">
    <p class='ocr_par' dir='ltr' id='par_1_112' title="bbox 2295 5895 3880 5985">
     <span class='ocr_line' id='line_1_112' title="bbox 2295 5895 3880 5985; baseline -0.007 -15"><span class='ocrx_word' id='word_1_811' title='bbox 2295 5913 2469 5970; x_wconf 87' lang='lat' dir='ltr'><strong>cunda</strong></span> <span class='ocrx_word' id='word_1_812' title='bbox 2505 5922 2631 5985; x_wconf 87' lang='lat' dir='ltr'><strong>post</strong></span> <span class='ocrx_word' id='word_1_813' title='bbox 2684 5912 2920 5981; x_wconf 84' lang='lat' dir='ltr'><strong>primum</strong></span> <span class='ocrx_word' id='word_1_814' title='bbox 2981 5907 3204 5962; x_wconf 78' lang='lat' dir='ltr'><strong>Paschae</strong></span> <span class='ocrx_word' id='word_1_815' title='bbox 3271 5906 3466 5961; x_wconf 82' lang='lat' dir='ltr'><strong>festum</strong></span> <span class='ocrx_word' id='word_1_816' title='bbox 3519 5905 3608 5960; x_wconf 87' lang='lat' dir='ltr'><strong>die</strong></span> <span class='ocrx_word' id='word_1_817' title='bbox 3663 5895 3880 5965; x_wconf 78' lang='lat' dir='ltr'><strong>sanctis</strong></span> 
     </span>
    </p>
   </div>
  </div>
