4058 6282
456 399 524 467 63
1657 405 1981 469 GEORGII
2024 408 2511 475 PACHYMERAE
3642 402 3711 470 61

460 520 759 591 ἱστοροῦντι
836 522 893 576 δὲ
959 521 1137 590 λέγειν
1209 521 1305 577 καὶ
1361 520 1554 586 ταῦτα,
1632 525 1736 578 κᾶν
1810 523 2034 577 ἐκείνων
2064 530 2108 585 Α
2138 528 2369 597 σάμσνος
2393 530 2451 583 ὲν
2478 532 2591 593 τοῖς
2613 529 2892 600 διπτύχοις
2922 530 3036 593 τοῖς
3056 527 3428 600 πατριάρχαις
3462 542 3712 595 συμμνη-

460 614 563 666 κᾶν
634 613 807 668 ἄλλων
877 614 1154 684 γίνοιντο,
1223 616 1323 669 οὐκ
1367 616 1610 687 ἀπᾷδον,
1666 612 1864 684 οἶμαι,
1947 616 2033 669 δο-

461 708 566 759 κεῖ.
601 705 824 770 Ἄλλους
847 707 1114 777 μέντοιγε
1149 709 1345 762 ἐκεῖνοι
1391 709 1512 769 ταῖς
1556 708 1851 779 ἐκκλησίας
1888 708 2035 761 ἀντι-

464 797 833 866 σηκώσαντες,
867 800 1008 854 κατὰ
1036 799 1237 870 τρόπον
1258 801 1326 853 τὰ
1357 800 1460 869 τῆς
1498 799 1822 869 Ἐκκλησίας
1851 799 1927 864 ὡς
1961 796 2037 854 εἷ-

463 905 558 959 χον
590 889 843 954 θιίθυνον,
875 891 1262 962 τυραννοῦντες
1289 886 1402 945 οἷον
1428 893 1507 955 είς
1535 890 1604 945 τὰ
1639 891 1809 945 πολλὰ
1831 890 2037 945 τούτων

463 986 558 1036 καὶ
611 983 709 1054 τὴν
764 984 1049 1055 βασιλικὴν
1104 985 1442 1057 ἡμερότητα,
1481 984 1601 1049 ἑνὸς
1652 985 1745 1039 καὶ
1782 983 2038 1053 μόνοντὰ

463 1076 645 1129 πάντα
698 1076 1188 1146 καταπροῖεμένου,
1237 1076 1334 1148 τῆς
1388 1076 1572 1147 κοινῆς
1622 1077 1873 1146 ὁμονοίας
1942 1078 2039 1131 καὶ

466 1168 870 1233 καταστάσεως,
903 1167 978 1233 ὡς
1002 1170 1316 1241 ὑπέσχοντο.

469 1327 558 1385 ιϐ’.
586 1330 728 1400 Περὶ
770 1331 1276 1410 τῆςδΑργούσςης
1309 1334 1610 1410 ῥεοᾷώρας
1646 1336 1746 1391 καὶ
1791 1333 1898 1390 τοῦ
1930 1350 2043 1390 πα-

854 1404 1137 1473 τριάρχου
1171 1404 1650 1475 Ἀλεξανδρείας.

583 1535 849 1610 Ἀπῄτουν
891 1538 977 1610 [Ρ.
1009 1537 1101 1611 551
1157 1539 1254 1608 μὲν
1297 1536 1391 1592 οὖν
1436 1540 1532 1592 καὶ
1582 1538 1681 1609 τὴν
1718 1537 2042 1608 Αὑγοῦσταν

469 1630 754 1701 Θεοδώραν
778 1630 1021 1685 λίϐελλον
1053 1634 1151 1702 μὲν
1186 1632 1444 1695 πίστεως,
1466 1631 1740 1703 ἀποϐολὴν
1766 1632 1810 1685 δ’
1841 1632 2046 1700 ἔγγρα-

471 1741 571 1794 φον
598 1724 703 1777 τῶν
732 1723 860 1793 χθὲς
900 1725 1221 1793 γεγονότων,
1268 1724 1569 1793 ἀσφάλειαν
1605 1725 1661 1778 δι
1709 1725 1804 1779 καὶ
1835 1723 1929 1778 τοῦ
1967 1722 2044 1794 μή

2138 620 2435 690 μονεύοιτο.
2454 622 2545 694 Τῷ
2571 622 2680 690 γὰρ
2714 622 3045 692 Ἀντιοχείας
3065 619 3330 690 Θεοδοσίῳ
3357 618 3433 690 τῷ
3452 621 3714 690 Ιῐρίγκιπι

2132 710 2357 782 λεληθὸς
2382 708 2485 781 μὲν
2522 713 2639 779 δέος
2663 714 2930 783 ἐμπίπτει
2959 712 3035 784 μὴ
3063 714 3159 767 καί
3173 731 3233 766 τι
3262 711 3501 783 δράσωσι
3528 711 3718 766 τοῦτον

2135 802 2245 858 τῶν
2290 804 2623 876 ἀϐουλήτων,
2656 805 2904 875 φανερῶς
2954 803 2998 856 δ’
3046 805 3389 875 ὑπερηφάνει
3422 804 3517 857 καὶ
3556 804 3723 872 ὑπερ-

2137 896 2288 967 εώρα
2330 896 2437 949 τῶν
2496 898 2900 968 πραττομένων.
2948 897 3167 969 Ἀμέλει
3216 912 3296 951 τοι
3344 897 3437 950 καὶ
3477 895 3720 966 πέμψας,

2138 987 2233 1040 τοῦ
2279 986 2542 1056 βασιλέως
2598 987 2675 1059 μὴ
2721 990 2948 1054 εἰδότος,
2996 989 3295 1060 παρῃτεῖτο
3333 988 3475 1042 κατὰ
3520 986 3724 1056 Συρίαν

2140 1074 2405 1149 καΐᾶλλῳ
2455 1079 2769 1149 παρεχώρει
2814 1080 2908 1133 τοῦ
2948 1080 3139 1150 θρόνου
3165 1095 3179 1109 ·
3212 1078 3292 1132 ἔτι
3341 1079 3451 1151 γὰρ
3491 1078 3724 1142 ἐσώζετο

2144 1171 2242 1242 μὲν
2273 1170 2553 1243 Τρίπολις,
2578 1173 2811 1239 ἐσώζετο
2839 1175 2896 1227 δὲ
2927 1176 2959 1242 ἡ
2985 1174 3127 1227 κατὰ
3164 1172 3366 1241 Συρίαν
3398 1169 3725 1243 Πτολεμαῒς,

2140 1263 2343 1335 περιῆν
2371 1264 2428 1317 δὲ
2457 1266 2701 1335 Βηρυτὸς
2739 1266 2834 1319 καὶ
2866 1264 3038 1320 Σιδὼν
3062 1266 3155 1319 καὶ
3186 1264 3360 1333 Τύρος
3384 1264 3471 1317 καὶ
3498 1263 3567 1317 τὰ
3589 1279 3729 1333 παρ-

2142 1356 2290 1419 άλια,
2332 1359 2429 1427 τῆς
2469 1358 2737 1428 Ἰταλικῆς
2766 1359 2941 1429 ἀρχῆς
2994 1358 3391 1427 κραταιοτέρας
3425 1354 3592 1426 οὔσης
3622 1353 3728 1408 τῶν

2142 1450 2437 1506 Αίθιόπων.
2476 1451 2540 1503 Οἱ
2590 1450 2648 1503 δὲ
2678 1450 2776 1518 τῆς
2823 1449 3123 1520 ἐκκλησίας
3176 1447 3393 1516 ἐκείνης
3445 1445 3730 1514 δεξάμενοι

2143 1544 2244 1614 τὴν
2282 1542 2636 1613 παραίτησιν,
2681 1544 2836 1615 κοινῇ
2871 1536 3039 1613 ψήφῳ
3085 1541 3174 1595 τὸν
3228 1538 3766 1609 ’Δγιοτυμεωνετηνς

2148 1638 2480 1692 καθιστῶσιν
2521 1636 2820 1709 Ἀρσένιον,
2854 1638 3025 1708 ἄνδρα
3071 1637 3132 1689 τὸ
3169 1634 3392 1704 σύμπαν
3424 1631 3731 1702 ἀγιοπρεπῆ

2146 1734 2240 1787 καὶ
2272 1732 2589 1800 σεϐάσμιον,
2625 1730 2684 1783 ὃν
2710 1731 2775 1802 δὴ
2807 1732 2901 1785 καὶ
2926 1731 3065 1795 τέως
3110 1730 3208 1801 μὲν
3230 1730 3278 1782 οἱ
3314 1726 3551 1781 ἐνταῦθα
3578 1723 3733 1792 δεξά-

472 1834 602 1872 ποτε
637 1818 870 1889 ζητῆσαι
900 1819 1027 1890 περὶ
1061 1819 1291 1890 τάνδρὸς
1314 1819 1486 1889 αὐτῆς
1519 1818 1605 1887 ἐφ’
1643 1811 1797 1889 ᾧπερ
1825 1820 1884 1872 ἔν
1914 1817 2046 1889 ψαλ-
2080 1869 2122 1925 Β
2152 1839 2304 1893 μενοι
2332 1820 2424 1874 ἐπὶ
2452 1821 2562 1875 τῶν
2590 1821 2753 1891 ίερῶν
2777 1822 3101 1874 ἐκοινώνουν
3150 1819 3347 1888 ἐκείνῳ
3382 1817 3481 1887 τῆς
3516 1816 3736 1886 μνήμης

477 1909 702 1981 μῳδίαις
750 1912 1084 1981 ταφήσεταιο
1113 1914 1209 1964 καὶ
1260 1913 1322 1965 τὸ
1351 1913 1444 1965 ἐπὶ
1494 1912 1707 1977 τούτοις
1758 1907 1940 1979 ἆθλον,
1972 1912 2047 1977 ὡς
2082 1905 2122 1925 “’
2151 1913 2452 1982 διπτύχων,
2486 1911 2716 1983 ὕστερον
2747 1912 2804 1966 δὲ
2830 1911 3008 1966 αἰτίαν
3034 1911 3232 1981 σχόντα
3258 1911 3321 1963 ὲκ
3350 1910 3540 1979 φήμης
3577 1905 3736 1977 ἡκού-

472 2002 566 2055 ὶπὶ
590 2002 690 2072 τῆς
710 2004 1029 2070 ἐκκλησίας,
1061 2005 1215 2073 φασὶ,
1248 2004 1540 2074 βασιλικῶς
1568 2006 1664 2057 σὺν
1682 2002 1763 2075 ’τῷ
1794 2005 1893 2077 υίῷ
1917 2021 2053 2074 μνη-

477 2095 775 2165 μονεύοιτο.
821 2096 1088 2168 Ἀτιῄτουν
1115 2098 1171 2151 δὲ
1200 2098 1294 2151 καὶ
1323 2098 1413 2152 τὸν
1457 2097 1859 2170 Ἀλεξανδρείας
1896 2099 2055 2153 Ἀθα-

473 2189 662 2244 νάσιον
716 2190 1176 2260 ὁμογνωμοσύνην
1213 2192 1312 2261 μὲν
1358 2191 1449 2244 ἐπὶ
1479 2192 1591 2254 τοῖς
1624 2190 2053 2263 καθαιρεθεῖσιν,

475 2280 749 2354 ἀποόολὴν
793 2280 848 2335 δὲ
882 2281 978 2335 καὶ¹
1028 2282 1195 2336 αὐτὸν
1236 2281 1346 2336 τῶν
1379 2282 1757 2352 πραχθέντων,
1789 2279 1916 2335 ἐπεὶ
1957 2281 2053 2336 καὶ

474 2372 677 2437 αἰτίαις
719 2375 838 2436 ταῖς
882 2374 1310 2445 προρρηθείσαις
1359 2373 1575 2443 φθάσας
1619 2375 2057 2449 συγκεκοινώνη-

469 2483 593 2532 κεν,
622 2465 698 2531 ὡς
726 2467 791 2521 ἂν
814 2470 908 2522 καὶ
940 2468 1103 2533 αὐτὸς
1137 2468 1380 2538 δηλονότι
1413 2469 1481 2524 τὰ
1519 2471 1679 2541 ὅμοια
1715 2470 2054 2540 κατασφαλι-

477 2627 598 2681 nire
618 2636 768 2682 certo
793 2626 1135 2683 afﬂrmareve
1151 2629 1354 2684 ausim.
1389 2627 1544 2695 Quod
1578 2637 1759 2685 autem
1809 2629 2059 2685 historici

479 2719 713 2776 cilicium
738 2721 926 2794 exigit,
947 2738 1059 2778 non
1089 2722 1473 2796 dissimulabo,
1509 2725 1689 2779 visum
1726 2724 2058 2793 quibusdam

2154 2023 2253 2077 σης
2295 2005 2371 2070 ὡς
2407 2004 2552 2059 οὕτω
2594 2004 2808 2075 συμϐὰν
2854 2003 2931 2073 τῷ
2984 2006 3113 2075 ρηγὶ
3166 2003 3264 2073 τῆς
3320 1999 3611 2071 Ἀρμενίας
3639 1998 3737 2067 τῆς

2154 2101 2249 2155 ἰπὶ
2294 2101 2359 2170 τῇ
2396 2099 2666 2170 ἐκκλησίᾳ
2710 2098 3041 2167 ἐκοινώνησε
3089 2098 3354 2161 στάσεως,
3390 2093 3557 2167 μηδὲν
3600 2092 3735 2153 ἀνα·

2157 2195 2443 2264 μείναντες
2467 2189 2847 2257 συνεξετάζειν
2868 2188 2929 2242 τὺ
2954 2190 3176 2258 γεγονὸς
3198 2188 3438 2260 εὐχερῶς
3460 2182 3736 2255 ἐξαιροῦσι

2153 2284 2419 2355 τοῦνομα.
2460 2282 2707 2338 Ἑκείνου
2740 2280 2800 2336 δὲ
2835 2280 2959 2353 μηδ’
2996 2282 3055 2347 ις
3101 2280 3274 2354 βραχὺ
3308 2279 3734 2350 περιγενομένου

2156 2379 2315 2451 (ἴσως
2344 2377 2454 2447 γὰρ
2500 2375 2565 2429 ἂν
2595 2376 2689 2429 καὶ
2732 2374 2951 2446 ἀπήντα
2992 2374 3128 2445 πρὸς
3164 2372 3263 2444 τήν
3301 2369 3663 2440 κατηγορίαν,
3691 2368 3739 2420 εί

2158 2465 2379 2539 περιῆν)
2431 2467 2481 2520 οἱ
2530 2465 2807 2538 ἀρχιερεῖς
2854 2461 3477 2536 ἀμφιγνωμονήσαντες,
3522 2459 3575 2513 oi
3641 2458 3740 2531 μὲν

2159 2638 2259 2697 pro
2310 2621 2482 2679 irritis
2514 2628 2570 2677 et
2599 2612 2906 2693 perperam
2944 2620 3188 2676 decretis
3231 2634 3291 2675 se
3327 2617 3567 2684 habere,
3618 2630 3763 2693 quin,

2159 2732 2335 2787 nuper
2368 2716 2423 2770 in
2452 2729 2617 2771 causa
2652 2730 2804 2786 papae
2853 2730 2919 2770 ac
2944 2711 3354 2770 conciliationis
3376 2709 3585 2767 Graecas
3610 2724 3739 2766 cum

483 2814 587 2869 hoc
613 2814 895 2885 pertinere
930 2822 1045 2869 tum
1070 2814 1138 2870 ad
1168 2828 1231 2869 ea
1260 2830 1382 2886 quae
1415 2814 1579 2870 modo
1610 2814 1922 2880 retulimus,
1953 2814 2059 2886 55
2160 2809 2352 2865 Latina
2368 2807 2739 2864 Ecclesiarum
2762 2816 2966 2863 statuta
2989 2807 3246 2862 fuissent.
3267 2804 3380 2860 lloc
3398 2812 3743 2876 postremum

482 2918 593 2962 tum
616 2907 684 2962 ad
716 2907 843 2971 alia,
885 2922 1007 2978 quae
1052 2906 1173 2979 pari
1205 2906 1557 2964 immanitate
1613 2917 1745 2964 tunc
1793 2924 1822 2963 a
1873 2924 2060 2965 rerum
2163 2903 2233 2959 ab
2266 2918 2333 2957 eo
2369 2900 2593 2973 petendi
2624 2914 2791 2957 causa
2831 2900 2952 2965 fuit,
2982 2900 3127 2971 quod
3161 2900 3207 2955 is
3239 2905 3469 2970 propter
3501 2897 3746 2953 rationes

483 2994 796 3069 potentibus
825 3000 1050 3071 impune
1066 3000 1523 3073 designabantur,
1548 3008 1669 3056 acta
1695 3001 2060 3071 reprobanda,
2162 3019 2190 3060 a
2221 3004 2380 3060 nobis
2438 3012 2565 3057 ante
2617 3003 2948 3055 memoratas
2999 2992 3470 3050 communicasset
3518 3004 3645 3046 cum
3678 2989 3748 3044 iis

481 3091 641 3157 quasi
680 3091 890 3149 scilicet
929 3091 1022 3149 ille
1058 3107 1225 3148 cruor
1253 3093 1373 3148 vice
1399 3093 1667 3149 naturalis
1718 3094 1916 3163 pluviae
1969 3094 2065 3148 de-
2162 3096 2257 3171 qui
2290 3095 2379 3150 illa
2408 3099 2656 3165 egerant.
2701 3086 3044 3154 Addebatur,
3082 3085 3186 3141 hac
3218 3084 3508 3140 dumtaxat
3553 3079 3751 3138 condi-

488 3185 695 3240 missus
725 3200 756 3240 e
787 3185 1030 3242 nubibus
1053 3185 1410 3242 adumbraret
1438 3186 1810 3242 ‘intrusionem
1853 3188 2063 3243 violcn—
2087 3223 2133 3283 α
2165 3191 2335 3254 tione,
2376 3189 2423 3243 si
2480 3187 2598 3242 haec
2630 3182 2838 3253 scripto
2879 3188 2937 3237 et
2971 3177 3340 3259 chirographo
3387 3177 3664 3282 ﬁrmaret,
3696 3174 3750 3230 ei

487 3282 596 3328 tam
624 3289 891 3330 novorum
923 3276 1234 3331 antistitum
1258 3277 1315 3331 in
1356 3276 1518 3332 sedes
1568 3291 1667 3346 per
1694 3277 1806 3332 vim
1852 3278 2061 3348 ejecto-
2089 3267 2133 3283 “
2166 3280 2518 3337 tribuendum
2556 3286 2615 3332 ut
2644 3290 2677 3330 e
2708 3273 2881 3330 sacris
2913 3272 3188 3343 diptychis
3216 3284 3418 3326 nomen
3449 3267 3572 3339 ejus
3604 3268 3752 3322 inter

485 3381 632 3422 rum.
674 3366 967 3443 Utcunque
1012 3369 1116 3435 sit,
1153 3368 1245 3425 isti
1279 3378 1452 3434 certe,
1487 3367 1616 3424 dum
1650 3382 1753 3423 suo
1789 3370 2061 3428 arbitratu
2161 3386 2392 3433 caeteros
2416 3369 2759 3445 patriarchas
2786 3373 3205 3423 memoraretur.
3241 3364 3315 3419 At
3370 3361 3752 3419 Antiochenus

486 3461 554 3515 ad
591 3458 914 3527 Ecclesiam,
946 3460 1117 3534 :sicut
1160 3462 1338 3521 videri
1396 3462 1672 3525 volebant.
1722 3480 2058 3536 componen-
2162 3468 2475 3541 patriarcha
2500 3462 2844 3520 Theodosius
2865 3459 3150 3531 Princeps,
3171 3458 3390 3516 occulto
3404 3465 3584 3513 tactus
3599 3465 3755 3541 metu

485 3556 611 3610 dam
636 3555 1100 3633 tamvchemente
1132 3556 1523 3614 incumbebant
1549 3575 1736 3631 opera,
1783 3560 2066 3633 tyrannica

487 3646 545 3703 in
582 3647 769 3701 multis
788 3647 1025 3715 grassari
1047 3649 1270 3704 licentia
1296 3664 1409 3704 non
1450 3652 1728 3708 immerito
1762 3654 2070 3709 censeban-

490 3750 597 3818 tur,
626 3740 921 3797 abutentes
951 3742 1388 3797 mansuetudine.
1412 3744 1779 3816 imperatoris,
1805 3748 1901 3817 qui
1932 3763 2069 3802 vana

491 3847 587 3904 spe
624 3833 882 3891 inductus
922 3836 992 3893 ab
1012 3836 1123 3892 illis
1146 3837 1284 3893 facta
1318 3840 1468 3909 pacis
1491 3856 1552 3893 ac
1578 3841 1885 3897 concordiae
1910 3841 2070 3912 plene

490 3927 864 3995 restituendae,
913 3930 963 3987 si
1008 3945 1173 4002 agere
1214 3934 1362 3999 ipsos
1423 3950 1546 4004 «tua:
1589 3934 1792 3991 vellent
1839 3937 2070 4004 sineret,

490 4029 686 4078 cuncta
709 4022 763 4077 in
784 4038 973 4078 eorum
997 4025 1283 4081 arbitrium
1306 4026 1635 4097 proiecerat,
1659 4027 1919 4083 eﬂ‘ectum
1945 4043 2075 4083 exo-

492 4115 858 4185 ptatissiu.nm
909 4129 965 4172 et
990 4119 1318 4188 promissum
1370 4121 1604 4190 publica:
1664 4123 2073 4192 tranquillitatis

497 4209 646 4269 bene
674 4212 866 4280 quovis
894 4211 1185 4267 emendum
1216 4213 1396 4283 pretio
1432 4223 1602 4281 ratus,
1628 4222 1699 4270 et
1723 4230 1755 4271 e
1792 4215 1885 4271 tali
1942 4230 2076 4271 con-

492 4303 736 4358 niveutia
766 4306 1082 4375 prudenter,
1111 4316 1169 4361 ut
1191 4306 1295 4377 ipsi
1321 4306 1621 4376 videbatur,
1639 4320 1982 4380 exspectans.

498 4440 587 4497 l9.
617 4440 689 4497 De
716 4447 950 4515 Augusta
983 4443 1254 4498 Theodora
1280 4456 1324 4498 et
1346 4444 1657 4514 patriarcha
1685 4446 2070 4506 Alexandrino.

2167 3578 2236 3620 ne
2256 3560 2387 3633 quid
2417 3559 2472 3614 hi
2516 3557 2738 3629 gravius
2802 3554 2859 3609 in
2903 3567 3028 3610 sese
3075 3550 3453 3617 consulerent,
3507 3540 3756 3605 exterius

2167 3645 2351 3711 tamen
2405 3669 2515 3723 prae
2556 3650 2663 3722 56
2695 3664 2754 3704 se
2785 3647 2996 3703 ferebat
3025 3643 3175 3701 haud
3224 3644 3331 3701 sibi
3377 3642 3624 3714 probari,
3654 3642 3759 3697 sed

2169 3763 2275 3803 nec
2316 3745 2385 3802 ad
2419 3760 2479 3800 se
2508 3743 2808 3814 quidquam
2845 3736 3106 3794 arbitrari
3163 3736 3470 3806 pertinere,
3497 3748 3618 3805 qua:
3656 3734 3757 3789 tle-

2170 3848 2313 3897 rent.
2390 3837 2534 3909 Ergo
2588 3829 3048 3903 aspernahundus
3108 3837 3164 3885 et
3205 3827 3457 3898 speciose
3523 3841 3762 3883 securus

2173 3930 2547 4000 conscriptam
2577 3924 2986 3982 abdicationem
3043 3918 3473 3992 patriarcbatus.
3521 3918 3765 3989 impera-

2174 4036 2295 4081 tore
2328 4019 2529 4082 inscio,
2559 4018 2868 4074 Antiochiae
2898 4014 3143 4084 reliquit,
3173 4013 3292 4082 ipse
3318 4013 3373 4067 in
3406 4010 3620 4084 Syriam
3653 4012 3765 4068 mi-

2175 4131 2359 4187 grans,
2404 4114 2493 4168 ubi
2528 4109 2850 4166 Latinorum
2892 4108 2949 4164 in
3000 4114 3270 4179 potestate
3300 4105 3487 4161 multae
3512 4114 3628 4160 tum
3662 4105 3766 4161 ad-

2177 4211 2287 4266 huc
2314 4218 2371 4263 et
2402 4220 2609 4277 magna:
2628 4203 2883 4259 civitates
2910 4210 3087 4266 erant,
3137 4198 3451 4263 Ptolemais,
3502 4197 3761 4271 Berytus,

2180 4303 2375 4364 Sidon,
2420 4300 2619 4370 Tyrus,
2652 4311 2861 4366 oraque
2914 4294 3008 4350 illa
3057 4292 3339 4348 maritima
3375 4292 3663 4362 universa,
3702 4294 3761 4349 in

2179 4412 2286 4469 qua
2323 4394 2438 4451 itali
2484 4393 2751 4449 adversus
2802 4404 2940 4462 opes
2970 4386 3292 4459 Ethiopum
3326 4403 3486 4444 suum
3539 4390 3766 4462 egregie

2182 4489 2472 4559 imperium
2519 4485 2839 4541 tuebantur.
2895 4481 3089 4538 Clerus
3138 4495 3304 4552 porro
3378 4481 3768 4538 Antiochenus

568 4579 673 4635 Sed
708 4591 762 4634 ut
794 4582 860 4634 ad
898 4580 1088 4652 synodi
1119 4592 1239 4636 acta
1276 4582 1589 4648 redeamus,
1625 4583 1679 4637 in
1706 4583 1793 4638 his
1842 4594 1896 4640 et
1926 4586 2064 4643 illud
2098 4578 2153 4639 D
2180 4582 2523 4640 abdicatione
2560 4578 2833 4648 Principis
2864 4584 3090 4646 accepta
3133 4573 3502 4630 concordibus
3531 4574 3769 4632 calculis

499 4686 602 4728 esu.
629 4673 709 4727 Ab
744 4676 983 4744 Augusta
1012 4672 1300 4730 Theodore
1325 4674 1449 4731 ﬁdei
1473 4676 1717 4732 libellum
1743 4690 2071 4751 exegerunt,

500 4778 870 4843 pnetereaque
905 4780 966 4825 ut
996 4770 1203 4838 scripto
1237 4772 1367 4827 dato
1397 4787 1457 4827 se
1489 4775 1808 4830 renuntiare
1850 4778 2075 4846 prolite-

506 4848 658 4919 rctur
692 4862 1044 4917 conventioni
1086 4864 1443 4919 ecclesiarum
1488 4874 1544 4920 et
1572 4867 1900 4922 obedientim
1922 4881 2077 4939 papas

502 4958 666 5031 paulo
734 4965 862 5012 ante
930 4957 1145 5026 publice
1223 4958 1501 5026 admissis;
1579 4968 1770 5015 sancte
1831 4961 2077 5031 denique

502 5052 853 5124 polliceretur
896 5065 954 5105 se
1014 5067 1291 5122 nunquam
1336 5052 1633 5122 petituram
1687 5053 1926 5123 persolvi
1959 5055 2077 5108 viro

504 5159 605 5200 suo
638 5143 896 5199 defuncto
940 5142 1085 5213 justa
1120 5144 1372 5200 funebria
1402 5145 1791 5200 decantatione
1840 5147 2078 5216 psalmo-

506 5253 628 5292 rum
656 5243 711 5291 et
739 5244 936 5291 caetero
966 5236 1335 5292 ecclesiastico
1362 5237 1468 5292 ritu
1494 5235 1842 5291 celebranda.
1875 5235 2077 5291 [larum

505 5346 686 5385 rerum
722 5346 931 5385 merces
967 5330 1347 5385 ostentabatur
1380 5332 1557 5385 honos
1598 5330 2077 5384 commemoratio-

504 5422 593 5479 nis
618 5423 856 5479 nominis
887 5423 1006 5494 ejus
1038 5422 1092 5476 in
1148 5422 1400 5488 ecclesia,
1445 5422 1593 5476 inter
1626 5436 1780 5475 Sacra
1842 5420 2078 5491 conjun-

506 5518 667 5590 gendi
717 5532 842 5573 cum
902 5517 1125 5571 nomine
1180 5515 1529 5587 imperatoris
1598 5514 1773 5583 ipsius
1817 5514 1932 5569 lilii.
1998 5512 2080 5568 Ab

507 5609 876 5665 Alexandrino
896 5608 1023 5662 item
1050 5607 1360 5679 patriam-lia
1390 5605 1741 5673 postularunt
1759 5603 2079 5663 Athanasio,

509 5715 567 5759 ut
593 5719 819 5759 assensu
852 5704 1235 5772 comprobaret
1264 5714 1365 5757 suo
1395 5699 1803 5754 damnationem
1836 5708 1893 5750 et
1934 5697 2082 5765 deje-

510 5794 749 5850 ctionem
807 5812 838 5851 e
868 5794 1037 5868 gradu
1098 5794 1435 5864 privatorum
1466 5790 1583 5845 suis
1610 5789 1838 5845 sedibus
1867 5787 2082 5843 autisti~

508 5896 626 5945 tum
660 5903 677 5955 ;
710 5889 932 5960 insuper
981 5898 1039 5944 ut
1072 5889 1189 5958 ipse
1238 5901 1453 5956 quoque
1530 5884 1736 5941 diserte
1779 5880 2081 5937 declararet

2179 4676 2546 4750 patriarcham
2598 4669 2805 4727 creavit
2838 4667 3409 4740 Hagio-Symeonitem
3439 4666 3765 4733 Arsenium,

2178 4772 2359 4825 virum
2412 4766 2673 4839 prmolara
2701 4761 3084 4819 sanctimoniae
3131 4761 3318 4832 specie
3360 4761 3768 4831 venerabilem,

2177 4873 2339 4928 quem
2392 4857 2579 4911 statim
2631 4851 3225 4922 Constantinopolitani
3281 4860 3653 4921 agnoscentes
3711 4853 3770 4908 in

2178 4952 2621 5024 communionem
2652 4946 3011 5012 admiserunt,
3049 4945 3410 5015 pronuntiato
3427 4944 3604 5012 palam
3639 4946 3770 5016 ejus

2180 5044 2498 5115 ediptychis
2529 5042 2772 5097 nomine.
2804 5040 3162 5097 Postmodum
3184 5047 3365 5092 tamen
3383 5035 3529 5091 fama
3564 5052 3772 5106 sparsa

2181 5135 2616 5190 communicasse
2646 5133 2824 5202 ipsum
2858 5148 2981 5187 cum
3010 5147 3133 5201 rege
3164 5129 3438 5195 Armeniae
3462 5130 3530 5183 ab
3568 5126 3773 5185 Eccle-

2180 5231 2259 5286 sia
2295 5229 2551 5293 discisso,
2581 5228 2809 5283 minime
2841 5234 3062 5297 sumpto
3089 5225 3157 5279 ad
3194 5222 3613 5294 inquisitionem
3646 5225 3772 5279 veri

2182 5325 2380 5395 spatio,
2411 5323 2614 5392 cupide
2644 5321 2949 5377 multarunt
3004 5320 3216 5373 honore
3264 5317 3369 5372 isto
3396 5327 3452 5370 et
3503 5332 3536 5369 e
3589 5319 3778 5375 sacris

2184 5415 2380 5473 tabulis
2414 5416 2532 5483 ejus
2581 5428 2782 5469 nomen
2813 5419 3223 5483 expunxerunt.
3278 5409 3520 5481 Contigit
3575 5421 3775 5469 autem

2182 5513 2363 5580 ipsum
2398 5511 2501 5565 sub
2555 5510 2662 5563 hoc
2694 5520 2919 5579 tempus
2954 5523 2986 5562 e
3014 5506 3154 5561 viris
3190 5504 3434 5559 cedere:
3483 5516 3650 5574 quem
3682 5517 3777 5560 est

2183 5601 2469 5663 credibile,
2498 5600 2543 5655 si
2578 5600 2663 5654 vel
2690 5598 2964 5653 modicum
2994 5595 3399 5667 superfuisset,
3436 5594 3503 5647 ad
3533 5608 3771 5671 causam

2184 5695 2471 5750 dicendam
2529 5691 3060 5763 Constantinopolim
3116 5699 3435 5744 venturum.
3487 5686 3774 5746 Caeterum

2188 5789 2460 5843 antistites
2491 5787 2565 5843 ad
2597 5790 2647 5843 ei
2676 5800 3057 5841 successorem
3093 5783 3407 5856 eligendum
3440 5783 3769 5862 congregati

2187 5881 2322 5938 duas
2393 5881 2447 5936 in
2494 5880 2795 5937 sententias
2861 5878 3014 5936 scissi
3057 5886 3187 5935 sunt
3247 5894 3261 5930 :
3306 5876 3499 5931 Cilices
3556 5874 3774 5950 quippe
