4058 6282
387 349 455 415 65
1318 350 1414 412 DE
1457 345 1903 412 ANDRONICO
1945 346 2407 410 PALIEOLOGO
2446 350 2597 413 LIB.
2641 352 2686 415 Ι.
3569 347 3640 419 b6

397 460 536 515 κατὰ
563 460 817 515 Κιλικίαν
849 461 939 514 τὶν
972 459 1473 530 Πομπηϊουπόλεως
1513 459 1806 522 Ᾱιονύσιον,
1831 457 1885 545 ,οἱ
1916 454 1970 507 δὲ
2000 457 2042 512 Α
2075 456 2301 512 καίαθεν
2329 460 2466 528 (ἐκεῖ
2487 460 2595 532 γὰρ
2629 462 2720 514 καὶ
2745 459 3111 530 συνετηρεττο)
3139 460 3361 515 ἀπολύει
3393 460 3527 533 πρὸς
3550 464 3641 516 τὸν

394 553 536 623 ἀμφὶ
591 553 790 625 Συρίαν
832 555 920 606 τὸν
956 553 1132 622 Τύρου
1187 552 1454 621 Κύριλλον
1501 550 1800 604 καθιστῶσι
1827 567 1842 582 ο
1873 549 1968 602 καὶ

390 645 484 699 τοῦ
507 647 779 699 Διονυσίου
806 646 1229 715 κραδαινομένου
1256 646 1448 714 φθάνει
1480 644 1798 713 προκριθεὶς
1826 641 1968 712 ὑπὲρ

393 739 598 790 ἐκεῖνον
629 739 658 791 ό
683 739 967 808 Κύριλλος.
995 739 1098 790 Τὸν
1131 737 1264 805 γοῦν
1308 737 1714 807 Ἀλεξανδρείας
1735 734 1969 787 ἐνταῦθα

394 831 636 900 παρόντα
664 827 776 880 οὔτ’
822 828 1004 881 ὠδύνα
1052 826 1111 880 τὸ
1165 829 1239 897 μὴ
1267 831 1380 890 τοῖς
1415 827 1594 889 ἄλλοις
1637 841 1968 895 συμμνημοο

394 919 643 971 νεύεσθαι
671 917 754 989 [Ρ.
786 915 878 989 Si]
913 916 1004 987 (τὰ
1027 919 1136 986 γὰρ
1164 921 1277 982 τοῖς
1313 918 1530 979 πολλοῖς
1584 915 1969 986 συμϐεϐηκότα

394 1008 455 1062 τὸ
499 1009 622 1062 καθ’
665 1009 828 1062 αὑτὸν
867 1009 1110 1078 λυπηρὸν
1162 1008 1537 1078 ἀπέκρυπτεν)
1590 1007 1715 1061 οὔτε
1767 1007 1873 1078 μὴν
1911 1004 1970 1057 τὸ

392 1100 673 1168 ἀξιοῦσθαι
727 1101 975 1170 μετέχειν
1023 1101 1176 1169 σφίσι
1207 1100 1308 1169 τῆς
1357 1101 1579 1171 μνήμης
1627 1098 1861 1152 ἔθαλπε·
1901 1095 1970 1148 τὰ

393 1195 503 1265 γὰρ
538 1195 690 1264 παρὰ
719 1193 782 1246 τὸ
837 1193 1047 1260 πρέπον
1089 1191 1423 1264 πραχθέντα,
1470 1186 1555 1252 οἷς
1598 1190 1872 1244 κοινωνεῖν
1901 1184 1970 1259 ἦν

393 1287 678 1355 γεγονότα,
708 1285 1072 1351 συγκάταινον
1097 1283 1436 1354 περιίστατο.

618 1420 687 1477 κ’.
721 1421 859 1489 Περὶ
885 1419 995 1490 τῆς
1021 1419 1307 1490 γυναικὸς
1337 1420 1443 1474 τοῦ
1476 1417 1746 1490 Τερτερῆ.

481 1553 645 1616 Ἀλλὰ
697 1558 905 1613 τούτων
959 1558 1353 1632 ἁνηρτημένων
1381 1561 1476 1612 καὶ
1528 1559 1607 1613 ἐτι
1640 1561 1667 1612 ὁ
1719 1557 1970 1629 βασιλεὺς

393 1650 490 1706 τοῦ
554 1653 821 1722 Τερτερῆ,
862 1651 922 1705 ὃν
971 1651 1036 1721 δὴ
1091 1650 1315 1720 βασιλέα
1372 1650 1696 1721 Βουλγάρων
1750 1653 1776 1703 ό
1814 1650 1970 1717 λόγος

394 1744 607 1797 ἔδείκνυ
635 1743 728 1796 τοῦ
773 1744 936 1797 ’Λσὰν
975 1742 1187 1796 ἐκεῖθεν
1217 1744 1696 1813 ἀναχωρήσαντος,
1725 1741 1972 1812 πέμψαν-

394 1853 489 1900 τος
525 1837 620 1890 καὶ
665 1836 942 1900 ἀξιοῦντος
972 1837 1104 1906 περὶ⁵
1133 1837 1233 1906 τῆς
1266 1835 1520 1904 γυναικὸς
1583 1837 1702 1906 (τὴν
1737 1837 1844 1906 γὰρ
1869 1836 1963 1888 τοῦ

409 1929 572 1982 ’Δσὰν
640 1929 980 1999 αὑταδέλφην
1040 1930 1114 1992 ὡς
1183 1931 1514 2000 παρανόμοις
1579 1927 1964 1998 συζευχθεῖσαν

394 2022 728 2092 ἀπέστεργε,
770 2027 864 2075 καὶ
915 2022 1090 2084 ἄλλως
1132 2023 1210 2075 ὅτι
1255 2023 1474 2092 καὶτῆς
1523 2024 1637 2075 ἐκεῖ
1670 2022 1964 2092 ἐκκλησίας

400 2116 479 2187 μὴ
524 2116 969 2185 παραδεχομένης
1001 2116 1163 2168 αὑτὸν
1216 2117 1272 2168 ὲν
1326 2117 1638 2186 ἁγιασμοῐς,
1686 2115 1761 2177 ὼς
1790 2114 1962 2182 ﬂere,

397 2210 528 2278 περὶ
558 2209 660 2279 τὴν
701 2209 933 2275 σύζυγον
963 2209 1357 2279 ὰνομήσαντα),
1390 2208 1560 2262 ταῦτα
1588 2209 1681 2260 τοῦ
1722 2210 1963 2278 Τερτερῆ

393 2298 826 2369 διαμηνυομένου
859 2302 951 2351 καὶ
979 2301 1075 2361 τὰς
1111 2298 1327 2360 ἐσαῦθις
1363 2299 1679 2365 ἀγαπῶντος
1712 2297 1963 2362 σπονδὰς,

395 2390 725 2454 ἀποστείλας
749 2392 777 2442 ό
808 2390 1062 2461 βασιλεὺς
1098 2392 1192 2444 καὶ
1223 2391 1448 2459 ἀγαγὼν
1478 2391 1577 2456 τὴν
1611 2392 1843 2457 γυναῖκα
1873 2388 1970 2440 Νι-

399 2545 966 2618 Pompeiopolitanum
1001 2548 1340 2619 Dionysium.
1382 2547 1503 2619 Syri
1543 2562 1673 2602 vero
1704 2545 1963 2619 Cyrillum

400 2639 622 2712 Tyrium
654 2639 709 2694 in
743 2641 1174 2710 patriarchatum
1243 2649 1597 2695 vocaverunt.
1633 2640 1784 2694 inter
1843 2655 1965 2707 qua:

401 2734 743 2789 deliberante
804 2748 868 2787 ac
903 2733 1213 2804 trepidante
1247 2734 1508 2804 Dionysio
1565 2735 1967 2804 prmoceuparit

402 2827 662 2882 thronum
739 2827 992 2897 Cyrillus,
1045 2838 1101 2883 et
1142 2828 1202 2882 in
1244 2842 1312 2884 eo
1367 2832 1612 2882 firmatus
1663 2829 1964 2898 praivaluit.

397 2920 570 2991 Igitur
590 2920 1016 2975 Alexandrinum
1050 2922 1138 2974 hic
1170 2921 1646 2991 Constantinopoli
1679 2921 1966 2991 degentem

399 3014 554 3069 nullo
609 3014 906 3068 admodum
952 3016 1158 3070 doloris
1190 3017 1370 3071 all'ccit
1394 3032 1581 3081 sensu,
1629 3017 1775 3084 quod
1824 3016 1968 3069 inter

399 3106 754 3176 patriarchas
787 3121 897 3162 non
923 3109 1249 3163 recitaretur
1303 3124 1499 3163 nomen
1539 3112 1660 3178 ejus
1690 3129 1701 3164 :
1733 3109 1966 3164 set-ictas

399 3200 549 3252 enim
581 3199 638 3253 in
669 3201 782 3268 pari
814 3207 962 3254 sorte
996 3201 1293 3254 multorum
1327 3206 1591 3268 privatam
1644 3201 1817 3270 ipsius
1847 3217 1966 3258 mo-

399 3282 610 3345 lestiam
638 3292 868 3346 levabat.
915 3289 1097 3360 Neque
1122 3307 1249 3361 spes
1292 3293 1365 3346 illi
1390 3295 1570 3348 oblata
1606 3294 1765 3348 istius
1796 3296 1970 3350 bono-

399 3389 478 3444 ris
519 3388 856 3458 adipiscendi
885 3386 988 3458 57
1029 3403 1282 3460 maguum
1311 3388 1503 3443 habuit
1547 3390 1796 3454 illicium,
1830 3404 1968 3456 prae-

397 3481 590 3536 sertim
609 3479 756 3551 quod
783 3495 912 3535 caro
948 3481 1184 3534 emenda
1229 3489 1648 3549 proponeretur,
1681 3491 1875 3534 exacta
1907 3479 1964 3534 in

398 3574 454 3630 id
482 3573 931 3642 comprobatione
962 3573 1471 3628 inconvenientium
1505 3581 1756 3627 actorum
1775 3573 1963 3642 synodi

401 3665 689 3735 praesentis
719 3681 734 3731 ;
765 3678 1000 3735 quorum
1049 3664 1184 3734 quin
1241 3680 1302 3718 se
1339 3664 1569 3719 fundum
1602 3674 1658 3719 et
1685 3673 1967 3719 auctorem

399 3759 594 3826 ferret,
623 3773 690 3813 ac
718 3770 1124 3830 consequenter
1151 3773 1342 3814 eorum
1365 3758 1627 3814 invidiam
1662 3760 1719 3812 in
1750 3773 1810 3813 se
1843 3774 1966 3813 sus-

401 3853 634 3922 ciperet,
666 3853 760 3921 qui
795 3852 918 3906 talia
952 3851 1272 3922 gerentibus
1304 3849 1756 3918 communicaret,
1795 3855 1968 3908 vitare

400 3962 515 4001 non
555 3961 716 4019 posse
758 3945 919 4002 facile
953 3947 1192 4003 videbat.

842 4087 933 4144 9.0.
978 4087 1052 4143 De
1084 4105 1242 4145 uxore
1275 4087 1522 4145 Terterir.

473 4223 678 4280 Verum
716 4224 806 4279 his
852 4223 1033 4280 adhuc
1079 4225 1136 4279 in
1167 4224 1564 4281 deliberatione
1596 4227 1962 4293 versantibus,

401 4317 632 4385 contigit
665 4315 995 4370 instauratio
1055 4315 1281 4371 fmderis
1317 4317 1463 4370 inter
1494 4317 1877 4386 imperatorem
1909 4327 1964 4372 et

400 4407 710 4463 Terterem.
740 4406 794 4462 ls
827 4407 884 4460 in
942 4421 1167 4478 regnum
1193 4406 1456 4479 Bulgaria:
1481 4421 1604 4481 post
1625 4410 1820 4466 Asanis
1839 4413 1965 4467 inde

2071 549 2369 621 Τερτερῆν,
2408 552 2692 621 πέμψοντα
2715 555 2968 609 κάκεῖνον
2998 552 3196 607 αὐτίκα
3226 554 3325 624 τὴν
3345 555 3440 607 τοῦ
3478 554 3645 609 ’Δσὰν

2070 639 2321 710 ἀδελφὴν,
2356 642 2385 695 ὃ
2417 642 2480 714 δὴ
2534 645 2626 697 καὶ
2656 645 2869 711 γέγονε.
2921 647 3030 700 Καὶ
3085 645 3145 696 τὸ
3196 644 3468 711 ἐντεῦθεν,
3523 645 3646 697 ἐπεὶ

2072 730 2332 784 ἀδύνατον
2359 728 2427 802 ἦν
2458 735 2550 786 τὸν
2595 735 2761 788 Ἀσέιν
2795 734 3099 802 βασιλεύειν
3151 734 3477 807 Βουλγάρων
3512 751 3649 805 κρα-

2070 826 2393 888 ταιωθέντος
2431 827 2529 897 ἥδη
2562 826 2655 879 τοῦ
2695 829 2737 879 Τ
2742 830 2958 900 ερτερῆ,
3013 825 3202 898 ἐκείνῳ
3235 829 3336 893 μὲν
3365 827 3646 887 σπένδεται

2073 914 2194 982 (τὰς
2225 916 2332 984 γὰρ
2386 917 2646 985 δυνάμεις
2704 919 2792 987 ,τῆς
2835 916 3134 986 Ῥωμαῖδος
3178 917 3645 986 πολεμησειούσας

2072 1003 2390 1074 ἐκλείπειν),
2447 1005 2539 1058 τὸν
2588 1005 2633 1058 δ’
2672 1007 2832 1059 Ἀσὰν
2879 1009 3017 1059 κατὰ
3058 1008 3158 1068 τὰς
3209 1008 3476 1076 προτέρας
3525 1022 3650 1057 συν-

2072 1093 2260 1158 θεσίας
2307 1096 2402 1148 τοῦ
2463 1097 2667 1166 πατρὸς
2715 1086 2981 1166 δεσπότην
3029 1096 3333 1166 Ῥωμαϊὸος
3386 1094 3650 1148 ἀποκαθί-

2073 1204 2287 1258 στησιν.

2073 1341 2180 1396 κα’.
2216 1345 2354 1412 Περὶ
2407 1343 2518 1412 τῆς
2563 1344 2657 1399 ἐπ’
2697 1344 3007 1417 ἀνατολὴν
3047 1347 3358 1414 ,ϐασιλέως
3397 1345 3646 1414 ἐξελεύ-

2765 1433 2943 1485 σεως.

2144 1550 2227 1625 [Ρ.
2267 1551 2361 1626 55]
2388 1553 2558 1617 Αὐτὸς
2579 1553 2636 1607 δὲ
2659 1553 2895 1625 ἔμμονον
2926 1556 3196 1626 μέριμναν
3227 1557 3366 1628 ἔχων
3394 1560 3494 1628 τῆς
3514 1577 3579 1613 πε
3590 1561 3645 1631 pi.

2071 1641 2170 1713 τὴν
2214 1643 2537 1713 Ἐκκλησίαν
2579 1645 2831 1715 ὁμονοίας
2862 1647 2958 1699 καὶ
3012 1649 3419 1712 καταστάσεως,
3468 1650 3535 1703 δι’
3575 1650 3644 1721 ἢν

2075 1737 2169 1787 καὶ
2197 1735 2372 1788 ταῦτα
2401 1735 2558 1790 πάντ’
2589 1738 2892 1809 ἐπράττετο
2924 1741 2980 1811 (ἡ
3011 1741 3119 1812 γὰρ
3138 1742 3245 1794 τῶν
3283 1743 3644 1812 Ἀρσενιατῶν

2073 1827 2428 1891 ὲπισύστασις
2471 1829 2642 1900 πολλή
2672 1848 2756 1894 τις
2784 1829 2918 1885 οὖσα
2945 1832 3039 1886 καὶ
3078 1832 3199 1886 καθ’
3238 1836 3475 1906 ἑκάστην
3507 1835 3648 1906 πλη-

2074 1921 2309 1992 θυομένη
2336 1923 2563 1993 ἠρεμεῖν
2592 1924 2692 1976 οὐκ
2724 1923 2858 1994 εἴα)⁹
2908 1926 3129 1998 ἀπάρας
3163 1928 3258 1999 τῆς
3299 1930 3646 1982 Κωνσταντί-

2073 2030 2166 2065 νου
2185 2013 2273 2066 ἐπ’
2296 2013 2562 2084 ἀνατολῆς
2593 2014 2845 2087 ἧλαυνεν,
2875 2018 3181 2088 ἐπισκήψας
3205 2019 3297 2073 καὶ
3327 2021 3642 2096 πατριάρχῃ

2073 2106 2165 2156 καὶ
2198 2107 2308 2169 τοῖς
2340 2106 2566 2172 Acmon,
2603 2109 2719 2162 ὅσοι
2753 2127 2811 2162 τε
2847 2111 2972 2178 περὶ
3003 2112 3091 2165 τὸν
3135 2115 3480 2184 πατριάρχην
3503 2109 3644 2184 ἦσαν

2073 2200 2168 2252 καὶ
2208 2199 2321 2254 ὅσοι
2348 2203 2446 2272 τῆς
2479 2203 2730 2268 ιναντίας
2775 2206 2988 2276 μοίρας,
3027 2209 3204 2260 ἐκεῖσε
3253 2211 3378 2280 περί
3412 2227 3514 2262 που
3543 2213 3644 2274 τὰς

2083 2292 2486 2358 ’Υποπλακίους
2507 2294 2692 2367 Θήϐας
2721 2300 2966 2370 ἁπαντᾷν
3005 2299 3103 2369 τὴν
3132 2301 3389 2372 ταχίστην
3418 2302 3521 2355 ὑπὸ
3548 2303 3644 2374 βη-

2074 2386 2310 2448 σιλικαῖς
2354 2388 2604 2459 τριήρεσι
2631 2405 2690 2441 τε
2722 2391 2817 2444 καὶ
2859 2392 3111 2461 ἐφοδίοις,
3149 2394 3222 2456 ὠς
3256 2396 3370 2447 ἐκεῖ
3421 2399 3646 2467 κινηθη-

2079 2548 2430 2617 possessione
2472 2547 2808 2609 validissime
2853 2552 3100 2610 firmatus
3155 2568 3445 2626 appareret
3513 2557 3643 2615 fer-

2076 2651 2242 2709 teres,
2275 2644 2540 2713 optimum
2572 2645 2716 2700 factu
2750 2648 3276 2719 putavitimperator
3308 2651 3487 2708 faedus
3516 2670 3640 2709 cum

2075 2731 2178 2787 hoc
2226 2735 2392 2801 icere,
2443 2735 2629 2806 utique
2663 2752 2857 2807 parum
2904 2741 2972 2796 ad
3020 2757 3245 2799 manum
3285 2745 3492 2802 habens
3540 2750 3646 2803 lto-

2074 2840 2362 2882 manarum
2460 2832 2742 2901 cupiarum
2824 2834 3083 2892 alacrium
3172 2840 3240 2893 ad
3308 2856 3520 2913 pugnas
3587 2853 3646 2898 et

2075 2920 2141 2972 ad
2174 2934 2288 2974 rem
2320 2921 2460 2978 bene
2489 2928 2785 2995 gerendam
2823 2943 2948 2983 cum
2998 2941 3106 2986 tam
3163 2934 3350 2991 vicino
3388 2945 3644 2992 strenuo-

2075 3027 2180 3081 quc
2218 3017 2374 3070 hoste
2422 3028 2798 3089 promptarum
2834 3023 2989 3078 satis.
3039 3027 3312 3083 Convertit
3350 3045 3481 3101 ergo
3514 3047 3641 3087 cum

2074 3104 2331 3177 Bulgaro,
2375 3111 2565 3179 Asani,
2616 3114 2771 3183 juxta
2797 3127 2954 3186 pacta
2989 3121 3140 3189 prius
3169 3138 3199 3177 a
3235 3133 3389 3194 patre
3419 3143 3542 3185 cum
3574 3148 3641 3188 eo

2021 3194 2035 3215 ‘
2071 3200 2229 3265 inita,
2302 3203 2627 3274 dignitatem
2694 3208 2937 3280 despotae
2965 3212 3248 3275 Romaidis
3293 3221 3348 3275 in
3390 3225 3640 3293 qualern-

2070 3308 2303 3364 cumque
2334 3298 2503 3366 regni
2531 3301 2718 3356 amissi
2752 3309 3257 3375 compensationem
3292 3315 3564 3371 tribuens.

2192 3433 2282 3487 21.
2313 3432 2391 3487 De
2423 3437 2749 3507 profectione
2772 3441 3106 3512 imperatoris
3135 3442 3188 3500 in
3217 3446 3504 3506 Orientem.

2141 3571 2256 3626 Bac
2287 3588 2419 3630 cura
2477 3576 2657 3632 soluto
2708 3579 3021 3648 imperatori
3073 3584 3252 3638 acrior
3278 3587 3384 3643 alia
3434 3600 3486 3644 ct
3517 3607 3639 3661 per-

2069 3668 2410 3721 severantior
2464 3669 2631 3724 altius
2707 3670 2982 3729 insidebat
3065 3681 3272 3745 animo,
3328 3687 3637 3742 concordia:

2069 3759 2287 3814 tandem
2319 3760 2628 3830 in,Ecclesia
2659 3764 2802 3819 bona
2832 3767 2936 3822 fide
2963 3772 3286 3838 statuenda,
3337 3773 3444 3846 58
3471 3793 3635 3848 quam

2070 3853 2230 3909 unice
2261 3855 2327 3909 ad
2351 3870 2463 3910 rem
2486 3856 2588 3911 etsi
2623 3867 2816 3914 cuncta
2851 3875 2970 3928 quae
2999 3878 3149 3918 nunc
3173 3868 3406 3924 maxime
3444 3876 3636 3931 tierent

2069 3947 2470 4013 referebantur,
2509 3958 2695 4004 tamen
2733 3952 2868 4006 nihil
2897 3955 3192 4010 admodum
3225 3957 3491 4016 hactenus
3515 3981 3636 4021 esse

2069 4036 2373 4107 profectum
2437 4041 2759 4110 apparebat.
2816 4044 2959 4116 Ergo
2994 4048 3285 4104 sollicitum
3336 4055 3428 4110 tali
3465 4071 3631 4115 causa

2068 4133 2370 4201 principem
2415 4147 2631 4189 cessare
2663 4137 2717 4190 in
2748 4135 3102 4206 inquisitione
3152 4143 3396 4198 ulteriuri
3433 4151 3636 4203 medio-

2069 4242 2188 4280 rum
2229 4229 2297 4281 ad
2332 4229 2491 4281 finem
2533 4238 2641 4283 tam
2705 4237 3098 4301 necessarium,
3155 4252 3278 4292 cum
3315 4241 3538 4298 minime
3565 4243 3635 4298 si-

2067 4334 2226 4379 neret
2251 4323 2493 4397 ﬂagrans
2553 4327 2841 4398 plusquam
2884 4345 3124 4400 unquam
3182 4344 3236 4388 et
3278 4337 3489 4405 pollens
3532 4357 3637 4395 nu-

2069 4432 2220 4473 mero
2270 4417 2435 4489 inque
2470 4419 2586 4474 dies
2618 4429 2948 4492 augescente
2994 4425 3344 4482 multitudine
3413 4445 3636 4488 surcre-

398 4489 702 4562 secessum,
740 4507 797 4552 ut
854 4497 988 4552 alias
1017 4499 1280 4562 diximus,
1313 4511 1558 4565 evectus,
1611 4501 1863 4573 religioni
1902 4517 1962 4558 se

2069 4527 2230 4569 scens
2260 4512 2562 4568 Arseniana
2595 4512 2780 4580 factio,
2814 4529 3045 4570 movens
3091 4519 3434 4577 Andronitus
3490 4525 3634 4580 Con-

397 4591 600 4646 ducere
648 4592 912 4662 profitens
963 4601 1148 4647 tenere
1173 4594 1230 4646 in
1289 4594 1654 4651 contubernio
1718 4609 1966 4652 sororem

397 4687 647 4755 ejusdem
684 4687 896 4753 Asanis,
931 4700 1094 4755 quam
1124 4687 1407 4756 repudiata
1452 4698 1642 4743 contra
1672 4689 1754 4744 fas
1781 4697 1966 4760 priore

397 4783 638 4854 legitima
694 4785 926 4851 conjuge
974 4783 1241 4849 duxisset,
1286 4799 1388 4839 nec
1417 4784 1564 4840 ferre
1615 4787 1870 4857 amplius,
1906 4797 1966 4842 ut

397 4882 604 4942 aiebat,
646 4881 834 4935 valens
884 4896 941 4934 se
972 4881 1040 4934 ah
1089 4878 1333 4935 Ecclesia
1383 4882 1467 4937 sui
1505 4886 1654 4954 regni
1680 4899 1965 4942 sacrorum

399 4986 676 5032 exsortem
718 4989 782 5026 eo
820 4973 1042 5026 nomine
1079 4974 1292 5028 censeri
1319 4983 1484 5043 atque
1515 4992 1544 5029 a
1579 4979 1966 5035 communione

399 5067 579 5136 rejici,
635 5066 784 5120 misit
835 5066 902 5120 ad
959 5067 1369 5134 imperatorem,
1398 5069 1492 5138 qui
1545 5072 1660 5124 haec
1716 5072 1828 5140 ipsa
1871 5088 1965 5125 ex-

400 5168 674 5229 ponerent
733 5166 791 5213 et
853 5168 1101 5228 paratum
1150 5174 1271 5214 sese
1323 5162 1391 5215 ad
1452 5177 1646 5231 pacem
1709 5178 1834 5217 cum
1898 5178 1964 5219 eo

399 5250 753 5306 sanciendam
805 5250 1137 5306 afﬁrmarent
1185 5266 1249 5305 ea
1284 5255 1620 5320 conditione,
1677 5255 1723 5310 si
1780 5271 1962 5312 veram

400 5342 505 5398 sibi
532 5358 714 5408 suam.
752 5358 871 5414 qua
903 5342 1094 5398 Nicaeae
1129 5346 1497 5413 detinebatur,
1560 5363 1784 5404 uxorem
1837 5353 1964 5407 red-

396 5437 580 5493 deret.
636 5437 720 5493 Ad
748 5452 870 5507 quae
907 5439 1201 5507 imperator
1259 5451 1508 5494 annuens
1563 5442 1816 5497 eductam
1867 5460 1964 5499 eu-

398 5533 579 5590 stodia
616 5531 903 5587 mulierem
938 5533 1007 5587 ad
1055 5531 1337 5588 Terterem
1371 5537 1601 5602 remisit,
1660 5548 1856 5606 pactus
1907 5550 1966 5595 ut

394 5626 449 5682 is
473 5625 713 5683 vicissim
789 5640 1033 5681 sororem
1112 5627 1304 5682 Asanis
1359 5630 1426 5684 ad
1485 5645 1545 5686 se
1602 5634 1960 5700 remitteret;

395 5723 542 5791 quod
580 5729 637 5776 et
662 5719 867 5776 factum
908 5729 1011 5778 est.
1052 5721 1310 5791 Moxque,
1341 5738 1465 5777 cum
1492 5727 1604 5793 jam
1637 5727 1801 5781 Asani
1838 5743 1965 5797 spes

393 5813 542 5872 nulla
573 5826 718 5875 esset
746 5819 1107 5888 recuperandi
1170 5820 1320 5892 regni
1350 5817 1637 5890 Bulgarici,
1699 5823 1858 5892 cujus
1895 5826 1950 5878 in

2068 4606 2426 4677 stantinopoli
2446 4621 2638 4661 versus
2667 4607 2943 4663 Orientem
2969 4611 3159 4677 tendit,
3193 4617 3509 4684 praescripto
3532 4634 3635 4688 pa-

2069 4699 2322 4754 triarchae
2366 4714 2491 4754 eum
2521 4701 2634 4754 suis
2672 4700 2902 4770 aliisque
2935 4702 3288 4768 antistitibus,
3312 4714 3634 4781 eunetisque

2067 4795 2273 4866 pariter
2297 4795 2389 4865 qui
2423 4805 2608 4865 partes
2662 4795 2747 4851 his
2774 4797 3034 4852 adversas
3077 4811 3385 4866 tuerentur.
3435 4817 3492 4859 ut
3526 4807 3629 4862 sibi

2066 4889 2391 4957 quantocius
2440 4890 2585 4944 circa
2614 4888 2975 4959 HyprlpIacias
3050 4891 3264 4950 Thebas
3314 4896 3632 4968 frequentes

2066 4995 2440 5046 occurrerent,
2473 4984 2850 5053 imperatoriis
2885 5001 2950 5040 eo
2979 4987 3263 5045 deferendi
3292 4994 3628 5061 triremibus,

2065 5095 2203 5150 quas
2232 5078 2624 5149 copiosissimis
2656 5089 2708 5133 et
2734 5083 3038 5149 quantaevis
3090 5085 3484 5153 implicitorum
3540 5089 3626 5142 isti

2067 5189 2243 5230 causae
2278 5174 2560 5229 hominum
2597 5173 2949 5242 multitudini,
2985 5177 3064 5230 vel
3090 5178 3132 5232 si
3166 5182 3386 5235 nemine
3409 5183 3629 5253 dempto

2067 5267 2304 5323 universi
2341 5278 2710 5332 accurrerent,
2743 5270 3055 5326 suﬂ'eeturis
3086 5274 3150 5326 ad
3193 5276 3294 5327 hoc
3337 5276 3514 5343 ipsum
3550 5281 3633 5329 in-

2066 5363 2201 5417 strui
2241 5361 2635 5416 commeatibus
2667 5364 2923 5432 iusserat.
2959 5364 3029 5419 Ut
3083 5377 3193 5419 tam
3253 5371 3452 5424 multos
3491 5380 3632 5428 tant-

2067 5471 2174 5526 que
2203 5456 2382 5509 varios
2413 5455 2709 5508 convenire
2775 5471 2942 5509 unum
3004 5458 3059 5511 in
3102 5458 3280 5514 locum
3336 5462 3630 5532 imperator

2065 5548 2251 5611 vellet,
2302 5547 2428 5601 inde
2460 5558 2574 5602 erat
2605 5548 2749 5614 quod
2770 5549 3008 5603 studenti
3040 5551 3336 5618 perfectam
3372 5553 3631 5613 Ecclesiae

2065 5641 2360 5695 restituere
2393 5642 2741 5695 concordiam
2769 5643 3081 5696 necessario
3130 5644 3437 5698 faciendum
3475 5649 3628 5717 vide-

2065 5735 2243 5798 batur,
2275 5755 2277 5757 ·
2307 5743 2365 5788 ut
2393 5734 2766 5802 multiplicium
2797 5735 3050 5788 auctores
3098 5741 3388 5793 sectariive
3431 5740 3626 5793 fat-tin-

2061 5847 2188 5885 num
2249 5845 2351 5882 una
2405 5828 2781 5892 consulerent,
2839 5826 3064 5893 suisque
3119 5827 3316 5898 singuli
3373 5830 3626 5899 allegatis
