4058 6282
479 399 552 473 6'1
1698 403 2034 468 Gmuett

2171 405 2564 468 cumam
3651 395 3719 458 6⁸

479 523 727 597 «pisant
767 523 882 580 τῶν
903 521 1070 593 ﬁt».
1110 522 1230 577 Θῦκ
1263 521 1456 591 fxim
1481 521 1594 593 γὰρ
1646 523 1742 577 καὶ
1777 523 1905 593 περὶ
1954 522 2064 574 τῶν

2171 520 2420 590 βασιλέα,
2448 522 2540 575 καὶ
2567 524 2594 576 ὁ
2620 519 2815 594 ῥηθεὶς
2854 525 3031 592 μέγας
3060 522 3357 596 λογοθέτης
3399 524 3431 577 ὁ
3457 514 3757 592 Μόνζάλων

479 615 610 688 χθὲς
643 614 1000 688 πραχθέντων
1054 613 1222 684 ἁνὲςη
1273 613 1333 668 τὸ
1370 611 1689 680 σκάνδαλον,
1729 613 1824 666 καὶ
1861 611 2064 683 μᾶλλον

478 711 564 766 δτι
595 713 694 765 καὶ
723 708 834 763 τῶν
861 709 990 780 παρ’
1030 707 1232 778 Ἰωσὴφ
1261 707 1294 778 ἢ
1318 708 1412 761 καὶ
1441 707 1594 778 παρὰ
1621 707 1731 761 τῶν
1761 705 1903 777 ἀμφ’
1926 707 2068 760 ἐκεί-

479 819 573 860 νον
629 802 986 876 πραχθέντων
1025 800 1536 872 παραϐεϐασμένων
1580 800 1736 855 αὐτοὶ
1774 795 2067 872 ζηλοῦντες

478 894 734 952 ἐντεῦθεν
761 895 859 949 καὶ
904 893 1004 964 τὴν
1036 893 1150 946 τῶν
1183 891 1547 964 ’Δρσενιατῶν
1592 890 1905 961 παραδοχὴν
1936 891 2069 943 ὐπο-

483 989 777 1052 πτεύοντες
799 989 909 1052 τοῖς
934 987 1198 1043 παθοῦσιν
1237 984 1605 1057 ὲπῳκτίζοντο
1651 984 1742 1038 καὶ
1772 986 1931 1040 ἄδικα
1962 984 2068 1037 πά-

483 1099 636 1154 σχειν
673 1081 1068 1153 διωμολόγουν.
1101 1081 1201 1135 Διὰ
1247 1079 1421 1135 ταῦτα
1456 1079 1549 1134 καὶ
1603 1078 1856 1142 συνόλους
1893 1081 2009 1132 ἐκεῖ
2036 1079 2065 1132 ὁ

482 1175 705 1248 κρατῶν
738 1176 991 1245 συνῆγεν,
1013 1175 1090 1237 ὼς
1118 1173 1184 1230 ἂν
1215 1172 1465 1238 ἐντελοῦς
1493 1174 1780 1242 γεγονυίας
1814 1173 1913 1237 τῆς
1943 1190 2068 1225 συν-

478 1267 744 1330 ελεύσεως
771 1267 836 1320 τὸ
864 1266 1116 1335 ποιητέον
1167 1265 1276 1319 ἀπὸ
1319 1268 1504 1336 κοινῆς
1537 1266 1640 1336 τῆς
1676 1265 1927 1336 σκέψεως
1970 1265 2066 1334 γέ·

476 1376 656 1432 νηται.
707 1358 811 1415 Καὶ
850 1360 914 1428 δὴ
965 1358 1349 1424 συνελθόντων,
1385 1359 1480 1410 καὶ
1523 1360 1632 1411 τῶν
1667 1360 1894 1412 εἰκότων
1928 1376 2066 1430 προ-

474 1453 726 1517 νοοῦντος
759 1454 910 1521 σφίσι
938 1452 1031 1506 τοῦ
1066 1452 1330 1523 βασιλέως
1362 1452 1438 1516 ὡς
1463 1451 1900 1522 διαχειμεριοῦσι
1933 1453 2064 1522 περὶ⁵

473 1545 536 1598 τὸ
575 1536 959 1617 ’Δτραμνύτιοη
1007 1545 1255 1615 ἀργὴσας
1298 1543 1533 1614 πάμπαν
1559 1544 1666 1596 τῶν
1715 1543 1920 1611 ἔξωθεν
1940 1546 2061 1598 δου-

409 1675 412 1679 -
472 1635 637 1692 λειῶν
665 1641 695 1692 ὁ
719 1636 935 1708 κρατῶν
978 1637 1163 1707 σχεδὸν
1205 1639 1276 1690 τὰ
1319 1640 1447 1708 περῐ
1476 1637 1568 1689 τοῦ
1595 1637 1710 1697 πῶς
1745 1638 1809 1692 ἂν
1848 1640 1897 1692 οἱ
1943 1639 2066 1710 Ἀρ-

458 1723 724 1783 ’σενιαταιι
765 1732 875 1792 τοῖς
921 1729 1215 1800 πραχθεῖσι
1259 1729 1764 1799 συγκατανεύσειαν
1814 1734 2066 1803 είρηνεύω

475 1838 670 1885 σαντες
705 1821 1074 1876 διεσκέπτετο.
1129 1823 1440 1892 Συνὴγοντο
1470 1822 1650 1878 τοίνυν
1696 1823 1847 1877 ἔνθεν
1880 1827 1978 1896 μὲν
2012 1827 2060 1880 οἱ

474 1915 607 1982 περὶ
646 1919 738 1968 τὸν
775 1915 1144 1985 πατριάρχην,
1198 1912 1279 1979 οἷς
1307 1916 1476 1986 συνῆν
1522 1919 1591 1971 τὰ
1631 1917 1854 1972 πλεῖστα
1899 1921 1992 1972 καὶ
2027 1921 2060 1992 ἡ
2094 1896 2136 1950 Β

473 2005 706 2074 Εὐλογία
738 2005 828 2059 καί
874 2023 938 2074 γε
978 2007 1033 2058 at!
1069 2005 1367 2077 θυγατέρες
1400 2008 1595 2079 αὐτῆς,
1641 2009 1675 2081 ἦ
1716 2027 1776 2062 τε
1806 2010 2060 2082 Θεοδὼρσ.

474 2098 571 2151 καὶ
613 2099 648 2166 ή
675 2098 740 2150 ἐκ
769 2095 1004 2150 δὊτικῶν
1042 2099 1212 2153 Ἀννα
1249 2101 1405 2171 ὴκαὶ
1441 2100 1753 2171 βασίλισσα,
1788 2104 1912 2174 ἄρτι
1940 2107 2061 2159 τότε

474 2190 702 2262 κάκείνη
730 2192 868 2245 κατὰ
906 2193 1098 2263 φήμην
1123 2193 1234 2248 τῶν
1261 2193 1564 2263 γεγονότων
1589 2194 1888 2266 ἁναχθεῐσα
1921 2197 2061 2268 πρὸς

471 2365 696 2436 juribus
728 2381 793 2420 ae
824 2367 971 2422 retis
1000 2366 1284 2422 communi
1319 2381 1590 2424 consensu
1615 2377 1818 2424 cuneta
1840 2383 2063 2440 compo-

477 2458 846 2516 nerent.Nam
876 2475 980 2515 non
1009 2461 1202 2531 exigua
1225 2462 1278 2515 in
1311 2461 1700 2532 plerorumque
1733 2463 1932 2519 animis
1967 2464 2064 2519 ad-

476 2567 672 2608 versus
721 2569 898 2623 nuper
948 2554 1138 2608 initam
1181 2569 1302 2608 cum
1338 2553 1532 2608 Latina
1577 2553 1822 2610 Ecclesia
1858 2553 2062 2611 Roma-

480 2661 664 2715 noque
708 2645 966 2716 pontifice
1015 2649 1442 2703 conventionem
1503 2647 1754 2704 fervebat
1807 2647 2059 2716 offensio,

479 2740 658 2794 tertia:
690 2750 987 2808 praetextas
1021 2740 1329 2809 plausibilis
1355 2735 1635 2805 'coitionis,
1668 2755 1733 2795 eo
1759 2741 1870 2811 jam
1904 2740 2063 2796 dam-

476 2833 734 2895 nosioris,
778 2834 923 2903 quod
956 2834 1170 2889 duabus
1205 2835 1412 2890 dudum
1445 2844 1606 2888 antea
1635 2833 1884 2892 conﬂatis
1913 2850 2063 2890 com-

477 2923 778 2993 missisque
805 2939 869 2977 ac
899 2939 994 2993 per
1036 2927 1182 2980 acria
1211 2940 1356 2980 nunc
1380 2927 1619 2981 maxime
1651 2927 1881 2982 discidia
1906 2942 2063 2997 gras-

475 3014 728 3068 santibus
777 3015 832 3068 in
867 3015 996 3068 mali
1029 3015 1316 3068 cumulum
1357 3027 1776 3085 supervenerat.
1807 3015 2061 3074 Nondum

479 3106 684 3176 quippe
718 3108 1002 3162 resederat
1029 3108 1413 3162 oblocutorqu
1448 3107 1673 3179 Josephi
1696 3121 1886 3166 contra
1917 3112 2060 3183 ejus,

483 3216 648 3271 quam
674 3200 968 3266 vocabant,
998 3201 1366 3256 intrusionem
1404 3202 1459 3256 in
1489 3205 1947 3273 patriarchatnm,
2006 3214 2062 3259 et

475 3303 623 3360 acta,
662 3302 721 3349 ut
754 3293 856 3363 ipsi
883 3295 1194 3364 iactabant,
1254 3296 1442 3351 multis
1493 3271 1818 3353 nominibus
1881 3298 2058 3369 inegi-
2088 3271 2132 3330 θ

490 3387 650 3454 tima,
695 3388 1193 3452 murmurationes,
1243 3389 1427 3445 fasc-re
1474 3390 1845 3459 comprobata
1892 3393 2060 3462 pluri-

480 3495 718 3535 morum.
779 3477 1012 3551 Vigebat
1046 3482 1173 3534 item
1215 3482 1301 3534 his
1345 3479 1526 3536 fronte
1572 3486 1800 3538 adversa
1834 3499 2058 3553 compa-

481 3583 602 3630 rata
633 3585 686 3629 et
707 3572 1072 3644 ﬂagrantibus
1101 3573 1302 3630 inf'eSta
1328 3575 1527 3646 jurgiis
1579 3578 1883 3633 Arseniana
1926 3595 2060 3634 con-

473 3671 714 3740 iuratio.
756 3670 868 3726 Nec
928 3668 1336 3738 Josephitarnm
1392 3681 1572 3726 tamen
1617 3674 1671 3726 in
1720 3673 2061 3730 Arsenianos

477 3765 696 3821 infense
721 3767 1050 3820 certantium
1086 3781 1195 3820 non
1245 3765 1498 3835 quaedam
1525 3765 1580 3820 in
1622 3767 1692 3822 iis
1761 3771 2060 3822 concordia

475 3870 634 3916 erant
673 3862 854 3914 studia
895 3875 1188 3930 sensaqne.
1247 3859 1490 3916 Utenim
1533 3861 1754 3931 utrique
1821 3878 1945 3918 sese
1976 3865 2062 3917 in-

476 3956 655 4010 vicem
690 3954 1472 4024 aemulationeinquietissima
1524 3955 1942 4026 suspectabant,
2004 3965 2062 4012 et

478 4049 680 4101 urebat
722 4046 1030 4116 prassertim
1103 4045 1419 4115 Josephitas
1466 4045 1691 4101 minime
1727 4046 1837 4114 jam
1894 4048 2062 4102 dissi-

475 4141 688 4194 mulata
713 4153 926 4193 necnon
953 4154 1205 4208 magnam
1233 4139 1397 4194 rebus
1425 4139 1670 4210 ipsorum
1709 4141 1945 4195 securim
1972 4141 2060 4196 in-

473 4233 694 4302 ﬂigens,
737 4233 1089 4304 imperatoris
1115 4247 1241 4303 erga
1266 4243 1593 4288 tenerautes
1617 4235 1833 4288 Arsenii
1857 4250 2062 4295 memo-

474 4329 1140 4400 riamindulgentia,quae
1181 4343 1246 4382 ne
1281 4328 1525 4397 usquein
1559 4331 1774 4397 plenam
1812 4328 2059 4400 ipsorum

480 4421 874 4474 admissioncm
912 4419 1532 4488 comprobationemque
1571 4419 1881 4489 proficeret,
1911 4437 2062 4477 vere-

482 4512 706 4576 bantur,
748 4512 824 4566 ita
861 4511 1114 4583 utrisque
1174 4527 1239 4567 ex
1303 4527 1459 4583 teque
1514 4527 1707 4582 parum
1774 4513 2061 4582 placebant

2169 611 2238 666 τὰ
2269 613 2440 669 πολλα
2489 617 2640 686 παρὰ
2690 615 2906 687 βασιλ-εἴ
2950 612 3248 689 δυνάμενος
3279 617 3374 671 καί
3410 626 3482 686 γε
3504 614 3754 690 τιμηθεὶς

2169 706 2342 777 xatjf,
2370 705 2485 762 τῶν
2513 708 2859 780 μεγιστάνων
2895 709 3634 782 χρυσοκοκκίνῳλαλύπτρᾳ
3665 717 3756 762 καὶ

2169 799 2324 871 παρὰ
2351 800 2450 871 τὴν
2479 794 2572 854 τοῦ
2614 801 2909 872 προσόντος
2939 797 3092 874 αὒτῷ
3124 803 3384 872 ὀφφικίου
3413 801 3592 872 τάξιν,
3619 807 3756 858 ἐκεῖ·

2170 887 2262 946 θεν
2292 891 2350 946 δὲ
2379 894 2430 945 οὶ
2473 894 2619 964 ἀμφὶ
2642 895 2733 949 τὴν
2777 894 3068 950 Ὑάκινθον
3098 897 3346 968 μοναχοῖ,
3389 890 3472 960 οἷς
3505 898 3756 970 συνηριθ-

2172 983 2371 1052 μοῦντο
2432 985 2529 1038 καὶ
2576 985 2628 1038 σί
2683 985 2846 1056 χθιζά
2900 981 3166 1052 παθόντες
3207 988 3302 1041 καὶ
3359 989 3754 1059 τυφλωθὲντες,

2169 1073 2420 1144 Λάζαρός
2445 1091 2504 1128 τε
2532 1076 2559 1128 ὁ
2583 1075 2907 1148 Γοριανὲτης
2927 1080 3019 1132 καὶ
3035 1081 3064 1132 ὀ
3089 1079 3427 1150 Περιστερης
3445 1079 3752 1151 Μακάριος·

2167 1169 2196 1220 ὁ
2224 1169 2331 1238 γὰρ
2359 1167 2739 1239 Λεπενδρηνὸς
2775 1169 3094 1234 Ἀθανάσιος
3141 1171 3206 1225 ἐκ
3240 1166 3349 1222 τῶν
3386 1164 3636 1226 παλαιῶν
3664 1171 3757 1245 ζη-

2167 1258 2356 1312 λωτῶν
2386 1255 2455 1330 ἦν
2491 1261 2584 1316 καὶ
2613 1262 2886 1331 μεγάλων.
2923 1264 3038 1317 Οὐκ
3065 1264 3236 1332 ὀλίγοι
3262 1263 3311 1318 δ’
3339 1257 3480 1336 ἦσαν
3508 1268 3606 1319 σὺν
3636 1265 3757 1318 τού-

2167 1369 2301 1416 τοις,
2339 1352 2435 1405 τού
2471 1353 2737 1422 βασιλέως
2782 1357 3025 1420 ἐνδόντος
3069 1357 3265 1428 ἀνέδην
3302 1360 3592 1427 φαίνεσθαι
3625 1360 3758 1412 πάν-

2166 1463 2284 1510 τας,
2318 1448 2413 1501 καὶ
2434 1447 2499 1500 ὲκ
2523 1446 2631 1502 τῶν
2661 1447 2868 1502 λαῖκῶν
2897 1450 2992 1504 καί
3022 1466 3084 1519 γε
3109 1449 3203 1503 τοῦ
3228 1451 3513 1513 παλατίου.
3545 1451 3633 1524 [Ρ.
3662 1451 3752 1528 56]

2166 1534 2245 1601 οἷς
2275 1541 2338 1611 δὴ
2390 1542 2485 1594 xai
2532 1541 3000 1612 συγκαλουμένοις
3027 1545 3058 1598 ὅ
3108 1545 3364 1615 βασιλεὺς
3414 1549 3473 1601 ἔν
3519 1548 3755 1619 ἡμέραις

2163 1632 2531 1702 τεταγμέναις
2579 1633 2681 1704 τῆς
2733 1635 3028 1706 ἑϐδομάδος
3079 1635 3316 1708 ἑκάστης
3356 1635 3578 1709 ὡμίλει,
3617 1641 3754 1712 ἔχων

2167 1726 2302 1792 παρ’
2327 1725 2562 1797 ἑκάτερα
2587 1729 2820 1791 καὶτοὺς
2850 1729 2946 1783 τοῦ
2971 1731 3340 1804 πατριάρχου,
3359 1723 3539 1802 καίγτ
3559 1731 3754 1804 ἐπείρὰ

2165 1815 2229 1870 δι’
2253 1817 2381 1888 ὅλης
2397 1821 2496 1888 τῆς
2515 1822 3102 1895 τεσσαρακονϐημέρου
3129 1843 3190 1878 συ
3199 1821 3489 1895 μσιόάζειν
3515 1828 3610 1880 καὶ
3628 1842 3754 1884 συν*

2165 1909 2324 1964 ενοῦν
2347 1911 2696 1984 ἀμφοτέρους
2731 1915 2812 1979 είς
2859 1917 2991 1986 μίαν
3023 1919 3116 1972 καὶ
3161 1917 3261 1985 τὴν
3290 1919 3462 1992 αὐτὴν
3504 1914 3604 1990 τῆς
3643 1937 3754 1974 κοι-

2163 2001 2359 2065 νωνίας
2415 2006 2835 2076 συμπλήρωσιν.
2883 2007 3025 2061 Ἀλλ’
3064 2009 3164 2063 οὐκ
3210 2007 3452 2076 ἔπειθεν,
3507 2010 3598 2066 ὁτὲ
3652 2013 3752 2082 μὲν

2163 2095 2523 2164 παρακαλῶν,
2553 2098 2642 2151 ὁτὲ
2675 2098 2720 2152 δ’
2749 2098 3011 2171 ἐλέγχων,
3037 2103 3132 2156 καὶ
3167 2103 3304 2157 πᾶσι
3355 2104 3579 2174 τρόποις
3621 2098 3755 2158 ὑπο-

2162 2188 2375 2259 τρέχων
2409 2190 2501 2244 καὶ
2539 2191 2906 2262 δουλαγωγῶν
2933 2193 3160 2266 γνώμας
3193 2191 3751 2268 ἀπανθρωπισθείσας

2165 2361 2391 2418 tidianis
2450 2377 2675 2434 quoque
2713 2360 2934 2421 caeteris
2987 2365 3337 2438 principatus
3368 2364 3752 2425 functionibus

2168 2451 2379 2519 feriari,
2436 2458 2616 2526 quoad
2684 2457 2799 2512 haec
2839 2458 3180 2527 expedisset,
3231 2458 3442 2527 volens,
3487 2461 3648 2518 unice
3693 2463 3751 2518 in

2165 2547 2511 2616 propositum
2538 2547 2794 2604 incubuit
2831 2547 3096 2606 Ecclesize
3117 2550 3406 2621 pacandae.
3460 2550 3754 2624 Cujus-ne-

2165 2642 2292 2710 gotii
2327 2642 2660 2711 principium
2710 2643 2778 2697 ab
2827 2644 3248 2700 Arseniatarum
3295 2647 3754 2705 reconciliatione

2165 2735 2470 2790 ducendum
2512 2745 2692 2803 ratus,
2728 2749 2902 2793 totum
2958 2739 3128 2795 ferme
3182 2740 3427 2797 studium
3479 2742 3551 2800 ad
3609 2742 3753 2801 hanc

2167 2831 2572 2898 procurandam
2608 2833 2790 2888 vertit.
2819 2831 3237 2904 Congregantur
3287 2850 3419 2906 ergo
3451 2835 3579 2891 hinc
3621 2837 3753 2907 qui-

2168 2924 2291 2976 dem
2363 2925 2678 2992 patriarcha
2714 2934 2769 2979 et
2820 2924 2950 2980 huic
3013 2927 3378 2995 adhaerentes,
3421 2929 3754 2999 quibuscum

2167 3016 2436 3086 frequens
2475 3018 2803 3072 versabatur
2834 3017 3089 3089 Eulogia,
3127 3035 3230 3079 nec
3262 3035 3375 3076 non
3409 3021 3576 3092 huius
3603 3022 3751 3090 filiae,

2167 3108 2458 3164 'l'hcodora
2516 3109 2777 3166 videlicet
2839 3122 2895 3165 et
2930 3127 3054 3182 quae
3113 3114 3364 3170 occiduis
3403 3128 3436 3170 e
3483 3115 3757 3174 tractibus

2169 3200 2234 3256 ad
2271 3202 2465 3257 harum
2495 3203 2698 3258 famam
2733 3219 2914 3258 rerum
2972 3221 3166 3262 recens
3217 3205 3272 3260 in
3307 3206 3624 3267 comitatum
3656 3225 3757 3266 ac-

2165 3305 2418 3350 cnrrcrat
2448 3297 2628 3361 Anna,
2660 3297 2747 3353 cui
2795 3307 2853 3354 et
2879 3314 3079 3354 nomen
3122 3300 3328 3368 regina:
3362 3300 3751 3371 tribuebatur;

2167 3396 2432 3457 praeterea
2461 3404 2626 3459 quem
2672 3393 3110 3446 memoravimus
3168 3407 3406 3465 magnus
3469 3394 3755 3465 logotbeta

2167 3480 2409 3546 Muzalo,
2455 3482 2754 3551 plurimtnn
2813 3483 2959 3553 apud
2994 3483 3402 3554 {imperatorem
3455 3487 3670 3555 valens,
3723 3502 3756 3544 a

2165 3591 2275 3645 quo
2299 3576 2354 3630 in
2393 3577 2590 3647 gratia:
2623 3576 2927 3645 singularis
2950 3577 3214 3632 indieimn
3239 3578 3545 3636 honoratus
3573 3579 3758 3638 fuerat

2168 3662 2432 3737 facultate
2483 3667 2734 3738 gestandi
2789 3676 3004 3739 tegmen
3043 3671 3240 3740 capitis
3297 3685 3438 3727 auro
3471 3679 3527 3727 et
3581 3686 3758 3731 cocco

2167 3765 2406 3824 textum,
2457 3762 2748 3830 proprium
2788 3759 3009 3832 insigne
3065 3764 3432 3834 megistanum
3490 3774 3544 3822 et
3581 3766 3758 3824 decus

2167 3854 2440 3910 excedens
2463 3855 2720 3910 meritum
2757 3870 2821 3911 ac
2849 3859 3080 3928 gradum
3103 3858 3270 3915 istius
3317 3860 3465 3932 quod
3527 3862 3760 3932 gerebat

2168 3945 2356 4002 ofIicii.
2413 3949 2601 4002 Altera
2663 3964 2728 4003 ex
2778 3959 2936 4020 parte
2975 3953 3371 4022 comparebant
3411 3953 3760 4028 Hyacinthus

2168 4056 2292 4095 cum
2331 4057 2499 4096 manu
2523 4042 2926 4097 monachorum
2954 4045 3362 4115 contursmium
3401 4061 3611 4101 secum.
3655 4045 3760 4105 His

2169 4136 2723 4191 connumerabantur
2753 4137 2940 4207 gravia
2985 4153 3158 4208 nuper
3182 4140 3328 4208 passi
3379 4139 3758 4211 excaecatique

2167 4225 2412 4282 Lazarus
2473 4227 2796 4296 Gorianites
2833 4237 2888 4284 et
2953 4229 3226 4285 Macarius
3271 4233 3600 4300 cognomine
3646 4231 3760 4288 Co-

2168 4319 2349 4372 lumba
2382 4337 2396 4372 :
2429 4335 2550 4374 nam
2590 4320 2984 4390 Lependrenus
3014 4323 3352 4380 Athanasius
3409 4338 3473 4378 ex
3508 4326 3759 4396 antiquis

2168 4411 2362 4466 zelotis
2397 4423 2536 4478 erat,
2593 4423 2760 4482 atque
2813 4416 2950 4470 adeo
2993 4416 3137 4471 inter
3182 4430 3279 4472 eos
3333 4431 3584 4488 magnus.
3634 4419 3758 4477 Non

2170 4509 2329 4576 pauci
2394 4517 2578 4562 autem
2639 4509 2704 4563 ad
2771 4511 2967 4564 horum
3003 4526 3063 4565 se
3125 4523 3314 4582 partes
3353 4517 3756 4588 aggregalzant,

469 4622 602 4678 quae
633 4621 774 4661 θωνα
812 4606 1186 4676 immaniaque
1222 4607 1422 4661 amodo
1476 4606 1530 4660 in
1571 4605 1815 4660 Ecclesia
1873 4608 2058 4661 domi-
2093 4629 2134 4681 ο
2171 4601 2508 4671 indulgentia
2537 4604 2889 4673 imperatoris
2919 4605 3120 4673 cuique
3168 4607 3235 4661 ad
3265 4607 3580 4662 audendum
3616 4622 3757 4677 pro-

476 4700 742 4755 nantihns
804 4701 1029 4755 decerni
1105 4702 1330 4770 gerique
1371 4700 1709 4765 cernebant;
1768 4701 2060 4771 palamque

478 4795 651 4848 emine
681 4801 865 4864 partes
903 4793 1174 4848 miserata:
1207 4795 1433 4848 sedibus
1465 4793 1711 4862 dcjectos
1763 4795 2057 4860 antistites,

467 4887 685 4958 injuste
727 4890 877 4958 ipsos
901 4890 1003 4944 sibi
1048 4889 1216 4943 videri
1261 4903 1452 4959 passos
1478 4887 1607 4943 talia
1649 4888 2061 4956 conspiratione

468 4978 790 5034 mduhia
846 4980 1269 5050 profitebantur.
1335 4980 1431 5036 llis
1495 4990 1574 5034 tot
1625 4989 1732 5034 tam
1794 4984 1959 5033 variis
1997 4995 2062 5033 ac

469 5076 743 5146 perplexe
767 5074 1114 5144 complicatis
1148 5090 1256 5127 una
1295 5073 1498 5127 mederi
1551 5073 1782 5128 studens
1809 5071 1920 5143 59
1963 5075 2064 5126 im-

466 5180 700 5238 perator
720 5184 898 5240 opera
948 5171 1308 5225 discidiurum
1357 5170 1659 5225 Ecrlesiam
1717 5173 1915 5225 misere
1948 5173 2061 5225 dis-

469 5264 821 5335 eerpentium
867 5265 1084 5333 causis,
1166 5265 1460 5319 universos
1518 5265 1747 5320 seducto
1812 5266 1864 5318 in
1940 5265 2060 5318 loco

477 5373 651 5412 onum
677 5373 873 5428 rogere
896 5357 959 5412 .in
1007 5368 1212 5413 emtum
1277 5358 1410 5413 utile
1457 5358 1688 5428 putavit,
1741 5358 1856 5412 fore
1897 5365 2058 5411 autu-

472 5465 639 5506 mans
675 5458 734 5504 ut
767 5453 846 5504 sic
881 5450 1084 5504 collato
1111 5450 1345 5504 consilio
1376 5448 1519 5502 viam
1559 5446 1934 5501 communiter
1962 5445 2062 5498 ali-

474 5559 639 5614 quam
676 5544 881 5599 inirem
923 5543 1310 5598 consensionis
1359 5544 1496 5598 adeo
1529 5542 1746 5614 publice
1797 5551 2056 5594 necessa-

478 5641 576 5694 riae
620 5639 922 5694 firmandae.
951 5639 1087 5694 Cum
1126 5641 1292 5709 igitur
1311 5653 1505 5693 omnes
1533 5636 1824 5706 Atramytii
1855 5646 2060 5688 conve—

474 5733 713 5799 nissent,
744 5733 835 5788 ubi
871 5734 1090 5789 cunctis
1121 5732 1186 5786 ad
1247 5720 1452 5788 victum
1501 5730 1557 5786 in
1595 5740 1767 5785 tatam
1825 5729 2058 5783 hiemem

475 5829 794 5886 necessaria
818 5827 966 5900 large
995 5827 1297 5897 imperator
1314 5823 1656 5896 providerat,
1693 5823 1812 5894 ipse
1840 5821 2058 5875 interim

472 5922 734 6003 sepositis
768 5922 1020 5986 civilium
1057 5921 1404 6006 negotiorum
1441 5919 1615 5987 curis,
1648 5924 1816 5987 atque
1853 5929 1882 5968 a
1916 5925 2060 5982 quo-

2173 4696 2309 4747 litori
2343 4696 2516 4750 libere
2532 4713 2731 4752 scnsus
2760 4713 2994 4754 arcanos
3027 4699 3265 4755 faciente
3292 4701 3559 4755 animum.
3597 4700 3758 4761 Unde

2170 4790 2327 4855 plena
2367 4789 2561 4842 fiducia
2603 4799 2869 4860 concepta
2907 4790 3010 4859 ipsi
3040 4791 3154 4861 jam
3189 4795 3357 4846 sortis
3404 4791 3611 4849 infima
3643 4797 3763 4865 ple-

2170 4880 2296 4945 beii,
2331 4881 2436 4949 ipsi
2468 4881 2952 4953 palatini;quibus
3012 4893 3204 4954 utpote
3249 4886 3605 4954 peculiariter
3655 4905 3761 4944 au-

2167 4976 2394 5028 ctoratis
2425 4975 2691 5044 obsequio
2718 4977 3028 5047 principum
3089 4963 3270 5035 minus
3333 4996 3497 5052 qnam
3537 4985 3760 5042 caeteris

2169 5067 2336 5120 licere
2365 5069 2650 5121 videbatur
2676 5078 2798 5122 acta
2846 5069 3087 5140 ipsorum
3123 5073 3463 5143 improbare,
3529 5077 3761 5134 minime

2160 5160 2274 5230 60
2316 5168 2447 5215 tnnc
2497 5161 2744 5231 profiteri
2810 5163 3134 5221 dubitabant
3186 5181 3285 5222 sua
3348 5168 3400 5220 in
3461 5179 3644 5238 partes
3692 5186 3761 5229 ac

2168 5254 2487 5308 memoriam
2534 5257 2746 5310 Arsenii
2815 5271 2844 5309 a
2891 5257 3158 5314 Michacle
3205 5261 3454 5331 Angusto
3520 5262 3757 5332 relegati

2169 5347 2347 5398 studia
2399 5349 2649 5404 incensa.
2697 5347 2805 5404 Hos
2851 5350 3014 5403 simul
3046 5367 3241 5408 omnes
3277 5355 3443 5413 idem,
3489 5355 3582 5422 qui
3615 5370 3758 5411 enn-

2167 5453 2481 5506 vocaverat,
2553 5443 2855 5512 imperator
2924 5448 3084 5501 statis
3154 5447 3352 5515 quavis
3414 5447 3760 5512 hebdomade

2166 5531 2361 5588 diebus
2393 5549 2488 5603 per
2527 5545 2693 5590 totatn
2729 5538 2938 5607 δησιιυί
2971 5537 3462 5610 Quadragesimam
3493 5556 3760 5610 perseve—

2169 5628 2336 5690 ravit.
2379 5643 2657 5698 apparens
2721 5632 2774 5683 in
2825 5644 3124 5697 conventu,
3184 5633 3570 5688 assistentibus
3623 5633 3759 5690 hinc

2166 5719 2295 5774 inde
2321 5721 2426 5776 sibi
2464 5724 2780 5791 patriarcha
2812 5740 2936 5778 cum
3003 5727 3144 5790 suis,
3188 5737 3242 5781 et
3277 5741 3494 5781 summo
3548 5740 3757 5784 conatu

2166 5814 2222 5869 in
2257 5814 2308 5869 id
2341 5816 2666 5872 incumbens
2698 5830 2755 5871 ut
2783 5833 2948 5886 quam
2977 5819 3378 5878 efﬁcacissimis
3408 5821 3756 5880 orationibus

2168 5910 2531 5982 persuaderet
2560 5914 2642 5972 eis
2675 5916 3034 5976 concordiam
3087 5925 3142 5972 et
3177 5917 3632 5976 communionem
3668 5920 3762 5978 in-
