4058 6282
427 389 496 459 ’11
1647 382 1977 446 GEORGII
2010 382 2499 447 PACHYMERZE
3638 382 3712 441 '12

430 515 772 572 κλυτούντων
832 509 1057 567 ἑκείνων
1096 507 1192 564 καὶ
1224 504 1294 559 τὰ
1350 504 1573 575 θεοφιλῆ
1630 502 2016 575 ποτνιωμένων
2048 508 2087 561 Α
2123 501 2216 555 καὶ
2238 500 2385 572 ἰεροῦ
2427 496 2907 572 μεταλαμϐάνουσι
2936 496 3269 566 κλάσματος,
3298 493 3450 569 δῆλοί
3472 511 3533 551 τε
3563 489 3706 566 ἦσαν

429 609 515 682 ἐφ’
545 603 590 679 ᾧ
619 608 912 679 προσσχεῖν
936 605 1028 659 τὸν
1056 602 1188 658 Θεὸν
1222 602 1318 653 καὶ
1352 599 1650 671 ὲμςρσνίσαι
1674 598 1775 669 τὴν
1804 596 2013 649 οἰκείαν

431 702 707 774 βούλησιν,
740 700 839 769 τὴν
890 698 1114 769 μακρὰν
1151 695 1302 763 σφῶν
1340 692 1720 761 ταλαιπωρίαν
1764 690 2018 756 δυσωπη-

430 794 617 849 θέντα.
662 792 749 854 Ὠς
797 789 929 858 γοῦν
984 785 1379 857 ὲνεΰλήθησαν,
1437 783 1663 853 καλάμη
1692 778 1832 851 ἦσαν
1879 779 2015 849 πρὸς

430 885 665 955 κάμινον
691 882 787 935 ttat
820 880 1145 951 ἀμφότεροι,
1188 878 1281 931 καὶ
1324 875 1388 929 τὸ
1415 876 1528 945 πῦρ
1561 875 1663 926 οὐκ
1702 873 1888 943 ἠγνόει
1917 872 2017 939 τὴν

430 975 626 1029 ἑαυτοῦ
656 973 911 1045 δύναμιν,
948 972 1043 1025 καὶ
1082 967 1544 1038 συνεπτυγμένων
1586 966 1869 1038 ἀραρότως
1893 965 2020 1016 ἐπε-

350 1132 353 1137 _
430 1065 761 1137 λαιμὸόινετο,
796 1063 936 1117 ὥστε
962 1064 1057 1116 καὶ
1092 1064 1221 1132 μιᾶς
1245 1061 1280 1131 ἢ
1311 1057 1687 1131 καὶδευτέρας
1717 1056 1865 1127 ὥρας
1889 1071 2019 1109 σπο-

428 1156 519 1214 δὸν
567 1156 827 1226 γενέσθαι
885 1159 981 1211 καὶ
1025 1154 1389 1226 ἀμφοτέρους.
1429 1153 1566 1206 Τότε
1625 1150 1758 1220 γοῦν
1816 1148 2016 1211 τελέως

430 1251 1057 1323 ἀποκαραδοκήσαντες,
1116 1248 1319 1319 τρόπον
1383 1245 1494 1305 τῶν
1548 1246 1769 1313 τόμων,
1827 1242 2018 1312 ὥσπερ

433 1348 632 1400 ἐκεῖνοι
665 1344 824 1416 πυρὶ,
853 1342 1024 1408 οὕτως
1068 1334 1215 1395 οὗτοι
1251 1340 1462 1411 βασιλεῖ
1504 1338 1771 1392 ἐνεδίδουν
1807 1337 1901 1388 καὶ
1928 1335 2021 1405 δῆ-

430 1438 511 1494 λοι
561 1437 703 1512 ἦσαν
739 1436 1155 1499 ὑποκλινοῦντες
1204 1434 1283 1505 τῷ
1336 1433 1673 1504 πατριάρχῃ.
1720 1431 1780 1483 '0
1837 1430 2020 1500 μέντοι

430 1548 496 1603 γε
527 1532 779 1605 βασιλεὺς
802 1529 1078 1601 διαχυθεὶς
1106 1522 1215 1580 οἷον
1245 1526 1453 1579 ἐκεῖθεν
1491 1523 1567 1589 ὥς
1598 1540 1652 1575 τι
1682 1523 1886 1594 δράσας
1909 1520 2019 1575 τῶν

432 1624 766 1696 θαυμαστῶν
808 1620 1146 1695 (θαυμαστὸν
1176 1620 1287 1691 γὰρ
1316 1618 1490 1673 ὲδόκει
1538 1617 1760 1686 γνώμας
1791 1615 2020 1687 ἰσχυρὰς

430 1719 489 1772 ὲν
518 1716 717 1788 ἀκαρεί
745 1713 1135 1787 μαλαχθῆναι),
1162 1712 1238 1776 ὡς
1267 1712 1368 1785 ἤδη
1398 1711 1459 1764 τὸ
1483 1710 1605 1764 ὅλον
1636 1704 2020 1779 κατωρθωκὼς

432 1809 494 1875 ἐξ
511 1809 680 1881 αὐτῆς
698 1807 842 1879 λαφυ
851 1804 1274 1879 ραγωγηθέντας
1291 1805 1587 1876 προσάγειν
1603 1800 1678 1872 τῷ
1701 1799 2017 1871 πατριάρχῃ

2117 593 2179 659 ἐξ
2203 589 2279 661 ὧν
2305 593 2492 664 ἔλεγόν
2540 608 2603 647 τε
2636 592 2732 646 καὶ
2782 587 3055 663 ἔπραττον
3086 589 3243 645 πάντ’
3286 588 3485 652 εῶντες
3516 578 3599 658 ἐφ’
3625 581 3705 653 οἷς

2116 686 2177 738 τὺ
2208 686 2423 756 πρῶτον
2465 684 2546 749 ὡς
2591 686 2836 756 ἰσχυροῖς
2864 682 2928 753 te
2972 681 3220 751 ἀνάγκης
3270 680 3536 753 μεγίστης
3563 680 3713 749 ἔσχε-

2119 776 2293 840 ζοντο.
2353 776 2710 845 Ἐπέφωσκεν
2756 777 2791 846 ἡ
2831 774 3036 847 ἡμέρα,
3075 773 3171 828 καὶ
3203 771 3263 827 τὸ
3299 770 3502 843 θερμὸν
3530 770 3710 825 ἐκεῖνο

2121 870 2214 922 καὶ
2252 868 2465 923 ἔντονον
2514 869 2652 941 πρὸς
2682 870 2917 941 εἰρήνην
2944 865 3289 940 ψυχροῢσθαι
3337 866 3434 921 καὶ
3467 881 3708 936 καταχα-

2119 961 2217 1034 λᾷν
2246 963 2465 1034 ἧρχετο,
2501 962 2597 1016 καὶ
2646 960 2722 1026 ὡς
2765 960 3217 1033 κατασοφισθεῑσι
3268 960 3456 1029 σφισιν
3493 959 3709 1022 ἑαυτοῖς

2119 1072 2429 1128 προσειχον.
2472 1056 2563 1111 Ἐν
2614 1057 2813 1124 ἀφανεῖ
2859 1053 2919 1108 δὲ
2946 1055 3085 1118 τέως
3132 1054 3199 1109 τὰ
3248 1053 3348 1126 τῆς
3402 1049 3708 1123 μετασολῆς

2120 1150 2333 1221 ἔχοντες
2368 1152 2579 1223 (κτῆμα
2608 1152 2717 1222 γὰρ
2745 1144 2886 1204 εἶναι
2921 1146 3144 1212 πειθοῦς
3178 1146 3278 1219 τὴν
3319 1144 3565 1218 εἰρήνην,
3591 1142 3709 1198 ἀλλ’

2120 1244 2180 1297 οὐ
2234 1242 2410 1314 τύχης
2463 1241 2724 1314 ἔκρινον),
2779 1241 2934 1312 μόλις
2989 1240 3084 1296 καὶ
3133 1241 3193 1304 ἐς
3228 1237 3446 1310 ἐκείνης
3491 1238 3709 1310 ἡμέρας

2124 1340 2391 1409 ἑσπέραν,
2424 1336 2501 1401 ὡς
2535 1337 2860 1406 ἀφυλάκτως
2895 1336 3249 1407 ἐμπεσόντες,
3283 1337 3341 1389 ὲν
3382 1333 3542 1404 δεινῷ
3563 1332 3712 1387 τιθέ-

2123 1448 2279 1502 μενοι
2306 1430 2523 1502 ἔμενον,
2558 1430 2771 1501 πρωτας
2801 1430 2856 1483 δὲ
2885 1429 3027 1500 πλὴν
3061 1428 3263 1497 ὀλίγων
3290 1428 3493 1490 πάντες
3531 1442 3707 1495 mpr-

2121 1526 2431 1596 κεκίνηντο.
2463 1525 2521 1581 '0
2548 1524 2678 1595 γοῦν
2708 1524 2949 1595 κρατῶν,
2980 1525 3103 1579 ἐπεὶ
3123 1523 3265 1593 ἔγνω
3297 1522 3359 1577 τὸ
3385 1524 3497 1578 πᾶν
3521 1523 3709 1595 εἰργα-

2122 1619 2320 1689 σμένος
2382 1619 2582 1691 μάτην,
2608 1620 2866 1688 ’συνάγει
2921 1634 2984 1673 τε
3038 1618 3167 1681 τοὺς
3225 1615 3567 1691 προῦχοντας
3609 1614 3708 1670 καὶ

2118 1712 2447 1784 δημηγορεῖ.
2480 1713 2588 1767 Καὶ
2622 1713 2715 1766 τὸν
2743 1712 2842 1783 μὲν
2871 1711 3220 1783 πατριάρχην
3249 1710 3359 1765 εσω
3389 1726 3493 1764 που
3522 1724 3706 1781 παρα-

2123 1804 2292 1869 ϐύσας
2324 1805 2708 1874 ἐστολισμένον
2742 1805 2955 1870 στολαῖς
2978 1806 3150 1876 ἰεραῖς
3178 1802 3548 1877 προσέταττεν
3569 1804 3703 1875 ἠρι-

431 1901 509 1968 ὦς
534 1896 684 1974 εῖχεν
734 1901 919 1971 ὥρμα,
970 1899 1063 1953 καὶ
1091 1898 1355 1970 κρυμὼδη
1400 1897 1793 1987 κατανίφοντος
1818 1898 2019 1966 ἠφρον-
2049 1942 2092 1998 Β
2122 1898 2266 1998 μεῖν,
2302 1898 2486 1963 αὐτοῖς
2513 1898 2574 1952 δὲ
2606 1899 2857 1983 στρέφων
2884 1892 2999 1953 οἷον
3025 1898 3201 1965 διττὰ,
3236 1900 3335 1954 καὶ
3380 1898 3707 1971 τεχνιτεύων

434 1996 626 2061 τιστει,
658 1991 745 2067 [Ρ.
778 1991 871 2067 38]
902 1993 996 2047 καὶ
1040 1990 1222 2047 λαῦὼν
1269 1981 1656 2059 ὲκείνουξᾶμα
1700 1988 1841 2062 πεζῇ
1872 1987 2018 2060 past.

432 2088 542 2155 ζων
572 2087 673 2159 ὀψὲ
706 2086 986 2143 Σαόδάτου
1015 2085 1094 2158 τῷ
1133 2084 1451 2157 πατριάρχῃ
1475 2084 1829 2155 παρίστησιν.
1861 2080 1925 2135 Οἳ
1954 2080 2019 2153 δὴ

432 2182 531 2238 καὶ
560 2179 789 2236 αὐτόθεν
822 2177 1139 2250 προσιόντες
1174 2176 1424 2245 εὐλογίας
1455 2192 1515 2229 τε
1550 2174 2020 2247 μεταλαγχάνουσι

432 2357 795 2431 Optatissimae
820 2353 1058 2409 libenter
1087 2349 1482 2423 proﬂigaturus
1510 2346 1808 2403 videretur.
1837 2346 2019 2400 Desti-

432 2452 589 2510 navit
636 2461 904 2524 praeterea
968 2447 1100 2502 tanti
1160 2444 1427 2499 momenti
1477 2440 1816 2496 caeremoniae
1872 2437 2017 2493 diem

430 2547 684 2602 omnium
716 2542 1097 2607 sacerrimam,
1139 2540 1240 2594 hoc
1271 2546 1376 2604 est,
1405 2534 1665 2606 quoniam
1708 2533 1883 2605 major
1905 2532 2017 2602 jam

436 2638 739 2695 hebdomas
759 2635 1053 2697 institerat,
1080 2628 1577 2699 Sabbatumipsum
1612 2635 1884 2690 sanctum,
1917 2623 2020 2680 Pa-

433 2730 579 2788 scha:
597 2729 864 2786 festorum
889 2724 1157 2797 principis
1176 2722 1435 2795 vigiliam.
1456 2718 1863 2790 Tali‘ergojuce
1882 2731 2017 2773 con-

434 2822 675 2896 gregatis
707 2822 945 2884 cunctis,
977 2814 1272 2888 propitiato
1291 2813 1403 2885 62
1434 2811 1613 2883 longis
1653 2807 2021 2865 communiter

433 2913 779 2971 orationibus
827 2911 962 2978 Deo,
1014 2919 1077 2964 ιιι
1116 2915 1304 2979 empta
1352 2905 1639 2961 fortunare
1676 2902 2018 2970 dignaretur,

437 3008 656 3063 tandem
711 3004 990 3061 universis
1062 2998 1527 3072 inspectantibus,
1574 2996 1700 3067 ipso
1750 3002 2020 3067 prasente

348 3154 351 3157 .
434 3101 705 3169 Augusto,
736 3099 954 3170 piorum
980 3094 1288 3164 hominum;
1322 3100 1377 3148 et
1415 3091 1600 3146 neutri
1630 3096 1773 3159 parti
1821 3099 2017 3156 suspe-

439 3210 653 3251 etorum
686 3192 941 3247 manibus
971 3188 1251 3245 volumina
1300 3185 1560 3256 utrinque
1603 3180 2016 3253 consignantur.

2122 1988 2197 2053 ὡς
2225 1984 2294 2063 ἦν
2342 1990 2480 2062 πρὸς
2530 1991 2628 2055 τὰς
2652 1990 2878 2047 ἐκείνων
2928 1990 3175 2057 διπλόας,
3226 1991 3379 2057 ὅπως
3420 1990 3488 2047 ἂν
3529 1990 3707 2064 ἔχοιεν

2122 2080 2350 2153 γνώμης
2388 2081 2481 2136 τὸν
2529 2083 2975 2159 πατριαρχοῦντα
3026 2082 3433 2141 διεπυνθάνετο.
3492 2085 3621 2164 “tot;
3648 2084 3709 2139 at

2124 2176 2201 2248 μὴ
2230 2176 2514 2249 ὁμολογεῖν
2546 2179 2646 2250 μὲν
2670 2180 2878 2236 ἐκεῖνον
2903 2179 3255 2254 πατριάρχην
3278 2182 3306 2235 ὁ
3326 2179 3461 2253 παρ’
3489 2180 3704 2236 ἐκείνου

2123 2349 2304 2423 guidis
2334 2350 2521 2407 floccis
2547 2352 2687 2409 caelo
2729 2353 2935 2424 passim
2969 2353 3253 2409 hiemante
3292 2349 3707 2423 depluentibus,

2123 2457 2221 2511 per
2259 2442 2418 2497 nives
2444 2451 2501 2497 et
2534 2442 2658 2515 gelu
2682 2442 2850 2515 pedes
2870 2444 3017 2501 viam
3052 2442 3290 2499 mediam
3315 2456 3705 2509 emensus,“—

2120 2536 2246 2591 e'em
2274 2536 2498 2593 Sabbati
2529 2536 2707 2593 sancti
2729 2550 2982 2608 vespera,
3004 2536 3373 2608 patriarcham
3399 2537 3516 2593 adit
3541 2534 3706 2609 eique

2122 2629 2462 2686 Arsenianos
2493 2628 2658 2686 oﬂ‘ert
2684 2629 2810 2700 ;qui
2843 2630 3121 2701 supplices
3138 2629 3607 2704 admotieulogias
3640 2625 3708 2686 ab

2121 2737 2188 2779 eo
2217 2732 2268 2777 et
2303 2723 2445 2778 sacri
2466 2722 2623 2794 panis
2648 2721 3019 2794 fragmentum
3056 2722 3486 2794 accipiunt,“
3522 2723 3706 2794 plane,

2121 2824 2182 2870 ut
2233 2822 2349 2870 tum
2413 2813 2778 2886 apparebant,
2838 2814 3214 2888 significantes
3278 2818 3596 2872 renuntiare
3649 2830 3711 2872 se

2120 2906 2370 2977 pristinis
2414 2906 2891 2978 persuasionibus,
2948 2919 3003 2964 et
3058 2922 3190 2964 vero
3243 2908 3463 2964 tandem
3520 2907 3708 2982 agnito

2120 3000 2389 3055 dedoetos
2416 3008 2617 3057 cuncta
2644 3000 2737 3056 illa
2764 3001 3070 3072 superiora,
3105 3014 3228 3072 qua:
3256 3016 3356 3073 pro
3380 3000 3709 3059 necessariis

2119 3094 2481 3150 abscindendi
2508 3110 2634 3151 sese
2660 3095 2733 3151 ab
2774 3093 3018 3152 Ecclesia
3047 3101 3232 3153 causis
3259 3096 3589 3162 habuerant,
3622 3112 3699 3153 re-

2123 3189 2345 3244 mittere
2382 3204 2447 3245 ac
2473 3190 2614 3245 velle
2660 3190 2912 3246 oblivisci
2947 3192 3090 3247 bona
3132 3192 3257 3247 fide.
3304 3190 3580 3248 Caeterum
3615 3192 3700 3248 vix

437 3291 510 3344 Ea
543 3290 642 3357 illi,
672 3288 819 3358 quod
857 3287 1001 3342 bene
1047 3289 1308 3349 verteret,
1352 3280 1409 3334 in
1458 3279 1635 3350 ignem
1667 3275 1902 3347 jaciunt,
1936 3272 2019 3326 in-

2125 3292 2359 3355 postera
2389 3283 2520 3340 inde
2547 3282 2658 3340 diei
2680 3285 2763 3340 sol
2790 3292 3017 3342 exortus
3038 3285 3327 3351 illuxerat,
3357 3299 3485 3343 cum
3507 3285 3704 3343 borum

438 3382 795 3439 tendentibus
837 3393 1031 3451 preces
1061 3391 1187 3433 cum
1226 3373 1468 3432 maxime
1502 3386 1601 3443 per
1642 3379 1908 3424 summam
1954 3364 2021 3418 fl-

435 3476 653 3534 dueiam
694 3471 1031 3535 Arsenianis,
1069 3480 1125 3525 et
1167 3466 1323 3539 quasi
1379 3464 1551 3521 Deum
1591 3456 2020 3518 admonentibus

436 3574 631 3626 adesse
674 3578 892 3637 tempus
934 3563 1249 3619 declarandi
1291 3559 1378 3616 sui
1418 3554 1665 3613 numinis
1701 3553 1756 3609 in
1791 3552 2017 3623 gratiam

439 3666 681 3736 ipsorum
708 3660 811 3715 zeli
855 3673 954 3732 pro
986 3658 1108 3730 ejus
1145 3653 1316 3727 gloria
1350 3650 1543 3707 tandiu
1587 3647 1787 3703 frustra
1836 3644 2018 3698 tabes-

438 3758 638 3821 centis,
683 3770 747 3809 ac
791 3752 1146 3823 longissimas
1178 3744 1429 3800 miserias
1476 3737 1877 3813 patientissime
1922 3750 2020 3806 pro

440 3850 673 3906 veritate
733 3847 993 3902 toleratas
1036 3840 1344 3896 clarissima
1383 3836 1469 3891 sui
1524 3832 1747 3898 favoris,
1782 3830 1874 3901 qui
1927 3842 2015 3883 ca-

440 3943 677 4002 lumnias
744 3943 1115 3997 humanorum
1167 3944 1419 3990 errorum
1476 3935 1703 3984 cunctas
1759 3923 2017 3988 dilueret,

441 4038 841 4113 signiﬁcatione
854 4030 1200 4091 consolandi.
1227 4027 1355 4084 Haec
1385 4025 1493 4081 illis
1509 4021 1793 4080 orantibus
1822 4017 2020 4088 stipula

440 4109 516 4190 inv
530 4133 756 4188 fornace
778 4128 940 4183 ambo
972 4122 1176 4197 pariter
1211 4121 1337 4176 libri
1371 4118 1548 4174 fuere.
1573 4112 1731 4178 1\'ibil
1756 4109 2020 4169 utriusvis

443 4234 699 4299 respectu
750 4223 901 4277 "acris
960 4233 1074 4275 suae
1124 4213 1344 4271 virtutis
1396 4208 1609 4268 remisit
1664 4207 1906 4263 flamma.
1953 4204 2023 4260 Et

440 4333 755 4392 quanquam
791 4330 890 4389 pro
918 4311 1140 4369 modulo
1169 4308 1364 4365 lebetis
1388 4303 1533 4361 haud
1554 4301 1785 4359 multum
1817 4313 2021 4372 pruna-

442 4424 566 4467 rum
599 4416 739 4473 erat,
771 4414 938 4476 atque
981 4396 1277 4472 utrumque
1318 4397 1564 4455 codicem
1598 4410 1697 4467 pro
1735 4408 1836 4448 suo
1869 4408 2019 4462 qua:-

442 4520 551 4576 que
576 4517 704 4574 pars
727 4499 909 4556 studio
948 4493 1140 4553 scdulo
1166 4493 1547 4563 complicatum
1580 4497 1637 4544 et
1674 4496 2017 4557 compactum

2123 3377 2368 3434 studium
2414 3374 2552 3433 illud
2591 3377 2649 3433 in
2691 3392 2882 3450 pacem
2926 3377 3455 3451 pridianum'ctepit
3481 3380 3709 3453 langue-

2120 3485 2297 3528 scere.
2334 3470 2415 3527 Ne
2443 3470 2549 3527 sibi
2592 3480 2742 3528 esset
2773 3470 2998 3528 illusum
3037 3478 3318 3529 transacta
3347 3481 3708 3529 retractantes

2123 3564 2494 3633 verebantur;
2531 3579 2596 3620 ac
2627 3572 2834 3621 tantam
2870 3565 2956 3620 sui
2992 3565 3146 3621 uictu
3173 3574 3522 3637 properatam
3563 3563 3708 3621 oculi

2122 3656 2484 3711 mutationem
2515 3656 2797 3725 admirati,
2834 3657 3011 3714 bullis
3055 3656 3161 3715 sibi
3208 3657 3568 3730 argumentis,
3598 3657 3707 3714 nisi

2120 3762 2283 3805 casus
2333 3759 2540 3806 eventu
2579 3749 2819 3821 fortuiti,
2845 3758 2959 3807 tam
3000 3751 3110 3808 alte
3155 3750 3462 3825 insculptas
3501 3750 3704 3808 animis

2121 3841 2282 3897 evelli
2316 3842 2565 3913 potuisse
2595 3844 2989 3915 persuasiones
3014 3845 3411 3915 querebantur,
3443 3859 3570 3901 sero
3594 3844 3706 3915 jam

2122 3945 2485 4007 agnoscentes
2508 3936 2719 3994 scilicet
2747 3936 3017 3994 doctrinae
3040 3937 3252 4007 solidae,
3290 3952 3405 3994 non
3434 3938 3602 3995 sortis
3618 3937 3707 3994 in-

2122 4029 2335 4087 stabilis
2365 4030 2526 4086 talem
2561 4047 2660 4103 par
2694 4030 2867 4088 fuisse
2895 4030 3169 4111 effectum.
3203 4032 3501 4089 exsistere.
3543 4029 3710 4104 Egre

2122 4125 2191 4181 ad
2239 4125 2361 4195 ejus
2403 4123 2513 4179 diei
2564 4139 2853 4195 vesperam
2893 4139 3167 4181 novorum
3211 4123 3529 4182 istiusmodi
3577 4138 3707 4181 sen—

2123 4233 2285 4275 suum
2330 4217 2735 4288 qualiscunque
2778 4217 3147 4274 di5simulatio
3211 4217 3470 4291 pervenit
3511 4236 3527 4274 :
3574 4234 3706 4275 ure-

2122 4311 2219 4369 bat
2259 4311 2469 4384 quidpe
2525 4311 2750 4382 penitus
2802 4320 2858 4368 et
2912 4312 3337 4383 inquietissime,
3382 4321 3447 4369 ut
3500 4312 3704 4371 indicia

2122 4406 2470 4476 erumpentia
2505 4406 2597 4460 vix
2628 4413 2906 4472 tenerent,
2931 4405 3174 4476 agitabat
3200 4406 3466 4476 superbos
3492 4407 3710 4463 animos

2124 4499 2390 4555 memoria
2435 4497 2846 4568 imprudentiae,
2879 4515 2989 4569 qua
3030 4514 3091 4555 se
3119 4500 3336 4558 incaute
3370 4500 3706 4572 objecissent

447 4597 641 4655 validis
682 4597 908 4666 insuper
957 4588 1259 4646 involucris
1302 4592 1547 4654 sepserat
1584 4593 1639 4638 et
1682 4588 2016 4652 protexerat,

2125 4595 2373 4667 periculo
2416 4595 2611 4660 ruinae,
2648 4594 2706 4649 in
2750 4610 2915 4664 quam
2945 4605 3000 4650 et
3038 4591 3539 4667 praecipitaverant.
3573 4595 3708 4652 Lar-

448 4702 631 4746 tamen
651 4702 759 4742 una
781 4685 1023 4741 alterave
1058 4681 1192 4736 hora
1212 4678 1350 4733 nihil
1380 4690 1446 4730 ex
1482 4684 1715 4743 utroque
1749 4671 1856 4727 nisi
1874 4670 2018 4726 ciuis

445 4783 737 4856 superfuit.
778 4779 879 4835 llic
906 4778 1017 4849 jam
1048 4772 1263 4832 confusi
1298 4771 1557 4828 frustrata
1587 4766 2017 4840 exspectatione,

445 4873 737 4933 Arseniani
775 4871 1094 4945 praesertim,
1143 4866 1343 4924 imitati
1383 4878 1511 4921 suas
1560 4864 1797 4929 chartas,
1829 4871 1889 4916 ut
1917 4859 2022 4912 illa:

445 4973 581 5046 igni,
608 4970 687 5026 sic
717 4967 820 5039 ipsi
860 4970 1107 5037 Augusto
1130 4970 1437 5027 cesserunt,
1472 4973 1528 5015 et
1553 4957 1711 5013 fidem
1736 4964 2019 5027 pactorum

446 5062 755 5136 reposcenti
801 5060 1165 5118 ostenderunt
1195 5054 1344 5111 haud
1386 5070 1445 5110 se
1504 5060 1853 5108 recusaturos
1887 5050 2019 5104 sub-

443 5156 539 5228 ;ici
587 5154 848 5224 deinceps
883 5161 1053 5221 atque
1097 5152 1482 5218 obtemperare
1528 5143 1868 5214 patriarchae.
1901 5141 2021 5206 Quo

446 5264 708 5305 successu
732 5243 1124 5301 incredibiliter
1140 5241 1419 5297 exsultans
1440 5235 1825 5309 gratulansque
1850 5236 2024 5303 impe-

446 5352 595 5399 rator
624 5341 840 5408 (miram
868 5340 1071 5410 quippe
1099 5352 1215 5393 rem
1260 5333 1527 5391 divinitus
1560 5330 2023 5400 interpretabatur

448 5439 668 5503 factam,
699 5436 845 5507 quod
880 5446 987 5489 tam
1034 5431 1259 5496 invicta,
1306 5438 1416 5484 tam
1465 5440 1673 5481 annoso
1707 5424 1853 5479 velut
1885 5422 2022 5477 callo

448 5533 703 5587 indurata
756 5528 1057 5600 pertinacia
1088 5536 1371 5580 momento
1399 5520 1640 5576 emollita
1669 5518 2021 5588 resolutaque

446 5626 811 5694 cerneretur),
848 5598 1017 5676 veluti
1046 5620 1158 5690 jam
1191 5618 1302 5673 voti
1332 5615 1421 5671 vix
1449 5612 1651 5683 sperati
1686 5612 1846 5682 plene
1876 5626 2025 5665 com-

447 5736 567 5791 pos,
629 5718 907 5775 festinavit
962 5716 1206 5770 victoriae
1257 5729 1370 5768 sute
1408 5711 1565 5781 quasi
1622 5708 1913 5766 manubias
1961 5722 2026 5762 ac

446 5818 615 5887 spolia
648 5814 968 5885 patriarcha:
1000 5811 1218 5867 sistere.
1254 5809 1565 5878 Eademque
1592 5807 1745 5868 hora,
1780 5805 1884 5860 etsi
1910 5816 2023 5859 tum

446 5909 585 5965 forte
626 5908 854 5981 contigit
889 5921 1134 5979 asperam
1169 5902 1433 5959 desaavire
1463 5910 1863 5973 tempestatem,
1898 5898 2023 5955 nin-

2125 4705 2245 4744 vam
2282 4699 2460 4744 tamen
2492 4704 2555 4743 ea
2597 4689 2785 4758 utique
2823 4689 2946 4745 luce
2985 4704 3095 4746 non
3138 4690 3469 4763 deposuere.
3500 4687 3709 4747 Postri‘

2124 4782 2235 4847 die.
2276 4792 2473 4853 prznter
2506 4796 2746 4851 paucos,
2781 4781 3029 4837 universi
3058 4783 3237 4852 palam
3292 4793 3445 4838 motu
3498 4780 3711 4856 ingenti

2124 4877 2516 4932 reclamatum.
2562 4876 2885 4946 lmperator,
2914 4873 3012 4934 ubi
3064 4877 3268 4931 trustra
3326 4891 3387 4932 se
3427 4876 3715 4936 laborasse

2124 4969 2414 5032 intellexit,
2447 4978 2715 5024 convocat
2746 4970 2926 5039 capita
2951 4970 3069 5040 ipsa
3105 4980 3295 5039 sectae,
3326 4980 3381 5027 et
3401 4973 3707 5029 orationem

2125 5064 2189 5119 ad
2218 5079 2346 5118 eum
2377 5073 2582 5118 coetum
2614 5063 2799 5119 habet.
2831 5065 2940 5118 Sed
2976 5070 3269 5133 antequam
3300 5065 3487 5121 dicere
3515 5080 3712 5139 aggre-

2089 5155 2381 5216 ‘deretur,
2442 5155 2809 5224 patriarcham
2861 5154 3163 5225 pontiﬁcali
3212 5169 3469 5211 ornatum
3517 5157 3709 5215 habitu

2124 5257 2322 5318 praesto
2350 5262 2473 5303 esse
2500 5248 2677 5319 jubet,
2725 5256 3135 5317 exspectantem
3178 5249 3236 5304 in
3275 5248 3462 5306 vicino
3490 5251 3713 5309 concla-

2127 5341 2198 5395 vi.
2231 5340 2567 5396 Arsenianos
2596 5340 2716 5409 ipse
2740 5340 2961 5395 interim
3005 5341 3289 5411 implicare
3315 5340 3513 5399 callide
3540 5359 3712 5403 cona-

2126 5445 2235 5503 tur,
2269 5451 2473 5503 anceps
2505 5436 2795 5506 quassitum
2844 5436 2910 5491 ad
2944 5452 3137 5492 eorum
3182 5437 3459 5508 utrimque
3491 5442 3710 5511 pervias

2125 5529 2516 5600 ambiguitates
2542 5544 2847 5600 opponens.
2886 5530 3252 5587 Percontatur
3283 5531 3535 5588 videlicet
3551 5550 3617 5589 ex
3644 5536 3711 5591 iis

2125 5622 2257 5693 quid
2306 5624 2373 5676 de
2434 5622 2763 5692 patriarcha,
2801 5622 2897 5692 qui
2943 5638 3091 5678 nunc
3123 5623 3244 5678 talis
3288 5633 3531 5692 vocetur,
3578 5642 3710 5683 sen-

2129 5717 2302 5781 tiant;
2328 5717 2521 5785 ecquid
2553 5730 2679 5770 eum
2722 5716 2817 5771 tali
2857 5731 3047 5771 revera
3086 5718 3377 5787 dignitate,
3413 5722 3572 5791 cujus
3606 5738 3705 5777 no-

2129 5811 2280 5865 mine
2311 5810 2586 5881 dignetur,
2618 5819 2923 5880 agnoscant
2964 5811 3274 5879 praeditum.
3330 5812 3626 5869 Hzerehant
3656 5818 3711 5872 in

2128 5903 2468 5975 expediendo
2495 5917 2781 5974 responso.
2838 5901 2979 5958 Hinc
3014 5903 3159 5959 enim
3189 5904 3384 5960 durum
3433 5908 3712 5964 videbatur
