4058 6282
323 407 386 473 81
1257 410 1355 472 DE
1393 403 1839 474 ANDRDNlCO
1878 410 2335 474 PALEOLOGO
2375 411 2520 472 LIB.
2570 408 2620 468 Ι.

3492 400 3568 465 82

320 517 552 590 μάλιστα
587 514 684 569 καὶ
739 515 831 570 τοῦ
868 514 1149 587 Καρούλου
1174 588 1177 589 ν
1202 518 1497 585 γενομένου
1525 563 1541 587 ,
1581 520 1887 574 εὐὼάθετον
1920 524 1961 580 Α
1990 523 2109 594 διχῆ
2133 540 2189 576 τε
2227 518 2681 594 περιταφρεῦσαι,
2715 516 2807 570 καὶ
2840 514 2984 585 ὕδωρ
3011 515 3073 566 ὲκ
3120 513 3398 584 θαλάσσης
3428 504 3569 567 ἐνετ-

315 610 416 679 τὴν
437 608 663 679 γνώμην
695 608 883 663 ἐτίθει.
915 610 976 664 οξ
1013 610 1110 681 μὲν
1140 606 1233 663 οὖν
1259 611 1357 675 τὰς
1390 611 1522 676 ναῦς
1574 614 1892 683 παριδόντες

319 698 517 767 ἐνῆκαν
549 700 786 761 ἐκείναις
833 700 1023 770 χρόνον
1072 701 1256 782 ἱκανὸν
1284 728 1291 734 ·
1321 703 1410 756 καὶ
1444 704 1604 772 μόνον
1653 705 1773 772 δίχα
1798 705 1891 756 τοῦ

320 791 707 861 συνεργοῦντος
731 793 810 856 εἰς
828 791 1043 862 φθορὰν
1065 794 1431 864 λογιζόμενον.
1466 797 1537 850 Τὸ
1559 796 1612 849 δὲ
1646 799 1737 849 ἐπὶ
1759 797 1892 849 sati-

316 901 437 942 ταις
486 884 929 953 ἀπο-τεταγμένον
981 888 1366 956 στρατιωτικόν
1420 906 1477 941 τε
1529 890 1621 941 καὶ
1659 890 1893 959 μάχιμον

317 976 451 1044 παρ’
481 976 631 1028 οὐδὲν
660 977 896 1046 ἔχοντες,
930 982 1043 1041 τοίς
1074 978 1175 1046 μὲν
1225 978 1527 1049 βαναύσους
1573 982 1765 1050 τέχνας
1794 998 1891 1050 με·

317 1066 647 1138 ταχειρίζειν
680 1070 897 1138 ἐφῆκαν
922 1070 1000 1131 είς
1030 1071 1399 1141 ἀποστροφὴν,
1431 1073 1600 1141 ὁπόση
1632 1089 1711 1134 τις
1747 1075 1893 1125 ἐκεῖ·

318 1158 411 1211 θεν
439 1160 638 1229 δυνατὴ
669 1156 756 1231 ἦν,
785 1163 895 1241 τοῖς
925 1162 981 1215 δὲ
1019 1164 1112 1215 καὶ
1141 1162 1459 1233 αὐτομολεῖν
1489 1166 1602 1227 τοῖς
1651 1164 1887 1233 ἐχθροῖς,

320 1249 406 1323 [Ρ.
443 1251 531 1322 Η]
582 1250 721 1305 ὥστε
780 1252 973 1322 σύναμ⁹
1000 1254 1227 1319 ἐκείνοις
1260 1256 1534 1325 πειρατῶν
1583 1255 1768 1326 τρόπῳ
1799 1255 1894 1325 τὴν

335 1341 623 1412 Ῥωμαίων
672 1347 891 1397 κακοῦν.
945 1345 1075 1397 Τότε
1122 1344 1180 1398 δὲ
1241 1345 1334 1398 τοῦ
1398 1345 1895 1415 πρωτοσεστιαρίου

321 1435 660 1505 ὲξορμῶντος
685 1436 819 1490 πολύ
848 1454 899 1491 τι
930 1436 1130 1508 πλῆθος
1159 1437 1344 1492 εἵπετο
1394 1440 1488 1493 ἐπὶ
1527 1438 1752 1500 δύσεως.
1786 1426 1898 1491 Καὶ

319 1526 388 1596 δὴ
418 1525 739 1596 προσϐαλὼν
784 1530 1122 1599 Δημητριάδι
1152 1532 1269 1583 ἐκεῖ
1300 1530 1586 1585 συνέταττε
1619 1529 1715 1593 τὰς
1738 1526 1900 1584 δυνά·

320 1635 469 1687 μεις,
494 1618 586 1681 οὓς
622 1620 719 1688 μὲν
749 1621 981 1689 πέμπων
1007 1623 1097 1683 εις⁸
1119 1621 1289 1675 σκῦλα
1311 1626 1404 1679 καὶ
1430 1623 1710 1693 ἁρπαγὰς,
1740 1618 1820 1687 οἷς
1848 1622 1898 1676 δ’

324 1708 422 1760 ἔπι
459 1708 815 1779 ἀνοικοδομὴν
877 1711 985 1763 τῶν
1031 1712 1146 1765 ἐκεῖ
1192 1710 1472 1782 χρώμενος
1524 1713 1896 1783 πολισμάτων,

325 1802 753 1871 ἀπηκαραδοκῶν
787 1805 1004 1877 καιτὴν
1057 1806 1152 1874 τῆς
1209 1806 1521 1878 βασιλίσσης
1554 1808 1753 1877 πρᾶξιν
1805 1807 1897 1860 ἐπὶ

1996 634 2083 668 ναι
2115 616 2235 678 ταῖς
2263 615 2511 681 τάφροις,
2545 612 2638 663 καὶ
2673 607 2843 671 οὕτως
2878 606 3071 677 ἀνέδην
3103 605 3221 660 κατ’
3247 606 3427 673 ὀλίγον
3460 603 3578 658 κτί-

1997 703 2157 768 ζοντα
2203 702 2507 773 ἀνεγείρειν
2540 701 2707 763 λίθοις
2733 699 2793 752 τὸ
2824 699 3089 766 πύλισμα.
3131 700 3229 752 Διὰ
3270 695 3442 750 ταῦτα
3474 693 3586 749 καὶ·

1996 797 2197 867 ἀνοχὰς
2241 798 2498 859 ἐποιεῖτο,
2552 796 2643 848 καὶ
2677 792 2876 865 ἀεργὸς
2926 793 3060 864 πρὸς
3090 792 3213 856 τοὺς
3244 786 3574 855 ἀντιπάλους

1999 891 2275 959 ἐφαίνετο.

1995 1004 2100 1070 κζ’.
2139 1003 2276 1072 Περὶ
2317 1003 2423 1057 τοῦ
2457 1002 3013 1072 πρωτοσεστιαρίου,
3063 999 3160 1052 καὶ
3210 999 3289 1072 ᾡς
3320 998 3578 1065 ὕστερον

2251 1074 2599 1140 κατωρθώθη
2632 1071 2704 1125 τὰ
2743 1070 2895 1125 κατὰ
2924 1070 3033 1124 τὸν
3058 1069 3319 1140 Μιχαὴλ.

2068 1164 2156 1237 [Ρ.
2186 1162 2281 1236 45]
2310 1164 2416 1217 Τοῦ
2464 1162 2594 1231 γοῦν
2643 1162 2836 1232 καιροῦ
2867 1160 3187 1231 τριϐομένου
3222 1162 3374 1222 νόσος
3407 1157 3576 1227 ἐμπί-

1999 1246 2121 1307 πτει
2158 1254 2233 1323 τῷ
2264 1251 2637 1325 στρατιωτικῷ
2696 1253 2886 1323 βαρεῖα
2924 1252 3100 1322 πάντη
3133 1254 3229 1304 καὶ
3277 1250 3576 1319 αὐτουργὸς

1997 1347 2110 1409 τοῖς
2137 1344 2348 1419 πολλοῖς
2396 1345 2659 1399 θανάτουο
2693 1344 2915 1413 βαρείας
2957 1345 3063 1411 γὰρ
3094 1345 3282 1413 χεῖρας
3315 1343 3344 1395 ὁ
3387 1342 3577 1409 λοιμὸς

1999 1438 2228 1500 ἐκείνοις
2258 1436 2449 1507 ἐφῆκε,
2481 1440 2571 1490 και
2605 1435 2962 1505 ἐπασσύτεροι
2988 1434 3272 1509 ἔθνησκον.
3314 1432 3477 1496 Τέλος
3516 1434 3577 1485 δὲ

2001 1528 2098 1583 καὶ
2137 1529 2294 1593 αὐτὸς
2328 1530 2357 1582 ὁ
2417 1528 2718 1599 στρατηγὸς
2755 1527 3251 1596 πρωτοὸεστιάριος
3299 1527 3455 1581 νόσου
3487 1525 3577 1592 γε·

2000 1637 2123 1687 γονε
2155 1619 2553 1690 παρανάλωμα,
2582 1618 2875 1673 κάντεῦθεν
2910 1621 2957 1671 οἱ
3006 1616 3442 1685 περιλειφθέντες
3477 1632 3581 1682 μη-

2000 1713 2086 1783 δὲν
2111 1713 2220 1767 τῶν
2243 1712 2505 1782 γενναίων
2544 1702 2848 1783 πράξαντες
2885 1710 3337 1778 ὕπανεζεύγνυον.
3373 1709 3577 1761 ’Υστε-

2004 1822 2097 1876 ρον
2118 1805 2183 1859 δὲ
2212 1806 2348 1874 αὐτὴ
2370 1805 2490 1858 καθ’
2515 1803 2683 1873 αὐτὴν
2707 1805 2740 1873 ἠ
2769 1803 3054 1871 βασίλισσα
3078 1800 3294 1871 σύναμα
3322 1799 3400 1870 τῷ
3427 1799 3581 1868 ἀνδρὶ

323 1892 405 1960 τῷ
432 1892 638 1962 ἀνεψιῷ
693 1894 928 1965 Μιχαὴλ,
957 1894 1031 1957 ὥς
1060 1894 1327 1949 λέλεκται.
1360 1898 1467 1951 Καὶ
1494 1897 1707 1968 πρῶτον
1732 1897 1897 1966 ,αὐτῷ
1930 1888 1971 1941 Β
1997 1888 2312 1967 Νικηφόρῳ,
2340 1896 2511 1958 δόλοις
2540 1894 2858 1956 ὑπελθόντες
2882 1896 2976 1947 καὶ
2993 1894 3177 1963 ὅρκοις
3197 1891 3580 1960 ἐξαπατήσαν-

324 1986 434 2040 τῶν
467 1985 644 2055 ἔργων
678 1985 907 2055 πύργοις
957 1986 1184 2052 ξυλίνοις
1228 1989 1540 2059 αὐθημερδν
1596 1990 1675 2053 είς
1729 1987 1902 2041 εῐκοσι

328 2078 423 2131 καὶ
451 2080 720 2150 τέσσαρας
742 2080 1090 2149 ποσουμὲνοις
1118 2079 1503 2149 περιόαλέσθαι
1522 2081 1899 2151 Δημητριάδα,

332 2268 498 2326 quam
528 2254 767 2311 Venetos
798 2266 851 2311 et
879 2256 1224 2317 Cenuenses.
1256 2256 1358 2328 71
1393 2258 1487 2327 (ιυὶ
1516 2256 1906 2329 tranquillissi-

332 2363 422 2405 me
453 2350 509 2403 in
541 2350 707 2403 terris
749 2351 962 2421 imperii
995 2352 1277 2423 degerent,
1314 2351 1579 2406 adversus
1620 2350 1906 2405 dominan-

330 2450 439 2498 tem
471 2441 949 2511 ConstantinOpoli
985 2444 1290 2513 Augustum
1329 2442 1549 2496 hostilia
1575 2440 1899 2503 machinari,

333 2536 555 2593 sublato
585 2525 795 2591 scilicet
827 2552 859 2591 e
882 2534 1062 2591 medio
1088 2534 1306 2598 Carolo,
1365 2542 1598 2590 cunctos
1626 2538 1691 2588 ad
1729 2534 1791 2588 id
1824 2534 1908 2587 in-

332 2629 526 2690 citare,
550 2624 681 2681 dum
705 2627 1129 2693 viveret,solito.
1167 2626 1305 2682 Hinc
1336 2617 1616 2698 subrepsit
1636 2644 1737 2683 usu
1758 2626 1903 2699 quod

332 2716 1084 2789 ratio‘non'probaverat'mt
1127 2709 1513 2790 compendium
1568 2722 1721 2776 ﬁeret
1759 2710 1908 2777 sumi-

334 2814 528 2884 ptuum
546 2810 603 2865 in
621 2811 849 2867 classem
871 2811 1123 2866 tuendam
1145 2811 1386 2881 impendi
1410 2811 1696 2867 sdlitdru‘m
1716 2827 1730 2879 ;
1753 2812 1907 2865 dum-

332 2920 441 2976 que
480 2905 562 2959 sic
584 2904 765 2975 agitur
788 2904 947 2974 quasi
971 2915 1254 2960 constaret
1280 2905 1435 2960 luero
1470 2906 1785 2961 accrescere
1812 2908 1908 2974 ρυε-

333 2995 481 3051 blico
506 2994 785 3065 quidquid
827 2995 1244 3051 subtraheretur
1265 2996 1574 3051 rationibus
1595 2997 1909 3066 navalis’ap—

335 3096 583 3161 paratus,
623 3087 827 3143 sensim
854 3087 1141 3142 deventum
1171 3102 1236 3143 eo
1267 3098 1351 3144 est
1374 3099 1427 3143 ut
1448 3088 1690 3143 Romana
1716 3090 1907 3146 classis

334 3196 443 3235 non
472 3177 706 3234 flammis
747 3178 834 3230 illa
870 3179 1085 3247 quidem
1125 3193 1233 3231 uno
1263 3190 1537 3235 momento
1572 3180 1903 3235 absumenda

335 3271 669 3332 traderetur,
702 3277 959 3324 ueterum
998 3271 1409 3336 permitteretur
1452 3273 1720 3326 abolenda
1774 3281 1913 3326 tetn-

331 3362 476 3432 pori,
514 3370 571 3417 et
600 3363 750 3416 nulla
786 3362 840 3415 in
866 3363 1107 3426 navium,
1132 3364 1333 3433 quibus
1362 3365 1452 3419 illa
1486 3364 1917 3431 eonstabat,tni-

334 3454 544 3510 ti0nem
572 3460 667 3507 aut
696 3453 1145 3507 restaurationem
1163 3464 1316 3523 parte
1341 3469 1483 3509 Cura!
1509 3456 1778 3526 impensa,
1800 3464 1919 3510 tan-

335 3544 734 3600 tum'duntaxat
784 3542 1187 3614 relinqueretur
1218 3546 1503 3613 duratura,
1548 3555 1756 3615 quanto
1797 3557 1917 3602 erat

339 3650 479 3704 opus
514 3634 692 3697 Spatio
726 3641 783 3686 ut
817 3648 984 3689 naves
1019 3649 1210 3690 omnes
1258 3652 1409 3690 mero
1438 3638 1687 3706 neglectu
1736 3646 1921 3707 putre-

344 3732 569 3781 scerent
596 3733 690 3778 aut
725 3724 905 3779 soluta
928 3740 1193 3796 compage
1219 3728 1592 3782 abolerentur.
1632 3728 1785 3784 Istud
1824 3745 1921 3800 po-

340 3827 456 3874 stea
476 3815 731 3885 contigit,
754 3815 857 3870 hoc
884 3831 1218 3885 praevorsum
1237 3834 1299 3872 ac
1328 3830 1783 3890 repraesentatum
1810 3838 1922 3877 ma-

341 3911 522 3965 turius
552 3919 660 3965 est.
703 3904 1202 3967 Classiariimilites
1227 3912 1379 3967 inuiti
1408 3926 1472 3967 ac
1491 3910 1683 3979 fortes,
1704 3930 1803 3969 nec
1831 3930 1923 3983 pa-

338 4017 460 4057 rum
526 4005 810 4058 exercitati
854 4002 1077 4076 prazliis,
1131 4007 1302 4072 spreti
1350 3988 1541 4060 omnes
1595 4006 1921 4074 multatique

336 4094 638 4164 Stipendia,
673 4098 869 4165 partim
901 4096 966 4149 ad
995 4106 1141 4149 artes
1181 4108 1301 4149 sese
1342 4094 1597 4151 conferre
1646 4097 1925 4151 mechani-

333 4202 432 4242 cas
482 4188 685 4256 quibus
742 4189 944 4243 victum
1004 4197 1334 4256 quarerent,
1384 4186 1583 4254 partim
1616 4188 1684 4240 ad
1738 4187 1922 4242 hostes

336 4281 694 4351 transfugere
724 4290 853 4337 sunt
883 4272 1081 4343 coacti,
1114 4294 1351 4349 quorum
1386 4279 1513 4333 inde
1544 4278 1713 4334 ductu
1735 4278 1926 4350 pirati-

342 4374 425 4429 cis
456 4370 775 4429 incursibus
805 4389 918 4429 rem
965 4387 1227 4433 oramque
1272 4379 1511 4427 nostram
1564 4372 1918 4429 infestarunt.

337 4466 549 4520 Tamen
583 4467 691 4519 hoc
726 4480 834 4535 quo
863 4465 1229 4521 describimus
1256 4466 1523 4545 tempore,
1569 4466 1787 4535 plurimi
1826 4467 1923 4520 ho-

2005 2004 2094 2051 τες
2130 1982 2220 2041 τὸν
2250 1986 2467 2058 Μιχαὴλ
2504 1989 2576 2051 ὡς
2603 1984 2850 2055 γαμϐρὸν
2897 1987 2989 2039 ἐπὶ
3014 1989 3079 2057 τῇ
3117 1982 3342 2053 θυγατρῖ
3378 1981 3591 2059 ἀξόμεις

2003 2096 2105 2148 νοι,
2136 2079 2255 2151 μηδ’
2284 2080 2415 2135 αὐτὸ
2440 2082 2501 2134 τὸ
2533 2080 2912 2150 κεκωλυμένον
2938 2080 3000 2131 ὲκ
3018 2078 3207 2145 γένους
3246 2073 3594 2161 cumaea-,1,

3519 2182 3597 2236 ὦν

2002 2260 2195 2333 viginti
2252 2262 2556 2331 lignearum
2590 2262 2818 2316 turrium
2851 2260 2905 2314 in
2951 2258 3181 2315 circuitu
3223 2255 3598 2326 Demetriaqz.

2004 2370 2116 2409 uno
2142 2355 2229 2411 die
2259 2355 2495 2424 perfecta
2520 2355 2625 2425 72
2643 2354 2960 2420 exstructio,
2985 2352 3183 2422 quibus
3215 2360 3265 2404 et
3281 2348 3425 2403 fossa
3447 2364 3598 2419 pra”

2005 2437 2187 2501 ducta'
2227 2446 2429 2515 duplex
2454 2456 2559 2509 est,
2609 2459 2747 2513 aqua
2782 2446 3008 2511 insuper
3040 2459 3069 2496 e
3126 2441 3263 2494 mari
3293 2438 3473 2493 vicino
3522 2438 3601 2509 it,

2007 2549 2294 2607 utramque
2313 2536 2591 2592 derivata.
2630 2537 2841 2603 Quibus
2888 2532 3270 2604 deproperatis
3322 2530 3389 2586 ad
3444 2538 3585 2583 tute-

2005 2630 2112 2684 lam
2145 2632 2349 2701 operis,
2383 2631 2528 2686 intra
2570 2630 2623 2685 id
2658 2628 2860 2684 vallum
2892 2642 3086 2682 secure
3102 2622 3329 2694 iamest
3372 2622 3587 2679 solido-

2006 2732 2180 2778 rum'e
2204 2714 2625 2777 scitoamtnniu'm
2657 2735 2751 2792 per
2765 2720 2933 2773 otium
2955 2717 3243 2772 mdificatio
3261 2714 3482 2770 curata;
3525 2713 3591 2770 In

2008 2815 2095 2871 bis
2120 2816 2211 2871 diu
2251 2829 2408 2870 suum
2436 2815 2735 2870 exercitum
2766 2811 3221 2879 protovestiarius
3256 2815 3582 2878 occupatum

2008 2900 2217 2974 habuit,
2255 2908 2390 2963 nihil
2428 2907 2716 2964 admodum
2746 2908 2954 2963 interea
2998 2905 3199 2977 negotii
3230 2904 3477 2959 hostibus
3507 2901 3586 2959 fa-
3618 2966 3623 2971 η

2008 3016 2234 3057 cessrns
2256 3041 2269 3055 .

2008 3116 2097 3170 Ἦ.
2120 3114 2639 3184 Deprotovestiario;
2657 3120 2773 3167 etut
2791 3113 2976 3167 deinde
3002 3127 3292 3184 successum
3308 3107 3589 3162 habuerint

2191 3182 2307 3255 qua:
2349 3195 2536 3239 contra
2590 3184 2900 3240 Hichaelem
2938 3182 3433 3251 comparabantur._

2074 3276 2337 3332 Caeterum
2353 3280 2405 3331 in
2419 3278 2785 3332 Romanorum
2804 3282 3109 3331 castrorum
3125 3272 3346 3336 milites,
3370 3273 3589 3341 longam

2020 3370 2112 3424 tali
2144 3370 2260 3423 loco
2282 3379 2339 3423 et
2366 3384 2530 3439 opere
2561 3370 2837 3423 trahentes
2874 3382 3105 3433 moram,
3128 3355 3311 3439 gravis
3336 3363 3586 3420 incubuit

2018 3462 2303 3517 calamitas
2339 3462 2647 3531 pestilentis
2690 3459 2885 3527 morbi,
2923 3474 3032 3535 quo
3079 3457 3235 3513 multi
3271 3464 3399 3512 sunt
3432 3455 3581 3527 brevi

2019 3555 2198 3623 spatio
2234 3554 2435 3607 necati.
2474 3551 2587 3606 Lue
2619 3552 2816 3621 quippe
2855 3567 2951 3621 per
2995 3548 3242 3620 contagia
3279 3556 3585 3618 grassante,
3662 3592 3665 3593 ν

2020 3659 2084 3699 ac
2136 3654 2400 3715 corrupto
2449 3645 2622 3714 magis
2673 3646 2958 3714 magisque
2998 3642 3120 3697 coeli
3173 3649 3350 3695 tractu
3385 3651 3583 3695 saevam

2022 3744 2255 3806 augente
2304 3737 2434 3801 vim,
2484 3734 2844 3805 frequentatis
2880 3734 2930 3787 in
2967 3740 3241 3787 momenta
3302 3730 3585 3786 funeribus

2024 3827 2297 3897 inexpleta
2362 3826 2604 3881 Libitina
2682 3825 2901 3881 feritate
2976 3824 3369 3881 bacchabatur,
3438 3822 3585 3877 foeda

2023 3928 2206 3989 strage
2258 3922 2586 3973 cadaverum
2636 3919 2746 3972 late
2777 3925 2975 3973 cuncta
3016 3925 3401 3978 constemens,
3448 3913 3588 3968 adeo

1978 4038 1982 4042 ι
2026 4026 2125 4066 nec
2174 4010 2310 4080 ipsis
2355 4016 2614 4081 parcente
2667 4008 3006 4079 principibus
3032 4007 3208 4073 clade,
3248 4015 3306 4062 nt
3333 4015 3588 4078 protove—

2025 4102 2275 4156 stiarium
2311 4116 2533 4171 quoque
2569 4100 2763 4155 ducem
2798 4099 2914 4165 ejus
2944 4098 3222 4153 exercitus
3270 4109 3586 4166 supremum

2024 4196 2195 4264 pestis
2224 4192 2573 4259 exstinxerit;
2605 4200 2717 4262 quo
2751 4190 2967 4246 sublato
3002 4190 3249 4261 reliquiae
3281 4190 3589 4259 copiarum,

2027 4288 2173 4342 nulla
2206 4302 2263 4341 re
2288 4294 2443 4354 gesta
2470 4294 2624 4341 tanto
2656 4293 2932 4357 apparatu
2965 4294 3020 4338 et
3056 4280 3477 4353 exspectatione
3507 4279 3594 4335 di-

2026 4394 2154 4450 gna,
2208 4378 2440 4447 inglorie
2479 4385 2851 4434 reverterunt.
2886 4375 3080 4430 Postea
3123 4386 3302 4435 tamen
3342 4375 3457 4443 ipsa
3493 4372 3597 4443 per

2028 4484 2087 4523 se
2122 4469 2348 4540 regina,
2399 4477 2733 4538 coeperante
2788 4483 2887 4537 pro
2931 4466 3073 4520 virili
3123 4466 3357 4535 conjuge
3410 4466 3589 4534 ipsius

337 4576 463 4615 nm
496 4559 551 4613 in
582 4560 864 4629 pedestres
898 4559 1190 4614 centuriati
1224 4559 1411 4628 copias
1435 4560 1917 4632 protovcstiarium
1953 4568 1999 4625 υ
2026 4560 2355 4631 Nicephoro,
2417 4559 2559 4614 dolis
2622 4573 2881 4629 aggressa
2935 4556 3248 4612 Michaelem
3303 4572 3466 4609 unam
3514 4557 3589 4609 illi

337 4663 471 4707 sunt
510 4650 705 4717 secuti,
737 4650 1140 4720 expeditionem
1183 4651 1237 4704 in
1267 4660 1473 4706 tractus
1519 4651 1791 4708 Occiduos
1823 4654 1923 4707 du-

338 4754 589 4811 centem;
632 4758 740 4813 qua
777 4744 821 4798 is
848 4758 1172 4812 progressus
1200 4741 1595 4799 Demetriadem
1625 4761 1796 4815 usque
1846 4746 1922 4801 ibi

337 4838 609 4895 constitit,
640 4838 938 4906 copiasque
968 4837 1024 4891 in
1062 4852 1256 4892 manus
1276 4836 1484 4892 divisas
1509 4838 1707 4908 partim
1728 4855 1926 4895 excur-

342 4944 468 4985 rere
503 4944 564 4983 ac
592 4946 622 4985 e
647 4927 842 4983 vicinis
875 4928 1115 4982 hostium
1143 4928 1301 4981 terris
1326 4931 1537 4999 praedas
1569 4944 1749 4999 agere,
1805 4940 1928 4999 par-

337 5022 440 5075 tim
480 5028 791 5075 restaurare
819 5020 1017 5089 oppida
1056 5017 1321 5095 Romanae
1376 5020 1605 5075 ditionis
1651 5021 1927 5076 incursio-

338 5110 505 5169 nibUS
537 5102 843 5167 deformata
873 5112 1166 5166 hostilibus
1196 5110 1383 5180 jussit,
1410 5111 1531 5182 ipse
1572 5112 1792 5167 interim
1829 5104 1927 5183 Op-

336 5206 581 5277 periens,
610 5213 672 5258 nt
699 5205 904 5259 dictum
942 5214 1046 5268 est,
1096 5202 1349 5257 eﬂectum
1406 5204 1803 5271 promissorum
1842 5220 1925 5258 re-

336 5300 486 5370 ginae
512 5298 704 5363 Annae,
735 5308 791 5352 et
823 5298 984 5352 simul
1018 5296 1106 5351 illa
1134 5296 1185 5350 in
1217 5311 1349 5351 suos
1372 5295 1598 5365 laqueos
1644 5297 1920 5350 incautum

332 5391 613 5445 induisset
640 5389 960 5447 Michaelem
1002 5389 1158 5444 leviri
1201 5389 1286 5443 sui
1318 5388 1510 5452 filium,
1543 5388 1763 5457 sibique
1801 5388 1923 5457 jux-

335 5495 391 5537 ta
420 5484 674 5539 condicta
711 5482 1053 5545 tradidisset,
1079 5490 1432 5553 correpturus
1472 5486 1697 5550 tutoque
1720 5481 1923 5549 produ-

332 5589 533 5631 cturus
557 5578 621 5629 ad
671 5576 1013 5643 Angustum.
1059 5573 1184 5628 Hzec
1218 5573 1420 5643 quippe
1454 5584 1579 5626 vera
1610 5580 1727 5625 erat
1755 5585 1921 5624 morat

333 5682 527 5729 causa,
562 5667 651 5721 cui
685 5667 933 5737 speciose
965 5665 1364 5721 obtendebatur
1390 5676 1550 5732 quam
1571 5663 1683 5717 dixi
1721 5664 1921 5718 labefa-

331 5767 616 5815 uatorum
645 5759 852 5828 injuria
878 5760 963 5815 vel
1002 5760 1262 5830 temporis
1295 5758 1376 5813 vel
1401 5757 1526 5814 belli
1552 5758 1813 5811 numinum
1840 5770 1921 5811 rc-

336 5854 583 5924 paratio;
617 5854 777 5924 cujus
812 5853 1045 5927 primum
1102 5852 1380 5923 specimen
1432 5850 1535 5908 fuit
1579 5860 1814 5922 quatuor
1864 5860 1916 5905 et

1994 4658 2001 4662 ’
2031 4652 2275 4706 fallendo
2300 4649 2743 4706 efficacissimam
2779 4650 2984 4719 reperit
3024 4649 3351 4707 machinam.
3378 4650 3590 4719 specio-

2029 4759 2151 4799 sum
2190 4752 2475 4799 ostentata
2513 4741 2795 4796 affinitatis
2828 4756 3049 4795 nomen.
3104 4738 3205 4795 Ubi
3260 4739 3403 4793 enim
3463 4756 3589 4807 pro-

2027 4838 2169 4893 mitti
2220 4837 2323 4891 sibi
2376 4835 2604 4891 Michael
2659 4834 2868 4889 audivit
2904 4834 3127 4903 nuptias
3164 4834 3324 4903 regia
3360 4833 3601 4901 virginis

2026 4928 2324 4997 Nicephori
2370 4925 2614 4995 despotae
2658 4936 2713 4980 et
2752 4926 2921 4980 Anna:
2956 4926 3159 4995 regina:
3192 4924 3337 4987 filiae,
3376 4932 3429 4977 et
3475 4931 3587 4978 tam

2027 5019 2297 5087 splendidi
2347 5019 2698 5089 sponsionem
2756 5017 3094 5072 matrimonii
3148 5018 3434 5085 utriusque
3483 5017 3595 5072 sibi-

2027 5112 2219 5181 pnella:
2274 5112 2513 5181 parentis
2564 5109 2893 5180 juramentis
2946 5110 3306 5165 sanctissimis
3355 5109 3593 5173 ﬁrmari,

2027 5202 2191 5259 facile"
2217 5218 2277 5256 se
2304 5210 2647 5272 speratarum
2680 5214 2999 5256 socerorum
3030 5202 3282 5271 potestati
3315 5199 3591 5267 permisit,

2025 5294 2351 5362 imprudens
2392 5294 2484 5363 qui
2531 5308 2635 5347 non
2662 5292 3012 5359 ‘reputaverit
3040 5305 3206 5360 quam
3233 5299 3377 5344 esset
3409 5291 3588 5343 incre-

2026 5385 2190 5439 dibile
2245 5384 2381 5439 velle
2438 5396 2623 5437 revera
2674 5382 2934 5451 despotas
2979 5382 3252 5436 collocare
3290 5380 3593 5451 legitimam

2025 5476 2294 5531 hzeredetn
2344 5478 2501 5531 nothi
2547 5476 2677 5541 filio,
2738 5491 2839 5531 nec
2872 5476 3048 5531 vereri
3083 5474 3354 5531 maculare
3386 5474 3590 5527 avitam

2023 5569 2362 5624 nobilitatem
2410 5568 2737 5623 admistione
2777 5566 2949 5636 spurii
2977 5567 3194 5637 generis
3224 5567 3235 5619 ι
3271 5565 3465 5619 Verum
3496 5563 3587 5634 ju-

2023 5660 2175 5713 venis
2235 5659 2533 5714 ambitione
2585 5674 2827 5729 praeceps
2877 5674 2943 5713 ne
2990 5657 3307 5728 suspicione
3362 5655 3583 5725 quidem

2020 5754 2195 5823 prima
2240 5761 2400 5809 tenus
2446 5763 2554 5807 tam
2592 5753 2797 5822 justum
2830 5752 3130 5809 admittens
3177 5760 3403 5817 metu-.n,
3443 5762 3587 5804 cmca

2022 5850 2218 5903 fiducia
2269 5850 2321 5904 in
2376 5849 2600 5920 laqueos
2654 5865 2713 5906 se
2767 5848 2963 5904 induit.
3014 5847 3157 5904 Dans
3201 5847 3401 5917 quippe
3444 5857 3500 5899 se
3532 5843 3591 5897 in
