4058 6282
406 415 510 483 103

1614 418 1935 481 GEORGII
1973 416 2456 481 PACHYMERAZ

3541 414 3641 480 10⁸-

399 528 800 602 προερχόμενον
855 527 919 581 ὲκ
966 526 1177 599 Πατρδς
1234 525 1301 579 δι’
1336 526 1488 591 Υίοῦ,
1546 528 1661 581 ἔστι
1694 528 1740 581 δ’
1775 520 1834 581 οῦ
1868 528 1961 581 καὶ
1990 532 2037 587 Α
2065 526 2249 595 ἆγιον;
2279 530 2390 599 οὐχ
2414 528 2727 581 ὑπονοεῖται
2762 526 2985 597 Τριθεῖα
3037 524 3096 578 τὸ
3120 523 3529 594 συνσγόμενον;
3564 519 3645 578 οὐ

398 622 531 691 παρ’
560 621 721 684 ἐνίοις
771 620 879 674 τῶν
918 621 1177 690 Πατέρων
1233 620 1688 690 ἐκπορευόμενον.
1718 622 1880 688 Λέγει
1910 620 1967 673 δὲ

398 713 494 767 καὶ
521 715 549 766 ὁ
581 712 751 781 μέγας
772 713 1126 785 Δαμασκηνὸς
1174 712 1429 782 Ἰωάννης
1470 732 1489 765 ι
1528 714 1621 765 καὶ
1670 710 1969 785 προὸολεὺς

396 804 485 859 διὰ
514 805 686 872 Λόγου
716 783 1108 874 ὲκφαντοριέοῦ
1137 804 1471 874 Πνεύματος.
1515 823 1533 857 ι
1572 784 1781 859 Ταυτδν
1818 804 1876 857 δὲ
1910 805 1970 858 τὸ

396 897 731 965 προσολεὺς
757 896 831 966 τῷ
857 896 1014 966 αἰτίῳ
1052 896 1414 965 γινώσκομεν.
1448 896 1630 951 Αἴτιον
1651 896 1745 950 οὖν
1764 896 1829 948 οὗ
1862 913 1968 964 φα-

392 1008 503 1059 μεν
530 990 618 1041 τὸν
642 990 773 1043 Υίὺν
801 990 895 1043 ἐπὶ
922 993 988 1059 τῇ
1024 992 1087 1042 ὲκ
1117 991 1334 1056 [ἰατρὸς
1380 990 1593 1060 προόδῳ
1616 988 1717 1061 -[Ρ.
1749 989 1841 1063 58]
1874 988 1969 1043 τοῦ

399 1084 737 1155 Πνεῦματος,
775 1081 897 1135 οὔτε
938 1082 1043 1153 μὴν
1078 1077 1368 1145 συναίτιον,
1400 1080 1536 1133 ἀλλὰ
1561 1082 1652 1133 καὶ
1688 1080 1970 1148 ἀναθεμα-

369 1176 620 1242 ’τίξομεν
655 1177 745 1228 καὶ
776 1174 1196 1243 ἀποὸαλλόμεθα
1218 1176 1313 1226 τὸν
1341 1172 1485 1226 οὕτω
1508 1173 1754 1242 λέγοντα.
1783 1172 1885 1225 Τὸν
1912 1172 1969 1225 δὲ

399 1269 621 1339 Πατέρα
686 1266 857 1320 αἴτιον
894 1266 963 1319 δι’
1007 1266 1138 1319 Υίοῦ
1190 1266 1283 1318 τοῦ
1340 1265 1658 1335 Πνεῦματος
1716 1265 1967 1333 λέγομεν,

398 1358 629 1424 ἐπείπερ
664 1355 724 1410 τὸ
780 1356 1075 1425 προῦολεὺς
1126 1356 1205 1419 είς
1258 1355 1429 1407 αἴτιον
1480 1353 1908 1423 ὲκλαμὸἀνεται.
1944 1371 1963 1404 ι

402 1469 421 1501 ι
458 1452 563 1505 Καὶ
590 1449 728 1511 πῶς,
753 1442 798 1502 ὦ
821 1443 986 1512 οὗτοι,
1023 1465 1041 1498 ι
1080 1449 1247 1516 φησὶν
1270 1449 1295 1498 ὁ
1318 1447 1490 1512 μέγας
1511 1443 1822 1514 λογοθέτης,
1862 1462 1881 1497 ι
1908 1445 1968 1498 οὑ

398 1545 603 1596 ποιεῖτε
627 1542 801 1593 αἴτιον
828 1541 916 1592 τὸν
945 1539 1074 1592 Υίὸν
1107 1542 1198 1590 ex».
1227 1542 1290 1607 τῇ
1321 1541 1385 1589 ὲκ
1406 1538 1616 1607 Πατρδς
1636 1537 1848 1608 προόδῳ
1874 1536 1969 1589 τοῦ

398 1634 734 1703 Πνεῦματος,
772 1632 1003 1703 ἐπείπερ
1030 1633 1117 1686 διὰ
1149 1631 1309 1698 λόγου
1339 1620 1512 1683 αἴτιον
1538 1630 1852 1699 ὁμολογεῖτε
1881 1629 1971 1683 τὸν

399 1729 620 1797 Πατέρα
648 1726 741 1779 τοῦ
771 1726 1117 1792 ῐΙνεύματοςς
1154 1725 1409 1776 Δείκνυτε
1440 1724 1547 1791 γὰρ
1583 1717 1734 1785 ἐξῶν
1760 1721 1968 1790 λέγετε,

398 1818 473 1880 ὡς
508 1818 611 1871 οὐκ
645 1816 708 1870 ἂν
736 1819 762 1870 ὁ
798 1815 985 1883 Πατὴρ
1045 1813 1318 1885 προῦϐαλε
1370 1814 1617 1883 Πνεῦμα,
1647 1816 1694 1866 εἰ
1749 1813 1822 1883 μὴ
1844 1813 1970 1865 Υἱὸν

650 1869 723 1962 Τὸ
748 1869 797 1959 θ’
822 1869 969 1961 ἐστὶν
1002 1869 1402 1975 ἐμιραινὸμενον
1448 1869 1643 1959 αίίιον.
1682 1924 1701 1957 ι
1745 1869 1884 1967 ἔίὀῦς
1914 1905 1972 1959 δὲ
2004 1869 2045 1922 Β

400 2000 654 2062 θέλοντας
702 1999 992 2067 ἐκφεύγειν
1041 1998 1099 2051 rb
1135 1998 1533 2069 ὑπονοούμενον
1573 1998 1775 2052 ἄτοπον
1806 2001 1971 2066 φάναι

402 2092 480 2153 ὼς
510 2091 681 2144 πολλὰ
711 2092 803 2144 ἐπὶ
828 2091 929 2159 τῆς
957 2089 1231 2158 θεολογίας
1261 2090 1509 2157 λέγονται
1528 2089 1562 2144 ἃ
1585 2091 1648 2159 δὴ
1687 2090 1867 2161 μικρῷ
1902 2089 1976 2160 τῷ

405 2181 549 2252 λόγῳ
596 2182 669 2235 τὰ
718 2182 927 2253 μεγάλα
986 2181 1354 2251 σταθμώμενα
1394 2182 1723 2251 ἐμφαίνουσι
1754 2200 1807 2235 τι
1858 2187 1976 2250 ταῖς

404 2275 752 2345 χαμερπέσιν
775 2274 1006 2337 ἐννοίαις
1032 2276 1127 2327 καὶ
1153 2276 1354 2328 ἄτοπον
1382 2274 1519 2337 ὅλως
1542 2276 1636 2329 καὶ
1662 2274 1736 2347 μὴ
1769 2276 1977 2345 πρέπον

404 2367 548 2435 Θεῷ.
584 2385 604 2419 ι
645 2367 719 2419 Οὐ
750 2366 999 2434 λέγομεν,
1030 2367 1249 2428 Τέλειος
1295 2366 1425 2430 Θεὸς
1452 2368 1480 2420 ὁ
1502 2367 1714 2437 Πατὴρ,
1744 2370 1861 2432 καὶ,
1880 2366 1980 2422 Τέ-

404 2460 547 2524 λειος
571 2459 703 2524 Θεὸς
737 2462 764 2513 ὁ
797 2460 948 2525 Υίδς,
982 2461 1097 2526 καὶ,
1134 2458 1353 2523 Τέλειος
1387 2459 1521 2523 Θεὸς
1558 2460 1618 2514 τὸ
1646 2461 1873 2532 Πνεῦμα
1919 2461 1980 2515 rb

402 2642 786 2712 productorem
826 2656 921 2709 per
970 2639 1205 2694 Verbum
1255 2640 1605 2694 enuntiatorii
1632 2636 1884 2709 Spiritus.
1923 2638 1979 2695 ln

402 2749 540 2789 voce
589 2742 770 2787 autem
810 2732 1143 2802 productoris
1188 2730 1441 2800 principii
1488 2730 1652 2786 activi
1702 2733 1979 2787 notionem

407 2824 779 2894 agnoscimus.
814 2822 1048 2876 Causam
1078 2821 1249 2892 igitur
1282 2835 1391 2875 non
1417 2820 1653 2876 dicimus
1699 2822 1897 2877 Filium
1928 2823 1981 2878 in

404 2933 503 2975 sua
537 2934 604 2973 ex
639 2916 800 2971 Patre
838 2917 1187 2985 processione
1214 2913 1385 2969 sancti
1419 2913 1682 2983 Spiritus,
1714 2930 1778 2971 ac
1808 2932 1985 2987 neque

403 3024 735 3069 concausam
764 3025 777 3061 :
811 3009 939 3079 quin
977 3015 1031 3061 et
1061 3006 1587 3063 anathematizamus
1633 3008 1986 3077 etrejicimus

404 3103 486 3158 sic
511 3104 819 3171 loquentem
844 3118 859 3161 ς
886 3100 979 3155 sed
1008 3099 1218 3153 Patrem
1237 3113 1457 3155 causam
1480 3116 1575 3167 per
1591 3099 1788 3153 Filium
1810 3101 1985 3162 sancti

2071 620 2322 693 λέγομεν,
2361 622 2689 691 Ἐγέννησεν
2718 621 2745 673 ὁ
2781 618 2967 691 Πατὴρ
2994 619 3084 673 τὸν
3115 618 3281 682 Υίόνς
3333 617 3446 671 Οὐκ
3468 617 3639 685 ἁναζῇ

2073 714 2312 783 Ἄρειος,
2338 712 2535 767 ἐννοῶν
2559 711 2726 782 ριπὴν
2756 712 2852 763 καὶ
2884 709 3088 778 ἄτομον
3125 708 3321 779 χρόνου
3352 707 3517 774 μέσον
3543 702 3640 760 τοῦ

2069 803 2364 874 γεννῶντος
2395 804 2490 857 καὶ
2521 802 2617 856 τοῦ
2657 802 3024 881 γεννῳμένου;
3049 800 3210 856 Ἀλλὰ
3239 800 3298 853 rb
3322 798 3641 869 βλάσφημον

2072 897 2480 965 ἀποφεύγομεν,
2514 894 2785 964 ίστάμεθα
2812 894 2868 949 δι
2904 893 2999 949 καὶ
3036 893 3182 961 ὅροις
3211 892 3309 961 τῆς
3332 890 3641 955 εὐσεϐείας,

2071 990 2166 1042 καὶ
2189 988 2249 1041 rb
2277 988 2384 1041 τῶν
2419 987 2655 1057 Γραφῶν
2682 984 3073 1057 ὁμολογοῦντες
3115 984 3212 1038 καὶ
3237 983 3297 1037 rb
3330 985 3645 1051 κακεμφαϊ-

2071 1098 2160 1133 νον
2188 1080 2248 1133 οὐ
2302 1079 2759 1151 παραδεχόμενοι.
2811 1096 2831 1131 ι
2883 1076 3168 1131 Ἐντεῦθεν
3216 1076 3244 1128 ὁ
3288 1074 3643 1143 Μοσκάμπαρ
3672 1116 3683 1124 .

2070 1173 2363 1245 Γεώργιος.
2403 1174 2751 1245 χαρτοφύλαξ
2784 1171 2859 1226 ὢν
2890 1171 2988 1241 τῆς
3024 1168 3352 1239 Ἐκκλησίας
3381 1167 3526 1236 τότε,
3561 1166 3649 1221 νό-

2073 1267 2167 1321 θον
2188 1257 2343 1333 ἔλεγε
2382 1267 2441 1319 rb
2474 1267 2658 1334 ῥητόν.
2729 1264 2889 1318 Ἀλλὰ
2936 1263 3031 1316 καὶ
3065 1261 3203 1332 πρὸς
3232 1258 3443 1313 αὑτδνὸ
3471 1258 3647 1326 μέγας

2071 1356 2385 1427 λογοθέτης,
2446 1356 2577 1425 ἄγχι
2629 1359 2773 1424 σχὼν
2831 1353 3095 1424 κεφαλὴν,
3150 1352 3237 1404 tvo.
3273 1350 3350 1421 μὴ
3384 1348 3650 1403 πυθοίατο

2071 1449 2243 1515 ἄλλοι,
2270 1468 2289 1501 ι
2323 1452 2429 1502 Καὶ
2459 1448 2593 1511 πῶς.
2620 1442 2663 1501 ὧ
2685 1443 2858 1509 οὗτος,
2890 1465 2910 1499 ι
2937 1444 3120 1515 φησὶν,
3152 1463 3171 1495 ι
3210 1441 3442 1514 ἰσχυρῶς
3466 1442 3647 1510 λέγειν

2070 1543 2297 1612 δόξομεν
2353 1540 2528 1602 οὕτως
2585 1538 3051 1609 ἁπολογούμινοις
3102 1537 3258 1590 Ἐπεὶ
3286 1537 3344 1588 ὲν
3375 1538 3440 1607 τῇ
3479 1534 3646 1604 βίϐλῳ

2071 1637 2168 1703 τῆτ
2187 1635 2339 1703 legi;
2379 1632 2729 1702 Ὀπλοθήκης
2762 1630 2907 1684 κατὰ
2933 1630 3083 1702 ῥῆμα
3105 1631 3276 1683 κεῖται
3305 1627 3366 1681 rb
3389 1628 3550 1698 ῥητὸν
3570 1626 3649 1689 ὡς

2071 1727 2229 1793 ἁγίου
2269 1726 2430 1797 ῥητὸν
2461 1726 2556 1779 καὶ
2605 1723 2700 1777 τοῦ
2733 1723 2970 1793 μεγάλου
3000 1719 3389 1791 Δαμασκηνοῦ.
3421 1738 3439 1772 ι
3482 1718 3647 1799 Ἀλλὰ

2072 1819 2283 1890 τρανῶς
2308 1817 2442 1888 πρὸς
2470 1819 2594 1879 τοὺς
2627 1814 3007 1882 ἀντιλέγοντας
3037 1813 3221 1879 ἔλεγεν
3254 1810 3328 1874 ὡς
3366 1829 3385 1861 ι
3408 1810 3646 1881 Δέχομαι

2080 1912 2180 1981 μὲν
2213 1910 2272 1963 rb
2301 1911 2464 1979 ῥητὸν
2515 1909 2671 1976 ἁγίου
2721 1903 2884 1969 εἶναι,
2921 1906 3062 1972 πλὴν
3106 1906 3203 1974 οὐχ
3233 1904 3549 1975 ὁμολογήσω
3586 1902 3649 1955 τὸ

2078 2003 2301 2073 Πνεῦμα
2336 2002 2425 2057 διὰ
2476 2002 2650 2070 Λόγον
2707 2017 2765 2052 τε
2804 2000 2897 2052 καὶ
2948 1999 3080 2052 Υίοῦ
3108 1998 3205 2068 τὴν
3229 1997 3409 2050 αἰτίαν
3463 1998 3524 2049 ἐκ
3550 1993 3645 2046 τοῦ

2081 2099 2312 2166 Πατρός.
2339 2095 2494 2149 Οὕτω
2544 2095 2654 2163 γὰρ
2674 2086 2768 2147 καὶ
2808 2090 3267 2161 παραϐολώτερον
3298 2090 3507 2159 εἴποιμι
3540 2086 3649 2140 τῶν

2080 2191 2142 2242 ἐκ
2170 2185 2381 2258 Πατρδς
2414 2187 2510 2238 καὶ
2544 2184 2675 2239 Υίοῦ
2726 2183 2991 2250 λεγόντων
3020 2183 3079 2236 rb
3114 2182 3342 2252 Πνεῦμα
3380 2182 3439 2233 τὸ
3494 2180 3650 2246 ἅγιον

2078 2280 2497 2352 ἐκπορεύεσθαι,
2533 2279 2664 2347 παρ’
2696 2278 2819 2331 ὅσον
2844 2278 2959 2331 Emi
2995 2276 3094 2347 μὲν
3123 2276 3224 2344 τῆς
3257 2276 3429 2345 αὐτῆς
3455 2273 3654 2343 προθέ-

2082 2391 2219 2435 σεως
2250 2357 2339 2424 si?
2373 2371 2496 2440 ἴσης
2528 2369 2787 2438 κειμένης
2816 2369 2911 2422 καί
2940 2371 3050 2430 τοῖς
3080 2370 3228 2433 δυσὶ,
3252 2366 3355 2420 κᾶν
3387 2365 3527 2418 κατὰ
3550 2366 3650 2431 τὴν

2085 2465 2356 2535 ἰσοτιμίαν
2407 2462 2493 2536 [Ρ.
2532 2461 2625 2535 59]
2678 2462 2787 2515 τῶν
2840 2462 3215 2523 ὑποστάσεων,
3238 2462 3298 2513 rb
3321 2461 3514 2523 ταυτὸν
3540 2455 3651 2511 τῶν

2083 2646 2259 2717 sequi,
2284 2645 2634 2715 repudiamus
2660 2656 2724 2697 ac
2764 2641 3097 2711 repellimus.
3129 2658 3149 2692 ι
3186 2636 3285 2694 Hic
3315 2637 3654 2707 Moscampar

2083 2737 2374 2805 Georgius,
2401 2734 2493 2803 qui
2523 2743 2653 2788 tunc
2669 2742 2786 2787 erat
2807 2731 3066 2787 Ecclesiae
3082 2728 3493 2801 chartopbylax,
3526 2745 3660 2798 spu-

2086 2831 2225 2885 rium
2251 2838 2305 2883 et
2336 2826 2746 2898 supposititium
2776 2840 2899 2879 esse
2932 2823 3221 2881 affirmavit
3258 2823 3399 2879 istud
3428 2823 3661 2877 attribu-

2090 2933 2201 2976 tum
2238 2920 2595 2977 Damascenio
2633 2918 3031 2973 testimonium.
3060 2916 3259 2971 Verum
3290 2917 3357 2969 ad
3391 2916 3512 2985 ejus
3555 2929 3662 2969 au-

2088 3030 2200 3068 rem
2266 3014 2443 3082 capite
2498 3013 2746 3081 proxime
2818 3012 3063 3074 admoto,
3115 3024 3183 3063 ne
3232 3006 3322 3062 alii
3369 3007 3660 3071 audirent.

2095 3119 2327 3172 magnus
2357 3104 2635 3173 logotheta
2665 3102 3033 3156 insusurravit
3058 3117 3073 3154 :
3094 3120 3115 3154 ι
3140 3097 3200 3153 Et
3223 3098 3517 3167 quomodo,
3542 3098 3662 3151 »ἰη-

404 3198 641 3267 Spiritus
669 3194 1382 3263 dicimus,quandoquidem
1406 3194 1671 3247 vocabulo
1692 3195 1989 3263 προσυλεύς
2019 3204 2059 3259 c
2095 3198 2311 3267 quiens,
2346 3213 2365 3248 ι
2412 3193 2657 3265 proferre
2692 3194 2757 3247 ad
2788 3192 3147 3248 evineendum
3181 3190 3416 3247 ellicacia
3447 3190 3628 3246 videbi

407 3288 704 3360 productor
752 3284 1002 3356 principii
1041 3276 1200 3338 activi
1234 3284 1570 3351 signiﬁcatus
1603 3283 1810 3338 subest.
1856 3303 1875 3336 ι
1919 3315 1984 3325 -

414 3398 432 3432 ι
479 3377 547 3434 Et.
569 3378 863 3450 quomodo.
900 3379 1033 3431 heus
1053 3392 1169 3440 vos,
1199 3392 1306 3431 non
1337 3374 1516 3431 facitis
1547 3376 1742 3430 Filium
1776 3376 1828 3431 in
1860 3393 1987 3447 pro.

408 3472 660 3526 cessinne
692 3485 758 3525 ex
791 3469 950 3525 Patre
984 3484 1207 3523 causam
1242 3468 1418 3523 sancti
1454 3468 1718 3538 Spiritus.
1744 3472 1992 3536 quando-

406 3563 624 3631 quidem
650 3576 747 3632 per
770 3561 1007 3617 Verbum
1028 3576 1245 3616 causam
1269 3562 1385 3630 ejus
1404 3561 1730 3630 proﬁtemini
1754 3559 1991 3616 Patreml

405 3650 705 3707 Ostenditis
734 3652 877 3706 enim
909 3667 972 3705 ex
1025 3652 1108 3706 bis
1152 3668 1272 3722 quae
1315 3652 1526 3713 dicitis,
1556 3651 1986 3721 haudquaquam

408 3742 651 3799 futurum
689 3742 857 3797 fuisse
887 3753 944 3797 ut
979 3744 1139 3798 Pater
1192 3745 1514 3812 produceret
1568 3742 1830 3815 Spiritum
1869 3760 1996 3798 san-

408 3845 581 3904 ctum,
606 3835 710 3891 nisi
740 3847 1021 3905 generaret
1054 3835 1274 3901 Filium,
1307 3853 1371 3891 ex
1403 3853 1513 3906 quo
1549 3846 1772 3907 apparet
1807 3854 1991 3891 veram

406 3940 591 3980 causa
620 3925 1004 3994 PfOpl‘lt'ltllClll
1034 3924 1171 3979 Filio
1198 3925 1491 3980 convenire
1515 3937 1767 3994 respectu
1808 3924 1995 3991 Spiri-

412 4028 525 4075 tus.
566 4038 584 4071 ι
637 4017 715 4072 Ad
750 4032 812 4072 ea
862 4017 936 4068 illi
963 4016 1164 4069 vitandi
1187 4017 1421 4070 'absurdi
1457 4016 1600 4084 quod
1657 4016 1995 4070 inferebatur

412 4112 555 4167 hanc
589 4109 852 4165 rationem
886 4110 1073 4162 iniure.
1120 4108 1385 4162 Dixerunt
1418 4110 1585 4162 multa
1632 4123 1754 4162 esse
1788 4107 1895 4177 92
1942 4109 1994 4162 in

422 4213 534 4257 tota
566 4201 931 4273 explicatione
964 4200 1159 4255 divina:
1189 4200 1494 4262 Trinitatis,
1525 4216 1642 4269 quae
1666 4202 1708 4255 si
1734 4201 1858 4268 quis
1887 4215 2002 4256 nie-

412 4298 581 4351 tiatur
612 4302 841 4362 angusto
888 4292 1108 4346 modulo
1165 4292 1391 4345 rationis
1418 4292 1683 4347 naturalis
1713 4301 1768 4347 et
1815 4293 1879 4345 ad
1924 4292 1995 4345 li-

414 4389 567 4442 bram
596 4384 894 4450 exiguitate
923 4397 1023 4437 sua
1049 4393 1156 4436 tam
1193 4383 1406 4454 magnis
1428 4382 1592 4437 rebus
1624 4384 1999 4453 ponderandis

414 4480 675 4549 imparem
699 4476 998 4539 examinet,
1012 4474 1199 4545 utique
1215 4482 1538 4543 apparenter
1556 4474 1792 4528 inferant
1811 4474 1998 4541 absur,

2092 3305 2238 3349 mur.
2264 3300 2369 3341 tam
2404 3288 2619 3342 intirnia
2675 3284 2989 3341 defensione
3039 3282 3291 3339 utentes?
3319 3280 3666 3356 quandoqui-

2090 3379 2212 3434 dem
2242 3381 2346 3433 ho'c
2371 3379 2573 3432 dictum
2607 3394 2635 3429 a
2668 3390 2717 3431 te
2747 3378 3009 3446 t'ejccwm
3055 3384 3116 3431 ut
3148 3376 3543 3449 apocryphum.
3577 3375 3663 3430 di-

2090 3478 2236 3525 serte
2268 3484 2331 3523 ac
2361 3468 2584 3538 syllabis
2624 3467 2847 3520 totidem
2879 3473 3056 3523 exstat
3092 3465 3147 3519 in
3177 3480 3333 3523 sacra
3368 3464 3665 3534 Hoplotbc-

2091 3578 2177 3626 ea,
2211 3563 2374 3624 libro,
2403 3570 2461 3616 ut
2497 3562 2628 3621 scis,
2654 3558 2997 3615 auctoritatis
3015 3558 3506 3627 omniexceptione
3545 3573 3666 3613 ma-

2088 3654 2246 3725 joris,
2282 3654 2539 3723 adjuncto
2568 3653 2735 3707 etiam
2783 3652 2930 3706 clare
2980 3650 3200 3706 nomine
3252 3644 3667 3721 magni‘Dama.

2092 3747 2264 3810 sceni,
2291 3746 2411 3815 ejus
2441 3744 2706 3799 auctoris.
2738 3762 2755 3794 ι
2788 3742 3003 3810 Quibus
3054 3743 3323 3798 submisse
3347 3744 3669 3798 immurmu-

2097 3840 2256 3902 ratis,
2318 3838 2529 3894 sublata
2576 3836 2688 3906 jam
2745 3851 2878 3891 voce
2928 3834 3344 3905 archidiaconus
3395 3835 3665 3905 logotheta

2100 3931 2322 3987 intuens
2360 3948 2373 3984 :
2404 3949 2421 3984 ι
2448 3930 2714 3997 Admitto,
2735 3930 2831 3995 ait,
2858 3928 3253 3993 testimonium,
3272 3936 3326 3984 et
3348 3929 3521 3983 sancti
3543 3943 3667 3983 esse

2094 4038 2219 4079 vere
2245 4022 2571 4077 Damasccni
2612 4035 2851 4091 agnosco
2882 4039 2897 4076 :
2928 4030 3184 4075 caeterum
3215 4035 3323 4077 non
3378 4020 3663 4076 assentiar

2098 4117 2358 4185 Spiritum
2393 4131 2487 4185 per
2519 4113 2759 4169 Verbum
2792 4124 2842 4169 et
2876 4113 3075 4170 Filium
3113 4112 3377 4183 originem
3409 4128 3474 4167 ex
3509 4110 3671 4167 Patre

2096 4212 2334 4263 trahere:
2366 4208 2447 4263 sic
2480 4207 2623 4263 enim
2654 4207 2842 4261 dicens
2891 4206 3155 4261 audacius
3196 4206 3450 4275 loquerer
3502 4220 3665 4275 quam

2098 4299 2134 4352 ii
2160 4299 2253 4368 qui
2289 4298 2560 4352 aﬂlrmant
2589 4311 2657 4352 ex
2686 4296 2850 4352 Patre
2898 4304 2954 4352 et
3003 4290 3156 4360 Filio,
3184 4306 3439 4351 sanctum
3466 4296 3467 4299 “
3498 4295 3671 4363 Spiri-

2103 4402 2213 4445 tum
2262 4389 2577 4460 procedere,
2608 4388 2868 4459 quouiam
2918 4390 2973 4443 in
3005 4389 3110 4445 hoc
3140 4380 3487 4444 Latinorum
3521 4388 3668 4443 dicto

2102 4483 2210 4553 93
2238 4482 2552 4537 communia
2594 4478 2999 4551 praepositionis
3027 4495 3093 4534 ea:
3143 4469 3349 4551 pariter
3396 4480 3665 4550 adaptatie

414 4573 546 4625 dum
567 4579 623 4624 et
656 4566 824 4623 Deum
849 4566 1118 4620 dedecens
1158 4566 1432 4633 quidpiam
1462 4583 1478 4619 ι
1518 4584 1536 4616 ι
1579 4563 1659 4619 An
1700 4580 1808 4619 non
1842 4565 1986 4620 enim
2031 4566 2072 4622 D
2103 4570 2247 4625 Patri
2277 4564 2527 4639 Filioque
2564 4569 2631 4623 ad
2657 4568 3021 4638 aqualitatem
3051 4569 3408 4638 bypostasum
3443 4569 3582 4623 inter
3609 4583 3671 4623 se

414 4661 645 4729 exempli
676 4658 851 4730 gratia
883 4658 1116 4711 dicimus
1153 4673 1167 4710 :
1210 4656 1370 4710 Pater
1402 4664 1485 4711 est
1522 4654 1792 4724 perfectus
1832 4654 1995 4715 Deus,

419 4752 592 4808 Filius
614 4753 740 4806 item
762 4749 1034 4819 perfectus
1076 4745 1492 4814 Deus,Spiritus
1535 4762 1751 4815 quoque
1777 4756 2000 4800 sanctus

420 4855 475 4898 et
499 4844 615 4913 ipse
630 4841 902 4912 perfectus
925 4840 1064 4893 Deus
1085 4839 1107 4891 ?
1127 4838 1275 4897 Unde
1303 4838 1424 4906 quis
1444 4852 1551 4893 nou
1582 4839 1723 4892 videt.
1744 4851 2001 4907 apparere

421 4930 765 4987 inferendam
808 4929 1326 4996 admittendamque,
1366 4943 1528 4997 quam
1578 4937 1758 4981 tamen
1794 4929 2005 4995 respui.

423 5040 567 5087 nius,
584 5024 808 5078 deorum
829 5004 1145 5075 Trinitatem
1166 5022 1185 5073 ἲ
1206 5019 1598 5074 Similitercum
1621 5021 1853 5075 dicimus
1874 5036 1885 5073 :
1903 5017 2004 5073 Ge-

420 5118 541 5173 nuit
573 5116 733 5171 Pater
766 5114 983 5177 Filium,
1017 5129 1195 5167 nonne
1222 5114 1467 5167 videmur
1498 5114 1624 5165 dare
1654 5112 1781 5165 Ario
1814 5126 2000 5167 ansam

424 5210 730 5265 adii-mandi
757 5206 1137 5262 intercessisse
1156 5214 1488 5259 momentum
1511 5204 1725 5273 aliquod
1755 5214 1848 5256 aut
1866 5220 2003 5273 pun-

419 5316 566 5359 ctum
590 5302 849 5371 tomporis
865 5300 1100 5353 medium
1134 5298 1275 5352 inter
1292 5306 1635 5367 generantem
1654 5305 1707 5350 et
1724 5296 2006 5366 genitum?

419 5400 619 5456 Verum
654 5397 757 5451 hoc
794 5407 1050 5463 tanquam
1079 5392 1457 5461 blasphemum
1510 5407 1851 5456 aversantur,
1879 5406 2003 5446 cum

422 5486 554 5540 illud
588 5484 732 5538 unde
774 5484 829 5537 in
866 5484 1097 5553 speciem
1128 5481 1499 5551 consequitur,
1530 5486 1786 5551 tanquam
1811 5482 2004 5536 ortho-

424 5578 626 5632 doxum
652 5586 957 5649 teneamus.
975 5572 1065 5628 Sic
1086 5573 1253 5643 igitur
1280 5572 1331 5625 in
1357 5574 1607 5642 praesenti
1632 5588 1845 5643 quoque
1875 5590 2007 5627 eon-

423 5669 690 5723 troversia
722 5668 974 5731 facimus,
1009 5676 1215 5722 stantes
1252 5666 1390 5718 intra
1422 5667 1684 5720 terminos
1708 5666 2004 5746 religionis.

420 5772 469 5815 et
495 5762 806 5830 proﬁtentes
823 5762 1039 5829 quidem
1064 5759 1209 5831 quod
1231 5760 1430 5814 diserte
1450 5756 1663 5825 scriptis
1677 5758 2007 5813 authenticis

418 5870 738 5920 expressum
768 5854 1080 5910 cernimus:
1112 5852 1255 5924 quod
1281 5867 1347 5905 ex
1383 5850 1446 5904 iis
1478 5850 1689 5905 videtur
1707 5850 2003 5906 absurdum

2102 4663 2451 4716 astruendam
2483 4659 2657 4729 magis
2678 4662 2981 4728 quadrans,
3014 4660 3258 4714 audaciae
3288 4658 3546 4715 invidiam
3567 4658 3669 4714 nisi

2102 4754 2263 4821 plane
2307 4752 2487 4813 diluit.
2523 4750 2770 4804 emollire
2823 4758 2973 4804 certe
3025 4750 3318 4818 plurimum
3372 4759 3582 4819 potest;
3611 4752 3651 4807 lt

2103 4846 2207 4899 alia
2239 4858 2368 4898 vero
2411 4843 2684 4898 sententia
2715 4842 2843 4896 dum
2894 4840 3131 4908 Spiritus
3157 4856 3220 4894 ex
3257 4841 3419 4897 Patre
3453 4860 3544 4912 per
3573 4840 3668 4899 ιη-

2104 4936 2235 4989 lium
2275 4935 2542 4989 asseritur
2576 4934 2893 5002 procedere,
2936 4932 3024 4987 illa
3061 4933 3356 4989 diversitas
3413 4934 3673 5004 praeposi-

2105 5026 2312 5079 tionum
2338 5024 2481 5078 Patri
2514 5022 2763 5091 Filioque
2795 5025 3333 5078 accommodatarum
3362 5025 3666 5094 emphasim

2107 5118 2292 5171 nescio
2324 5133 2490 5187 quam
2555 5118 2813 5170 absonam
2875 5115 3194 5170 differentia:
3250 5117 3524 5170 immiscet
3581 5118 3673 5171 uni

2106 5210 2463 5279 simplicique
2497 5208 2838 5277 processioni
2865 5208 3039 5263 sancti
3073 5207 3313 5275 Spiritus
3366 5224 3432 5262 ex
3485 5208 3674 5263 thearo

2104 5300 2710 5370 chicishypostasibus,
2748 5301 2894 5353 velut
2935 5300 3295 5356 subindicans
3352 5300 3498 5354 aliud
3556 5316 3677 5357 esse

2106 5394 2277 5447 sancti
2306 5392 2542 5461 Spiritus
2590 5391 2915 5461 principium
2946 5394 3204 5456 activum,
3257 5391 3497 5459 Patrem,
3528 5393 3675 5447 aliud

2106 5484 2350 5551 ejusdem
2390 5483 2717 5551 principium
2783 5483 3044 5549 activum,
3099 5482 3339 5548 Filium:
3391 5499 3500 5554 quo
3545 5483 3677 5552 quid

2110 5576 2264 5643 pejus
2308 5574 2786 5643 daninabilinsque
2818 5574 2925 5627 dici
2995 5574 3215 5643 potest?
3285 5594 3306 5627 ι
3347 5574 3449 5630 Sic‘
3483 5590 3682 5645 magno

2112 5667 2389 5739 logotbeta
2451 5667 2657 5731 locuto,
2710 5677 2765 5719 et
2819 5666 3001 5721 valide
3053 5682 3117 5721 ac
3169 5667 3590 5722 ineluctabiliter
3649 5684 3682 5723 ι

2110 5757 2326 5811 cunctis
2367 5756 2683 5811 existimato
2725 5757 3075 5826 disputasse,
3116 5759 3491 5814 archidiaconi
3546 5761 3683 5814 nihil

2112 5849 2254 5920 quod
2319 5860 2508 5901 contra
2592 5850 2923 5902 sententiam
2988 5850 3260 5902 hiscerent
3317 5849 3568 5904 idoneum
3624 5852 3681 5905 in
