4058 6282
608 281 635 350 νῙ
648 286 718 352 ῡ7

1807 271 2134 339 GEORGII
2181 260 2667 337 PACHYMERE

3656 268 3874 341 ~108

602 404 731 477 ίμοὶ
758 402 856 474 μὲν
888 394 1231 465 ἒξεικονίζειν
1256 393 1325 449 τὰ
1374 390 1715 447 ἀνεικόνιστα
1755 387 1920 456 φόϐος
1984 386 2180 457 μέγας,
2207 383 2257 447 Α
2288 402 2505 452 στατον,
2533 386 2657 477 ἐπεὶ
2684 384 2779 477 καί
2810 382 2868 477 t6
2894 379 3007 477 φῶς
3039 384 3304 458 προσεχὲς
3344 378 3423 459 τῷ
3451 376 3586 460 ἡλίῳ
3631 386 3740 459 (ἔτι
3774 392 3877 460 γὰρ

593 502 707 557 τῶν
742 500 800 555 δὲ
821 498 994 567 ἁγίων
1037 497 1305 565 λεγόντων
1353 492 1603 555 ῑπεσθαι,
1659 491 1917 562 ἰχόμενος
1967 488 2184 552 πάντως

593 591 689 647 τοῦ
716 586 1203 661 προτειχίσματος,
1230 581 1493 652 ἀσφαλῶς
1521 580 1628 647 ἔξω
1657 582 1716 644 ἐς
1742 581 1771 633 6
1797 597 1849 633 τι
1898 579 1992 633 καὶ
2020 577 2179 645 λέξω.

597 681 817 744 Ἥλιον,
842 678 1036 732 ἀκτῖνα
1067 674 1162 728 καὶ
1192 672 1306 740 φῶς
1328 669 1435 726 τῶν
1461 667 1843 725 ἁνεικονίστων
1876 665 2060 719 εἰκόνα
2091 664 2186 734 φέ-

597 789 772 847 ρουσι,
795 771 890 824 καὶ
915 767 1070 832 αὖθις
1090 765 1371 837 ὀφθαλμὸν
1394 764 1597 834 πηγῆς,
1653 760 1798 832 ὕδωρ
1862 759 1954 813 καὶ
2019 775 2186 813 ποτα-

600 866 721 938 μόν.
743 864 861 934 Οὐχ
890 859 1035 914 οὕτω
1058 859 1309 929 λέγουσιν
1344 857 1435 910 ἰπὶ
1477 855 1579 924 τῆς
1623 851 1897 924 μακαρίας
1955 851 2182 920 Τριάδος

591 963 643 1013 οἰ
679 957 917 1026 θεολόγοι
940 956 1221 1021 Πατέρες;
1266 949 1397 1004 Ἰδοὺ
1426 948 1576 1017 γοῦν,
1608 947 1778 1018 ἥλιος,
1830 946 1924 999 καὶ
1964 944 2183 1015 namq

593 1047 879 1122 atpoosxt'bc
927 1045 989 1112 ἐξ
1048 1042 1236 1109 αὐτοῦ,
1279 1041 1344 1096 δι’
1398 1040 1567 1111 αὐτῆς
1619 1040 1698 1105 δὲ,
1760 1038 1889 1109 πρίν
1915 1030 2213 1122 τιηκαινδνη

602 1121 978 1210 παρεμπεσεῖν
1013 1136 1217 1206 νόημα,
1248 1134 1343 1187 καὶ
1373 1131 1503 1185 αὐτὸ
1526 1131 1588 1184 τὸ
1611 1130 1727 1201 φῶς
1757 1127 1815 1195 ἐξ
1846 1127 2019 1199 ἡλίου.
2054 1121 2181 1197 Ἆρ’

593 1239 631 1307 ἡ
675 1233 895 1305 ἀκτὶςῆ
945 1233 974 1285 6
1032 1228 1183 1299 ἣλιος
1223 1227 1438 1304 αἰτιονς
1482 1222 1709 1278 Εὐθετεῖ
1758 1238 1848 1292 μοι
1908 1220 1998 1273 τὸν
2025 1219 2182 1287 λόγον

594 1330 692 1382 καί⁹
723 1326 752 1380 6
780 1325 1001 1394 Νύσσης
1042 1320 1343 1393 Γρηγόριος
1389 1318 1603 1386 λέγων’
1637 1314 1744 1369 Τοῦ
1791 1313 1848 1368 δὲ
1895 1311 1956 1378 ἐξ
2002 1312 2184 1376 αἰτίας

580 1422 766 1486 ῦντος,
806 1418 1052 1472 τουτέστι
1071 1414 1181 1468 τῶν
1205 1411 1497 1475 αἰτιατῶν,
1524 1407 1687 1463 πάλιν
1717 1407 1885 1478 ἄλλην
1918 1405 2184 1477 διαφορὰν

585 1513 883 1583 ἐννοοῦμεν
902 1527 918 1543 ο
953 1510 1014 1563 τὸ
1045 1509 1143 1580 μὲν
1173 1507 1282 1577 γὰρ
1309 1490 1594 1576 προσεχῶς
1625 1503 1689 1554 ὲκ
1710 1499 1805 1553 τοῦ
1851 1498 2091 1570 πρώτου,
2122 1496 2184 1552 τὸ

582 1610 645 1663 δὲ
674 1607 761 1662 διὰ
786 1606 877 1659 τοῦ
907 1601 1194 1673 προσεχῶς
1222 1601 1285 1652 ὲκ
1305 1597 1398 1651 τοῦ
1424 1595 1668 1668 πρώτου.
1706 1614 1724 1648 ι
1778 1592 1924 1667 Πρὸς
1948 1592 2006 1646 ὃν
2040 1592 2184 1645 ἐκεῖ·

590 1713 696 1761 νοι,
726 1711 746 1746 ι
779 1693 891 1746 Καὶ
920 1693 1018 1761 οὐχ
1039 1690 1319 1760 ὁμολογεῖς
1350 1686 1414 1760 [Ρ
1436 1685 1531 1761 61]
1562 1686 1622 1740 τὸ
1663 1684 1884 1757 Πνεῦμα
1929 1686 1989 1738 τὸ
2025 1684 2181 1753 ἅγιον

588 1784 862 1858 ⁷προσεχὲς
894 1782 974 1853 τῷ
1009 1782 1205 1853 Πατρὶ,
1225 1778 1415 1850 ὥσπερ
1448 1779 1540 1832 καὶ
1566 1777 1656 1833 τὸν
1688 1773 1845 1844 Υἰόνς
1894 1776 2006 1831 Καὶ
2052 1774 2182 1830 ποία
2210 1773 2219 1815 ‘-

589 1878 661 1932 ἂν
709 1874 849 1946 ἀκοὴ
905 1874 966 1928 τὸ
1012 1872 1253 1927 τοιοῦτον
1295 1870 1681 1943 παραδέξαιτο,
1724 1869 1774 1922 εἰ
1825 1870 1854 1923 6
1910 1867 2010 1939 μὲν
2050 1866 2183 1932 Υἰὺς

593 1966 924 2039 προσέχεται
948 1964 1029 2034 τῷ
1087 1964 1285 2034 Πατρὶ,
1335 1964 1395 2015 τὺ
1437 1960 1492 2014 δὲ
1547 1959 1772 2029 Πνεῦμα
1831 1960 2028 2029 τοπικῇ
2075 1974 2182 2011 τινι

591 2058 801 2130 διεχείᾳ
822 2057 1124 2122 διίσταταις
1150 2055 1262 2125 Τῆς
1289 2053 1517 2116 ἀτοπίας
1544 2053 1557 2107 l
1593 2053 1653 2107 El
1680 2052 1789 2122 γὰρ
1817 2053 1845 2104 δ
1874 2050 2076 2122 Κύριος
2101 2048 2186 2102 λέ-

593 2170 705 2219 γει,
741 2169 762 2205 ι
809 2149 952 2219 Ἐγὼ
1012 2151 1071 2201 ἐν
1112 2146 1190 2219 τῷ
1221 2147 1395 2218 ῐΙατρὶ
1428 2148 1522 2199 καὶ
1573 2146 1601 2198 6
1654 2147 1845 2216 Πατὴρ
1883 2145 1942 2197 ὲν
1972 2144 2114 2217 ἐμοὶ,
2156 2162 2176 2197 ι

593 2244 710 2303 ἀλλ’
734 2242 829 2298 οὖν
861 2226 1082 2308 εὔλογον
1113 2243 1184 2293 τὰ
1208 2240 1350 2294 αὐτὰ
1376 2240 1559 2308 λέγειν
1590 2238 1684 2291 καὶ
1716 2240 1845 2308 περὶ
1884 2235 1980 2291 τοῦ
2013 2234 2185 2291 Ilvati-

600 2353 793 2409 ματος,
838 2336 996 2407 εἰπερ
1030 2333 1331 2405 ὀρθοόοξείν
1364 2333 1690 2404 βουλόμεθα,
1737 2332 1799 2386 τὸ
1849 2329 2074 2401 Πνεῦμα
2121 2333 2180 2385 ἑν

593 2433 672 2504 τῷ
705 2430 879 2502 Πατρὶ
907 2429 1004 2483 καὶ
1030 2432 1057 2483 6
1084 2428 1271 2500 Πατὴρ
1296 2430 1357 2481 ὲν
1409 2428 1487 2499 τῷ
1514 2426 1815 2497 Πνεύματι,
1863 2427 1961 2481 καὶ
2025 2420 2182 2490 αὖθις

595 2529 655 2580 ἐν
684 2525 763 2598 τῷ
788 2523 921 2595 Υἰῴ,
948 2523 1042 2577 καὶ
1070 2524 1098 2575 ὁ
1130 2522 1256 2585 Υἱὸς
1287 2524 1345 2574 ὲν
1371 2520 1448 2591 τῷ
1480 2519 1789 2589 Πνεῦματι.
1828 2519 1898 2572 Ἦ
1926 2519 1987 2572 οὐ
2028 2517 2184 2572 ταῦθ’

596 2621 771 2685 οὕτως
816 2619 967 2691 ἔχεις
1003 2638 1021 2671 ι
1058 2616 1282 2683 Βέκκος,
1324 2636 1343 2669 ‹
1372 2616 1500 2679 Ναὶ,
1548 2635 1566 2667 ι
1618 2616 1803 2687 φησίν.
1854 2632 1873 2667 ι
1912 2615 2183 2685 Προσεχὲς

603 2719 701 2790 μὲν
729 2718 1007 2789 ὁμολογεῖν
1042 2714 1135 2769 τοῦ
1160 2713 1372 2784 [ἰατρὸς
1399 2712 1458 2766 τὸ
1486 2708 1729 2783 Πνεῦμα,
1769 2713 1852 2768 ὅτι
1891 2714 1987 2766 καὶ
2036 2712 2187 2765 ἁίιά-

597 2872 787 2929 quam,
821 2856 945 2909 novi
978 2854 1279 2909 dialeCticis
1330 2869 1381 2906 tn
1412 2837 1738 2929 disserendo
1806 2852 1884 2906 uti
1955 2850 2181 2922 regulis,

596 2960 651 3003 et
674 2948 1087 3003 accommodate
1114 2947 1180 3000 ad
1202 2946 1315 3001 veri
1338 2945 1794 3014 dijudicntionem
1823 2943 2122 3012 disputare.
2158 2961 2177 2995 ι

598 3036 991 3111 liiclogotlicta
1024 3038 1296 3093 concitate
1329 3038 1710 3103 interpellans,
1744 3031 1854 3091 «Ne
1878 3032 2177 3099 aduleris,»

597 3135 675 3189 ait
720 3109 819 3188 cui
840 3132 1070 3198 Veccus,
1092 3151 1111 3184 ι
1142 3132 1297 3187 Absit
1317 3132 1366 3184 id
1388 3131 1664 3202 quideth
1693 3128 1927 3198 Moxque
1950 3143 2184 3199 pergens
2212 3109 2256 3172 (ἶ

600 3228 888 3298 subiunxit
921 3248 931 3281 :
959 3244 978 3279 ι
1001 3224 1065 3280 Et
1084 3224 1163 3281 sic
1180 3224 1395 3296 quidem
1417 3224 1647 3278 multum
1667 3222 2191 3279 rereorassimulare

596 3322 785 3377 conari
815 3333 937 3389 quae
968 3317 1077 3372 ulla
1107 3317 1243 3372 satis
1276 3314 1509 3384 exprimi
1559 3314 1926 3369 similitudine
1978 3324 2189 3381 neque-

597 3424 720 3480 unt,
757 3427 883 3468 cum
937 3412 1071 3466 milii
1107 3417 1289 3465 tamen
1320 3408 1503 3464 videar
1536 3406 1721 3468 verbis
1758 3404 2025 3460 insistens
2084 3401 2188 3457 Pa-

598 3522 746 3565 trum
769 3516 824 3563 et
855 3508 997 3562 intra
1025 3519 1217 3561 eorum
1250 3502 1491 3572 exempli
1554 3500 1967 3565 auctoritatem,
2026 3496 2188 3568 quasi

606 3604 689 3660 cis
721 3600 1068 3657 antemurale
1095 3597 1513 3662 solidissimum,
1547 3605 1665 3649 tuto
1693 3609 1756 3649 ac
1787 3608 1983 3649 secure
2038 3602 2188 3647 stare

600 3712 666 3754 ac
701 3694 875 3768 loqui,
909 3708 1017 3750 non
1049 3691 1315 3749 dubitabo
1344 3692 1419 3745 uti
1444 3690 1980 3759 comparationibus,
2047 3700 2189 3756 quas

598 3793 675 3848 illi
717 3789 1014 3848 adhibuere
1069 3787 1138 3843 ad
1198 3784 1416 3840 divinas
1472 3794 1755 3851 utcunque
1805 3782 2187 3837 emauatioues

602 3884 1029 3939 adumbrandas.
1060 3878 1308 3935 Aﬂ'erunt
1338 3878 1391 3933 bi
1425 3877 1676 3933 videlicet
1728 3874 1923 3939 solem,
1972 3872 2186 3927 radium

598 3986 653 4032 et
681 3976 882 4039 lucem,
922 3974 1087 4029 rudes
1134 3972 1327 4042 utique
1352 3969 1626 4038 imagines
1659 3967 1811 4022 nullo
1846 3966 1992 4037 pingi
2014 3967 2190 4021 simu-

600 4071 754 4125 Iacro
799 4065 1101 4122 valentium
1186 4062 1601 4133 processionum
1660 4061 1833 4116 beatae
1873 4057 2186 4114 Trinitatis.

602 4162 1069 4217 Alleruntrursus
1112 4158 1333 4212 oculum
1369 4156 1565 4223 fontis,
1591 4171 1789 4225 aquam
1822 4162 1881 4210 et
1930 4153 2186 4223 ﬂuvium.

604 4252 805 4324 Sicque
835 4254 1029 4306 harum
1067 4248 1240 4319 eﬂigie
1299 4248 1603 4303 formarum
1663 4248 1979 4303 divinarum
2019 4248 2184 4303 trium

603 4360 984 4419 personarum,
1019 4344 1202 4415 quoad
1226 4345 1353 4398 licet
1386 4343 1631 4398 humano
1660 4344 1873 4412 captui,
1905 4343 2189 4397 insinuare

603 4439 839 4511 speciem
868 4446 1147 4508 satagunt,
1180 4434 1340 4500 Ecce,
1372 4437 1603 4499 aientcs,
1630 4435 1713 4490 sui
1750 4444 1805 4489 et
1838 4434 2027 4489 radius
2054 4448 2187 4490 con-

606 4538 758 4593 tinue
786 4547 851 4586 ex
880 4533 1021 4600 ipso,
1053 4545 1148 4599 per
1179 4529 1393 4583 radium
1433 4541 1595 4597 porro
1650 4527 1972 4597 priusquam
2027 4527 2185 4597 quis-

605 4641 766 4697 quam
798 4639 975 4680 novus
1003 4620 1359 4677 interincidat
1388 4636 1610 4684 sensus,
1669 4628 1740 4675 et.
1774 4620 1954 4689 ipsum
2001 4618 2186 4672 lumen

606 4734 669 4773 ex
702 4718 838 4773 sole.
874 4714 1069 4771 Utrum
1103 4715 1268 4785 igitur
1291 4714 1478 4768 radius
1516 4728 1582 4766 an
1616 4713 1698 4767 sol
1734 4711 1958 4766 luminis
1982 4710 2190 4767 causa?

601 4811 841 4879 Adaptat
872 4809 1019 4863 hunc
1051 4806 1184 4861 mihi
1217 4820 1528 4861 sermonem
1557 4804 1844 4876 Nyssenus
1866 4804 2185 4875 Gregorius,

525 4882 531 4888 ’
604 4904 733 4959 dum
775 4902 852 4957 ait
904 4920 918 4958 :
960 4900 1090 4971 Ejus
1155 4900 1301 4970 quod
1349 4914 1416 4956 ex
1438 4887 1607 4955 causa
1637 4909 1746 4967 est,
1791 4899 1897 4953 hoc
1925 4908 2011 4954 est
2054 4913 2189 4953 cau-

608 5007 889 5063 satorum,
922 5010 1115 5051 rursus
1159 4994 1325 5049 aliam
1378 4992 1744 5048 differentiam
1804 4992 2184 5063 intelligimus.

603 5091 934 5145 Aliudenim
964 5099 1051 5146 est
1092 5089 1349 5144 continue
1378 5103 1442 5144 ex
1476 5089 1674 5159 primo,
1712 5086 1858 5141 aliud
1913 5102 2011 5157 per
2059 5098 2187 5141 eum

606 5190 697 5254 qui
730 5194 814 5239 est
846 5185 1109 5238 continue
1133 5198 1201 5238 ex
1235 5184 1433 5251 primo.
1488 5199 1506 5232 ι
1547 5181 1627 5235 Ad
1663 5180 1808 5251 quod
1866 5178 2189 5249 patriarcha

605 5296 730 5333 cum
760 5279 875 5333 suis
904 5276 1318 5345 interpellantes
1352 5284 1738 5339 occurrerunt,
1762 5290 1797 5324 τι
1834 5270 2010 5337 Tune,
2038 5274 2192 5326 aien-

608 5386 713 5439 tes,
740 5388 849 5427 non
910 5370 1188 5426 conﬁteris
1252 5368 1515 5438 Spiritum
1577 5378 1828 5422 sanctum
1865 5366 2189 5421 continuum

608 5466 753 5520 i‘ulri
785 5480 925 5528 esse,
957 5465 1103 5519 sicut
1124 5475 1177 5518 et
1205 5460 1595 5527 Filium3Quis
1626 5469 1810 5515 autem
1842 5459 2031 5514 audire
2062 5474 2190 5514 sus-

607 5562 780 5613 tineat
822 5554 1024 5611 Filium
1058 5556 1279 5625 quidem
1317 5556 1638 5609 continuum
1692 5554 1864 5620 Patri,
1924 5552 2190 5624 Spiritum

610 5668 740 5707 vero
774 5648 933 5706 locali
994 5649 1231 5719 Quadam
1277 5647 1389 5719 96
1448 5647 1795 5718 separatione
1844 5644 2091 5703 distare?
2150 5646 2192 5699 Ο

690 5788 896 5847 “Joan.
934 5805 1044 5858 xiv,
1079 5789 1168 5845 10.

2210 1744 2259 1803 Β

2288 477 2487 546 ἔχομαι
2524 475 2624 546 τῆς
2648 474 2901 545 εἰκόνος),
2934 475 3042 531 τῶν
3080 477 3204 531 λίαν
3226 478 3452 533 εἰκότων
3494 480 3631 544 ἐστὶ,
3685 483 3781 536 καὶ
3814 482 3873 537 οὗ

2284 569 2624 639 διαμάχομαι
2658 584 2672 598 ·
2706 569 2992 639 προσεχῶς
3024 568 3069 623 δ’
3102 570 3302 623 ἐννοεῖν
3340 573 3403 624 τὸ
3435 572 3664 643 Πνεῦμα
3698 574 3766 629 ὲκ
3786 573 3873 629 τοῦ

2285 663 2499 734 Πατρός
2553 664 2580 716 6
2622 661 2777 731 λόγος
2836 660 2897 715 οὐ
2951 662 3135 716 δίδωσι
3182 663 3282 732 τῆς
3336 664 3620 733 διαφορᾶς.
3670 664 3747 721 T6
3781 666 3873 737 μὲν

2284 755 2415 826 γὰρ,
2454 755 2609 824 φησὶ,
2638 753 2918 825 προσεχῶς
2963 753 3056 807 τοῦ
3081 752 3168 807 διὰ
3199 753 3292 807 τοῦ
3337 756 3660 828 προσεχῶς·
3723 758 3875 829 ὑμεῖς

2282 849 2341 901 δὲ
2365 849 2596 911 τοπικὰς
2626 846 2936 911 δια-πάσεις
2961 846 2995 918 ἢ
3025 846 3133 917 μὴν
3166 851 3261 901 καὶ
3283 850 3541 918 χρονικὰς
3581 849 3877 920 ὲμδὰλλονυ

2282 956 2374 1002 τες
2404 938 2665 1007 συνάγετε
2700 938 2917 1000 πάντως
2952 937 3014 990 τὸ
3034 938 3256 994 ἄτοπον.
3316 940 3389 993 T6
3416 940 3547 1009 γοῦν
3581 941 3873 1009 γεννᾶσθαι

2287 1031 2379 1087 καὶ
2409 1031 2500 1085 τὸν
2524 1031 2651 1085 Υἰὸν
2672 1032 2737 1085 ἐκ
2762 1030 2856 1085 τοῦ
2885 1030 3094 1102 Πατρός
3127 1033 3407 1105 ἀπορροήν
3445 1050 3567 1087 τινα
3624 1036 3716 1089 καὶ
3772 1034 3877 1087 διέ-

2284 1143 2441 1198 χειαν
2460 1126 2693 1197 τοπικὴν
2716 1124 2903 1196 σχεδὸν
2934 1124 3147 1180 δίδωσιν
3173 1128 3399 1181 ἐννοεῖν.
3438 1126 3600 1182 Ἀλλὰ
3626 1127 3688 1181 τὸ
3722 1127 3876 1181 ἀδια-

2285 1218 2496 1283 στάτως
2530 1218 2928 1288 προσκείμενον
2950 1219 3045 1273 καὶ
3081 1219 3141 1273 τὸ
3178 1217 3237 1284 ἐξ
3262 1219 3473 1275 ἐκείνου
3525 1216 3667 1274 εῖναι
3724 1206 3878 1293 δηλοῖ

2284 1310 2373 1365 τὸν
2403 1311 2554 1376 Υἰὺν,
2596 1312 2689 1365 καὶ
2722 1310 2784 1365 τὸ
2819 1311 3015 1385 ἐκείνῳ
3040 1313 3135 1367 καὶ
3188 1311 3365 1385 αὖθις,
3391 1312 3530 1369 εἶναι
3567 1316 3668 1369 οὐκ
3715 1316 3882 1384 ἀφαι-

2287 1406 2482 1469 ρεῖται.
2537 1404 2696 1458 Οὖτω
2758 1406 2853 1460 καὶ
2905 1405 2999 1458 ἐπὶ
3030 1404 3125 1459 τοῦ
3158 1404 3472 1478 Πνεῦμιιτος
3519 1407 3628 1461 νόει
3661 1424 3771 1478 μοι,
3805 1406 3876 1462 ’Π

2288 1499 2488 1571 μᾶλλον
2541 1498 2635 1552 ἔνπί
2691 1499 2790 1570 τῆς
2838 1501 3047 1563 εἰκόνος
3102 1502 3131 1554 6
3184 1499 3343 1569 λόγος
3388 1500 3645 1571 γινέσθω,
3683 1501 3761 1567 ὡς
3808 1503 3877 1558 ἂν

2284 1589 2692 1660 ἀσφαλέστερον
2730 1590 3007 1661 λέγοιμεν.
3070 1591 3290 1646 ’Δκτῖνα
3320 1592 3554 1665 λέγομεν
3587 1593 3647 1661 ἐξ
3692 1594 3873 1665 ἡλίου,

2284 1680 2569 1752 ἀποτομὴν
2590 1681 2649 1746 ἐξ
2671 1681 2880 1735 ἐκείνου
2895 1681 3099 1752 ταύτης
3121 1682 3221 1738 οὐκ
3238 1684 3481 1756 οἴδαμεν.
3510 1686 3630 1750 Φῶς
3642 1686 3879 1759 λέγομεν

2286 1775 2353 1830 δι’
2373 1775 2543 1845 αὐτῆς
2568 1773 2627 1841 ἐξ
2642 1775 2794 1846 ἡλίου
2814 1774 2909 1829 καὶ
2936 1778 3034 1846 τὴν
3055 1776 3334 1846 μεσιτείαν
3356 1778 3664 1849 ἐννοοῦμεν,
3690 1781 3787 1835 καὶ
3815 1781 3878 1834 τὸ

2284 1867 2709 1941 προσεχίζεσθαι
2733 1868 2793 1921 τὸ
2807 1867 2921 1938 φῶς
2938 1867 3016 1939 τῷ
3047 1868 3180 1941 ἡλίῳ
3196 1869 3286 1925 διὰ
3304 1870 3405 1942 τὴν
3423 1872 3525 1941 τῆς
3543 1873 3765 1936 ἀκτῖνος
3783 1889 3882 1941 με·

2286 1962 2489 2013 σιτείαν
2524 1960 2623 2013 οὐκ
2667 1960 3080 2032 ἀπαρνούμεθα.
3115 1964 3214 2017 Διὰ
3247 1962 3405 2018 τοῦτο
3437 1964 3819 2036 καὶλὲπιφέρει
3847 1966 3879 2018 6

2284 2052 2460 2123 ἅγιος,
2486 2055 2598 2125 Τῆς
2617 2056 2709 2109 τοῦ
2733 2054 2861 2109 Υἰοῦ
2897 2055 3173 2128 μεσιτείας
3202 2058 3296 2112 καὶ
3318 2057 3467 2129 αὐτῷ
3484 2058 3546 2113 τὸ
3585 2061 3880 2130 μονογενὲς

2285 2146 2682 2219 φυλαττούσης,
2712 2148 2891 2202 καὶτὸ
2915 2147 3138 2219 Πνεῦμα
3161 2153 3260 2222 τῆς
3286 2148 3379 2204 τοῦ
3406 2151 3619 2223 Πατρὸς
3635 2153 3881 2222 σχέσεως

2288 2242 2363 2311 μὴ
2387 2240 2782 2312 ἀπειργοόσης.
2807 2255 2827 2295 t
2856 2240 3021 2294 Ταῦτ’
3037 2242 3282 2319 εἰπόντος
3308 2241 3402 2296 τοῦ
3421 2244 3651 2314 Βέκκου,
3670 2245 3698 2298 6
3727 2243 3882 2300 Ἀλε-

2287 2335 2567 2405 ξανδρείας
2592 2334 2818 2391 αὐτόθεν
2847 2336 2954 2390 ἀπὸ
2981 2336 3073 2391 τοῦ
3104 2337 3399 2409 σκίμποδος
3424 2338 3564 2411 πρὸς
3588 2339 3779 2407 αὑτὸν,
3798 2339 3879 2404 ὼς

2291 2450 2311 2484 ι
2370 2432 2557 2501 Ἡμεῖς
2594 2433 2693 2503 τῆς
2744 2430 3074 2503 Ἐκκλησίας
3113 2431 3422 2504 κρατοῦμεν
3475 2433 3547 2487 τὰ
3601 2434 3878 2505 δόγματα,

2284 2523 2322 2579 ἃ.
2354 2525 2447 2579 καὶ
2478 2522 2882 2595 παρελάϐομεν,
2914 2524 3086 2579 ταῦτα
3119 2525 3177 2579 δὲ
3205 2524 3388 2592 λέγειν
3434 2526 3535 2581 οὐκ
3590 2526 3883 2597 ἐδιδάχθη⁸

2288 2634 2409 2686 μεν.
2443 2616 2504 2671 Εἰ
2536 2618 2637 2686 μὲν
2670 2615 2765 2671 οῦν
2797 2615 3088 2689 πλπτυκῶς
3120 2618 3341 2690 ἐκράτει
3372 2617 3597 2691 ταῦταῆ
3652 2620 3883 2692 Ἐκκληυ

2288 2710 2401 2776 σία,
2432 2710 2534 2763 οὐκ
2560 2708 2629 2765 ἂν
2661 2712 2756 2763 καὶ
2779 2710 2927 2780 ἡμᾶς
2953 2711 3013 2776 ἐξ
3035 2711 3293 2782 ,ἀνάγκης
3328 2711 3589 2769 διέλαθεν.
3635 2712 3792 2768 Ἐπεὶ
3819 2716 3881 2769 δὲ

2287 2852 2684 2909 absurditatem
2729 2854 2742 2907 ι
2780 2852 2837 2907 Si
2870 2854 3019 2908 enim
3053 2850 3321 2909 Dominus
3342 2853 3479 2909 dicit
3540 2871 3556 2908 :
3595 2872 3613 2907 ι
3664 2854 3782 2925 Ego
3816 2856 3876 2910 in

2288 2946 2472 3012 Patre,
2528 2958 2587 3001 et
2641 2946 2799 3001 Pater
2848 2947 2902 3002 in
2951 2961 3039 3002 me
3072 2946 3115 3013 ⁸,
3146 2966 3166 2999 ο
3218 2947 3475 3002 convenit
3532 2947 3716 3018 utique
3773 2963 3879 3004 nos

2286 3048 2476 3096 eadem
2530 3041 2598 3101 de
2656 3038 2865 3109 Spiritu
2921 3054 3145 3111 quoque
3200 3042 3403 3109 dicere,
3454 3041 3726 3112 siquidem
3781 3056 3884 3097 or-

2293 3134 2537 3189 thodoxe
2570 3147 2764 3203 sapere
2817 3134 3099 3201 volumus,
3153 3135 3386 3190 credere
3421 3134 3688 3191 nimirum
3749 3133 3883 3206 Spi-

2296 3227 2463 3279 ritum
2498 3232 2620 3281 esSe
2657 3225 2712 3280 in
2741 3223 2906 3281 Patre
2933 3233 2988 3281 et
3024 3224 3245 3281 Patrem
3272 3227 3329 3281 in
3392 3224 3625 3298 Spiritu.
3674 3243 3881 3285 rursus

2293 3317 2555 3388 Spiritum
2584 3318 2638 3373 in
2667 3316 2808 3373 Filio
2825 3328 2880 3374 et
2903 3317 3108 3376 Filium
3136 3320 3191 3375 in
3215 3319 3445 3390 Spiritu.
3491 3321 3576 3376 An
3604 3335 3714 3377 non
3760 3321 3884 3377 hac

2292 3410 2367 3463 ita
2393 3424 2450 3463 se
2470 3409 2709 3465 habent?
2729 3428 2850 3463 »σ-ιι
2882 3410 2981 3478 Ita,
3016 3429 3037 3464 ι
3058 3412 3339 3483 respondit
3362 3412 3590 3469 Veccus.
3616 3432 3637 3466 ι
3661 3410 3876 3480 Fateri,

2292 3501 2538 3571 inquam,
2560 3503 2886 3558 continuum
2917 3503 3065 3560 Patri
3098 3506 3364 3575 Spiritum
3392 3506 3583 3577 utique
3606 3507 3887 3565 indistan-

2294 3605 2400 3652 tem
2428 3597 2578 3667 (nam
2613 3602 2667 3649 et
2709 3594 2895 3652 lumen
2965 3597 3283 3654 continuum
3340 3600 3439 3655 soli
3497 3608 3632 3655 est:
3691 3598 3882 3656 haereo

2289 3690 2495 3763 quippe
2528 3691 2710 3749 adhuc
2739 3693 2794 3747 in
2841 3692 3224 3763 similitudine)
3284 3701 3721 3750 consentaneum
3791 3704 3879 3750 est

2291 3784 2551 3850 maxime,
2590 3798 2699 3839 non
2753 3799 3042 3855 repugno:
3080 3785 3286 3840 sentire
3334 3794 3519 3841 autem
3547 3786 3879 3842 continuum

2290 3892 2354 3931 ex
2394 3874 2556 3930 Patre
2587 3873 2789 3930 Filium
2833 3875 2979 3930 ratio
3037 3890 3147 3931 non
3214 3875 3470 3933 concedit
3527 3874 3877 3933 diﬂ’erentiae.

2288 3969 2427 4025 Nam
2450 3968 2746 4038 Gregorius
2772 3969 3004 4025 de.Filio
3036 3957 3256 4041 quidem
3290 3971 3369 4026 ait
3402 3984 3525 4027 esse
3556 3971 3710 4026 illum
3737 3986 3881 4027 con-

2292 4067 2443 4121 tinue
2471 4080 2536 4121 ex
2559 4065 2743 4132 Patre,
2796 4064 2867 4120 de
2898 4063 3111 4136 Spiritu
3140 4080 3274 4121 vero
3304 4080 3430 4120 esse
3463 4080 3563 4132 per
3597 4080 3725 4122 eum
3779 4067 3881 4136 qui

2288 4160 2551 4215 continue
2597 4174 2664 4214 ex
2697 4157 2856 4214 Patre
2882 4168 2989 4215 est.
3050 4156 3157 4214 Vos
3192 4173 3321 4214 vero
3347 4159 3553 4227 locales
3584 4158 3883 4214 distantias

2291 4263 2387 4310 aut
2441 4252 2617 4323 spatia
2676 4252 3069 4322 interjicientes
3128 4260 3441 4325 tempomm
3477 4253 3879 4309 absurditatem

2290 4347 2517 4402 Omnino
2553 4347 2836 4402 inducitis.
2894 4345 3193 4403 Enimvero
3241 4346 3492 4421 generari
3549 4347 3750 4404 Filium
3808 4366 3882 4405 ex

2298 4439 2478 4507 Patre,
2504 4455 2629 4495 cum
2664 4439 2841 4497 solum
2896 4441 3142 4506 auditur,
3204 4424 3653 4511 praebetquidem
3689 4443 3883 4496 animo
3954 4430 3955 4433 “

2298 4530 2486 4584 nescio
2559 4545 2728 4600 quam
2790 4532 3027 4600 speciem
3087 4532 3243 4601 quasi
3296 4530 3528 4586 elliuxus
3576 4543 3632 4587 et
3687 4531 3885 4587 localis

2296 4625 2630 4694 egressionis
2672 4624 2993 4677 distantiam
3043 4622 3353 4680 inferentis.
3416 4624 3523 4681 Sed
3590 4624 3884 4692 corrigitur

2295 4717 2651 4795 imaginatio,
2682 4732 2805 4772 cum
2875 4718 3093 4771 additur
3138 4720 3409 4773 indivulse
3452 4718 3887 4788 indistincteque

2298 4810 2571 4880 generari,
2599 4825 2721 4865 vere
2756 4811 2833 4866 sic
2858 4826 2924 4863 ex
2954 4809 3114 4864 Patre
3147 4812 3460 4880 signiﬁcans
3492 4828 3617 4867 esse
3644 4811 3884 4879 Filium,

2297 4914 2359 4959 ut
2384 4902 2548 4958 simul
2572 4904 2625 4957 in
2655 4904 2814 4957 Patre
2837 4906 2936 4971 sit;
2979 4921 3080 4959 nec
3103 4906 3248 4958 enim
3288 4920 3411 4960 esse
3438 4914 3515 4958 ex
3546 4904 3725 4960 aufert
3752 4919 3888 4962 esse

2298 4996 2376 5048 in.
2410 4994 2503 5049 Sic
2528 4995 2740 5049 etmilti
2767 4978 3099 5051 ratiocinare
3151 4996 3217 5052 de
3271 4994 3502 5066 Spiritu.
3554 4996 3665 5052 Aut
3696 4996 3889 5068 potius

2296 5088 2369 5143 ad
2399 5089 2815 5145 similitudinem
2837 5092 3097 5159 superius
3125 5090 3417 5145 adductam
3459 5090 3733 5147 referatur
3755 5106 3889 5147 ser-

2300 5197 2413 5247 mo,
2448 5192 2507 5236 ut
2534 5182 2789 5237 securius
2826 5184 3142 5250 loquamur.
3224 5181 3462 5237 Badium
3520 5183 3753 5239 dicimus
3814 5198 3889 5241 ex

2300 5275 2439 5341 sole,
2473 5283 2732 5329 ettatnen
2763 5275 3067 5331 abscissum
3111 5292 3178 5331 ex
3238 5276 3355 5331 sole
3429 5268 3707 5349 quidpiam
3760 5291 3887 5333 non

2298 5369 2683 5425 existimamus
2749 5383 2871 5426 esse
2927 5369 3163 5424 radium.
3230 5368 3440 5424 Lumen
3503 5370 3732 5426 dicimus
3782 5385 3890 5440 per

2301 5464 2515 5519 radium
2548 5480 2670 5519 csse
2701 5479 2764 5519 ex
2794 5464 3012 5529 sole,‘et
3038 5464 3436 5519 mediationem
3500 5463 3889 5533 intelligimus,

2300 5558 2684 5615 etcontinuari
2713 5558 2897 5613 lumen
2930 5558 3033 5614 soli
3052 5572 3149 5627 per
3181 5559 3320 5612 radii
3354 5558 3730 5616 modiationem
3769 5573 3889 5616 non

2304 5668 2587 5723 negamus.
2618 5651 2913 5722 Propterea
2938 5659 2993 5706 et
3029 5651 3181 5707 addit
3209 5661 3438 5710 sanctus
3474 5651 3586 5707 haec
3608 5648 3709 5720 97
3756 5664 3887 5707 ver-

3990 94 4001 231 Ε
