4058 6282
472 224 564 296 Η]

1690 182 2020 295 GEORGII
2077 224 2560 296 maritimum

3664 229 3767 301 ili

464 328 723 420 δραστὴς,
752 346 973 420 γνώμην
1012 348 1166 419 οἴσω,
1200 346 1386 411 ἁπλῶς
1434 345 1525 401 καὶ
1554 346 1901 419 ἀπεριέργως
1936 350 2051 412 τοῖς
2077 352 2131 410 Α
2154 350 2249 405 τοῦ
2284 350 2471 424 ὀρθοῦ.
2514 351 2657 407 Ἀλλ’
2691 338 2801 408 ἰδοὺ
2837 352 2930 408 καὶ
2957 350 3057 425 τὴν
3094 344 3219 408 κατ⁴
3248 348 3498 425 ἐμαυτοῦ
3556 352 3767 422 γνῶσιν

466 441 646 507 λόγοις
669 438 985 511 χρώμενοςς
1010 439 1204 509 Ἡμεῖς
1232 439 1330 510 μὲν
1363 437 1457 491 οὖν
1482 446 1550 491 τὰ
1573 439 1682 492 τῶν
1717 439 1888 508 ἁγίων
1921 438 2063 510 ῥητὰ

466 531 561 589 ἐπὶ
581 529 788 601 καιρῶν
814 531 1067 599 εὑρόντες
1090 530 1416 602 ζητούντων,
1452 528 1525 593 ὡς
1559 529 1819 598 ἀσφαλῶς
1870 528 2064 601 ἔχοντα

464 622 562 682 καὶ
597 620 855 693 ὀρθόδοξα
880 621 1305 692 προσηκάμεθα.
1341 616 1451 675 Καὶ
1470 621 1563 675 τὸν
1599 620 1705 691 μὲν
1735 619 2064 692 ὁμολογοῦν-

465 714 537 771 τα
558 717 621 770 ὲκ
653 717 866 788 [ἰατρὸς
896 715 957 770 τὸ
991 715 1219 787 Πνεῦμα
1242 715 1306 769 τὸ
1336 715 1495 784 ἅγιον
1534 714 1936 786 ἐκπορεύεσθαι
1968 714 2063 770 κα)⁸

464 810 845 880 ἀπεδεχόμεθα
868 807 961 863 καὶ
976 808 1377 879 ἀποδεχόμεθα·
1401 808 1558 878 λόγος
1573 810 1683 878 γὰρ
1699 808 1791 862 τοῦ
1815 809 2068 879 Σωτῆρος

467 902 673 971 καὶτῆς
692 902 933 961 συνόδου,
955 901 1048 955 καὶ
1074 902 1232 971 ἡμεῖς
1269 900 1389 954 καθ’
1407 900 1642 972 ἑκάστην
1672 899 1845 964 οὕτως
1880 896 2067 970 όμολοὲ

468 993 691 1065 γοῦμεν.
714 994 790 1049 Οὐ
806 995 977 1065 μῂνδὲ
997 994 1132 1049 ἀλλὰ
1165 996 1258 1048 καὶ
1275 994 1366 1047 τὸν
1390 997 1453 1048 ὲκ
1490 994 1702 1065 Πατρὶς
1728 995 1796 1047 δι’
1818 995 1946 1048 Υίοῦ
1980 995 2071 1048 λέ-

466 1103 635 1155 γοντα
653 1087 1052 1158 ἐκπορεύεσθαι
1072 1087 1148 1152 ὡς
1169 1084 1370 1159 συνόδῳ
1385 1087 1533 1161 πάσῃ
1552 1090 1620 1161 τῇ
1644 1088 1848 1160 ἑϐδόμῃ
1865 1088 2069 1160 ἑπόμε-

470 1197 566 1234 νον
612 1178 991 1251 ἀποδεχόμεθα
1021 1182 1114 1235 καὶ
1145 1181 1327 1248 αὐτὸν,
1357 1179 1449 1233 τὸν
1472 1179 1606 1249 δέγε
1636 1178 1711 1252 μὴ
1734 1180 1979 1249 τιμῶντα
2000 1182 2067 1235 τὰ

466 1274 575 1327 τῶν
600 1273 772 1342 ἁγίων
800 1273 937 1344 ῥητὰ
968 1274 1173 1344 τόλμης
1221 1273 1573 1345 γραφόμεθα.
1619 1272 1751 1327 Ἰδοὺ
1806 1270 1938 1341 γοῦν
1974 1274 2069 1342 σή-

470 1354 637 1439 μερον
668 1368 889 1438 πάρεισι
923 1367 1025 1436 μὲν
1064 1367 1447 1443 πατριάρχαι,
1502 1366 1724 1437 πάρεισι
1780 1364 1829 1418 δ’
1876 1366 2066 1436 ἀρχιε-

471 1461 584 1528 ρεῖς
610 1459 703 1513 καὶ
731 1456 930 1529 κλῆρος
951 1451 1100 1522 ἅπας
1140 1458 1238 1511 καὶ
1264 1457 1494 1529 μοναχοὶ
1524 1456 1777 1519 εὐλαϐεῖς
1811 1457 1902 1509 καὶ
1956 1455 2065 1509 τῶν

396 1618 397 1621 η
441 1549 675 1606 ,λαῖκῶν
724 1552 775 1604 οί
840 1550 1139 1621 ἐλλόγιμοι.
1191 1549 1345 1603 Θέλω
1377 1549 1476 1603 καὶ
1528 1547 1903 1620 ὀρθοδοξοῦσιν
1932 1549 2066 1619 ὑμῖν

471 1645 771 1706 κοινωνεῖν,
809 1644 904 1696 καὶ
934 1642 1126 1705 κοινῶς
1161 1641 1515 1711 ὁπωσδήποτε
1569 1640 1660 1694 τοῦ
1720 1640 1882 1712 ὀρθοῦ
1929 1657 2068 1707 σφα-

2170 446 2332 515 ἀφεὶς
2358 445 2498 510 ὅλως
2521 445 2676 517 ὑμῶν
2711 446 2956 519 γίνομαι,
3012 448 3109 501 καὶ
3164 446 3510 511 διδασκάλοις
3560 447 3767 503 ὡσανεί

2167 554 2279 594 τισι
2332 540 2575 611 χρῶμαι.
2654 540 2847 613 Ὑμεῖς
2900 540 3276 615 προηγεῖσθε,
3336 542 3495 610 κάγὼ
3534 542 3765 613 {dicunt

2168 633 2519 702 πράττουσιν.
2563 620 3135 705 Ἐκτιθέσθωτὸμος,
3181 634 3275 689 καὶ
3332 634 3766 706 ἀποπεποιήσθω

2166 725 2229 779 τὸ
2251 726 2449 796 δόγμα,
2483 726 2578 781 καὶ
2612 726 3009 803 ἀποϐεϐλήσθω
3036 728 3096 781 τὸ
3132 745 3152 781 ι
3190 727 3259 781 δι’
3288 725 3448 795 nos,
3486 747 3504 780 ι
3552 729 3604 782 εί
3640 727 3765 799 βού-

2167 817 2345 872 λεσθε.
2409 818 2532 873 Κᾶν
2563 819 2638 890 μὴ
2672 819 2878 891 ἕψομαι
2933 820 3027 874 καὶ
3086 819 3270 886 αὐτὸς,
3299 822 3475 876 καίτοι
3501 819 3556 890 γ’
3605 821 3763 886 εἰδὼς

2169 910 2430 983 Πατέρων
2463 912 2625 983 ῥητὸν
2653 913 2748 965 καὶ
2776 912 2947 981 μέγαν
2972 914 3355 985 ἐπηρτημένον
3385 916 3484 986 τῆς
3517 916 3761 984 παρορά-

2170 1000 2308 1071 σεως
2331 1006 2396 1080 [Ρ
2412 1006 2504 1081 6i]
2531 1008 2795 1071 κίνδυνον,
2819 1009 2980 1074 αὐτὸς
3007 1009 3189 1066 αἰτίαν
3222 1008 3349 1076 ἕξω,
3368 1010 3482 1064 εἴτε
3502 1008 3608 1081 μὴν
3639 1024 3762 1062 πει-

2170 1097 2377 1168 σμονῆς
2398 1098 2509 1152 εἴτε
2532 1099 2637 1171 μὴν
2655 1100 2748 1153 καὶ
2769 1100 3054 1171 αἱρέσεως·
3075 1099 3215 1155 θέλω
3236 1100 3347 1170 γὰρ
3368 1101 3467 1153 σὺν
3485 1081 3616 1173 ὑμῖν
3629 1100 3760 1153 πᾶσι

2168 1191 2264 1246 καὶ
2276 1190 2630 1262 δικαιωθῆναι
2646 1194 2741 1245 καὶ
2754 1193 3176 1264 κατακριθῆναι.
3194 1191 3259 1246 Ei
3274 1193 3320 1246 δ’
3332 1193 3491 1263 ὑμεῖς
3507 1194 3608 1263 μὲν
3624 1191 3763 1245 διευ⁸

2168 1282 2419 1337 λαϐεῖσθε
2445 1285 2543 1355 τὴν
2568 1284 2791 1356 πρᾶξιν,
2812 1284 2941 1355 ύμῖν
2970 1286 3015 1338 δ’
3034 1270 3417 1355 ὲπιφορτίζετε
3434 1285 3532 1354 τὴν
3555 1283 3762 1339 ἀποῦο-

2168 1374 2288 1446 λὴν,
2321 1374 2543 1444 εὔλογον
2568 1373 2709 1430 εἶναι
2761 1377 3003 1444 πάντως,
3055 1377 3140 1430 ἵνα
3183 1372 3259 1449 μὴ
3304 1377 3401 1430 καὶ
3463 1376 3761 1443 αναγκαῖον

2167 1468 2329 1531 εἴπω,
2359 1468 2514 1540 ὑμῶν
2554 1468 3025 1540 διευλαϐουμένων
3049 1470 3151 1524 ’καὶ
3204 1468 3600 1540 διαμελλόντων
3665 1468 3760 1521 καὶ

2169 1561 2314 1631 ἡμᾶς
2368 1560 2623 1625 δεδιέναι,
2684 1563 2758 1632 μή
2821 1574 2945 1626 πως
3003 1562 3440 1632 παρασφαλεῖσιν
3486 1562 3617 1633 ἡμῖν
3663 1559 3760 1615 καὶ

2172 1654 2354 1722 μόνοις
2384 1654 2454 1706 τὰ
2478 1654 2577 1708 τοῦ
2620 1655 2866 1709 κινδύνου
2909 1656 3319 1727 περιστήσεται,
3364 1672 3384 1707 ι
3426 1674 3447 1708 σ
3498 1652 3641 1709 Ἀλλ’
3694 1652 3761 1708 οὗ

470 1736 609 1791 λεῖσι
640 1736 737 1806 τὴν
769 1734 886 1805 μεθ’
917 1734 1075 1805 ὑμῶν
1104 1734 1403 1803 καταδίκην
1430 1734 1692 1805 αἱροῦμαι
1735 1734 1887 1803 παρὰ
1940 1732 2060 1802 Θεῷ
2094 1731 2133 1784 Β
2164 1748 2523 1820 γεγράφαμεν
2556 1750 2738 1819 ἡμεῖς,
2780 1765 2800 1800 ι
2838 1750 3004 1819 φασιν
3037 1748 3088 1803 οἱ
3115 1749 3245 1820 περὶ
3272 1748 3365 1802 τὸν
3411 1744 3758 1819 πατριάρχην
3792 1756 3795 1757 ⁷

472 1828 712 1898 κρίνοντι
739 1827 773 1898 ἢ
805 1826 964 1896 μόνος
988 1827 1085 1897 τὴν
1127 1824 1402 1897 ἡμετέραν
1450 1826 1769 1894 ἀσφάλειαν.
1820 1826 1893 1880 Τὸ
1932 1824 2063 1895 γοῦν

475 1923 619 1993 ὑμᾶς
647 1921 747 1991 ἐμὲ
779 1921 960 1991 ζητεῖν
987 1937 1049 1973 τε
1097 1921 1192 1973 καὶ
1234 1921 1570 1989 ἀναγκάζειν
1614 1922 1711 1975 καὶ
1760 1922 1881 1985 τοὺς
1944 1921 2065 1991 μετ’

473 2014 610 2087 ιμοῦ
639 2013 1013 2068 ἁποϐαλέσοαι
1045 2016 1221 2083 δόγμα
1250 2013 1532 2085 Πατέρων,
1558 2012 1701 2066 οὕτω
1732 2014 1797 2085 δὴ
1830 2014 2063 2068 παλαιὸν

473 2111 569 2165 καὶ
628 2110 781 2180 παρὰ
831 2106 1043 2160 πολλῶν
1096 2106 1413 2177 λεγόμενον,
1470 2105 1615 2176 ὑμᾶς
1641 2106 1697 2159 δὲ
1735 2106 1902 2177 μηδὲν
1932 2109 2063 2178 περὶ

471 2202 675 2257 τούτων
700 2200 1028 2272 φροντίζειν,
1070 2198 1132 2253 οὔ
1174 2218 1265 2270 μοι
1310 2200 1461 2254 δοκεῖ
1491 2200 1636 2271 ἔχειν
1696 2199 1758 2253 τὸ
1815 2198 2061 2267 εὔλογον.

437 2305 440 2309 ’
478 2295 634 2350 Ἔστι
658 2294 767 2364 γὰρ
801 2294 893 2349 καὶ
924 2292 1051 2363 ἐμοὶ
1100 2291 1359 2348 εὐλάϐεια
1412 2292 1484 2362 μή
1515 2313 1519 2318 ’
1546 2308 1663 2353 πως
1716 2291 2064 2363 παρασφαλῶ

474 2489 692 2549 quoque
722 2476 775 2532 in
805 2475 967 2530 modo
994 2474 1062 2527 de
1097 2472 1301 2529 divinis
1332 2470 1778 2528 emanationibus
1830 2472 2068 2542 loquen-

473 2570 526 2628 di
576 2568 843 2625 oll'eusum
897 2576 981 2624 est
1024 2566 1331 2639 quidpiam,
1378 2572 1440 2620 ut
1488 2567 1864 2621 ostendemus.
1921 2565 2063 2620 Num

474 2672 759 2735 prepterea
794 2676 891 2717 vos
925 2675 957 2715 a
989 2660 1148 2716 nobis
1199 2674 1299 2729 pro
1338 2660 1839 2715 excommu-iicatis
1900 2658 2063 2713 vitari

475 2773 572 2829 par
603 2754 730 2812 est?
771 2769 899 2810 num
922 2763 976 2809 et
996 2769 1099 2809 nos
1123 2754 1261 2809 labis
1293 2753 1415 2822 ejus
1440 2746 1701 2809 conscios
1725 2754 1915 2822 religio
1936 2755 2066 2810 sub-

473 2853 572 2928 igit
598 2854 928 2923 abrumpere
966 2851 1069 2906 hoc
1119 2850 1483 2920 colloquium,
1515 2856 1572 2904 et
1616 2849 2062 2904 communionem

471 2956 711 3004 vestram
748 2956 1008 3016 tanquam
1033 2946 1387 3004 anathemate
1452 2958 1843 3014 percussorum
1902 2958 2062 2997 aver-

471 3040 610 3102 sari,
657 3055 722 3095 ac
756 3040 836 3095 sic
862 3052 1082 3093 omnem
1140 3037 1499 3093 conciliandae
1554 3035 1865 3092 concordia:
1910 3052 2057 3104 cpem

471 3136 732 3204 viamque
759 3132 1101 3203 praecidere?
1128 3150 1148 3184 ι
1207 3129 1305 3185 Hic
1331 3131 1642 3201 patriarcha
1671 3146 1795 3183 cum
1856 3130 1974 3185 suis
2029 3146 2059 3184 c

378 3296 379 3299 η
471 3223 653 3282 Vecco
683 3224 975 3296 requisivit
1007 3222 1101 3279 ubi
1150 3232 1206 3278 et
1236 3222 1437 3292 quibus
1473 3222 1528 3277 in
1578 3223 1762 3279 verbis
1809 3231 2057 3277 erratum

470 3333 500 3375 a
537 3333 599 3375 ao
634 3317 796 3374 foret.
838 3316 1034 3371 Statim
1063 3314 1272 3372 Veccus
1298 3316 1545 3371 chartam
1580 3330 1612 3370 e
1634 3315 1758 3370 sinu
1795 3317 2060 3386 prolatam

471 3411 732 3467 ostendit.
758 3409 935 3477 Quam
980 3423 1105 3465 cum
1135 3407 1218 3464 illi
1263 3407 1543 3479 legissent,
1575 3423 1737 3463 suam
1769 3417 2060 3477 negarunt.

468 3515 657 3564 etnon
680 3502 845 3559 modo
869 3501 1018 3571 quod
1038 3508 1162 3557 erat
1188 3500 1245 3555 in
1267 3514 1334 3557 ea
1365 3500 1653 3571 scriptum,
1681 3501 1773 3556 sed
1800 3508 1858 3555 et
1882 3500 2059 3570 ipsum

471 3611 611 3669 pene
634 3595 825 3666 scripti
854 3581 1162 3659 auctorem,
1185 3594 1504 3665 quicunque
1531 3593 1692 3657 f0ret,
1714 3593 1945 3665 sub99
1965 3595 2062 3651 de-

473 3689 769 3745 testatione
789 3686 1154 3742 anathematis
1175 3686 1473 3741 abominati
1500 3698 1651 3742 sunt.
1672 3686 1775 3741 Hic
1796 3685 2065 3743 Moscam-

470 3793 593 3850 par,
614 3780 711 3850 qui
738 3777 843 3833 sibi
865 3785 985 3832 erat
1007 3777 1271 3836 conscius
1290 3793 1352 3833 se
1372 3778 1685 3849 scripsisse,
1708 3792 1809 3834 nec
1838 3778 2064 3835 infitiari

472 3871 789 3929 sustinebat
827 3868 1183 3926 manifestam
1217 3885 1357 3936 rem,
1396 3886 1553 3927 suam
1582 3886 1701 3928 eam
1725 3872 2060 3942 scripturam

471 3968 655 4022 fassus
695 3980 859 4024 esse:
896 3964 1044 4034 quod
1089 3978 1211 4019 eam
1237 3972 1543 4031 exorasset,
1580 3973 1666 4020 est
1698 3976 1934 4022 conatus
1960 3981 2062 4023 ex-

469 4075 686 4116 cusare.
720 4058 840 4127 Quo
869 4058 1083 4114 Veccus
1119 4057 1336 4120 audito.
1382 4058 1658 4115 renidenti
1709 4074 1776 4116 ac
1804 4062 2062 4131 spirante

470 4157 703 4211 multam
738 4152 978 4225 gratiam
1010 4153 1164 4205 vultu
1198 4152 1564 4222 patriarcham
1602 4152 1866 4208 intuens:
1910 4173 1929 4205 ι
1961 4153 2062 4208 Ex-

476 4246 872 4315 spectabamus
910 4258 1010 4298 nos
1035 4242 1283 4313 quidem,
1310 4242 1486 4311 inquit
1514 4251 1609 4313 per
1636 4246 2058 4301 urbanissimam

472 4340 760 4401 facetiam,
822 4347 880 4393 te
931 4337 1034 4393 hoc
1089 4339 1356 4408 scriptum
1412 4328 1511 4407 pro
1566 4350 1660 4393 tuo
1713 4344 2056 4410 agniturum.

2165 1840 2611 1911 ἀπολογούμενοι.
2663 1861 2683 1895 ι
2724 1840 2888 1911 Ὑμῖν
2935 1842 3246 1910 γέγραπται
3302 1842 3397 1894 καὶ
3445 1839 3757 1908 κεκίνηται·

2167 1935 2299 2005 ὑμῖν
2350 1938 2441 1990 καὶ
2475 1935 2816 2005 ἀποόλητέον
2868 1934 3066 1992 ταῦτα.
3099 1956 3118 1988 ι
3197 1954 3218 1988 ι
3258 1936 3367 1989 Καὶ
3396 1936 3450 1989 τί
3474 1951 3539 2003 γε
3568 1935 3630 1989 τὺ
3658 1936 3759 2006 ἒμ-

2168 2028 2345 2083 ποδών
2374 2046 2390 2097 ;
2429 2046 2449 2081 ι
2482 2030 2530 2082 οί
2562 2029 2692 2099 περὶ
2726 2030 2820 2084 τὸν
2873 2029 3100 2095 Βέκκον,
3176 2048 3193 2080 ι
3241 2027 3547 2099 ὲθαρῤεῖτε,
3579 2045 3599 2079 t
3655 2042 3758 2096 φα-

2169 2124 2274 2190 σὶν,
2317 2140 2337 2175 t
2368 2124 2503 2177 ὅπου
2546 2122 2639 2176 καὶ
2668 2122 2929 2192 ἀδελφοὺς
2982 2121 3324 2194 προσλήψετε
3378 2119 3757 2193 θεραπεύσαν-

2166 2232 2278 2277 τες.
2321 2233 2338 2266 ι
2386 2214 2526 2268 Ἀλλ’
2553 2215 2655 2270 ούκ
2685 2215 2901 2270 ἔπειθον
2924 2214 3198 2284 λέγοντες.
3238 2212 3403 2267 Ἀλλά
3428 2214 3525 2266 καὶ
3553 2212 3757 2282 μᾶλλον

2168 2308 2563 2381 τραχυνθέντος
2596 2306 2721 2363 κατ’
2738 2308 2949 2362 ἐκείνου
2984 2308 3078 2362 τοῦ
3137 2306 3498 2380 πατριάρχου,
3552 2300 3627 2370 ὡς
3662 2306 3754 2360 καὶ

2167 2491 2350 2547 verbis
2378 2489 2486 2546 fuci
2518 2491 2868 2562 expertibus,
2905 2476 3083 2546 meam
3117 2504 3284 2561 super
3322 2490 3426 2544 hac
3455 2489 3758 2543 declarabo

2169 2584 2522 2641 sententiam.
2545 2582 2656 2640 Nos
2686 2583 2907 2655 quidem
2933 2584 3251 2638 testimonia
3284 2593 3606 2638 sanctorum
3625 2594 3752 2637 cum

2167 2675 2605 2741 invenissemus,
2649 2675 2888 2746 negotiis
2910 2690 3035 2744 quae
3071 2683 3205 2729 tunc
3236 2675 3618 2730 tractabantur
3642 2673 3757 2729 exi-

2165 2770 2426 2840 gentibus
2457 2782 2771 2840 opportune
2799 2768 3134 2840 protulimus
3175 2774 3236 2822 ut
3272 2781 3470 2823 secura
3509 2775 3561 2822 et
3598 2767 3758 2839 plane

2165 2860 2491 2918 orthodoxa.
2522 2859 2587 2915 Et
2615 2870 2673 2914 ut
2703 2875 2828 2913 eum
2858 2859 2955 2928 'qui
2981 2858 3184 2913 dixerit
3211 2856 3480 2929 Spiritum
3502 2869 3758 2913 sanctum

2165 2971 2229 3011 ex
2264 2954 2427 3010 Patre
2460 2952 2783 3023 procedere,
2812 2953 3164 3021 suscepimus
3194 2958 3248 3006 et
3289 2952 3625 3021 suscipiemus
3658 2966 3755 3021 pro

2167 3058 2313 3105 recte
2369 3048 2651 3103 sentiente
2705 3046 3083 3115 loquenteque
3134 3041 3268 3115 (hoc
3317 3046 3463 3099 enim
3504 3042 3754 3099 Salvator

2169 3145 2375 3210 docuit,
2413 3144 2518 3197 hoc
2547 3140 2794 3213 synodus
2821 3138 3089 3203 sancivit;
3115 3137 3258 3192 idem
3300 3145 3357 3191 et
3390 3150 3489 3191 nos
3510 3137 3754 3205 quotidie

2166 3236 2423 3309 symbolo
2462 3230 2749 3288 reeitamio
2776 3229 3149 3303 profitemur).
3184 3228 3264 3285 sic
3292 3244 3392 3284 nec
3413 3227 3567 3282 illum
3599 3243 3714 3283 ave:
3734 3260 3749 3267 -

2166 3330 2274 3383 sari
2335 3326 2419 3382 fas
2456 3334 2715 3397 putamus
2744 3323 2837 3394 qui
2884 3322 3074 3379 dicere
3105 3320 3348 3376 voluerit
3378 3320 3648 3393 Spiritum
3685 3339 3745 3376 es

2166 3420 2327 3476 Patre
2363 3437 2460 3492 per
2491 3418 2692 3474 Filium
2749 3418 3071 3488 procedere.
3103 3415 3307 3484 Quidni
3343 3418 3487 3472 enim
3520 3426 3578 3472 et
3609 3419 3758 3473 hunc

2169 3515 2521 3583 recipiamus,
2555 3512 2648 3581 qui
2680 3510 2876 3582 synodi
2913 3508 3161 3579 septimae
3196 3510 3465 3565 universae
3506 3512 3739 3565 auctori-

2166 3616 2334 3664 tatem
2370 3606 2425 3661 in
2464 3607 2570 3660 hoc
2600 3602 2908 3674 sequatur?
2958 3601 3148 3672 Itaque
3199 3616 3301 3657 nos
3342 3600 3484 3657 haud
3536 3602 3747 3657 dubite-

2167 3718 2313 3767 mus,
2345 3701 2391 3756 si
2421 3700 2546 3771 quis
2567 3702 2640 3754 sit
2662 3698 2757 3769 qui
2790 3696 3017 3752 disertis
3054 3695 3390 3751 testimoniis
3426 3703 3746 3752 sanctorum

2167 3794 2389 3850 Patrum
2448 3794 2714 3848 honorem
2752 3804 2861 3845 non
2910 3788 3184 3851 habuerit,
3234 3788 3382 3842 hunc
3424 3788 3745 3844 temeritatis

2165 3890 2452 3944 damnare.
2484 3886 2562 3940 En
2589 3884 2747 3954 100
2777 3881 2947 3954 igitur
2974 3879 3064 3935 hic
3097 3879 3259 3935 hodie
3281 3880 3747 3951 adsuntpatriar-

2167 3978 2303 4043 chte,
2329 3978 2528 4031 adsunt
2554 3973 2824 4045 episcopi,
2853 3986 2961 4025 una
2986 3979 3069 4025 est
3097 3969 3281 4026 clerus
3304 3971 3614 4030 universus.
3646 3986 3741 4026 nec

2166 4086 2275 4125 non
2311 4068 2564 4125 monachi
2587 4065 2853 4138 religiosi,
2887 4072 2943 4120 et
2967 4079 2996 4117 e
3021 4062 3179 4118 laicis
3200 4063 3406 4135 quique
3435 4064 3738 4120 lectissimi.

2164 4160 2304 4215 Volo
2326 4168 2379 4215 et
2397 4157 2552 4213 vobis
2577 4156 2886 4213 orthodoxe
2906 4156 3274 4212 sentientibus
3307 4158 3737 4223 communicare,

2164 4261 2218 4307 et
2254 4266 2377 4305 cum
2403 4248 2590 4304 iisdem
2615 4246 2793 4309 vobis,
2829 4246 2873 4303 si
2908 4246 3051 4303 forte
3091 4247 3462 4303 communiter
3491 4262 3737 4318 quarun-

2166 4359 2274 4415 que.
2329 4340 2542 4397 ratione
2596 4356 2628 4397 a
2665 4348 2816 4396 recto
2873 4337 3196 4403 deflexistls,
3242 4353 3416 4409 ptume
3463 4342 3645 4396 omnis
3676 4356 3737 4394 ac

475 4434 641 4493 Nunc
662 4437 712 4492 si
762 4453 867 4490 non
902 4444 1055 4490 tuum
1103 4435 1259 4500 illud,
1303 4437 1398 4490 sed
1435 4434 1601 4505 hujus
1631 4446 1735 4501 est,
1782 4448 1944 4505 prout
1980 4435 2059 4493 fa.
2096 4463 2137 4518 ο
2168 4448 2323 4489 noxae
2357 4447 2463 4502 qua
2493 4433 2601 4488 hoc
2632 4433 2856 4488 nomine
2883 4448 2910 4484 a
2943 4429 3056 4487 Deo
3078 4430 3360 4501 iudicante
3398 4430 3733 4499 alliciamini,

472 4537 620 4585 teter
654 4533 795 4600 ipse,
840 4530 995 4599 pulex
1055 4527 1328 4598 quispiam
1366 4526 1609 4598 plaustro
1666 4528 1911 4584 insidens
1960 4545 2061 4585 nec

472 4621 712 4677 incitare
745 4635 844 4674 nec
876 4618 1160 4674 reﬂectere
1186 4629 1279 4673 aut
1312 4618 1689 4674 suillaminare
1715 4635 1915 4675 currus
1953 4620 2056 4675 uti-

469 4728 579 4786 que
628 4715 847 4769 rueutis
880 4714 1147 4785 impetum
1179 4714 1377 4768 valeat.
1424 4733 1442 4765 ι
1494 4712 1621 4767 llaec
1653 4710 1865 4767 Veecus
1897 4712 2055 4781 dixit,

470 4805 654 4876 lepide
710 4806 964 4862 alludena
1012 4804 1082 4860 ad
1140 4820 1340 4859 nomen
1414 4804 1560 4860 aliud
1614 4804 2057 4876 chartopbylacis

470 4899 871 4971 Moscamparia
910 4919 923 4954 :
959 4909 1079 4954 erat
1110 4899 1256 4952 enim
1308 4898 1393 4952 vir
1420 4898 1510 4954 ille
1558 4899 1853 4954 binomius.
1892 4898 2054 4953 «Cte-

471 5003 690 5051 terum.
746 4990 1024 5056 subdidit,
1081 5004 1548 5059 cognosceremus
1595 4990 1829 5045 libenter
1885 5004 2051 5062 quam

473 5097 530 5141 tu
560 5085 690 5139 huic
719 5100 938 5154 ptrnam
972 5084 1291 5138 indicturus
1322 5083 1421 5149 sis,
1464 5082 1741 5138 manifesti
1763 5083 1875 5154 jam
1902 5097 2052 5139 erro-

473 5178 551 5234 ris
584 5178 640 5232 in
673 5176 949 5245 dogmatis
984 5176 1341 5244 expressione
1371 5184 1681 5245 comperto.
1717 5193 1735 5226 υ
1785 5172 1900 5230 Ηοο
1930 5174 2051 5230 loco

473 5283 599 5325 cum
657 5269 790 5323 varii
841 5268 992 5321 varia
1042 5267 1331 5328 dixissent,
1388 5283 1489 5323 nec
1536 5268 1798 5336 reperiret
1842 5268 2048 5321 exitum

477 5361 677 5415 frustra
705 5359 1001 5429 productus
1049 5373 1255 5417 sermo.
1292 5374 1581 5413 resumens
1618 5357 1828 5415 Veccus
1856 5360 1937 5413 sic
1970 5358 2051 5411 in-

476 5453 598 5507 tulit
628 5470 643 5505 :
683 5469 701 5502 ι
742 5450 953 5517 Sequar
985 5463 1093 5516 quo
1121 5464 1216 5503 vos
1244 5450 1439 5519 praeire
1462 5452 1604 5505 votis
1622 5452 1803 5516 video,
1832 5466 2052 5521 quaque

476 5543 642 5597 vultis
674 5548 929 5596 occurro.
965 5540 1043 5597 En
1098 5554 1201 5611 ego
1228 5555 1471 5612 quoque,
1502 5556 1669 5611 quam
1700 5543 2048 5607 desideratis,

476 5635 635 5703 cujus
687 5648 855 5688 eausa
915 5631 1182 5702 satagitis,
1256 5633 1478 5688 nemine
1523 5633 1811 5689 remissius
1862 5647 2049 5705 pacem

475 5742 687 5794 amans,
722 5729 1040 5797 proponam
1102 5726 1458 5796 simpliciter,
1514 5726 1560 5783 si
1615 5729 1963 5797 permittitis,
1994 5739 2050 5784 et

2166 4527 2507 4582 consortium
2540 4525 2729 4583 subire
2756 4534 2981 4597 paratus
3015 4541 3159 4581 sum.
3193 4523 3463 4581 Caeterum
3492 4542 3735 4598 quaerere

2162 4637 2264 4677 vos
2292 4637 2323 4675 a
2359 4636 2471 4688 me,
2511 4627 2566 4675 et
2602 4634 2702 4675 nos
2732 4620 2961 4674 omnino
2987 4621 3053 4673 ad
3086 4618 3190 4675 hoc
3239 4635 3461 4689 cogere,
3510 4632 3568 4675 ut
3599 4620 3733 4693 abji-

2162 4712 2372 4769 ciamus
2396 4714 2595 4783 dogma
2616 4710 2842 4767 Patrum
2865 4711 3000 4765 adeo
3023 4712 3333 4783 antiquum,
3353 4715 3421 4767 ab
3444 4713 3579 4768 adeo
3602 4711 3735 4766 mul-

2163 4807 2233 4861 tis
2280 4815 2580 4871 assertum,
2634 4819 2731 4859 vos
2774 4811 2957 4857 autem
2992 4803 3203 4859 nullum
3242 4802 3443 4858 habere
3479 4804 3616 4861 velle
3653 4820 3735 4858 re-

2159 4906 2410 4966 spectum
2436 4897 2718 4950 rationum
2747 4894 3254 4965 allegationumque
3285 4904 3733 4961 nostrarum,nec

2156 4991 2383 5046 umnino
2449 5000 2702 5059 reputare
2745 5005 2911 5059 quam
2948 4986 3147 5043 validis
3178 4986 3593 5044 defensionibus
3638 4987 3733 5041 ob-

2152 5084 2299 5154 jecta
2345 5081 2689 5151 repellimus,
2741 5081 2884 5136 haud
2918 5080 3054 5136 mihi
3083 5080 3301 5135 videtur
3349 5095 3567 5152 aequum
3611 5094 3729 5135 esse

2156 5187 2251 5232 aut
2285 5185 2723 5232 consentaneum
2761 5174 3130 5231 moderationi
3184 5175 3240 5228 in
3293 5173 3361 5229 iis
3404 5175 3728 5233 necessaria!

2155 5269 2252 5339 qui
2278 5270 2416 5323 bona
2447 5269 2553 5323 fide
2574 5268 2901 5323 dirimendis
2924 5264 3331 5331 controversiis.
3352 5267 3584 5337 pacique
3602 5281 3727 5319 con-

2156 5360 2409 5415 ciliandae
2440 5361 2573 5414 dant
2604 5374 2851 5431 operam.
2877 5357 3084 5429 Nempe
3110 5359 3177 5414 ad
3207 5359 3311 5414 hoc
3354 5359 3613 5427 utrinque
3641 5372 3726 5412 ce-

2156 5457 2284 5510 dere
2326 5453 2607 5524 quidpiam
2668 5462 2969 5509 tractantes
3018 5453 3297 5508 convenit.
3343 5450 3493 5507 Ccdo
3550 5460 3720 5506 autem

2154 5560 2279 5617 ego,
2308 5546 2475 5601 etiam
2509 5546 2575 5600 ad
2612 5546 2797 5599 vivunt
2834 5558 3118 5609 resecans,
3159 5544 3326 5599 etiam
3377 5544 3488 5597 vim
3525 5543 3720 5598 faciens

2154 5640 2376 5710 proprio
2416 5639 2629 5695 sensui.
2659 5640 2806 5695 Inest
2838 5652 3003 5709 porro
3035 5648 3088 5693 et
3118 5636 3257 5691 mihi
3287 5634 3577 5705 religiosus
3614 5648 3718 5689 me-

2155 5742 2245 5787 tus
2278 5732 2573 5788 aberraudi
2601 5748 2629 5786 a
2662 5740 2809 5786 recto
2846 5733 3121 5800 augurale.
3172 5727 3381 5782 Tamen
3429 5739 3559 5783 ecce
3600 5739 3720 5795 pro-
