4058 6282
544 473 698 560 ιιεΔ

1725 480 2050 543 GEORGII
2089 484 2580 548 PACHYMER/E

3711 477 3809 550 Ι-ίθ

537 588 780 644 δικαιοῦν
809 591 967 661 ἔγνω.
1008 595 1120 648 Καὶ
1141 594 1204 666 δὴ
1234 597 1371 667 πρὸς
1399 599 1459 652 τδ
1493 602 1638 653 κατὰ
1659 600 1810 668 δεξιὰ
1841 602 2119 656 είσπλέον-
2151 611 2193 665 Α
2227 608 2292 675 τῇ
2333 605 2441 658 τῶν
2464 602 2819 672 Νικητιάτων
2856 604 2954 673 τῆς
2993 598 3302 671 Δακισύζης
3325 600 3588 672 φρουρίῳ,
3618 598 3714 654 καὶ
3731 603 3808 672 τῷ

537 698 591 736 τι
625 684 715 736 τὸν
765 684 1091 754 ’Δστακηνὺν
1126 687 1326 742 κόλπον
1373 691 1653 761 φρούριον,
1701 693 1761 746 τὸ
1805 693 1949 748 οὕτω
1997 713 2116 758 πως

536 775 630 828 τοῦ
654 776 812 843 ἁγίου
845 777 883 829 Γ
889 780 1148 848 ρηγορίου
1185 781 1592 853 ἐπιλεγόμενον,
1637 786 1970 856 προστάσσει
1997 787 2118 856 τιλῷ

538 869 915 937 χρησαμένους
971 871 1302 940 ἀπάγεσθαι.
1359 865 1433 926 Οὗ
1463 873 1526 943 δὴ
1574 877 1670 930 καὶ
1712 877 2118 945 ἐγκλεισθέντες

542 959 646 1012 ὑπὸ
672 965 925 1032 φρουροῖς
969 963 1196 1025 Κελτοῖς
1227 965 1321 1020 καί
1345 982 1451 1022 τινι
1481 967 1590 1020 τῶν
1619 969 2118 1040 ὶκπροκοιτούντων

537 1050 616 1120 τῷ
652 1050 862 1120 βασιλεῖ
896 1055 1139 1120 ἀφεῖντο,
1162 1055 1261 1107 ὅσα
1305 1054 1374 1108 τὰ
1424 1058 1504 1119 είς
1538 1057 1726 1127 χρείαν
1773 1055 1883 1111 τῶν
1935 1059 2118 1125 ἀναγ-

539 1141 714 1194 καίων
781 1143 1129 1212 άπρονόητοι,
1172 1144 1325 1197 οὐδὲν
1366 1145 1526 1200 πλέον
1584 1147 1916 1216 ἀπονάμενοι
1960 1145 2118 1214 βασιο

538 1230 699 1296 λιως,
723 1234 805 1287 ὅτι
835 1234 911 1305 μὴ
949 1238 1084 1304 μετὰ
1145 1238 1336 1304 καιρὸν
1399 1235 1486 1291 ἐπ’
1540 1236 1802 1305 ἀνατολῆς
1840 1239 2118 1307 ὁρμῶντος

539 1327 1005 1398 πατριαρχοῦντος
1049 1329 1390 1396 ’Δθανασίου,
1425 1314 1516 1385 τον
1553 1348 1612 1384 τε
1647 1331 1788 1386 κατὰ
1830 1331 1927 1402 τὴν
1964 1331 2117 1386 Ἐλε-

541 1417 758 1471 νόπολιν
790 1420 1190 1491 περαιωθέντος
1221 1421 1486 1491 πορθμὸν,
1515 1422 1612 1476 καὶ
1637 1421 1727 1476 τὸν
1760 1423 1934 1492 μέγαν
1963 1422 2121 1489 λογοο

540 1509 702 1579 θέτην
733 1513 819 1564 ἐπ’
849 1515 1048 1576 αὐτοῦς
1089 1514 1424 1585 πέμψαντος,
1463 1514 1521 1568 ὃν
1565 1515 1660 1570 καὶ
1710 1517 1789 1578 είς
1840 1515 2118 1584 πρωτοϐε-

541 1604 785 1672 πιάριον
816 1605 1157 1668 ἀνεϐίϐασεν,
1200 1609 1228 1659 ὁ
1251 1609 1354 1676 μὲν
1399 1607 1593 1660 ἑκατὸν
1636 1607 1909 1677 χρυσίνοις
1937 1608 2120 1660 ὲνικα-

541 1695 720 1760 νοῦτο,
750 1695 863 1750 ὁδί
887 1714 948 1766 γε
1001 1697 1411 1769 Μελιτηνιώτης
1467 1702 1824 1770 πεντήκοντα.
1895 1699 1958 1752 '0
2007 1702 2118 1768 γὰρ

538 1785 722 1857 τρίτος
757 1791 784 1841 ὁ
811 1788 1116 1858 Μεαοχίτης
1161 1791 1247 1844 διὰ
1286 1790 1439 1842 νόσον
1494 1787 1850 1862 προκατήχθη
1902 1791 1993 1843 ἐπὶ
2047 1791 2119 1844 τὰ

541 1881 680 1938 οἴκοι
720 1882 950 1948 ἐκεῖθεν,
979 1882 1235 1952 βασιλέως
1269 1883 1691 1955 προστάξαντος.

2222 699 2409 769 τυφλῷ
2457 699 2680 769 Ἰωάννῃ
2738 697 3012 767 συμμίξας
3059 695 3466 766 φιλοφρονεῖταί
3517 711 3574 747 τε
3609 694 3679 748 τὰ
3735 697 3806 749 εἰς

2221 789 2376 851 κότα,
2411 789 2588 842 καὶτὸ
2621 790 2700 853 είς
2733 790 2943 842 ἐκεῖνον
2973 786 3127 858 παρὰ
3184 784 3280 839 τοῦ
3329 785 3535 858 πατρὸς
3590 783 3805 854 γεγονὸς

2219 881 2381 944 αὐτὸς
2417 884 2676 952 ἐπειρᾶτο
2709 881 3000 952 μαλάττειν
3045 881 3166 951 ταῖς
3212 877 3617 940 ὑποπτὼσεσιν,
3667 876 3802 929 ὥστε

2219 975 2314 1028 καὶ
2340 973 2761 1046 συγχωρηθῆναι
2791 973 2922 1045 παρ’
2962 973 3173 1027 ἐκείνου
3223 972 3322 1026 καὶ
3371 966 3483 1025 οἷον
3541 985 3804 1040 κραταιω-

2220 1064 2380 1134 θῆναι
2414 1065 2552 1136 πρδς
2577 1065 2640 1118 τδ
2679 1063 2985 1136 βασιλεύειν
3010 1062 3070 1128 ἐξ
3101 1062 3309 1132 ἀγαθοῦ
3326 1060 3529 1116 σκοποῦ
3558 1061 3655 1113 καὶ
3675 1077 3804 1131 χρη-ν

2220 1157 2350 1226 στῆς
2379 1155 2699 1221 διαθέσεως.
2731 1156 2904 1220 Δύτδς
2931 1157 2986 1210 δὲ
3010 1155 3121 1210 τῶν
3153 1157 3231 1218 είς
3251 1153 3464 1232 τρυφὴν
3493 1150 3689 1222 ἐκείνῳ
3715 1152 3803 1204 καὶ

2219 1249 2404 1303 ἄνεσιν
2433 1249 2744 1320 προνοήσας
2770 1247 3175 1302 ἀπαλλάττεται
3201 1247 3300 1316 τὴν
3327 1244 3617 1316 ταχίστην.
3671 1243 3801 1309 Τότε

2219 1342 2265 1395 δ’
2295 1341 2526 1405 ἐπιστὰς
2560 1341 2794 1405 ἐκείνοις
2838 1342 2867 1394 ὁ
2917 1339 3438 1412 πρωτοσεστιὰριος,
3489 1335 3801 1392 ’Δθανασίου

2220 1425 2708 1506 πατριαρχοῦντος,
2728 1434 2856 1502 περὶ
2871 1425 2932 1486 οὗ
2955 1433 3092 1502 μετὰ
3111 1429 3280 1485 ταῦτα
3298 1429 3690 1501 ρηθήσεται’,τὰ
3711 1430 3803 1496 μὲν

2219 1528 2590 1598 προγεγονὸτα
2614 1527 2706 1578 καὶ
2720 1525 2798 1577 διε
2809 1525 3068 1594 μάλαττε,
3093 1522 3189 1577 καὶ
3214 1521 3383 1584 πολὺς
3402 1521 3654 1588 ἐφαίνετο
3686 1519 3804 1578 τοὺς

2219 1621 2422 1689 ἄνδρας
2449 1620 2712 1674 θωπεύων
2725 1635 2784 1671 τε
2804 1619 2897 1672 καὶ
2917 1616 3364 1684 ὑποποιούμενος,
3381 1614 3474 1667 καὶ
3491 1613 3552 1684 δὴ
3568 1612 3667 1682 τῆς
3686 1612 3806 1665 πολ-

2220 1715 2320 1784 λῆς
2349 1713 2701 1781 μὲνὲκείνους
2727 1697 2970 1782 φρουρᾶς
2991 1711 3182 1781 ἀνῆκε,
3209 1709 3484 1780 φρουῃοὺς
3517 1707 3562 1761 δ’
3584 1708 3805 1776 ἀφῃρεί-

2219 1824 2302 1874 το,
2325 1806 2439 1862 ἔστι
2463 1805 2509 1859 δ’
2535 1804 2626 1868 οὓς
2654 1806 2748 1858 καὶ
2771 1804 3081 1874 ξνήλλαττε,
3108 1799 3685 1869 καὶάγαθάςὺπέτεινε
3707 1798 3802 1860 τὰς

2225 1886 2470 1961 ἐλπίδας,
2517 1893 2611 1946 καὶ
2643 1893 2744 1962 τὴν
2783 1894 2936 1962 παρὰ
2953 1890 3217 1961 βασιλέως
3233 1889 3478 1961 ἠγγυᾶτο
3494 1887 3794 1956 εὐμένειαν.

540 1999 652 2064 λς’.
711 2001 940 2071 "Agatth
988 2001 1096 2053 τοῦ
1147 1999 1454 2065 βασιλέως
1497 2002 1649 2070 πρὸς
1689 1998 1980 2068 Ἰωάννην
2017 2000 2126 2054 τὸν
2155 1974 2197 2030 Β
2231 1989 2463 2044 Ἔπειτα
2496 1987 2588 2041 καὶ
2613 1984 2762 2057 αύτῷ
2799 1985 3007 2055 βασιλεῖ
3037 1981 3401 2053 καταχθέντες
3423 1981 3517 2034 τοῦ
3549 1978 3803 2051 φρουρίου

1078 2072 1197 2129 ἀπὸ
1229 2072 1568 2134 βασιλέων.

627 2159 767 2216 Ἀλλ’
787 2163 815 2214 ὃ
846 2179 913 2231 με
933 2161 1178 2231 παρῆλθε
1239 2160 1441 2232 μικροῦ
1481 2160 1549 2234 [Ρ
1577 2160 1670 2235 66]
1731 2161 1997 2234 πρότερον
2026 2177 2124 2230 γει

546 2258 726 2328 γονὸς,
760 2255 1015 2325 βασιλεὺς
1041 2255 1138 2325 τῆς
1177 2256 1382 2324 πόλεως
1415 2255 1756 2329 ἐξεληλακὼς
1795 2254 2124 2328 προσδᾴλλει

546 2530 868 2590 referemus.
895 2531 1131 2587 Veccnm
1163 2546 1330 2604 porro
1359 2541 1413 2587 et
1441 2532 1622 2589 socios
1643 2530 1823 2588 soluto
1851 2539 2125 2586 conventu

545 2626 807 2681 Cosmidii
857 2626 1254 2682 monasterium
1289 2626 1532 2697 excepit,
1578 2633 1839 2682 caeterum
1877 2624 1991 2682 illic
2020 2624 2125 2681 sub

546 2717 656 2773 tilla
700 2717 921 2774 habitos
970 2716 1268 2773 custodia:
1310 2732 1450 2788 quos
1491 2726 1547 2773 ct
1577 2717 1864 2774 dimittens
1892 2717 2128 2788 impera-

549 2822 658 2878 tor,
693 2820 754 2866 ut
786 2826 846 2868 se
876 2811 944 2867 ad
977 2825 1165 2880 pacem
1201 2810 1558 2878 inclinarent,
1586 2811 1800 2878 orabat,
1834 2821 1887 2867 et
1919 2811 2126 2868 omissa

548 2893 903 2975 pugnacitate
926 2904 1049 2972 jura
1081 2905 1302 2974 propria
1336 2904 1524 2961 tuendi
1565 2906 1792 2961 mallent
1820 2906 2017 2976 degere
2042 2919 2128 2960 se-

547 3013 681 3053 cure
721 2999 894 3067 gratia
932 2997 1178 3052 fruentes
1209 2999 1407 3070 ipsius,
1450 2999 1536 3054 sin
1560 2998 1616 3053 id
1665 2999 1896 3062 nollent,
1931 2999 2125 3055 exsilia

544 3102 602 3148 et
630 3107 904 3148 erumnas
926 3092 1061 3161 ipsis
1082 3090 1406 3161 inlligendas
1430 3094 1814 3150 comminans:
1847 3109 1954 3148 non
1979 3093 2126 3148 enim

547 3200 610 3242 se
647 3200 936 3254 passurum
971 3185 1130 3241 aliter
1155 3201 1323 3256 quam
1351 3195 1518 3256 prout
1563 3185 1760 3243 fuisset
1808 3187 2125 3241 ordinatum

549 3279 688 3338 tieri,
731 3277 905 3333 Porro
938 3278 1086 3348 ipsos
1129 3287 1423 3349 coopertos
1452 3277 1679 3332 infamia
1731 3279 1875 3333 male
1918 3278 2126 3347 peritu-

550 3388 667 3439 ros,
723 3374 827 3430 nisi
862 3373 1162 3429 hactenus‘
1185 3384 1434 3429 actorum
1485 3374 1808 3445 paenitentia
1861 3381 2125 3443 concepta

550 3465 872 3524 conferrent
917 3469 1160 3522 animum
1216 3467 1283 3522 ad
1339 3483 1552 3538 pacem.
1607 3467 1760 3522 Talia
1805 3483 1930 3522 cum
1984 3481 2130 3536 saepe

548 3560 916 3633 significasset
983 3561 1307 3630 imperator,
1345 3561 1475 3617 etsi
1517 3560 1705 3615 audire
1752 3559 1968 3624 vellent,
2002 3574 2130 3630 pro-

544 3673 704 3728 Spera
733 3665 881 3714 esset
908 3665 1104 3712 cuncta
1137 3655 1436 3727 pollicitus,
1457 3654 1536 3710 illi
1572 3671 1672 3709 nec
1703 3663 1848 3708 metu
1888 3653 2125 3708 tristium

547 3751 770 3807 adducti
819 3765 919 3805 nec
955 3748 1246 3820 promissis
1274 3748 1526 3807 laetorum
1579 3746 1808 3801 emolliti
1847 3754 1994 3810 sunt,
2029 3745 2128 3800 ob—

549 3850 812 3901 tlurantes
843 3860 902 3900 se
928 3845 1195 3900 adversus
1224 3851 1480 3912 utraque,
1516 3857 1686 3913 seque
1715 3850 1936 3912 paratos
1966 3841 2125 3895 exhi-

551 3942 740 3994 hcntes
768 3940 833 3994 ad
870 3939 1088 4009 quidvis
1131 3938 1260 3992 mali
1305 3937 1654 3992 subeundum
1699 3936 1846 4006 quod
1882 3934 2128 4004 inﬂigere

551 4029 686 4096 ipsis
731 4027 995 4082 voluisset
1037 4029 1365 4098 imperator,
1416 4034 1477 4082 ut
1508 4028 1602 4097 qui
1639 4026 1864 4081 omnino
1913 4028 2125 4082 consti-

547 4121 785 4180 tuissent
817 4120 1124 4190 quamlibet
1159 4122 1345 4190 potius
1378 4121 1731 4178 acerbitatem
1765 4121 1920 4192 103
1958 4121 2129 4176 libent-

550 4223 631 4265 ter
663 4213 870 4284 perpeti
912 4227 1077 4282 quam
1114 4214 1226 4269 ullo
1253 4229 1378 4270 cum
1406 4215 1474 4270 iis
1501 4213 1711 4271 findere
1740 4215 1913 4281 coire,
1941 4215 2034 4284 qui
2066 4230 2126 4270 se

551 4309 658 4362 isto
711 4309 876 4364 modo
910 4310 1400 4366 condemnassent.
1448 4307 1566 4377 Qua
1609 4324 1799 4366 eorum
1847 4309 2125 4366 declarata

547 4402 920 4458 obstinatione
952 4418 1105 4473 spem
1149 4403 1354 4458 nullam
1391 4402 1741 4473 relinquente
1789 4405 2126 4474 resipiscen-

549 4497 639 4550 tia:
676 4496 731 4549 in
765 4508 1070 4566 posterum,
1109 4497 1281 4566 magis
1309 4505 1364 4549 et
1403 4496 1458 4551 in
1490 4495 1640 4566 ipsos
1674 4498 1955 4568 magisque
1990 4513 2124 4554 con-

549 4589 754 4645 citatus
783 4590 1114 4659 imperator,
1157 4598 1211 4644 et
1244 4589 1379 4644 nihil
1422 4590 1629 4646 habens
1666 4589 1961 4659 reliquum,
1988 4607 2126 4646 cun-

2227 2080 2484 2150 ὰσμένως
2509 2081 2695 2150 πάντη
2724 2078 2822 2132 καὶ
2845 2076 3182 2148 φιλοφρόνως
3213 2074 3520 2148 ὡμίλησαν.
3585 2074 3676 2137 ὐς
3703 2072 3805 2142 γὰρ

2227 2172 2325 2226 καὶ
2355 2170 2425 2226 τὰ
2459 2173 2608 2244 παρὰ
2640 2169 2735 2223 τοῦ
2771 2169 3080 2241 Γρηγορίουι
3101 2164 3596 2236 ὰπεδοκιμάζοντο,
3621 2162 3698 2228 ὡς
3717 2163 3805 2230 καί

2228 2263 2362 2317 αὐτὸ
2415 2261 2533 2334 μετ’
2582 2261 2764 2333 ὀλίγον
2804 2260 3061 2334 ἔροῦμεν,
3111 2261 3208 2314 καὶ
3263 2257 3366 2332 ἤδη
3405 2257 3494 2318 διὰ
3523 2257 3695 2317 ταῦτα
3723 2255 3804 2311 Ev-

2231 2549 2382 2596 tatus
2413 2539 2545 2596 inde
2572 2537 2689 2609 jam
2718 2545 2846 2593 ante
2869 2536 2922 2592 in
2953 2550 3112 2592 suam
3153 2534 3383 2590 domum
3427 2530 3610 2588 fuerat
3653 2530 3804 2602 jussu

2231 2633 2611 2705 imperatoris.

2228 2746 2319 2803 56.
2356 2746 2626 2820 Profectio
2659 2745 3003 2870 imperatsris
3031 2744 3106 2870 (ad
3144 2743 3408 2798 Joannem
3436 2741 3564 2796 olim
3592 2742 3809 2812 imperio

2922 2835 3028 2870 ειει
3053 2832 3164 2870 um.

2922 2832 3164 2887 ejectum.

2304 2910 2411 2968 Sed
2449 2927 2537 2967 me
2584 2912 2930 2984 praeterierat
2962 2911 3109 2982 quod
3169 2911 3334 2980 paulo
3369 2910 3520 2981 prius
3554 2905 3811 2976 contigit,

2231 3007 2622 3076 imperatorem
2666 3005 2924 3060 videlicet
2958 3020 3024 3059 ex
3059 3004 3197 3060 urbe
3228 3002 3543 3074 profectum
3587 3016 3648 3056 se
3682 3013 3811 3054 cono

2234 3101 2429 3156 tulisse
2455 3099 2521 3154 ad
2566 3114 2749 3155 arcem
2793 3097 3190 3154 Nicetiatarum
3229 3097 3584 3170 Dacibyzam,
3631 3095 3812 3166 ibique

2231 3192 2570 3248 custoditum
2621 3189 2888 3248 Joannem
2916 3207 3120 3248 cmcum
3157 3191 3498 3262 perolIiciose
3524 3189 3810 3257 salutasse,

2233 3299 2646 3354 excusasseque
2669 3291 2727 3339 ut
2760 3284 2962 3352 potuit,
2987 3299 3054 3338 ac
3083 3283 3272 3339 multis
3301 3281 3554 3338 benevoli
3589 3281 3813 3340 affectus

2234 3376 2745 3446 significationibus
2799 3376 3352 3446 exhibitionibusque
3396 3375 3624 3430 honoris
3673 3373 3813 3429 initi-

2234 3484 2366 3539 gare
2395 3480 2635 3524 tentasse
2662 3469 2923 3539 injuriam
2969 3467 3073 3540 ipsi
3116 3485 3146 3524 a
3192 3479 3346 3538 patre
3399 3467 3810 3524 atrocissimam

2235 3563 2466 3628 illatam,
2509 3571 2568 3618 ut
2599 3563 2680 3617 sic
2712 3561 2969 3618 videlicet
2993 3576 3061 3616 ex
3081 3561 3504 3632 circumscripto
3535 3563 3810 3632 quondam

2235 3655 2447 3711 nefarie
2478 3656 2687 3727 pupillo
2719 3656 3226 3727 principeclieeret
3273 3656 3644 3712 voluntariam
3674 3656 3813 3728 juris

2234 3751 2322 3805 sui
2375 3750 2684 3804 cessionem
2719 3759 2775 3804 et
2823 3764 3161 3805 consensum
3199 3750 3255 3805 in
3312 3750 3602 3820 imperium
3639 3749 3812 3819 ipsius

2233 3845 2560 3907 Andronici,
2595 3858 2707 3914 quo
2743 3859 3044 3909 consensu,
3096 3844 3241 3912 quod
3278 3844 3420 3900 forte
3453 3845 3555 3915 ipsi
3587 3845 3651 3898 ad
3681 3844 3812 3915 legi-

2235 3940 2423 3994 timam
2458 3939 2804 4009 principatus
2837 3941 3246 4010 possessionem
3296 3940 3504 4006 demat,
3534 3949 3812 4009 utcunque

2233 4022 2608 4102 supplerctur,
2649 4031 2810 4103 105
2847 4044 2903 4087 et
2936 4041 3055 4086 rata
3081 4032 3137 4087 in
3174 4041 3457 4101 posterum
3493 4032 3811 4087 redderetur-

2233 4125 2496 4193 omnique
2527 4124 2694 4178 animi
2723 4124 2992 4205 religione
3028 4139 3093 4180 ac
3125 4126 3389 4195 scrupulo
3423 4125 3594 4180 libera
3628 4139 3728 4181 sna
3759 4125 3811 4180 in

2231 4217 2556 4290 dignitatem
2616 4219 2922 4289 Augustam
2981 4219 3284 4278 successio.
3327 4218 3450 4286 Quo
3500 4219 3806 4287 impetrato,

2229 4312 2384 4383 large
2441 4311 2691 4368 vicissim
2759 4312 3066 4382 assignatis
3126 4322 3492 4368 exauctorato
3575 4313 3808 4383 principi

2183 4435 2186 4438 ~
2235 4407 2453 4462 abunde
2516 4408 2832 4471 suﬂecturis
2869 4406 2934 4460 ad
2978 4405 3184 4461 lautum
3239 4405 3446 4462 victum
3495 4407 3814 4477 cultumque

2235 4506 2522 4560 caeterum.
2556 4497 2723 4550 etiam
2746 4496 3069 4562 delicatum,
3095 4495 3387 4566 impensis,
3416 4496 3673 4552 celeriter
3692 4495 3815 4552 inde

2241 4607 2301 4649 se
2326 4591 2556 4662 recepit.
2592 4596 2722 4650 Post
2782 4593 2886 4646 hoc
2920 4591 3146 4645 demum
3180 4591 3253 4644 ita
3296 4590 3521 4652 factum,
3559 4601 3815 4660 protovc-

548 4699 633 4740 cta
669 4684 874 4741 frustra
911 4695 1193 4756 expertus,
1218 4701 1327 4756 quo
1356 4701 1415 4741 se
1447 4696 1695 4757 speraret
1718 4687 1879 4758 potsse
1905 4688 2124 4743 illorum
2161 4686 2203 4738 ί)
2231 4685 2480 4748 stiarius,
2517 4687 2767 4739 mittente
2793 4683 3097 4738 Athanasio
3143 4683 3479 4754 patriarcha,
3512 4681 3580 4737 de
3611 4699 3725 4753 quo
3759 4691 3813 4736 et

551 4773 764 4836 animos
794 4781 1029 4848 mollire,
1063 4783 1278 4836 tandem
1309 4782 1519 4836 exsiliis
1541 4783 1689 4852 ipsos
1716 4784 1978 4836 damnare
2001 4797 2130 4836 con-

556 4879 761 4932 stituit.
817 4877 983 4934 Jubet
1035 4878 1220 4949 itaque
1273 4894 1416 4934 nave
1460 4878 1740 4947 deportari
1781 4879 1831 4930 in
1887 4893 2129 4931 arcema

553 4963 766 5045 dextris
813 4971 1145 5043 ingredienti
1200 4973 1382 5026 sinum
1417 4973 1750 5027 Astacenum
1803 4972 1990 5033 sitam,
2041 4969 2130 5025 «ui

555 5084 750 5123 nomen
782 5084 810 5123 a
845 5049 1038 5123 sancto
1071 5064 1340 5136 Gregorio
1365 5075 1466 5130 est,
1505 5068 1596 5121 ubi
1627 5066 1870 5121 conclusi
1902 5066 2006 5118 sub
2034 5080 2132 5118 cu-

553 5163 728 5218 studia
754 5160 1062 5225 Celtarum,
1093 5164 1180 5215 cui
1217 5172 1447 5231 praeerat
1486 5175 1630 5213 unus
1657 5175 1721 5213 ex
1755 5158 2130 5228 imperatoriis

551 5255 992 5318 excubitoribus,
1020 5254 1194 5310 relicti
1224 5265 1354 5309 sunt
1383 5255 1502 5322 sine
1535 5255 1645 5322 ulla
1682 5254 1900 5323 interim
1936 5253 2129 5323 provi-

552 5353 709 5405 sione
740 5324 1025 5419 pensionis
1061 5350 1126 5402 ad
1154 5348 1376 5411 victum,
1409 5349 1593 5424 inopia
1627 5349 1717 5401 diu
1757 5347 1961 5401 frustra
1990 5361 2127 5427 prave

554 5446 752 5500 stolata
774 5431 1146 5499 necessarium
1165 5444 1231 5512 ab
1255 5443 1585 5512 imperatore
1599 5442 1927 5504 subsidium,
1949 5440 2130 5512 quoad

554 5524 841 5609 aliquanti»
875 5537 1151 5608 posterius
1187 5537 1544 5608 proficiscens
1591 5537 1643 5589 in
1689 5534 1970 5607 Orientem
2031 5549 2126 5604 pa-

554 5635 794 5688 triarcha
842 5615 1200 5697 Athanasius,
1256 5643 1307 5686 et
1370 5633 1432 5686 ad
1504 5632 1880 5701 Helenopolim
1929 5630 2128 5685 fretum

555 5729 860 5798 trajicicns,
889 5729 1040 5797 misit
1071 5728 1135 5784 ad
1157 5744 1253 5785 eos
1277 5744 1531 5798 magnum
1556 5728 1914 5795 logothetam,
1937 5737 2133 5805 postea

553 5823 1044 5895 protovestiarium
1082 5833 1350 5888 creatum,
1403 5825 1496 5891 qui
1534 5819 1712 5875 Vecco
1742 5821 1972 5892 quidem
2009 5834 2137 5886 cent-

556 5929 673 5973 tum
708 5932 929 5979 aureos,
971 5916 1319 5973 Meliteniotte
1359 5934 1488 5971 vero
1523 5913 1923 5986 quinquaginta
1961 5911 2136 5966 dona-

557 6011 653 6074 t'il.
688 6006 822 6071 Nam
851 6009 1044 6066 tertius
1077 6006 1369 6068 iictocbiia
1397 6017 1618 6082 propter
1648 6004 1907 6062 morbum
1932 6002 2132 6076 depor-

2234 4781 2356 4848 ejus
2389 4781 2735 4850 promotione
2768 4789 2889 4847 post
2919 4779 3036 4833 haec
3075 4777 3310 4844 dicetur,
3352 4776 3591 4832 Veccum
3623 4788 3677 4832 et
3699 4775 3814 4847 eius

2235 4875 2448 4930 socium
2497 4875 2551 4927 in
2588 4888 2814 4928 carcere
2852 4873 3139 4927 convenit.
3195 4870 3296 4926 Hic
3345 4870 3516 4941 igitur
3565 4871 3694 4926 novi
3724 4887 3817 4941 pa-

2238 4969 2501 5022 triarchae
2541 4965 2832 5021 Athanasii
2881 4966 3095 5035 legatus
3137 4966 3276 5020 duos
3311 4965 3561 5034 captivos
3598 4964 3814 5019 exsules

2237 5063 2512 5117 consolari
2569 5062 2748 5117 modis
2779 5061 3041 5115 omnibus
3076 5070 3130 5116 ct
3170 5059 3417 5129 priorum
3451 5058 3586 5128 ipsis
3619 5072 3816 5118 tertium,

2235 5171 2433 5208 narum
2484 5154 2716 5209 delinire
2770 5154 3053 5209 tristitiam
3117 5153 3340 5219 sategit.
3407 5167 3473 5206 ne
3536 5150 3814 5206 blanditiis

2237 5248 2459 5317 quidem
2489 5257 2542 5301 et
2571 5247 3068 5310 assentationibus,
3099 5260 3211 5316 quo
3259 5245 3384 5299 illos
3416 5244 3810 5306 demereretur,

2239 5341 2541 5396 abstinens.
2579 5340 2878 5412 Angustias
2906 5353 3128 5409 quoque
3159 5336 3430 5391 custodite
3458 5335 3686 5402 laxavit,
3719 5350 3812 5390 cu-

2238 5436 2566 5503 stotlumque
2625 5433 2893 5501 quosdam
2951 5431 3179 5493 amovit,
3243 5429 3384 5485 alios
3419 5428 3848 5500 placidioribus

2240 5527 2489 5590 mutavit,
2520 5527 2716 5580 melius
2739 5529 2903 5580 etiam
2939 5537 3161 5605 sperare
3182 5523 3236 5577 in
3264 5531 3540 5593 posterum
3590 5521 3812 5591 jubens,

2242 5623 2353 5677 imo
2385 5623 2516 5693 ipsis
2546 5621 2828 5691 spondens
2850 5637 2958 5675 non
2989 5620 3231 5689 vulgaris
3259 5619 3403 5688 apud
3429 5618 3810 5687 imperatorem

2243 5707 2422 5772 locum
2459 5717 2669 5787 gratim.
2703 5715 2846 5781 Quin
2889 5725 2945 5769 et
2976 5714 3174 5777 deinde
3197 5713 3378 5768 educti
3405 5725 3630 5765 carcere
3656 5721 3816 5780 atque

2245 5811 2310 5865 ad
2352 5816 2659 5878 Angustum
2688 5808 3087 5883 admissionem
3120 5805 3293 5877 nacti,
3326 5818 3451 5870 cum
3478 5803 3547 5858 ab
3579 5803 3671 5857 illo
3693 5810 3819 5858 sunt

2245 5904 2546 5960 honoriﬁce
2575 5903 2807 5974 accepti,
2843 5913 2956 5957 tum
2985 5913 3039 5956 et
3071 5899 3177 5970 ipsi
3212 5897 3458 5955 vicissim
3491 5895 3663 5951 multa
3695 5891 3815 5951 cium

2247 5998 2652 6076 signiﬁcatione
2681 5999 2796 6055 veri
2823 5995 3051 6053 affectus
3092 5993 3418 6068 fiduciaque
3449 5989 3636 6050 libera:
3660 6003 3816 6054 rene-
