4058 6282
613 325 713 393 119

1841 346 2165 417 GEORGII
2205 356 2692 422 ΡᾹΕΗΥΜΕΒίΕ

3778 365 3869 431 120

607 447 669 497 οὗ
833 447 1057 550 Qui“
1105 453 1219 550 “ei
1236 455 1437 525 μάχαις
1464 460 1768 533 εἰθισμένον
1797 466 2029 540 ἀνδρῶν,
2055 472 2185 527 ὑπο·
2214 483 2259 538 Α
2287 479 2656 550 ταδραμδντες
2684 481 2784 535 σὺν
2815 480 3027 547 πολλοῖς
3055 479 3241 546 ἄλλοις
3274 480 3371 537 καὶ
3410 481 3574 537 τοῦτο
3600 482 3871 550 λαϐόντες.

606 539 835 593 πτενθὲν
860 541 938 604 εἰς
961 545 1287 615 αὐτομολίαν
1311 550 1389 613 ὡς
1420 553 1534 614 τοῖς
1555 553 1905 626 ἐξεληλακδσι
1938 563 2031 617 καὶ
2053 562 2188 618 αὐτὸ

603 635 1100 705 προσπεσούμενον,
1129 643 1456 709 μετοικίζειν
1483 647 1572 699 ἐπ’
1596 650 1859 722 ἀνατολῆς
1884 653 2026 722 ἔγνω
2048 655 2189 711 κατὰ

602 726 703 794 τὴν
729 726 826 795 τῆς
852 730 1170 797 Βυζαντίδος
1198 736 1579 807 ἁντιπεραίαν,
1617 744 1755 816 πλὴν
1784 747 1876 801 καὶ
1900 729 2189 804 ταπεινοῦν

603 820 847 913 ςημίαις.
866 825 955 913 μή
983 843 1099 889 πως
1129 829 1236 898 ἄρα
1258 832 1351 883 καὶ
1377 832 1774 906 ὑπερηφανοϊεν
1796 841 1987 913 πλήθει
2008 858 2070 897 τε
2096 844 2189 897 καὶ

602 910 827 979 δυνάμει
857 912 1205 985 θαρροῦντες.
1248 920 1357 973 Καὶ
1400 923 1553 977 ἐνθεν
1594 926 1696 994 μὲν
1746 910 2071 1000 ἐζημιοῦντο
2117 933 2185 986 τὰ

607 1001 859 1070 μέγιστα,
894 1006 1048 1061 ἔνθεν
1091 1007 1147 1063 δέ
1184 1013 1547 1084 μετῳκίζοντο
1578 1019 1789 1076 ἀνοικτὶ
1814 1061 1829 1087 ,
1886 1022 1983 1094 οὐχ
2023 1019 2189 1097 ἦττον

604 1096 984 1187 inpingam
1013 1104 1108 1155 καὶ
1135 1104 1335 1173 μᾶλλον
1355 1109 1453 1179 τὴν
1478 1110 1798 1182 μετοίκησιν
1828 1096 2184 1187 λογιζόμενοι.

606 1186 728 1240 Ζὼα
781 1186 890 1259 γὰρ
944 1190 1127 1245 ἐκεῖνα
1166 1194 1257 1247 καὶ
1292 1196 1482 1265 κτῆσις
1531 1197 1616 1271 [Ρ.
1648 1197 1743 1273 68]
1792 1204 1943 1257 πᾶσα
1986 1186 2052 1258 τα
2088 1204 2189 1275 μὲν

605 1277 780 1331 sitm-va.
811 1280 1133 1351 προῦκειντο
1167 1289 1275 1349 τοῖς
1309 1288 1539 1356 πολλοῖς,
1574 1292 1641 1345 τὰ
1672 1294 1726 1347 δὲ
1764 1296 1858 1348 καὶ
1888 1297 1981 1350 τὸν
2023 1299 2189 1352 τόπον

603 1369 904 1434 ἀλλάξαντα
923 1374 1098 1445 καιρῷ
1123 1379 1391 1447 χειμῶνος
1412 1380 1505 1434 καὶ
1526 1384 1645 1436 τότε
1665 1386 1944 1447 παντελῶς
1959 1387 2191 1456 διεφθεί-

608 1481 778 1528 ροντο.
818 1468 1020 1539 κτῆσις
1050 1469 1104 1523 δὲ
1137 1471 1340 1527 τούτων
1371 1475 1403 1543 ἠ
1441 1476 1540 1546 μὲν
1568 1476 1917 1547 διηρπάζετο,
1964 1483 1997 1551 ἡ
2034 1482 2089 1534 δέ
2122 1499 2185 1549 γε

604 1558 700 1610 καὶ
731 1561 992 1629 περιοῦσα
1021 1565 1204 1629 κακῶς
1231 1567 1652 1637 παραπώλλυτο,
1682 1569 1823 1625 ὥστε
1860 1575 1935 1644 μὴ
1964 1574 2109 1637 οἴους
2137 1574 2186 1626 τ’

605 1647 744 1705 εἶναι
778 1654 1113 1725 ἐγχρονίζειν
1142 1659 1276 1722 ἐκεῖ,
1314 1659 1449 1715 ἀλλὰ
1476 1662 1570 1721 τοῦ
1600 1663 1771 1718 κακοῦ
1804 1667 2190 1738 παραδραμόν-

604 1760 696 1806 τος
722 1745 916 1811 αὐτοὺς
938 1749 1032 1801 καὶ
1059 1746 1217 1815 αὖθις
1230 1751 1330 1822 τὴν
1352 1752 1488 1807 ἰδίαν
1514 1755 1946 1827 ἀπολαμϐάνειν,
1974 1756 2188 1828 συχνῶν

2292 569 2359 642 ῆν
2395 573 2468 644 μή
2491 589 2575 636 τις
2608 573 2802 628 πολλοῦ
2832 573 3101 639 ἐξωνοῖτο,
3122 574 3201 638 ὡς
3229 574 3413 641 αὐτοῖς
3433 575 3578 642 δόξοι
3594 576 3873 649 βασιλικὸν

2294 662 2454 735 σῶμα
2483 665 2773 735 πωλοῦσιν,
2805 665 3103 738 αἰσχύνωσι
3133 667 3229 722 καὶ
3251 666 3623 740 λυμήνωνται,
3650 672 3867 743 πέμψας

2290 754 2391 827 τῆς
2421 756 2521 825 μὲν
2564 757 2693 829 περὶ
2731 761 2906 813 ἐκεῖνο
2941 759 3195 831 φυλακῆς
3247 760 3376 824 τοὺς
3417 760 3537 817 ἐκεῖ
3587 762 3750 829 ἀνίει,
3799 758 3877 819 ὧν

2292 848 2510 916 πρῶτος
2532 845 2601 919 ἦν
2626 853 2654 906 ὀ
2678 851 2939 922 ἐκτομίας
2962 852 3345 925 Ἢονοπολίτης
3372 855 3467 907 καὶ
3489 848 3665 923 μέγας
3691 855 3875 926 δρουγο

2292 941 2505 1011 γάριος,
2536 942 2595 1008 δς
2627 945 2720 999 καὶ
2772 944 2867 998 τὸν
2898 945 3248 1017 ιερομὸναχον
3285 946 3608 1023 ’Δθανᾴσιον
3637 950 3779 1015 κατά
3806 951 3873 1004 τὲ

2292 1035 2385 1089 τοῦ
2424 1035 2595 1113 Γάνου
2628 1036 2727 1110 δρη
2784 1037 3207 1110 ἐνδιατρίϐοντα,
3261 1040 3527 1111 πρότερον
3554 1041 3635 1112 τῷ
3663 1057 3873 1111 πορφυ-

2293 1131 2602 1203 ρογεννήτῳ
2627 1132 2979 1198 συπαθέντα,
3011 1133 3141 1204 παρ’
3173 1125 3234 1187 οὗ
3255 1150 3317 1204 γε
3340 1134 3436 1188 καὶ⁵
3459 1134 3685 1188 πλεῖστα
3711 1137 3871 1205 εὐηρ-

2292 1222 2508 1295 γέτητο,
2530 1222 2607 1297 τῷ
2634 1223 2842 1296 βασιλεῖ
2871 1226 3116 1296 συνιστᾷ.
3144 1224 3218 1279 Τὸ
3235 1225 3292 1279 δέ
3319 1241 3382 1295 γε
3407 1226 3566 1292 σῶμα
3598 1228 3867 1296 προστάσ-

2293 1332 2375 1369 σει
2408 1315 2669 1385 φέροντας
2702 1319 2768 1387 τῇ
2798 1318 2940 1371 κατὰ
2981 1316 3289 1389 Σηλυϐρίαν
3318 1317 3413 1372 τοῦ
3449 1318 3703 1389 Σωτῆρος
3741 1322 3873 1390 μονῇ

2291 1407 2349 1459 ἐν
2389 1404 2539 1476 αὐτῷ
2568 1405 2646 1477 τῷ
2675 1407 2791 1477 ναῷ
2844 1407 2982 1478 αὐτῇ
3017 1408 3249 1478 λάρνακι
3285 1410 3624 1463 καταθεῖναι.
3672 1409 3788 1463 Καὶ
3816 1410 3875 1463 τὸ

2296 1497 2397 1567 μὲν
2417 1498 2588 1565 οὕτως
2621 1501 2991 1569 ἀνακομισθὲν
3009 1499 3103 1553 τοῦ
3118 1501 3588 1572 Βουλγαροκτόνου
3609 1501 3875 1573 βασιλέως

2293 1592 2581 1662 ἑτέρωθεν,
2618 1593 2676 1647 δν
2708 1597 2772 1647 ἐκ
2802 1594 2895 1649 τοῦ
2929 1594 3193 1667 Ἑϐδόμου
3224 1596 3684 1670 παρημελημένον
3715 1613 3877 1667 μετα-

2292 1686 2482 1755 γαγὼν
2520 1688 2728 1752 ἐκεῖνος
2774 1689 2953 1743 ἐκεῖσε
2992 1690 3158 1746 πάλαι
3193 1691 3473 1755 κατέθετο,
3531 1691 3739 1744 τίθεται
3784 1692 3881 1745 καὶ

2293 1778 2477 1840 αὐτός.
2522 1776 2582 1831 ’0
2613 1777 2797 1845 μέντοι
2824 1794 2889 1847 γε
2915 1779 3169 1849 βασιλεὺς
3198 1783 3265 1837 τὰ
3290 1781 3416 1852 περὶ
3440 1781 3531 1835 τοῦ
3563 1783 3881 1837 Ἀθανασίου

606 1840 1204 1946 ἔξυσίίέν.κξ²ταεολίξῖς
1234 1844 1683 1946 ἐξωνη-σαμέ-νο-υς
1880 1851 2185 1946 κατοικίωῆ
2224 1846 2263 1901 Β
2294 1867 2505 1940 μαθὼν,
2539 1840 2640 1922 ὅσα
2660 1868 2724 1939 δὴ
2751 1840 3035 1943 mlh-pati}
3060 1840 3289 1945 χαίρων,
3311 1840 3407 1928 κᾶι
3440 1873 3639 1946 μᾶλλον
3665 1876 3878 1930 πείθον-

609 1930 742 1984 Ί’ότε
770 1932 826 1984 δὲ
847 1932 1028 1996 δείσας
1056 1936 1150 1992 καὶ
1180 1939 1308 2008 περὶ
1352 1937 1429 2008 τῷ
1477 1939 1571 1993 τοῦ
1604 1939 1870 2011 βασιλέως
1900 1941 2113 2013 σώματι
2155 1945 2187 1997 δ
2219 1955 2222 1959 ’

609 2024 847 2095 κρατῶν,
879 2025 955 2099 μὴ
980 2025 1285 2095 ἐξελθόντες
1314 2031 1363 2086 οἱ
1398 2032 1601 2089 Σκύθαι
1630 2039 1723 2090 καὶ
1776 2036 1867 2092 τὸν
1899 2037 2063 2091 τόπον
2091 2052 2192 2091 και-

612 2214 908 2284 irrupturis
928 2216 1097 2294 (quod
1139 2220 1587 2294 exspectabatur)
1611 2222 1833 2295 Scythis
1860 2225 2006 2282 vires
2042 2226 2187 2281 haud

614 2309 863 2366 modicas
894 2310 1281 2385 adiungerent,
1323 2315 1375 2369 in
1411 2325 1595 2387 partes
1632 2333 1824 2375 eorum
1859 2320 1985 2375 vitae
2033 2319 2190 2376 simi-

616 2404 843 2459 litudine
860 2420 924 2460 ac
939 2405 1081 2462 forte
1102 2409 1331 2479 originis
1348 2414 1738 2469 communione
1759 2417 1920 2470 tracti
1945 2434 1960 2483 ;
1988 2416 2192 2487 quippe

613 2512 847 2565 quorum
866 2514 977 2560 non
1005 2498 1164 2557 facile
1192 2499 1871 2563 numerabilismultitudo
1896 2492 2191 2576 ferebatur,

611 2593 919 2663 iuventutis
959 2597 1025 2653 ad
1072 2595 1937 2669 lalsiorum'patientiamduratas
1982 2605 2192 2657 incom—

620 2686 800 2742 modis
846 2688 1195 2746 educationis
1232 2692 1376 2748 haud
1420 2693 1629 2758 mollis,
1671 2695 1875 2766 quippe
1929 2695 1984 2752 in
2033 2696 2194 2761 locis,

618 2779 709 2834 ubi
745 2779 980 2839 libenter
1011 2784 1237 2853 degunt,
1283 2788 1520 2856 asperis.
1568 2788 1678 2843 Nec
1709 2790 1939 2843 deerant
1986 2804 2118 2862 opes
2164 2803 2195 2845 e

615 2882 1139 2946 proventugregum
1185 2889 1237 2932 ει
1265 2889 1673 2945 armentoru-n,
1724 2896 1848 2951 qum
1886 2894 2193 2937 numerosa

618 2965 673 3020 in
697 2964 834 3024 laetis
870 2970 1091 3038 pascuis
1124 2970 1368 3027 alebant.
1398 2971 1685 3027 Postremo
1708 2989 1809 3029 nec
1840 2973 2193 3029 inexercitati

618 3057 960 3116 habebantur
995 3062 1331 3120 militaribus
1360 3063 1765 3132 inunctionibus,
1812 3081 2048 3135 quarum
2076 3080 2186 3121 non

619 3156 942 3215 rudimenta.
1003 3159 1185 3213 solum
1224 3172 1431 3228 ponere
1466 3159 1614 3215 soliti
1649 3168 1809 3216 erant
1852 3158 2193 3232 quotidianis

616 3250 910 3309 venatibus
955 3250 1223 3318 ferarum,
1250 3252 1348 3308 sed
1394 3253 1775 3323 experimenta
1808 3254 1977 3311 etiam
2027 3254 2192 3309 edere

617 3342 832 3402 crebris
860 3358 958 3400 nec
989 3343 1303 3403 infelicibus
1335 3355 1529 3402 contra
1554 3347 1703 3403 viros
1739 3359 1983 3404 armatos
2010 3358 2194 3404 certa-

625 3435 887 3495 minibus.
914 3434 1054 3500 ﬂutc
1071 3438 1319 3509 periculo
1350 3440 1731 3509 praevertenda
1752 3438 1898 3496 factu
1925 3441 2193 3512 optimum

619 3531 833 3598 putavit
889 3540 1107 3601 gentem
1146 3529 1307 3586 istam
1363 3546 1432 3589 ex
1478 3529 1722 3588 Occidua
1767 3533 2090 3589 continente
2140 3534 2195 3589 in

618 3621 959 3681 Orientalem
991 3622 1314 3691 transferre,
1364 3624 1751 3696 collecareque
1786 3636 1940 3683 trans
1994 3626 2194 3681 fretum

622 3719 676 3771 in
711 3730 809 3770 ora
840 3715 1159 3788 Byzantina:
1201 3717 1435 3789 adversa
1460 3717 1694 3780 civitati.
1736 3719 1831 3774 sed
1875 3730 1931 3774 et
1968 3720 2197 3790 insuper

620 3820 921 3871 extenuare
946 3811 1137 3867 multis
1170 3820 1224 3866 et
1252 3811 1662 3880 extorsionibus
1694 3828 1825 3883 opes
1848 3814 2094 3879 illorum,
2129 3831 2198 3872 ne

623 3904 833 3960 conscii
854 3904 1060 3959 virium
1095 3904 1447 3975 prapriarum
1480 3906 1568 3962 sui
1604 3920 1840 3963 numero
1872 3918 1927 3964 et
1962 3916 2199 3967 annonae

622 3997 782 4069 copia
843 3999 1213 4070 superbirent.
1276 3995 1597 4069 Utrumque
1652 4010 1881 4057 strenue
1938 4001 2193 4059 factum:

625 4095 754 4151 hinc
779 4094 925 4150 enim
960 4093 1215 4151 maximis
1244 4091 1423 4151 affecti
1460 4092 1679 4150 damnis
1706 4105 1837 4152 sunt
1871 4097 2198 4153 immanium

623 4186 824 4244 acerba
855 4187 1144 4243 exactione
1178 4187 1539 4252 tributorum,
1593 4197 1647 4243 et
1678 4189 2203 4248 immisericorditer

624 4281 804 4341 coacti
847 4280 1008 4337 sedes
1044 4291 1197 4337 trans
1237 4278 1652 4353 Hellespontum
1691 4282 1854 4338 ferre.
1902 4282 2058 4350 Quod
2092 4285 2202 4340 illis

623 4374 776 4431 omni
827 4374 1252 4446 contributionis
1304 4375 1505 4444 injuria
1565 4375 1852 4432 molestius
1906 4377 2140 4448 contigit
2182 4397 2196 4433 :

534 4467 545 4479 ’
625 4483 753 4527 nam
823 4478 902 4551 et
968 4468 1260 4524 occasione
1332 4468 1857 4540 transmigrationis,
1939 4468 2206 4527 festinatae

2289 1976 2381 2023 τος
2409 1958 2503 2012 τοῦ
2538 1959 2754 2029 καιροῦ,
2789 1959 2886 2033 τὴν
2916 1962 3008 2015 τοῦ
3037 1963 3275 2033 μεγαλου
3305 1966 3352 2017 oi
3378 1963 3744 2036 λογαριαστοῦ
3773 1982 3882 2018 πα-

2290 2051 2447 2109 λαιὰν
2504 2050 2839 2123 προσνείμας
2889 2053 3057 2126 μονὴν
3115 2056 3246 2128 παρ’
3298 2057 3479 2127 ἑαυτῷ
3511 2051 3658 2127 εἶχεν
3691 2050 3882 2120 ὁσάκις

2296 2232 2426 2297 soli,
2482 2242 2641 2289 extra
2701 2233 2847 2305 quod
2896 2250 2955 2290 se
3005 2250 3244 2306 suasque
3290 2235 3529 2292 familias
3574 2238 3663 2292 vix
3723 2251 3883 2305 posse

2292 2328 2480 2384 vivere
2512 2329 2632 2397 ipsa
2662 2343 2757 2382 eos
2779 2329 3123 2398 experientia
3158 2329 3415 2387 docebat.
3479 2327 3597 2385 Sub
3630 2331 3773 2384 hanc
3829 2342 3883 2383 et

2292 2420 2399 2475 alia
2439 2435 2571 2475 cura
2619 2421 2847 2476 incessit
2877 2421 3283 2489 Andronicum,
3317 2430 3667 2492 reputantem
3702 2422 3756 2475 in
3804 2435 3873 2477 ea

2292 2514 2518 2584 regione
2556 2529 2722 2584 quam
2752 2530 2881 2570 mox
2912 2514 3234 2571 vastandam
3272 2512 3592 2569 incursione
3624 2513 3879 2583 Scythica

2295 2614 2473 2660 metus
2494 2614 2609 2660 erat
2648 2605 2880 2661 nimium
2913 2604 3272 2671 verisimilis,
3304 2605 3493 2675 jacere
3537 2617 3744 2673 corpus
3780 2598 3865 2656 Mi-

2292 2698 2500 2756 chaelis
2528 2700 2757 2770 Augusti
2795 2698 2967 2768 patris
2996 2700 3120 2768 sui;
3150 2699 3295 2769 quod
3332 2692 3631 2768 apparebat
3654 2709 3879 2767 rapaces

2294 2792 2557 2849 barbaros
2598 2807 2628 2846 a
2665 2793 2815 2848 nullo
2840 2791 3106 2859 facinore,
3133 2794 3278 2865 quod
3304 2802 3677 2863 quaestuosum
3717 2799 3875 2861 puta-

2297 2896 2444 2950 rent,
2478 2886 2863 2952 abhorrentes,
2894 2886 3201 2941 violaturos
3229 2893 3283 2940 et
3310 2892 3695 2953 asportaturos
3730 2881 3875 2943 inde,

2297 2988 2359 3034 ut
2381 2994 2448 3034 eo
2474 2978 2685 3034 scilicet
2716 2980 2941 3033 nomine
2967 2993 2997 3034 a
3036 2977 3279 3033 defuncti
3320 2975 3642 3032 memoriam
3690 2977 3877 3029 colen-

2298 3064 2445 3126 tibus
2481 3074 2741 3140 pccunias
2773 3070 3172 3140 exprimerent.
3203 3069 3282 3125 Ex
3314 3084 3426 3140 quo
3454 3068 3692 3123 alterum
3739 3065 3876 3120 duo-

2298 3178 2420 3218 rum
2454 3164 2508 3217 in
2560 3178 2617 3218 se
2661 3163 3100 3218 redundaturum
3147 3169 3299 3219 esset
3340 3159 3789 3221 incommodum,
3820 3166 3877 3211 ut

2298 3269 2394 3311 aut
2451 3258 2729 3326 ingentem
2816 3259 3053 3321 superbo
3110 3254 3343 3310 arbitrio
3414 3253 3871 3309 avarissimorum

2296 3353 2572 3408 latronum
2608 3352 2901 3421 proﬂigare
2951 3351 3071 3405 auri
3132 3364 3424 3405 numerum
3475 3347 3703 3403 deberet
3736 3346 3879 3402 redi-

2299 3442 2499 3498 mendo
2530 3442 2709 3497 Patris
2739 3440 2978 3512 corpori,
3026 3450 3119 3496 aut
3153 3440 3386 3511 insignis
3416 3440 3522 3496 sibi
3567 3439 3712 3495 foret
3746 3438 3877 3495 sub-

2299 3540 2475 3591 euntia
2524 3534 2748 3589 infamia
2806 3532 3038 3605 neglecti
3097 3532 3260 3589 oﬂicii
3316 3543 3424 3587 tam
3469 3532 3568 3602 pii,
3630 3530 3877 3603 angustis

2304 3629 2551 3699 reliquiis
2575 3628 2879 3684 Christiani
2917 3627 3216 3698 principis,
3265 3627 3359 3699 qui
3393 3627 3497 3682 sibi
3547 3625 3674 3681 vita:
3716 3635 3876 3695 atque

2304 3724 2518 3794 imperii
2581 3730 2777 3776 auctor
2822 3721 3165 3784 exstitisset,
3216 3719 3271 3773 in
3318 3727 3597 3789 potestate
3640 3715 3879 3788 profanas

2302 3815 2597 3885 impieque
2668 3812 2943 3868 barbarici
3002 3813 3068 3868 ad
3126 3812 3426 3868 ludibrium
3476 3810 3881 3880 relinquendis,

2304 3907 2465 3965 Huic.
2489 3922 2827 3963 occursurus
2856 3907 3025 3973 malo,
3060 3921 3201 3976 quos
3236 3904 3303 3960 ad
3336 3904 3510 3977 patris
3532 3902 3809 3959 tumulum
3830 3903 3880 3959 ei

2304 3999 2669 4057 custodiendo
2702 3997 3048 4069 praefecerat,
3077 3997 3146 4053 iis
3175 4006 3236 4053 ut
3288 3997 3528 4054 statione
3554 3995 3880 4053 decederent

2309 4092 2560 4148 indulsit.
2615 4088 2837 4147 Primus
2884 4098 3004 4145 erat
3059 4090 3258 4144 horum
3287 4086 3461 4157 spado
3505 4087 3879 4158 Eonopolites,

2307 4200 2541 4259 magnus
2586 4183 2731 4240 idem
2781 4180 3150 4254 drungarius;
3200 4181 3295 4259 qui
3352 4188 3411 4236 et
3476 4179 3613 4235 inde
3669 4177 3881 4233 rediens

2308 4258 2801 4338 ltieromonacbum
2845 4278 3209 4334 Athanasium
3250 4258 3403 4331 circa
3436 4274 3577 4332 Cani
3622 4285 3878 4329 montana

2306 4372 2778 4438 commoranteiu,‘
2800 4370 2893 4427 uti
2914 4372 3065 4443 prius
3096 4369 3571 4443 Porphyrogenito
3602 4381 3878 4425 commcn-

2309 4469 2561 4533 daverat,
2592 4484 2621 4522 a
2652 4481 2762 4538 quo
2793 4465 3049 4527 maximis
3079 4473 3163 4520 est
3200 4463 3489 4520 beneficiis
3516 4460 3766 4527 affectus,
3800 4460 3879 4514 sic

625 4562 932 4634 praesertim
965 4561 1294 4632 urgentibus
1346 4560 1643 4631 implacide
1689 4561 2041 4628 satellitibus,
2088 4566 2205 4635 ple—
2237 4559 2284 4618 D
2310 4559 2629 4633 imperatori
2666 4574 2889 4632 quoque
2917 4557 3117 4614 obtulit
3143 4557 3199 4612 in
3231 4556 3467 4627 ejusque
3514 4556 3750 4627 gratiam
3790 4554 3875 4608 in-

626 4669 827 4726 rasque
876 4661 1322 4723 comparatarnm
1356 4652 1517 4725 longa
1560 4667 1741 4721 mora,
1784 4655 1874 4710 ubi
1927 4655 2201 4724 vixerant,

624 4766 732 4805 non
779 4746 931 4820 parvi
983 4748 1140 4819 pretii
1175 4763 1382 4815 rerum,
1430 4762 1570 4819 quas
1597 4752 1999 4817 Ltransportare
2052 4750 2202 4807 haud

623 4852 743 4907 erat
775 4842 957 4908 facile,
1006 4825 1204 4912 partim
1234 4842 1461 4914 perdere
1495 4841 1579 4899 vel
1615 4850 1807 4911 sponte
1838 4830 2206 4913 relinquendo

626 4940 706 4995 vel
735 4938 947 5009 rapinis
987 4936 1401 5007 opportunitate
1431 4936 1706 4992 utentium
1744 4935 1958 5002 furttm,
2000 4936 2200 5005 partim

623 5034 891 5108 damnose
945 5029 1103 5110 107
1155 5028 1390 5083 vendere
1418 5028 1603 5085 alieno
1636 5038 1904 5099 tempore,
1934 5029 2206 5086 vilissimo

626 5127 821 5195 pretio.
856 5124 1212 5194 cogebantur.
1243 5122 1551 5183 Accedebat
1579 5122 1725 5194 quod
1759 5124 1939 5194 rigore
1982 5123 2205 5189 hiemis,

626 5228 845 5289 quaest
867 5218 982 5289 inec
1017 5225 1233 5291 peracta
1262 5216 1572 5285 translatio,
1597 5232 1849 5286 magnam
1871 5229 1925 5273 et
1948 5220 2205 5275 miseram

628 5312 869 5379 stragem
926 5309 1011 5369 edi
1037 5318 1041 5323 '
1067 5308 1323 5381 contigit,
1359 5323 1484 5364 tum
1528 5309 1851 5374 hominum,
1880 5308 2208 5366 infirmioris

628 5402 932 5472 przesertim
980 5402 1179 5472 aetatis,
1223 5411 1339 5463 tum
1391 5410 1593 5461 tenerae
1634 5403 1905 5473 pecudum
1960 5404 2205 5479 sobolis;

630 5497 776 5551 unde
804 5497 1070 5551 damnum
1104 5495 1257 5566 lipsis
1302 5496 1699 5566 gravissimum
1746 5506 1830 5551 est
1865 5496 2113 5565 factum;l
2145 5513 2210 5555 ac

629 5574 827 5646 neutro,
853 5602 1055 5660 genere
1077 5602 1221 5644 novo
1247 5590 1389 5645 cmlo
1425 5602 1749 5645 assuescere
1774 5590 2015 5656 valente,
2060 5606 2207 5651 mor-

630 5683 779 5743 tibus
824 5682 878 5736 in
923 5681 1046 5740 dies
1090 5682 1623 5748 increbescentibus,
1676 5684 1969 5741 consilium
2020 5700 2212 5743 neces,

628 5775 839 5840 parium
862 5775 1148 5831 obtrusum
1185 5770 1437 5845 pluribus
1468 5790 1659 5830 eorum
1699 5776 2030 5832 redimenda:
2057 5776 2213 5847 sigil-

632 5869 785 5935 latim
839 5884 1034 5939 magna
1074 5870 1307 5939 pecunia
1370 5870 1647 5933 facultatis
1682 5871 1959 5950 repetendi
2014 5872 2212 5935 natalis

2308 4654 2572 4712 sinuavit.
2601 4651 2880 4708 Mandavit
2906 4659 3091 4706 autem
3119 4650 3201 4706 eis
3234 4659 3291 4704 ut
3319 4663 3508 4705 secum
3533 4646 3770 4703 ablatum
3799 4646 3881 4701 sui

2308 4748 2555 4823 parentis
2599 4745 2951 4824 imperatoris
2992 4734 3232 4812 cadaver
3270 4741 3581 4815 Selyhriam
3627 4743 3881 4812 deportaq

2311 4854 2454 4909 rent,
2498 4841 2686 4912 ibique
2709 4840 2851 4910 apud
2887 4840 3287 4895 monasterium
3325 4836 3637 4894 Salvatoris
3667 4836 3717 4890 in
3752 4833 3875 4902 ejus

2313 4938 2537 5007 templo
2568 4935 2929 5004 deponerent,
2983 4941 3043 4987 ut
3086 4940 3230 4995 erat.
3274 4932 3392 5003 ipsa
3449 4929 3731 4989 conditum
3756 4942 3881 4982 arca

2310 5043 2432 5099 quae
2465 5032 2661 5103 recens
2696 5036 2975 5083 mortuum
3007 5033 3322 5095 exceperat.
3343 5023 3436 5080 Sic
3468 5023 3727 5079 translata
3757 5034 3881 5075 ossa

2310 5120 2592 5179 Michaelis
2619 5120 2889 5177 collocata
2934 5129 3066 5175 sunt
3093 5134 3124 5175 e
3148 5116 3374 5191 regione
3404 5117 3645 5189 sepulcri
3693 5115 3882 5185 Bulga~

2316 5216 2529 5272 roctoni
2574 5213 2828 5285 Augusti,
2878 5213 3038 5285 cuius
3091 5213 3371 5285 neglectos
3425 5222 3480 5268 et
3526 5214 3884 5268 irreverenter

2318 5307 2481 5391 108
2529 5306 2749 5365 habitos
2776 5306 2991 5363 cineres
3021 5306 3149 5362 olim
3181 5305 3303 5378 ipse
3334 5304 3566 5363 Michael
3618 5319 3682 5360 ex
3739 5298 3882 5356 ﬂeb-

2312 5400 2634 5462 domoilluc
2686 5394 2982 5459 transferri
3042 5399 3234 5471 ibique
3279 5397 3546 5455 tumulari
3579 5400 3881 5454 curaverat.

2313 5493 2586 5554 Caeterum
2615 5492 2821 5550 auditis
2848 5492 3195 5556 Andronicus
3213 5492 3516 5563 imperator
3546 5500 3670 5562 quae
3694 5485 3879 5549 multa.

2316 5590 2580 5659 pleraque
2609 5589 2678 5643 de
2707 5586 2967 5644 monachi
3003 5586 3293 5651 Athanasii
3332 5585 3615 5652 laudibus,
3643 5582 3881 5651 Eonopo-

2316 5682 2414 5737 lita
2442 5681 2791 5749 memoravit,
2821 5696 2933 5753 qua
2956 5692 3154 5752 captus
3185 5680 3558 5737 admiratione
3583 5686 3742 5733 tanta
3775 5674 3881 5727 τίει

2316 5775 2474 5837 tutis,
2512 5790 2618 5845 qua
2644 5776 2750 5830 sibi
2793 5776 2959 5831 talem
3011 5776 3197 5833 virum
3229 5776 3285 5831 in
3340 5775 3427 5832 his
3485 5770 3878 5831 dissensionum

2320 5872 2580 5933 Et'clt’sitt:
2640 5870 2896 5942 procellis
2934 5885 3043 5930 non
3103 5870 3354 5928 inutilem
3419 5869 3536 5926 fore
3577 5876 3878 5926 autumans.
