4058 6282
442 484 544 548 l'23

1681 494 2010 557 GEORGII
2049 496 2537 566 ΡΑΕΗΥΜΕΒᾹΞ

3600 498 3698 563 lii

426 608 564 675 πρδς
594 608 840 680 Μαρῖνον
881 609 1201 680 παρίστησι,
1257 615 1318 665 τδ
1374 613 1505 682 γοῦν
1551 613 1795 666 τοιοῦτον
1846 615 2010 699 ρητδν
2034 613 2089 676 Α
2114 614 2245 670 Υίοῦ
2268 617 2325 672 δὲ
2342 619 2404 672 οὑ
2420 619 2676 691 λέγομεν,
2703 637 2723 672 ι
2745 619 2850 692 ὃδὴ
2867 618 3297 690 συνεξαιρεῖσθαι
3318 618 3394 689 τῷ
3415 620 3697 688 κεφαλαίῳ

425 702 928 776 ἀντιπεριχὼρησιν
978 706 1105 768 τοὺς
1152 705 1466 775 προθέσεων
1515 706 1682 777 φέρον
1733 707 1845 762 οὐδ’
1872 709 2012 772 ὅλως

423 793 686 864 ἐδέχοντο,
714 793 789 857 ὡς
813 793 887 866 μὴ
913 795 1013 865 τῆς
1043 797 1334 868 ἐπιστολῆς
1352 797 1410 865 ἐξ
1430 797 1726 871 ὁλοκλήρου
1761 801 2012 871 εὑρισκο-

425 886 596 956 μένης
622 886 930 958 ὲνθβίϐλοις,
957 889 1091 941 ἀλλά
1118 907 1170 944 τι
1191 889 1358 958 μέρος
1386 891 1602 960 ἐκείνης
1624 892 1752 963 περὶ
1782 891 1889 945 τῶν
1917 893 2012 946 δύο

423 977 738 1046 κεφαλαίων
767 980 1245 1051 διαλαμϐάνον-ἐφ’
1274 979 1356 1046 οἷς
1379 985 1426 1036 ot
1467 983 1566 1056 τῆς
1598 983 1866 1055 ἀνατολῆς
1895 983 2009 1038 τῶν

421 1069 652 1124 δυτικῶν
694 1071 1039 1135 ὲπελάϐοντᾳ
1090 1075 1214 1140 ὲνδς
1263 1076 1360 1144 μὲν
1393 1079 1489 1130 καὶ
1547 1076 1769 1147 πρώτου
1802 1075 1896 1131 τοῦ
1932 1079 2008 1149 μὴ

423 1163 524 1234 τὴν
557 1165 882 1237 ἁμαρτωλὸν
918 1168 1098 1239 σάρκα
1135 1168 1429 1224 ἀναλαϐεῖν
1487 1168 1574 1242 [Ρ.
1625 1169 1726 1243 Ἠ]
1777 1172 1867 1226 τὸν
1913 1172 2008 1226 τοῦ

422 1257 562 1312 Θεοῦ
590 1259 762 1327 Λόγον
785 1278 844 1315 τε
868 1262 962 1316 καὶ
988 1262 1138 1326 Υἱὸν,
1166 1263 1303 1317 ἀλλὰ
1341 1264 1439 1334 τὴν
1460 1266 1566 1335 πρὸ
1591 1265 1694 1336 τῆς
1719 1266 2007 1336 παρακοῆς

421 1350 517 1404 τοῦ
567 1351 741 1423 Ἀδὰμ
793 1354 1198 1426 ἀναμάρτητον,
1231 1355 1486 1428 δευτέρου
1521 1358 1580 1412 δέ
1628 1375 1690 1426 γε
1721 1357 1798 1422 ὡς
1827 1360 2008 1412 αἰτίαν

422 1442 502 1514 τῷ
532 1446 831 1515 Μονογενεῖ
863 1450 1290 1521 προσαπτόντων
1318 1449 1413 1504 ἐπὶ
1438 1453 1504 1523 τῇ
1539 1451 1868 1518 ἑκπορεύσει
1909 1450 2005 1506 τοῦ

425 1537 740 1609 uncum;
758 1560 773 1573 ο
809 1534 884 1597 ὧν
917 1542 1101 1613 τὸμὲν
1125 1543 1182 1597 ἒν
1211 1546 1302 1597 καὶ
1326 1544 1546 1614 πρῶτον
1571 1544 1806 1609 συνόλως
1831 1545 2004 1616 ἠρνή-

425 1649 606 1690 σαντο.
642 1633 701 1686 τὸ
734 1634 792 1687 δέ
822 1652 885 1702 γε
927 1634 1198 1706 δεύτερον,
1232 1635 1392 1691 τοῦτο
1429 1637 1492 1707 δὴ
1525 1636 1585 1689 τὸ
1613 1638 2002 1707 προκείμενον,

424 1725 786 1794 ἐθεράπευον,
818 1727 893 1792 ὼς
928 1729 976 1782 εί
1009 1731 1102 1782 καὶ
1147 1729 1355 1797 λέγοιεν
1385 1731 1448 1783 ὲκ
1488 1730 1704 1801 Πατρὸς
1747 1733 1842 1784 καὶ
1873 1730 2004 1783 Υῑοῦ

421 1818 481 1870 τὸ
513 1817 753 1888 Πνεῦμα,
771 1819 870 1873 οὐκ
903 1819 1076 1874 αἴτιον
1112 1822 1328 1884 πάντως
1361 1819 1619 1892 φρονοῦσι
1645 1820 1733 1874 τὸν
1758 1822 2003 1888 Μονογεο

422 1911 510 1978 νῆ,
545 1910 658 1964 ἀλλ’
698 1912 783 1964 ἴνα
809 1912 870 1964 τὸ
900 1912 1136 1982 συναφὲς
1163 1914 1258 1966 καὶ
1301 1912 1730 1981 ἀπαράλλακτον
1775 1916 1877 1982 τῆς
1913 1911 2004 1964 οὑ-

2115 704 2210 760 :11
2236 707 2422 779 σφόδρ’
2449 710 2784 766 ικινδύνευε.
2831 710 2932 764 Διὰ
2983 710 3144 764 τοῦτο
3175 711 3273 764 καὶ
3317 709 3602 780 δεχόμενοι
3636 709 3695 762 τὸ

2113 799 2412 868 κεφάλαιον
2441 801 2533 855 καὶ
2565 801 2642 865 ὡς
2664 804 2818 873 ἁγίου
2845 801 2940 874 τὴν
2963 801 3109 869 λέξιν
3149 801 3367 873 ἔχοντες
3404 801 3504 872 τὴν
3531 801 3695 873 θεραιο

2116 893 2278 946 πείαν
2319 893 2546 966 ἐζήτουν
2569 896 2712 950 κατὰ
2742 898 2801 951 τὸ
2826 896 2988 967 ὀρθὸν
3039 895 3134 949 τοῦ
3165 895 3458 963 δόγματος,
3485 896 3578 947 καὶ
3609 894 3698 948 τό·

2118 1003 2218 1054 μον
2243 986 2480 1055 γράφειν
2508 988 2740 1061 ᾑροῦντο
2761 990 2858 1044 καὶ
2886 991 3250 1060 λογογραφεῖν
3272 991 3371 1058 τὴν
3392 987 3694 1043 εὐσέϐειαν.

2114 1077 2271 1148 Σοφῷ
2299 1078 2428 1147 γοῦν
2457 1079 2704 1135 δοκοῦντι
2733 1081 2812 1151 τῷ
2864 1083 3201 1154 πατριάρχῃ,
3238 1081 3331 1134 καὶ
3387 1080 3530 1149 ὑπὲρ
3568 1081 3700 1133 πολ-

2113 1165 2241 1231 λοὺς
2266 1171 2384 1231 ταῖς
2413 1169 2696 1240 ἀληθείαις
2722 1172 2858 1235 ὄντι,
2891 1170 2992 1242 τὴν
3014 1171 3108 1224 τοῦ
3141 1171 3309 1238 τόμον
3333 1170 3554 1242 γραφὴν
3573 1169 3698 1224 ἐπέ·-

2111 1275 2314 1329 τρεπον
2349 1262 2551 1333 στήλην
2591 1262 2686 1317 καὶ
2736 1264 3021 1325 εὐσεϐείας
3050 1263 3271 1318 ἔσεσθαι
3327 1264 3695 1336 νομιζομένην

2113 1353 2329 1422 καὶτῆς
2352 1353 2459 1408 τῶν
2482 1355 2968 1426 παρεγκλινάντων
3007 1355 3171 1426 δῆθεν
3201 1357 3398 1418 κακίας
3431 1359 3544 1418 τοῖς
3575 1356 3693 1424 ὀψι-

2113 1440 2310 1508 γόνοις.
2345 1443 2456 1495 Καὶ
2486 1444 2548 1514 δὴ
2579 1446 2680 1514 τὴν
2713 1447 2912 1514 πρᾶξιν
2945 1446 3188 1510 ὑποστὰς
3216 1448 3244 1501 ὀ
3276 1447 3696 1520 πατριαρχεύων

2111 1536 2362 1603 γενναῖον
2389 1538 2556 1607 τόμον
2588 1539 2892 1610 συντίθησι,
2939 1540 3178 1594 τοσοῖσδε
3218 1539 3538 1608 κεφαλαίοις
3581 1541 3695 1609 ἅμα

2115 1626 2214 1696 μὲν
2239 1627 2640 1698 ἐπειλημμένος
2669 1632 2774 1683 τῶν
2796 1630 3086 1698 λεγόντων,
3115 1633 3230 1702 ἅμα
3261 1632 3315 1686 δ)
3349 1633 3444 1686 καὶ
3474 1633 3694 1694 τούτους

2109 1717 2284 1782 οὓτως
2308 1720 2530 1791 ἔχοντας
2553 1722 3017 1794 ἀποϐαλλόμενος.
3037 1725 3238 1778 Τοῦτον
3259 1723 3345 1778 ἐπ’
3367 1722 3694 1794 Ἐκκλησίας

2111 1813 2375 1883 πρότερον
2417 1814 2805 1881 ἀνεγίνωσκον,
2853 1819 2948 1871 καὶ
2996 1817 3083 1869 ἐπ’
3115 1817 3437 1888 ὀκρίϐαντος
3491 1815 3697 1878 ἀναϐάς

2109 1921 2194 1968 τις
2221 1905 2340 1958 καθ’
2372 1905 2603 1960 ἕκαστόν
2630 1925 2688 1959 τε
2720 1909 3016 1975 κεφάλαιον
3065 1909 3165 1980 τὴν
3199 1909 3474 1975 ἀποϐολὴν
3505 1909 3696 1979 ionico

423 2005 544 2068 σίας
577 2005 992 2074 παραστήσωσι.
1027 2003 1136 2077 Τὴν
1168 2004 1297 2072 γοῦν
1348 2003 1608 2074 τοιαύτην
1639 2002 2004 2072 ἁντιπεριχώ-
2033 1995 2078 2056 Β
2109 1997 2511 2068 μεγαλοφώνως
2554 2001 2673 2053 κατ’
2721 2001 2892 2069 ὄνομα
2940 2002 3049 2055 τῶν
3095 2001 3240 2055 οὕτω
3289 2001 3558 2070 λεγόντων
3606 2002 3697 2061 καὶ

423 2112 582 2166 ρησιν
608 2097 706 2165 τῆς
737 2097 1073 2166 προθέσεως,
1109 2099 1231 2151 ἐπεὶ
1258 2099 1359 2152 οὐκ
1390 2097 1699 2167 ἑνεκρίνετο
1730 2098 1844 2160 τοῖς
1869 2112 2006 2165 γνη-

423 2188 560 2251 σίοις
589 2188 681 2242 τοῦ
734 2189 878 2243 θείου
913 2191 1166 2260 Μαξίμου
1211 2190 1272 2243 τὸ
1318 2189 1423 2262 τῆς
1459 2190 1757 2260 ἐπιστολῆς
1793 2191 2009 2260 ἐκείνης

419 2282 702 2352 τεμάχιον,
759 2282 1136 2351 ἀπαράδεκτον
1203 2280 1448 2349 ἔγνωσαν
1499 2281 1668 2352 ἔχειν.
1736 2283 1902 2353 Μόνῳ
1960 2279 2008 2333 δ’

423 2372 665 2443 ἔχρῶντο
693 2373 771 2425 τῶ
803 2371 898 2426 τοῦ
965 2371 1325 2443 Δαμασκόθεν
1355 2373 1592 2446 Πατρὺς,
1623 2372 1700 2444 τῷ
1739 2392 1760 2426 ‹
1793 2373 1890 2427 Ἐκ
1915 2371 2008 2428 τοῦ
2035 2399 2042 2404 -

424 2547 579 2604 ribus
612 2564 840 2618 operum
867 2551 1044 2606 sancti
1081 2549 1338 2620 Maximi,
1372 2552 1467 2607 sed
1498 2559 1707 2618 partem
1741 2549 2008 2606 duntaaat

425 2640 840 2719 ejuslaliquam
888 2647 996 2700 duo
1037 2643 1363 2700 Latinorum
1401 2661 1432 2698 a
1490 2643 1699 2700 Graecis
1747 2653 2008 2700 accusata

421 2735 660 2813 capitula
692 2748 1110 2794 memorantem.
1136 2737 1380 2805 Quorum
1413 2739 1567 2808 prius
1596 2738 1702 2793 hoc
1719 2745 1859 2800 erat.
1896 2752 2006 2793 non

421 2830 787 2901 peccatricem
818 2847 1042 2888 carnem
1071 2843 1411 2904 assumptam
1447 2834 1620 2888 fuisse
1646 2847 1677 2888 a
1709 2833 1804 2889 Dei
1824 2831 2008 2889 Verbo

419 2929 474 2974 et
526 2919 686 2984 Filio,
737 2922 831 2977 sed
883 2938 1002 2976 eam
1059 2938 1180 2994 quae
1227 2934 1374 2978 esset
1408 2922 1615 2994 peccati
1656 2939 1852 2994 expers
1885 2933 2011 2980 ante

385 3048 392 3056 .
421 3014 849 3070 inobedientiam
879 3017 1075 3071 Adami
1117 3036 1131 3083 ;
1162 3018 1393 3072 alterum
1429 3027 1635 3085 autem,
1664 3033 1775 3088 quo
1803 3019 2010 3075 tribue-

421 3105 584 3159 batur
607 3105 897 3178 Unigenito
921 3106 1061 3162 ratio
1091 3122 1270 3164 causa:
1295 3109 1347 3163 in
1373 3109 1727 3179 processione
1741 3108 2006 3180 Spiritus.

2109 2089 2462 2156 δοξαζόντων.
2489 2093 2782 2161 μετέπειτα
2815 2094 2871 2146 δὲ
2904 2095 3060 2158 αὐτὸς
3107 2093 3362 2163 βασιλεὺς
3394 2093 3483 2147 διὰ
3516 2110 3696 2152 κιννα-

2111 2182 2328 2253 ϐάρεως
2357 2182 2773 2254 καθυπέγραφε,
2812 2181 2930 2239 εἶτα
2963 2185 3020 2239 δὲ
3060 2184 3409 2257 πατριάρχης
3442 2186 3538 2238 καὶ
3571 2186 3694 2252 ὲφε-

2110 2271 2210 2340 ξῆς
2237 2274 2288 2324 οἱ
2321 2274 2617 2344 ἀρχιερεῖς.
2643 2274 2766 2328 Ἐπὶ
2791 2274 2848 2330 δὲ
2881 2276 3008 2338 τοὺς
3033 2277 3132 2346 τῆς
3164 2275 3490 2346 Ἐκκλησίας
3520 2275 3702 2328 ἐλθόν-κ

2107 2380 2222 2430 τες,
2249 2365 2375 2418 ἐπεὶ
2407 2367 2695 2431 κάκείνους
2723 2367 3196 2439 ὑποσημαίνεσθαι
3227 2373 3319 2423 τὸν
3345 2369 3510 2440 τόμον
3530 2365 3700 2442 ἠϐού-

2112 2546 2394 2617 sigillatim
2432 2549 2834 2618 expendentem
2865 2551 3047 2620 capita
3077 2558 3349 2605 motarum
3381 2559 3699 2607 controver-

2110 2643 2355 2709 siarum;
2403 2644 2456 2697 in
2511 2660 2622 2713 quo
2672 2645 2814 2700 baud
2869 2645 3111 2700 molliter
3148 2644 3412 2716 carpebat
3445 2647 3700 2701 adversa-

2118 2736 2257 2801 rios,
2291 2746 2343 2792 et
2379 2736 2586 2794 diserte
2629 2739 2959 2807 reprobabat
3001 2739 3407 2810 abjiciebatque
3448 2749 3507 2794 ut
3552 2755 3699 2796 sana:

2111 2828 2380 2886 doctrinae
2434 2834 2718 2888 contraria
2758 2842 2969 2888 asserta
3027 2833 3297 2903 ipsorum.
3327 2829 3701 2908 Conscriptus

2111 2925 2158 2981 is
2194 2933 2377 2980 tomus
2410 2926 2566 2996 prius
2619 2927 2672 2981 in
2730 2927 2965 2982 ecclesia
3038 2929 3216 2985 lectus
3245 2929 3349 2984 hoc
3391 2928 3556 2984 modo
3594 2940 3697 2986 cst.

2109 3017 2503 3076 Conscendens
2552 3021 2678 3090 quis
2733 3021 2788 3076 in
2839 3022 3134 3093 pulpitum,
3190 3024 3318 3079 inde
3367 3038 3702 3094 unoquoque

2110 3112 2356 3180 capitulo
2392 3109 2643 3177 recitato,
2671 3111 2786 3183 ejus
2815 3115 3082 3169 continuo
3135 3114 3547 3170 damnationem
3577 3130 3701 3183 pro—

419 3198 496 3253 Δρ
523 3199 760 3268 primum
806 3200 1028 3271 quidem
1085 3201 1223 3256 illud
1279 3203 1509 3257 onmino
1557 3204 1846 3274 negabant.
1906 3206 2010 3261 Se-
2113 3204 2405 3260 nuntiabat
2458 3221 2592 3260 voce
2651 3207 2758 3262 late
2809 3223 3030 3275 sonora,
3065 3210 3346 3278 expressis
3379 3209 3700 3264 nominibus

420 3292 667 3347 nitidum
724 3308 855 3349 vero
905 3294 1258 3364 expositione
1311 3297 1688 3368 temperabant
1750 3300 1803 3354 in
1863 3301 2009 3356 hunc
2042 3353 2082 3368 Α
2114 3311 2302 3351 eorum
2333 3311 2475 3367 quos
2530 3297 2612 3354 sic
2654 3298 2801 3367 loqui
2839 3308 2890 3354 et
2925 3300 3134 3356 sentire
3165 3300 3371 3355 aiebat.
3419 3299 3551 3357 Post
3588 3300 3699 3354 haec

421 3386 643 3441 modum
676 3403 690 3438 :
729 3386 842 3442 Etsi
879 3388 1128 3443 dicerent
1155 3404 1222 3444 ex
1262 3389 1424 3444 Patre
1459 3388 1710 3466 Filioque
1740 3392 2006 3464 Spiritum
2039 3386 2083 3415 υ
2117 3392 2234 3462 ipse
2267 3393 2568 3464 imperator
2599 3395 2821 3451 rubrica
2847 3396 3200 3466 subscripsit,
3237 3395 3431 3451 deinde
3463 3397 3698 3467 patriar<

418 3479 862 3545 procederemon
894 3492 1074 3537 tamen
1111 3481 1278 3551 hujus
1302 3498 1528 3539 causam
1561 3500 1860 3553 agnoscere
1881 3487 2014 3543 Uni-
2114 3486 2244 3553 cha,
2275 3494 2388 3540 tum
2419 3487 2614 3551 ordine
2645 3489 2928 3558 praesules.
2957 3487 3040 3543 Ad
3073 3490 3281 3544 clerum
3315 3487 3551 3545 subinde
3573 3503 3698 3544 ven-

421 3569 695 3639 genitum,
724 3571 819 3626 sed
850 3571 922 3626 ita
955 3572 1105 3642 loqui
1146 3581 1207 3628 ut
1252 3573 1646 3630 cohaerentiam
1681 3577 1932 3634 intimam
1958 3589 2013 3635 et
2117 3590 2234 3637 tum
2269 3600 2283 3637 :
2325 3599 2451 3638 nam
2479 3593 2534 3643 et
2555 3585 3069 3640 ecclesiasticorum
3108 3584 3336 3641 secundi
3379 3584 3590 3642 ordinis
3608 3585 3698 3639 ιιτη

420 3663 929 3721 immutabilitatem
963 3667 1220 3722 essentia:
1247 3669 1621 3726 adstruerent.
1654 3671 1809 3740 Quod
1844 3675 2012 3738 verba
2117 3676 2256 3731 mari
2285 3677 2789 3748 subscriptionibus
2821 3687 3033 3733 tomum
3063 3679 3347 3744 volebant,
3383 3678 3496 3735 imo
3524 3679 3596 3734 ab
3617 3677 3701 3733 his

423 3771 590 3826 porro
640 3759 900 3814 attineret
931 3760 1026 3814 illa
1073 3761 1278 3831 quibus
1312 3762 1694 3819 afﬁrmabatur
1743 3766 2013 3838 aequipol-

418 3848 589 3903 lentia
621 3865 670 3902 et
692 3853 1020 3923 synonymia
1060 3857 1470 3923 praepositionis
1495 3871 1560 3912 ea:
1586 3872 1712 3913 cum
1742 3875 1857 3928 per,
1877 3875 2014 3929 quo-

422 3945 569 3997 niam
611 3948 981 4015 fragmentum
1021 3948 1290 4018 epistolre,
1326 3950 1380 4003 in
1405 3965 1516 4021 quo
1542 3951 1633 4006 illa
1662 3952 2010 4025 legebantur,

422 4051 530 4091 non
597 4040 996 4094 accensebatur
1041 4040 1296 4111 legitimis
1345 4044 1566 4113 scriptis
1621 4045 1772 4100 illius
1830 4046 2012 4101 sancti

424 4131 694 4194 doctoris,
728 4133 820 4186 sed
854 4135 1103 4202 spurium
1129 4144 1182 4190 et
1214 4135 1455 4193 atﬁctum
1481 4138 1804 4208 putabatur,
1828 4139 2017 4196 decre-

426 4235 626 4280 verunt
673 4228 996 4296 neutiquam
1033 4229 1248 4284 admitti
1284 4239 1540 4299 oportere
1570 4241 1624 4286 et
1656 4246 1760 4301 pro
1789 4231 2014 4289 indictis

420 4319 696 4377 habenda.
737 4319 867 4375 Solo
903 4322 1203 4378 utebantur
1253 4323 1581 4379 Damasceni
1632 4323 1814 4380 Patris
1849 4325 2014 4380 eﬂ‘ato

422 4414 538 4480 illo,
587 4429 619 4484 η
662 4437 694 4468 ι,
755 4415 800 4471 ls
850 4416 1086 4486 negabat
1119 4432 1178 4473 se
1218 4417 1402 4476 dicere
1451 4418 1716 4489 Spiritum
1755 4436 1818 4476 ex
1850 4419 2013 4476 Filio.

425 4512 557 4578 Quae
610 4519 772 4567 verba
826 4514 932 4569 sibi
984 4514 1248 4580 faventia,
1299 4516 1426 4586 quia
1467 4514 1727 4571 videbant
1769 4515 2012 4584 capitulo

422 4609 616 4662 eodem
669 4608 941 4663 contineri
990 4623 1097 4679 quo
1127 4609 1233 4664 alia
1277 4609 1370 4664 illa
1411 4624 1441 4664 a
1477 4607 1657 4665 Vecco
1683 4609 1911 4679 iactata,
1949 4623 2013 4662 ac

422 4712 825 4769 consequenter
889 4699 1192 4770 periclitari
1230 4715 1314 4756 .ne
1360 4701 1660 4772 rejicienda
1717 4711 1904 4757 essent
1955 4710 2092 4796 utD

421 4795 631 4862 spuria,
669 4795 712 4848 si
762 4794 1070 4863 capitulum
1124 4794 1285 4858 illud.
1324 4796 1740 4865 reprobaretur,
1775 4794 1911 4848 illud
1949 4808 2008 4849 se

422 4889 667 4956 recipere
699 4889 958 4942 dixerunt
990 4903 1183 4958 acpro
1215 4904 1346 4944 vero
1376 4889 1552 4943 sancti
1590 4887 1771 4942 Patris
1802 4886 2008 4955 scripto

425 4981 698 5047 venerari,
723 4991 979 5035 cancrum
1023 4981 1428 5050 expositionem
1463 4996 1714 5050 quaerere
1745 4997 1851 5051 qua
1885 4979 2011 5035 reli-

388 5068 392 5073 ’
423 5095 528 5148 qua
563 5079 650 5132 illa
685 5079 907 5134 duriora
939 5081 1220 5134 mollirent
1251 5089 1305 5132 et
1326 5079 1392 5132 ad
1424 5093 1648 5134 sensum
1678 5079 2008 5132 catholicum

425 5175 556 5228 recti
595 5174 868 5243 dogmatis
920 5175 1266 5244 adaptarent.
1307 5173 1485 5240 Quam
1528 5173 1583 5226 in
1635 5189 1749 5227 rem
1803 5173 2013 5227 consti-

425 5277 646 5322 tuerunt
687 5279 895 5321 tomum
930 5269 1177 5322 scribere
1211 5283 1277 5321 ac
1317 5267 1628 5322 doctrinam
1664 5281 1879 5321 sacram
1928 5264 2014 5319 {u-

420 5359 538 5414 sius
571 5361 724 5429 ιιι
759 5360 1059 5430 explicare.
1092 5359 1323 5414 Erudito
1359 5361 1526 5428 igitur
1556 5359 1874 5414 existimato
1909 5375 2010 5427 pa-

427 5452 682 5506 triarchae
752 5453 828 5518 (et
884 5467 1073 5506 revera
1147 5452 1236 5506 ille
1268 5452 1520 5507 doctrina
1585 5468 1749 5520 supra
1806 5454 2011 5506 multos

425 5548 752 5617 excellebat)
798 5549 1152 5616 scriptionem
1206 5549 1337 5601 tomi
1385 5546 1811 5611 demandarunt,
1845 5561 2008 5616 quam

425 5655 664 5710 perenne
700 5641 843 5710 apud
867 5651 1114 5711 posteros
1144 5653 1562 5695 monumentum
1597 5639 1712 5696 fore
1744 5641 2012 5710 putabant

423 5745 479 5790 et
525 5735 806 5805 religionis
845 5737 1088 5805 ipsorum
1143 5735 1199 5791 in
1251 5735 1578 5789 rectitudine
1623 5735 1898 5806 dogmatis
1931 5743 2011 5790 te-

428 5829 606 5885 nenda
637 5839 689 5883 et
718 5833 927 5908 erroris
960 5832 1432 5899 adversariorum,
1465 5830 1558 5900 qui
1591 5830 1799 5886 scilicet
1826 5844 1855 5882 a
1883 5827 2010 5882 ﬁdei

429 5923 617 5992 regula
646 5922 1041 5979 declinassent.
1073 5925 1327 5979 Admissa
1366 5933 1731 5993 susceptaque
1774 5923 2012 5994 patriar-

425 6014 530 6070 cba
561 6018 864 6087 provincia,
901 6027 1110 6076 tomum
1154 6018 1395 6079 validum
1445 6018 1782 6089 camposuit,
1813 6025 1892 6073 tot
1918 6016 2012 6078 illa

2114 3771 2396 3840 prmcipue
2419 3772 2718 3842 cupiebant
2739 3773 3057 3843 approbari,
3089 3774 3353 3843 quoniam
3391 3787 3500 3828 non
3533 3787 3696 3836 vana,

2121 3861 2200 3914 uti
2225 3859 2471 3928 aiebant,
2497 3863 2743 3932 suspicio
2787 3865 3119 3919 eratborum
3161 3879 3276 3920 non
3309 3879 3515 3935 paucos
3544 3879 3574 3919 a
3601 3863 3698 3920 do-

2115 3954 2293 4010 etrina
2329 3964 2482 4010 tome
2537 3956 2786 4024 exposita
2836 3957 3156 4013 abhorrere.
3202 3955 3697 4031 Quocirca‘expri-

2116 4045 2377 4103 mendum
2407 4047 2475 4103 ab
2505 4048 2592 4103 liis
2628 4049 3019 4104 existimabant
3044 4060 3259 4107 mature
3287 4065 3620 4108 consensum
3646 4051 3696 4107 in

2116 4140 2338 4196 decreta
2366 4143 2646 4197 communi
2678 4143 2888 4198 calculo
2920 4144 3255 4200 antistitum.
3292 4145 3363 4200 At
3401 4162 3511 4201 non
3540 4145 3698 4206 facile

2117 4235 2171 4290 id
2220 4235 2498 4305 negotium
2555 4250 2658 4290 usu
2695 4236 3099 4306 deprehensum
3141 4246 3226 4296 est
3253 4256 3272 4296 ι
3304 4253 3504 4313 praeter
3551 4242 3698 4298 enim

2117 4343 2347 4400 paucos,
2398 4343 2540 4402 quos
2590 4339 2644 4388 et
2693 4334 3048 4390 observatum
3078 4343 3254 4391 estex
3286 4335 3355 4391 iis
3401 4335 3575 4393 fuisse
3605 4337 3698 4407 qui

2117 4421 2488 4478 secessionem
2537 4424 2690 4493 prius
2725 4423 2994 4492 fecerant,
3031 4443 3225 4484 omnes
3281 4429 3461 4484 caeteri
3513 4430 3699 4486 clerici

2118 4517 2294 4584 prima
2325 4517 2508 4571 statim
2540 4517 2982 4587 interpellatione
3011 4521 3077 4574 de
3107 4521 3511 4577 subscribendo
3543 4522 3700 4593 plane

2119 4609 2479 4664 ostenderunt
2509 4625 2566 4664 se
2598 4611 2973 4667 inﬂexibiliter
3019 4612 3344 4670 obﬁrmalos
3390 4614 3456 4670 ad
3502 4631 3698 4688 negan-

2119 4703 2243 4756 dam
2287 4701 2402 4758 sive
2436 4703 2904 4774 subscriptionem
2941 4706 3057 4760 sive
3103 4706 3264 4760 aliam
3319 4708 3574 4778 quamvis
3601 4724 3696 4765 no-

2115 4809 2239 4850 vam
2263 4795 2690 4852 declarationem
2719 4812 2829 4851 sua:
2861 4798 2928 4852 de
2959 4798 3045 4854 bis
3078 4802 3387 4856 sententiae.
3422 4799 3611 4872 Neque
3632 4800 3698 4858 de

2115 4887 2217 4943 hac
2246 4888 2561 4944 inductione
2592 4891 2762 4945 animi
2796 4892 3078 4946 blanditiis
3122 4893 3321 4950 dedmti
3357 4895 3506 4961 ullis,
3541 4911 3603 4952 ac
3633 4911 3699 4950 ne

2113 4981 2279 5036 minis
2307 4983 2531 5054 quidem
2565 4983 2831 5039 dimoveri
2864 4997 3116 5054 potuere.
3135 4986 3374 5043 Causam
3409 4989 3697 5047 recusandi

2114 5075 2511 5131 validissimam
2571 5077 2849 5133 ducebant
2913 5095 2976 5134 ex
3038 5081 3333 5150 asperitate
3398 5098 3574 5153 nuper
3629 5085 3685 5138 in

2115 5170 2264 5240 ipsos
2318 5173 2582 5236 exercita,
2607 5174 2736 5226 dum
2774 5172 2927 5228 fuere
2961 5176 3133 5231 sacris
3155 5176 3312 5247 112
3331 5179 3540 5233 exclusi
3576 5187 3695 5231 tan-

2117 5267 2282 5327 taque
2325 5259 2627 5329 ignominia
2676 5261 2936 5326 traducti.
2999 5275 3166 5334 prout
3211 5267 3584 5322 narravimus.
3639 5265 3691 5320 Si

2116 5357 2285 5419 enim,
2341 5356 2584 5421 aiebant,
2646 5372 2770 5410 cum
2823 5372 2923 5412 nec
2977 5359 3228 5430 benignis
3275 5362 3694 5417 invitationibus

2118 5449 2303 5504 omnis
2357 5452 2579 5518 generis
2626 5466 2725 5505 nec
2778 5453 3330 5520 comminationibus,
3367 5473 3436 5512 ne
3477 5457 3693 5512 inﬂictis

2087 5586 2090 5589 .
2117 5542 2334 5613 quidem
2363 5542 2543 5613 poenis
2575 5530 2836 5614 gravibus
2868 5548 3098 5616 perpeUi
3131 5561 3292 5604 antea
3319 5552 3693 5621 potuissemue

2118 5635 2182 5690 ad
2218 5635 2625 5707 subscriptione
2648 5637 2757 5692 ulla
2785 5653 2976 5696 nostra
2995 5644 3365 5699 roborandam
3397 5647 3689 5717 quidquam

2117 5746 2184 5786 ex
2244 5733 2313 5787 iis
2360 5747 2483 5803 quae
2506 5733 2727 5810 publice
2785 5739 3195 5802 statuebantur,
3259 5748 3440 5794 tamen
3507 5749 3690 5795 secuta

2118 5828 2464 5896 postmodum
2501 5830 2866 5887 conversione
2897 5848 3082 5887 rerum
3121 5843 3229 5890 tam
3259 5837 3545 5891 atrocibus
3571 5848 3691 5905 sup-

2121 5918 2301 5988 pliciis
2325 5919 2529 5980 luimus
2559 5937 2767 5981 meram
2797 5926 3233 5995 connivemiam,
3261 5929 3348 5983 liis
3371 5915 3510 5999 ipsis
3539 5927 3694 5998 judi-

2121 6014 2371 6070 cantibus
2416 6026 2466 6071 et
2506 6014 3018 6074 immiscricorditcr
3081 6021 3506 6093 exsequentibus
3549 6018 3691 6098 iud}:
