  <div class='ocr_page' id='page_1' title='image "/cluster/home/n/w/nwhite01/storage/ocr_20150623/144/mdp.39015046822246/072.png"; bbox 0 0 4058 6282; ppageno 0'>
   <div class='ocr_carea' id='block_1_1' title="bbox 279 500 381 565">
    <p class='ocr_par' dir='ltr' id='par_1_1' title="bbox 279 500 381 565">
     <span class='ocr_line' id='line_1_1' title="bbox 279 500 381 565; baseline 0.01 -1"><span class='ocrx_word' id='word_1_1' title='bbox 279 500 381 565; x_wconf 70' lang='grc' dir='ltr'><strong>Ῑέθ</strong></span> 
     </span>
    </p>
   </div>
   <div class='ocr_carea' id='block_1_2' title="bbox 1169 507 2578 577">
    <p class='ocr_par' dir='ltr' id='par_1_2' title="bbox 1169 507 2578 577">
     <span class='ocr_line' id='line_1_2' title="bbox 1169 507 2578 577; baseline 0.006 -9"><span class='ocrx_word' id='word_1_2' title='bbox 1169 508 1267 569; x_wconf 88' lang='lat' dir='ltr'><strong>DE</strong></span> <span class='ocrx_word' id='word_1_3' title='bbox 1307 508 1762 571; x_wconf 75' lang='lat' dir='ltr'><strong>ANDRONICO</strong></span> <span class='ocrx_word' id='word_1_4' title='bbox 1796 507 2269 573; x_wconf 71' lang='lat' dir='ltr'><strong>PALIEOLOGO</strong></span> <span class='ocrx_word' id='word_1_5' title='bbox 2309 511 2458 573; x_wconf 83' lang='lat' dir='ltr'><strong>LIB.</strong></span> <span class='ocrx_word' id='word_1_6' title='bbox 2489 511 2578 577; x_wconf 76' lang='lat' dir='ltr'><strong>IL</strong></span> 
     </span>
    </p>
   </div>
   <div class='ocr_carea' id='block_1_3' title="bbox 3438 513 3549 578">
    <p class='ocr_par' dir='ltr' id='par_1_3' title="bbox 3438 513 3549 578">
     <span class='ocr_line' id='line_1_3' title="bbox 3438 513 3549 578; baseline 0.009 -1"><span class='ocrx_word' id='word_1_7' title='bbox 3438 513 3549 578; x_wconf 74' lang='grc'><strong>126</strong></span> 
     </span>
    </p>
   </div>
   <div class='ocr_carea' id='block_1_4' title="bbox 278 616 3547 711">
    <p class='ocr_par' dir='ltr' id='par_1_4' title="bbox 278 616 3547 711">
     <span class='ocr_line' id='line_1_4' title="bbox 278 616 3547 711; baseline 0.004 -40"><span class='ocrx_word' id='word_1_8' title='bbox 278 616 455 711; x_wconf 73' lang='grc' dir='ltr'>λοντο,</span> <span class='ocrx_word' id='word_1_9' title='bbox 489 632 580 670; x_wconf 86' lang='grc' dir='ltr'><strong>και</strong></span> <span class='ocrx_word' id='word_1_10' title='bbox 632 616 833 688; x_wconf 77' lang='grc' dir='ltr'>μᾶλλον</span> <span class='ocrx_word' id='word_1_11' title='bbox 861 618 1100 683; x_wconf 77' lang='grc' dir='ltr'>ἐκείνους</span> <span class='ocrx_word' id='word_1_12' title='bbox 1131 619 1204 681; x_wconf 83' lang='grc' dir='ltr'>ὼς</span> <span class='ocrx_word' id='word_1_13' title='bbox 1238 621 1739 711; x_wconf 78' lang='grc' dir='ltr'>ὑποπτευομένους,</span> <span class='ocrx_word' id='word_1_14' title='bbox 1788 623 1863 684; x_wconf 81' lang='grc' dir='ltr'>ὡς</span> <span class='ocrx_word' id='word_1_15' title='bbox 1898 627 1940 686; x_wconf 74' lang='grc' dir='ltr'><strong>Α</strong></span> <span class='ocrx_word' id='word_1_16' title='bbox 1971 624 2247 697; x_wconf 73' lang='grc' dir='ltr'><strong>συνεδρίου</strong></span> <span class='ocrx_word' id='word_1_17' title='bbox 2288 626 2514 698; x_wconf 75' lang='grc' dir='ltr'>ἀπήλων</span> <span class='ocrx_word' id='word_1_18' title='bbox 2566 625 2656 681; x_wconf 78' lang='grc' dir='ltr'>καὶ</span> <span class='ocrx_word' id='word_1_19' title='bbox 2709 626 2786 692; x_wconf 80' lang='grc' dir='ltr'>ὡς</span> <span class='ocrx_word' id='word_1_20' title='bbox 2834 626 3063 711; x_wconf 66' lang='grc' dir='ltr'>ἐχθροὺς</span> <span class='ocrx_word' id='word_1_21' title='bbox 3103 625 3340 698; x_wconf 72' lang='grc' dir='ltr'>ἔκρινον.</span> <span class='ocrx_word' id='word_1_22' title='bbox 3377 630 3441 684; x_wconf 84' lang='lat' dir='ltr'><strong>Ol</strong></span> <span class='ocrx_word' id='word_1_23' title='bbox 3488 630 3547 685; x_wconf 73' lang='grc' dir='ltr'>δὲ</span> 
     </span>
    </p>
   </div>
   <div class='ocr_carea' id='block_1_5' title="bbox 278 710 1866 783">
    <p class='ocr_par' dir='ltr' id='par_1_5' title="bbox 278 710 1866 783">
     <span class='ocr_line' id='line_1_5' title="bbox 278 710 1866 783; baseline 0.001 -19"><span class='ocrx_word' id='word_1_24' title='bbox 278 710 489 777; x_wconf 71' lang='grc' dir='ltr'>ἔλεγον,</span> <span class='ocrx_word' id='word_1_25' title='bbox 516 712 675 775; x_wconf 75' lang='grc' dir='ltr'>εὐθὺς</span> <span class='ocrx_word' id='word_1_26' title='bbox 716 712 1030 777; x_wconf 82' lang='grc' dir='ltr'>ἁνενδότους</span> <span class='ocrx_word' id='word_1_27' title='bbox 1062 711 1316 780; x_wconf 78' lang='grc' dir='ltr'>εὕρισκον</span> <span class='ocrx_word' id='word_1_28' title='bbox 1347 716 1442 767; x_wconf 73' lang='grc' dir='ltr'><strong>καὶ</strong></span> <span class='ocrx_word' id='word_1_29' title='bbox 1479 714 1555 777; x_wconf 87' lang='grc' dir='ltr'>ὠς</span> <span class='ocrx_word' id='word_1_30' title='bbox 1581 710 1728 783; x_wconf 77' lang='grc' dir='ltr'>εἶχον</span> <span class='ocrx_word' id='word_1_31' title='bbox 1754 715 1866 772; x_wconf 76' lang='grc' dir='ltr'>ὲνι-</span> 
     </span>
    </p>
   </div>
   <div class='ocr_carea' id='block_1_6' title="bbox 191 805 1868 876">
    <p class='ocr_par' dir='ltr' id='par_1_6' title="bbox 191 805 1868 876">
     <span class='ocr_line' id='line_1_6' title="bbox 191 805 1868 876; baseline 0.001 -19"><span class='ocrx_word' id='word_1_32' title='bbox 191 827 194 830; x_wconf 62' lang='grc'><strong>’</strong></span> <span class='ocrx_word' id='word_1_33' title='bbox 282 805 608 876; x_wconf 74' lang='grc' dir='ltr'>παμὲνους.</span> <span class='ocrx_word' id='word_1_34' title='bbox 662 805 808 873; x_wconf 79' lang='grc' dir='ltr'>Πλὴν</span> <span class='ocrx_word' id='word_1_35' title='bbox 833 806 942 876; x_wconf 77' lang='grc' dir='ltr'><strong>γὰρ</strong></span> <span class='ocrx_word' id='word_1_36' title='bbox 967 806 1189 876; x_wconf 78' lang='grc' dir='ltr'><strong>ὀλίγων,</strong></span> <span class='ocrx_word' id='word_1_37' title='bbox 1218 808 1309 859; x_wconf 75' lang='grc' dir='ltr'><strong>καὶ</strong></span> <span class='ocrx_word' id='word_1_38' title='bbox 1341 809 1546 860; x_wconf 79' lang='grc' dir='ltr'>τούτων</span> <span class='ocrx_word' id='word_1_39' title='bbox 1569 809 1683 859; x_wconf 80' lang='grc' dir='ltr'>ὅσοι</span> <span class='ocrx_word' id='word_1_40' title='bbox 1707 808 1868 876; x_wconf 74' lang='grc' dir='ltr'>τυχὸν</span> 
     </span>
    </p>
   </div>
   <div class='ocr_carea' id='block_1_7' title="bbox 283 894 1870 971">
    <p class='ocr_par' dir='ltr' id='par_1_7' title="bbox 283 894 1870 971">
     <span class='ocr_line' id='line_1_7' title="bbox 283 894 1870 971; baseline 0.001 -21"><span class='ocrx_word' id='word_1_41' title='bbox 283 897 382 950; x_wconf 73' lang='grc' dir='ltr'>καὶ</span> <span class='ocrx_word' id='word_1_42' title='bbox 414 897 725 967; x_wconf 65' lang='grc' dir='ltr'>σλιζόμενοι</span> <span class='ocrx_word' id='word_1_43' title='bbox 777 898 1043 968; x_wconf 85' lang='grc' dir='ltr'>πρότερον</span> <span class='ocrx_word' id='word_1_44' title='bbox 1080 899 1275 969; x_wconf 74' lang='grc' dir='ltr'>θερμοὶ</span> <span class='ocrx_word' id='word_1_45' title='bbox 1323 900 1694 971; x_wconf 80' lang='grc' dir='ltr'>συλλήπτορες</span> <span class='ocrx_word' id='word_1_46' title='bbox 1727 894 1870 971; x_wconf 75' lang='grc' dir='ltr'>ἦσαν</span> 
     </span>
    </p>
   </div>
   <div class='ocr_carea' id='block_1_8' title="bbox 282 984 1869 1055">
    <p class='ocr_par' dir='ltr' id='par_1_8' title="bbox 282 984 1869 1055">
     <span class='ocr_line' id='line_1_8' title="bbox 282 984 1869 1055; baseline 0.003 -16"><span class='ocrx_word' id='word_1_47' title='bbox 282 984 399 1039; x_wconf 80' lang='grc' dir='ltr'><strong>τῶν</strong></span> <span class='ocrx_word' id='word_1_48' title='bbox 428 984 678 1055; x_wconf 80' lang='grc' dir='ltr'>ὕστερον,</span> <span class='ocrx_word' id='word_1_49' title='bbox 730 987 780 1039; x_wconf 85' lang='lat' dir='ltr'><strong>oi</strong></span> <span class='ocrx_word' id='word_1_50' title='bbox 810 987 988 1041; x_wconf 75' lang='grc' dir='ltr'>λοιποὶ</span> <span class='ocrx_word' id='word_1_51' title='bbox 1018 988 1220 1052; x_wconf 80' lang='grc' dir='ltr'>πάντες</span> <span class='ocrx_word' id='word_1_52' title='bbox 1269 990 1395 1044; x_wconf 78' lang='grc' dir='ltr'>οὔτε</span> <span class='ocrx_word' id='word_1_53' title='bbox 1429 991 1694 1053; x_wconf 78' lang='grc' dir='ltr'><strong>θωπείαις</strong></span> <span class='ocrx_word' id='word_1_54' title='bbox 1738 989 1869 1043; x_wconf 80' lang='grc' dir='ltr'>καθ-</span> 
     </span>
    </p>
   </div>
   <div class='ocr_carea' id='block_1_9' title="bbox 284 1078 1871 1156">
    <p class='ocr_par' dir='ltr' id='par_1_9' title="bbox 284 1078 1871 1156">
     <span class='ocr_line' id='line_1_9' title="bbox 284 1078 1871 1156; baseline 0.003 -24"><span class='ocrx_word' id='word_1_55' title='bbox 284 1080 564 1150; x_wconf 81' lang='grc' dir='ltr'>υπήγοντο</span> <span class='ocrx_word' id='word_1_56' title='bbox 588 1078 704 1133; x_wconf 74' lang='grc' dir='ltr'>οὔτ’</span> <span class='ocrx_word' id='word_1_57' title='bbox 732 1082 983 1146; x_wconf 76' lang='grc' dir='ltr'><strong>ἀπειλαῖς</strong></span> <span class='ocrx_word' id='word_1_58' title='bbox 1009 1083 1379 1148; x_wconf 81' lang='grc' dir='ltr'>ὑπεκλίνοντο,</span> <span class='ocrx_word' id='word_1_59' title='bbox 1408 1084 1521 1139; x_wconf 80' lang='grc' dir='ltr'>ἀλλ’</span> <span class='ocrx_word' id='word_1_60' title='bbox 1553 1083 1772 1155; x_wconf 70' lang='grc' dir='ltr'>ἰσχυρὸν</span> <span class='ocrx_word' id='word_1_61' title='bbox 1802 1078 1871 1156; x_wconf 78' lang='grc' dir='ltr'>ἧν</span> 
     </span>
    </p>
   </div>
   <div class='ocr_carea' id='block_1_10' title="bbox 286 1172 1872 1247">
    <p class='ocr_par' dir='ltr' id='par_1_10' title="bbox 286 1172 1872 1247">
     <span class='ocr_line' id='line_1_10' title="bbox 286 1172 1872 1247; baseline 0.003 -22"><span class='ocrx_word' id='word_1_62' title='bbox 286 1172 473 1240; x_wconf 75' lang='grc' dir='ltr'>σφίσιν</span> <span class='ocrx_word' id='word_1_63' title='bbox 523 1174 605 1237; x_wconf 76' lang='grc' dir='ltr'><strong>είς</strong></span> <span class='ocrx_word' id='word_1_64' title='bbox 637 1173 935 1244; x_wconf 79' lang='grc' dir='ltr'>ἀπολογίαν</span> <span class='ocrx_word' id='word_1_65' title='bbox 986 1176 1056 1231; x_wconf 80' lang='grc' dir='ltr'>τὰ</span> <span class='ocrx_word' id='word_1_66' title='bbox 1102 1176 1231 1247; x_wconf 81' lang='grc' dir='ltr'>χθὲς</span> <span class='ocrx_word' id='word_1_67' title='bbox 1286 1176 1633 1232; x_wconf 82' lang='grc' dir='ltr'><strong>τελεσθέντα.</strong></span> <span class='ocrx_word' id='word_1_68' title='bbox 1675 1177 1872 1247; x_wconf 76' lang='grc' dir='ltr'>Είγὰρ</span> 
     </span>
    </p>
   </div>
   <div class='ocr_carea' id='block_1_11' title="bbox 288 1265 1871 1340">
    <p class='ocr_par' dir='ltr' id='par_1_11' title="bbox 288 1265 1871 1340">
     <span class='ocr_line' id='line_1_11' title="bbox 288 1265 1871 1340; baseline 0.003 -21"><span class='ocrx_word' id='word_1_69' title='bbox 288 1265 461 1335; x_wconf 80' lang='grc' dir='ltr'>μηδὲν</span> <span class='ocrx_word' id='word_1_70' title='bbox 487 1266 750 1329; x_wconf 77' lang='grc' dir='ltr'><strong>ἑκουσίως</strong></span> <span class='ocrx_word' id='word_1_71' title='bbox 788 1267 910 1322; x_wconf 78' lang='grc' dir='ltr'>,οὐδ’</span> <span class='ocrx_word' id='word_1_72' title='bbox 932 1268 1254 1340; x_wconf 79' lang='grc' dir='ltr'>ἀρεσκείαις</span> <span class='ocrx_word' id='word_1_73' title='bbox 1310 1273 1533 1333; x_wconf 70' lang='grc' dir='ltr'>πάσαις,</span> <span class='ocrx_word' id='word_1_74' title='bbox 1569 1268 1683 1323; x_wconf 77' lang='grc' dir='ltr'>ἀλλ’</span> <span class='ocrx_word' id='word_1_75' title='bbox 1710 1271 1871 1324; x_wconf 76' lang='grc' dir='ltr'>ἀπει-</span> 
     </span>
    </p>
   </div>
   <div class='ocr_carea' id='block_1_12' title="bbox 283 1352 1873 1430">
    <p class='ocr_par' dir='ltr' id='par_1_12' title="bbox 283 1352 1873 1430">
     <span class='ocr_line' id='line_1_12' title="bbox 283 1352 1873 1430; baseline 0.007 -26"><span class='ocrx_word' id='word_1_76' title='bbox 283 1352 409 1416; x_wconf 75' lang='grc' dir='ltr'>λαῖς</span> <span class='ocrx_word' id='word_1_77' title='bbox 433 1356 528 1407; x_wconf 78' lang='grc' dir='ltr'><strong>καὶ</strong></span> <span class='ocrx_word' id='word_1_78' title='bbox 561 1355 849 1411; x_wconf 76' lang='grc' dir='ltr'>κολάσεσιν</span> <span class='ocrx_word' id='word_1_79' title='bbox 882 1357 1305 1430; x_wconf 70' lang='grc' dir='ltr'>ὑπογράψαντες</span> <span class='ocrx_word' id='word_1_80' title='bbox 1360 1360 1614 1414; x_wconf 81' lang='grc' dir='ltr'>τοσοῦτον</span> <span class='ocrx_word' id='word_1_81' title='bbox 1646 1361 1873 1430; x_wconf 81' lang='grc' dir='ltr'>ἐπειρά-</span> 
     </span>
    </p>
   </div>
   <div class='ocr_carea' id='block_1_13' title="bbox 285 1445 1873 1523">
    <p class='ocr_par' dir='ltr' id='par_1_13' title="bbox 285 1445 1873 1523">
     <span class='ocr_line' id='line_1_13' title="bbox 285 1445 1873 1523; baseline 0.004 -25"><span class='ocrx_word' id='word_1_82' title='bbox 285 1445 465 1516; x_wconf 81' lang='grc' dir='ltr'>θησαν</span> <span class='ocrx_word' id='word_1_83' title='bbox 506 1447 615 1503; x_wconf 86' lang='grc' dir='ltr'>τῶν</span> <span class='ocrx_word' id='word_1_84' title='bbox 641 1448 851 1517; x_wconf 77' lang='grc' dir='ltr'>δεινῶν,</span> <span class='ocrx_word' id='word_1_85' title='bbox 886 1451 1113 1505; x_wconf 81' lang='grc' dir='ltr'>ἐκείνων</span> <span class='ocrx_word' id='word_1_86' title='bbox 1159 1452 1483 1523; x_wconf 77' lang='grc' dir='ltr'><strong>κρινόντων,</strong></span> <span class='ocrx_word' id='word_1_87' title='bbox 1517 1453 1610 1507; x_wconf 81' lang='grc' dir='ltr'><strong>καί</strong></span> <span class='ocrx_word' id='word_1_88' title='bbox 1655 1469 1720 1520; x_wconf 86' lang='grc' dir='ltr'>γε</span> <span class='ocrx_word' id='word_1_89' title='bbox 1750 1468 1873 1505; x_wconf 79' lang='grc' dir='ltr'>πει-</span> 
     </span>
    </p>
   </div>
   <div class='ocr_carea' id='block_1_14' title="bbox 286 1539 1875 1619">
    <p class='ocr_par' dir='ltr' id='par_1_14' title="bbox 286 1539 1875 1619">
     <span class='ocr_line' id='line_1_14' title="bbox 286 1539 1875 1619; baseline 0.004 -26"><span class='ocrx_word' id='word_1_90' title='bbox 286 1539 515 1619; x_wconf 84' lang='grc' dir='ltr'>ρῶνται,</span> <span class='ocrx_word' id='word_1_91' title='bbox 543 1541 639 1595; x_wconf 75' lang='grc' dir='ltr'>καὶ</span> <span class='ocrx_word' id='word_1_92' title='bbox 665 1542 837 1596; x_wconf 81' lang='grc' dir='ltr'>ταῦτα</span> <span class='ocrx_word' id='word_1_93' title='bbox 866 1544 990 1613; x_wconf 78' lang='grc' dir='ltr'>μηδ’</span> <span class='ocrx_word' id='word_1_94' title='bbox 1013 1545 1105 1598; x_wconf 72' lang='grc' dir='ltr'><strong>ἐπὶ</strong></span> <span class='ocrx_word' id='word_1_95' title='bbox 1133 1545 1400 1616; x_wconf 77' lang='grc' dir='ltr'><strong>δόγμασιν</strong></span> <span class='ocrx_word' id='word_1_96' title='bbox 1428 1547 1875 1619; x_wconf 76' lang='grc' dir='ltr'>ὑπογράψαντες,</span> 
     </span>
    </p>
   </div>
   <div class='ocr_carea' id='block_1_15' title="bbox 286 1634 1877 1713">
    <p class='ocr_par' dir='ltr' id='par_1_15' title="bbox 286 1634 1877 1713">
     <span class='ocr_line' id='line_1_15' title="bbox 286 1634 1877 1713; baseline 0.004 -27"><span class='ocrx_word' id='word_1_97' title='bbox 286 1635 435 1697; x_wconf 87' lang='grc' dir='ltr'>τίνες</span> <span class='ocrx_word' id='word_1_98' title='bbox 460 1634 690 1704; x_wconf 78' lang='grc' dir='ltr'>γένοιντ’</span> <span class='ocrx_word' id='word_1_99' title='bbox 719 1635 807 1709; x_wconf 88' lang='grc' dir='ltr'><strong>[Ρ.</strong></span> <span class='ocrx_word' id='word_1_100' title='bbox 831 1636 923 1709; x_wconf 77' lang='lat'><strong>75}</strong></span> <span class='ocrx_word' id='word_1_101' title='bbox 957 1638 1023 1692; x_wconf 84' lang='grc' dir='ltr'><strong>ἂν</strong></span> <span class='ocrx_word' id='word_1_102' title='bbox 1053 1636 1232 1702; x_wconf 82' lang='grc' dir='ltr'>αὖθις,</span> <span class='ocrx_word' id='word_1_103' title='bbox 1263 1639 1377 1709; x_wconf 76' lang='grc' dir='ltr'>εἴγε</span> <span class='ocrx_word' id='word_1_104' title='bbox 1404 1640 1546 1705; x_wconf 78' lang='grc' dir='ltr'>δόξοι</span> <span class='ocrx_word' id='word_1_105' title='bbox 1584 1642 1695 1695; x_wconf 72' lang='grc' dir='ltr'>τισὶ</span> <span class='ocrx_word' id='word_1_106' title='bbox 1721 1642 1877 1713; x_wconf 84' lang='grc' dir='ltr'>(πολ-</span> 
     </span>
    </p>
   </div>
   <div class='ocr_carea' id='block_1_16' title="bbox 286 1726 1875 1804">
    <p class='ocr_par' dir='ltr' id='par_1_16' title="bbox 286 1726 1875 1804">
     <span class='ocr_line' id='line_1_16' title="bbox 286 1726 1875 1804; baseline 0.004 -25"><span class='ocrx_word' id='word_1_107' title='bbox 286 1726 374 1780; x_wconf 82' lang='grc' dir='ltr'>λοὶ</span> <span class='ocrx_word' id='word_1_108' title='bbox 410 1728 454 1781; x_wconf 82' lang='grc' dir='ltr'>δ’</span> <span class='ocrx_word' id='word_1_109' title='bbox 488 1729 538 1782; x_wconf 82' lang='lat' dir='ltr'><strong>oi</strong></span> <span class='ocrx_word' id='word_1_110' title='bbox 563 1728 849 1802; x_wconf 84' lang='grc' dir='ltr'><strong>λοχῶντες)</strong></span> <span class='ocrx_word' id='word_1_111' title='bbox 884 1732 981 1785; x_wconf 75' lang='grc' dir='ltr'>καὶ</span> <span class='ocrx_word' id='word_1_112' title='bbox 1032 1730 1122 1786; x_wconf 80' lang='grc' dir='ltr'><strong>τὸν</strong></span> <span class='ocrx_word' id='word_1_113' title='bbox 1168 1732 1337 1804; x_wconf 85' lang='grc' dir='ltr'>τόμον</span> <span class='ocrx_word' id='word_1_114' title='bbox 1386 1734 1875 1802; x_wconf 84' lang='grc' dir='ltr'>καταιτιάσαιντο;</span> 
     </span>
    </p>
   </div>
   <div class='ocr_carea' id='block_1_17' title="bbox 288 1821 1873 1897">
    <p class='ocr_par' dir='ltr' id='par_1_17' title="bbox 288 1821 1873 1897">
     <span class='ocr_line' id='line_1_17' title="bbox 288 1821 1873 1897; baseline 0.004 -24"><span class='ocrx_word' id='word_1_115' title='bbox 288 1821 404 1875; x_wconf 80' lang='grc' dir='ltr'><strong>Καὶ</strong></span> <span class='ocrx_word' id='word_1_116' title='bbox 431 1822 481 1875; x_wconf 87' lang='grc' dir='ltr'><strong>εί</strong></span> <span class='ocrx_word' id='word_1_117' title='bbox 503 1821 677 1877; x_wconf 83' lang='grc' dir='ltr'>ταῦτα</span> <span class='ocrx_word' id='word_1_118' title='bbox 711 1824 945 1893; x_wconf 82' lang='grc' dir='ltr'>γένοιτο,</span> <span class='ocrx_word' id='word_1_119' title='bbox 986 1824 1071 1889; x_wconf 76' lang='grc' dir='ltr'><strong>τίς</strong></span> <span class='ocrx_word' id='word_1_120' title='bbox 1102 1824 1169 1879; x_wconf 79' lang='grc' dir='ltr'><strong>ἂν</strong></span> <span class='ocrx_word' id='word_1_121' title='bbox 1200 1825 1480 1895; x_wconf 76' lang='grc' dir='ltr'>ἐξελέσθαι</span> <span class='ocrx_word' id='word_1_122' title='bbox 1514 1827 1683 1897; x_wconf 78' lang='grc' dir='ltr'>ἡμᾶς,</span> <span class='ocrx_word' id='word_1_123' title='bbox 1720 1826 1873 1895; x_wconf 69' lang='grc' dir='ltr'>φασὶ,</span> 
     </span>
    </p>
   </div>
   <div class='ocr_carea' id='block_1_18' title="bbox 1968 716 3551 790">
    <p class='ocr_par' dir='ltr' id='par_1_18' title="bbox 1968 716 3551 790">
     <span class='ocr_line' id='line_1_18' title="bbox 1968 716 3551 790; baseline 0.002 -20"><span class='ocrx_word' id='word_1_124' title='bbox 1968 716 2067 787; x_wconf 79' lang='grc' dir='ltr'>τὴν</span> <span class='ocrx_word' id='word_1_125' title='bbox 2100 719 2218 787; x_wconf 80' lang='grc' dir='ltr'>μετ’</span> <span class='ocrx_word' id='word_1_126' title='bbox 2242 720 2472 774; x_wconf 80' lang='grc' dir='ltr'>ἐκείνων</span> <span class='ocrx_word' id='word_1_127' title='bbox 2499 718 2734 790; x_wconf 78' lang='grc' dir='ltr'>ὁμιλίαν,</span> <span class='ocrx_word' id='word_1_128' title='bbox 2763 719 2992 775; x_wconf 80' lang='grc' dir='ltr'>τοιαῦτα</span> <span class='ocrx_word' id='word_1_129' title='bbox 3027 719 3338 789; x_wconf 81' lang='grc' dir='ltr'>ζητούντων</span> <span class='ocrx_word' id='word_1_130' title='bbox 3366 738 3426 774; x_wconf 86' lang='grc' dir='ltr'><strong>τε</strong></span> <span class='ocrx_word' id='word_1_131' title='bbox 3453 721 3551 775; x_wconf 77' lang='grc' dir='ltr'>καὶ</span> 
     </span>
    </p>
   </div>
   <div class='ocr_carea' id='block_1_19' title="bbox 1967 808 3603 885">
    <p class='ocr_par' dir='ltr' id='par_1_19' title="bbox 1967 808 3603 885">
     <span class='ocr_line' id='line_1_19' title="bbox 1967 808 3603 885; baseline 0.003 -23"><span class='ocrx_word' id='word_1_132' title='bbox 1967 808 2259 877; x_wconf 82' lang='grc' dir='ltr'>λεγόντων,</span> <span class='ocrx_word' id='word_1_133' title='bbox 2290 812 2526 883; x_wconf 79' lang='grc' dir='ltr'>ἐρημίαν</span> <span class='ocrx_word' id='word_1_134' title='bbox 2568 810 2824 882; x_wconf 70' lang='grc' dir='ltr'>οἰόμενοι,</span> <span class='ocrx_word' id='word_1_135' title='bbox 2862 813 2961 884; x_wconf 77' lang='grc' dir='ltr'>τὴν</span> <span class='ocrx_word' id='word_1_136' title='bbox 2984 813 3029 868; x_wconf 84' lang='grc' dir='ltr'>δ’</span> <span class='ocrx_word' id='word_1_137' title='bbox 3052 812 3291 885; x_wconf 75' lang='grc' dir='ltr'>ἐρημίαν</span> <span class='ocrx_word' id='word_1_138' title='bbox 3322 813 3423 883; x_wconf 79' lang='grc' dir='ltr'>τὴν</span> <span class='ocrx_word' id='word_1_139' title='bbox 3450 815 3553 869; x_wconf 80' lang='grc' dir='ltr'><strong>ἀπ’</strong></span> <span class='ocrx_word' id='word_1_140' title='bbox 3600 864 3603 867; x_wconf 72' lang='lat'><strong>,</strong></span> 
     </span>
    </p>
   </div>
   <div class='ocr_carea' id='block_1_20' title="bbox 1970 898 3552 979">
    <p class='ocr_par' dir='ltr' id='par_1_20' title="bbox 1970 898 3552 979">
     <span class='ocr_line' id='line_1_20' title="bbox 1970 898 3552 979; baseline 0.003 -24"><span class='ocrx_word' id='word_1_141' title='bbox 1970 903 2198 958; x_wconf 81' lang='grc' dir='ltr'>ἐκείνων</span> <span class='ocrx_word' id='word_1_142' title='bbox 2250 898 2362 959; x_wconf 75' lang='grc' dir='ltr'>οἷον</span> <span class='ocrx_word' id='word_1_143' title='bbox 2438 903 2774 974; x_wconf 76' lang='grc' dir='ltr'>ἀσφάλειαν,</span> <span class='ocrx_word' id='word_1_144' title='bbox 2836 908 3200 979; x_wconf 80' lang='grc' dir='ltr'>περιήρχοντο</span> <span class='ocrx_word' id='word_1_145' title='bbox 3259 902 3552 977; x_wconf 83' lang='grc' dir='ltr'>πλανῆτες,</span> 
     </span>
    </p>
   </div>
   <div class='ocr_carea' id='block_1_21' title="bbox 1972 993 3555 1069">
    <p class='ocr_par' dir='ltr' id='par_1_21' title="bbox 1972 993 3555 1069">
     <span class='ocr_line' id='line_1_21' title="bbox 1972 993 3555 1069; baseline 0.005 -24"><span class='ocrx_word' id='word_1_146' title='bbox 1972 993 2327 1066; x_wconf 67' lang='grc' dir='ltr'>ἐστερημένοι</span> <span class='ocrx_word' id='word_1_147' title='bbox 2377 996 2479 1066; x_wconf 79' lang='grc' dir='ltr'>μὲν</span> <span class='ocrx_word' id='word_1_148' title='bbox 2533 998 2719 1067; x_wconf 80' lang='grc' dir='ltr'>τιμῆς,</span> <span class='ocrx_word' id='word_1_149' title='bbox 2774 998 3128 1069; x_wconf 70' lang='grc' dir='ltr'>ἐστερημένοι</span> <span class='ocrx_word' id='word_1_150' title='bbox 3183 1000 3241 1053; x_wconf 66' lang='grc' dir='ltr'>δὲ</span> <span class='ocrx_word' id='word_1_151' title='bbox 3286 998 3555 1067; x_wconf 84' lang='grc' dir='ltr'>προσόδου</span> 
     </span>
    </p>
   </div>
   <div class='ocr_carea' id='block_1_22' title="bbox 1973 1086 3554 1163">
    <p class='ocr_par' dir='ltr' id='par_1_22' title="bbox 1973 1086 3554 1163">
     <span class='ocr_line' id='line_1_22' title="bbox 1973 1086 3554 1163; baseline 0.004 -24"><span class='ocrx_word' id='word_1_152' title='bbox 1973 1086 2174 1159; x_wconf 81' lang='grc' dir='ltr'>πάσης,</span> <span class='ocrx_word' id='word_1_153' title='bbox 2208 1089 2301 1143; x_wconf 70' lang='grc' dir='ltr'><strong>καὶ</strong></span> <span class='ocrx_word' id='word_1_154' title='bbox 2324 1089 2383 1143; x_wconf 80' lang='grc' dir='ltr'><strong>τὸ</strong></span> <span class='ocrx_word' id='word_1_155' title='bbox 2411 1092 2618 1146; x_wconf 85' lang='grc' dir='ltr'>είκαίον</span> <span class='ocrx_word' id='word_1_156' title='bbox 2644 1092 2741 1163; x_wconf 80' lang='grc' dir='ltr'>τῆς</span> <span class='ocrx_word' id='word_1_157' title='bbox 2770 1092 3057 1163; x_wconf 74' lang='grc' dir='ltr'>διατριϐῆς</span> <span class='ocrx_word' id='word_1_158' title='bbox 3104 1093 3208 1161; x_wconf 84' lang='grc' dir='ltr'>τῆς</span> <span class='ocrx_word' id='word_1_159' title='bbox 3232 1092 3353 1147; x_wconf 88' lang='grc' dir='ltr'>καθ’</span> <span class='ocrx_word' id='word_1_160' title='bbox 3386 1092 3554 1147; x_wconf 78' lang='grc' dir='ltr'>αὑτοῦ</span> 
     </span>
    </p>
   </div>
   <div class='ocr_carea' id='block_1_23' title="bbox 1973 1178 3558 1255">
    <p class='ocr_par' dir='ltr' id='par_1_23' title="bbox 1973 1178 3558 1255">
     <span class='ocr_line' id='line_1_23' title="bbox 1973 1178 3558 1255; baseline 0.006 -24"><span class='ocrx_word' id='word_1_161' title='bbox 1973 1178 2182 1245; x_wconf 79' lang='grc' dir='ltr'>τάξεως</span> <span class='ocrx_word' id='word_1_162' title='bbox 2236 1181 2675 1255; x_wconf 78' lang='grc' dir='ltr'>ἁνθαιρούμενοι.</span> <span class='ocrx_word' id='word_1_163' title='bbox 2747 1183 2836 1249; x_wconf 84' lang='grc' dir='ltr'>Ὠς</span> <span class='ocrx_word' id='word_1_164' title='bbox 2872 1184 2929 1240; x_wconf 83' lang='grc' dir='ltr'><strong>δέ</strong></span> <span class='ocrx_word' id='word_1_165' title='bbox 2955 1187 3051 1240; x_wconf 74' lang='grc' dir='ltr'><strong>καὶ</strong></span> <span class='ocrx_word' id='word_1_166' title='bbox 3087 1181 3245 1247; x_wconf 81' lang='grc' dir='ltr'>αὖθις</span> <span class='ocrx_word' id='word_1_167' title='bbox 3276 1202 3558 1255; x_wconf 78' lang='grc' dir='ltr'>προσεκα-</span> 
     </span>
    </p>
   </div>
   <div class='ocr_carea' id='block_1_24' title="bbox 1973 1270 3557 1348">
    <p class='ocr_par' dir='ltr' id='par_1_24' title="bbox 1973 1270 3557 1348">
     <span class='ocr_line' id='line_1_24' title="bbox 1973 1270 3557 1348; baseline 0.004 -24"><span class='ocrx_word' id='word_1_168' title='bbox 1973 1270 2161 1325; x_wconf 83' lang='grc' dir='ltr'>λοῦντο</span> <span class='ocrx_word' id='word_1_169' title='bbox 2188 1275 2280 1327; x_wconf 83' lang='grc' dir='ltr'>καὶ</span> <span class='ocrx_word' id='word_1_170' title='bbox 2306 1274 2653 1346; x_wconf 79' lang='grc' dir='ltr'>ἀνεκρίνοντο</span> <span class='ocrx_word' id='word_1_171' title='bbox 2686 1278 2780 1331; x_wconf 74' lang='grc' dir='ltr'><strong>καὶ</strong></span> <span class='ocrx_word' id='word_1_172' title='bbox 2830 1277 2991 1331; x_wconf 81' lang='grc' dir='ltr'>πάλιν</span> <span class='ocrx_word' id='word_1_173' title='bbox 3023 1275 3202 1342; x_wconf 75' lang='grc' dir='ltr'>αὖθις.</span> <span class='ocrx_word' id='word_1_174' title='bbox 3230 1277 3326 1331; x_wconf 89' lang='grc' dir='ltr'><strong>καί</strong></span> <span class='ocrx_word' id='word_1_175' title='bbox 3348 1295 3413 1345; x_wconf 86' lang='grc' dir='ltr'>γε</span> <span class='ocrx_word' id='word_1_176' title='bbox 3441 1278 3557 1348; x_wconf 87' lang='grc' dir='ltr'><strong>μῶ-</strong></span> 
     </span>
    </p>
   </div>
   <div class='ocr_carea' id='block_1_25' title="bbox 1980 1365 3561 1440">
    <p class='ocr_par' dir='ltr' id='par_1_25' title="bbox 1980 1365 3561 1440">
     <span class='ocr_line' id='line_1_25' title="bbox 1980 1365 3561 1440; baseline 0.004 -24"><span class='ocrx_word' id='word_1_177' title='bbox 1980 1381 2079 1435; x_wconf 85' lang='grc' dir='ltr'><strong>μον</strong></span> <span class='ocrx_word' id='word_1_178' title='bbox 2110 1366 2261 1434; x_wconf 84' lang='grc' dir='ltr'>σφίοι</span> <span class='ocrx_word' id='word_1_179' title='bbox 2297 1365 2392 1420; x_wconf 76' lang='grc' dir='ltr'><strong>καὶ</strong></span> <span class='ocrx_word' id='word_1_180' title='bbox 2424 1367 2486 1420; x_wconf 80' lang='grc' dir='ltr'>τὸ</span> <span class='ocrx_word' id='word_1_181' title='bbox 2509 1369 2624 1429; x_wconf 80' lang='grc' dir='ltr'>τοῖς</span> <span class='ocrx_word' id='word_1_182' title='bbox 2658 1366 2951 1438; x_wconf 76' lang='grc' dir='ltr'>προτέροις</span> <span class='ocrx_word' id='word_1_183' title='bbox 2983 1370 3344 1440; x_wconf 78' lang='grc' dir='ltr'>προσκεῖσθαι</span> <span class='ocrx_word' id='word_1_184' title='bbox 3376 1370 3561 1439; x_wconf 56' lang='grc' dir='ltr'><strong>δοκεῖνζ</strong></span> 
     </span>
    </p>
   </div>
   <div class='ocr_carea' id='block_1_26' title="bbox 1976 1457 3559 1533">
    <p class='ocr_par' dir='ltr' id='par_1_26' title="bbox 1976 1457 3559 1533">
     <span class='ocr_line' id='line_1_26' title="bbox 1976 1457 3559 1533; baseline 0.004 -24"><span class='ocrx_word' id='word_1_185' title='bbox 1976 1458 2142 1509; x_wconf 81' lang='grc' dir='ltr'>κάκεῖ</span> <span class='ocrx_word' id='word_1_186' title='bbox 2164 1457 2254 1511; x_wconf 83' lang='grc' dir='ltr'><strong>τὸν</strong></span> <span class='ocrx_word' id='word_1_187' title='bbox 2287 1457 2415 1511; x_wconf 74' lang='grc' dir='ltr'>νοῦν</span> <span class='ocrx_word' id='word_1_188' title='bbox 2448 1458 2591 1528; x_wconf 79' lang='grc' dir='ltr'>ἔχειν</span> <span class='ocrx_word' id='word_1_189' title='bbox 2621 1462 2827 1529; x_wconf 76' lang='grc' dir='ltr'>ἐπῆγον</span> <span class='ocrx_word' id='word_1_190' title='bbox 2873 1460 2949 1522; x_wconf 82' lang='grc' dir='ltr'><strong>ὡς</strong></span> <span class='ocrx_word' id='word_1_191' title='bbox 2988 1462 3241 1533; x_wconf 72' lang='grc' dir='ltr'>ἔγκλημα</span> <span class='ocrx_word' id='word_1_192' title='bbox 3280 1464 3559 1532; x_wconf 76' lang='grc' dir='ltr'>μέγιστον,</span> 
     </span>
    </p>
   </div>
   <div class='ocr_carea' id='block_1_27' title="bbox 1978 1549 3562 1624">
    <p class='ocr_par' dir='ltr' id='par_1_27' title="bbox 1978 1549 3562 1624">
     <span class='ocr_line' id='line_1_27' title="bbox 1978 1549 3562 1624; baseline 0.003 -22"><span class='ocrx_word' id='word_1_193' title='bbox 1978 1551 2026 1602; x_wconf 80' lang='grc' dir='ltr'><strong>οἱ</strong></span> <span class='ocrx_word' id='word_1_194' title='bbox 2059 1550 2160 1621; x_wconf 81' lang='grc' dir='ltr'><strong>μὲν</strong></span> <span class='ocrx_word' id='word_1_195' title='bbox 2204 1551 2313 1605; x_wconf 83' lang='grc' dir='ltr'>οὐδ’</span> <span class='ocrx_word' id='word_1_196' title='bbox 2349 1549 2523 1616; x_wconf 77' lang='grc' dir='ltr'>οὕτως</span> <span class='ocrx_word' id='word_1_197' title='bbox 2584 1552 2773 1624; x_wconf 69' lang='grc' dir='ltr'>ἤθελον</span> <span class='ocrx_word' id='word_1_198' title='bbox 2828 1554 3211 1608; x_wconf 82' lang='grc' dir='ltr'>ὑποκλίνεσθαι</span> <span class='ocrx_word' id='word_1_199' title='bbox 3240 1598 3253 1616; x_wconf 84' lang='grc'><strong>,</strong></span> <span class='ocrx_word' id='word_1_200' title='bbox 3305 1555 3562 1609; x_wconf 82' lang='grc' dir='ltr'>ὑπόνοιαν</span> 
     </span>
    </p>
   </div>
   <div class='ocr_carea' id='block_1_28' title="bbox 1979 1643 3587 1718">
    <p class='ocr_par' dir='ltr' id='par_1_28' title="bbox 1979 1643 3587 1718">
     <span class='ocr_line' id='line_1_28' title="bbox 1979 1643 3587 1718; baseline 0 -22"><span class='ocrx_word' id='word_1_201' title='bbox 1979 1643 2354 1696; x_wconf 80' lang='grc' dir='ltr'>ἀνυπόστατον</span> <span class='ocrx_word' id='word_1_202' title='bbox 2393 1643 2772 1712; x_wconf 78' lang='grc' dir='ltr'>προτιμῶντες</span> <span class='ocrx_word' id='word_1_203' title='bbox 2809 1646 3119 1715; x_wconf 77' lang='grc' dir='ltr'>προφανοῦς</span> <span class='ocrx_word' id='word_1_204' title='bbox 3163 1646 3451 1718; x_wconf 75' lang='grc' dir='ltr'>ὀρρωδίας,</span> <span class='ocrx_word' id='word_1_205' title='bbox 3487 1646 3587 1716; x_wconf 82' lang='grc' dir='ltr'><strong>μὴ-</strong></span> 
     </span>
    </p>
   </div>
   <div class='ocr_carea' id='block_1_29' title="bbox 1980 1734 3565 1809">
    <p class='ocr_par' dir='ltr' id='par_1_29' title="bbox 1980 1734 3565 1809">
     <span class='ocr_line' id='line_1_29' title="bbox 1980 1734 3565 1809; baseline 0.001 -21"><span class='ocrx_word' id='word_1_206' title='bbox 1980 1734 2227 1805; x_wconf 79' lang='grc' dir='ltr'>ἁκριϐὦς</span> <span class='ocrx_word' id='word_1_207' title='bbox 2270 1736 2469 1799; x_wconf 79' lang='grc' dir='ltr'>εἰδότες</span> <span class='ocrx_word' id='word_1_208' title='bbox 2493 1736 2521 1789; x_wconf 81' lang='grc' dir='ltr'><strong>ὃ</strong></span> <span class='ocrx_word' id='word_1_209' title='bbox 2545 1752 2598 1790; x_wconf 86' lang='grc' dir='ltr'><strong>τι</strong></span> <span class='ocrx_word' id='word_1_210' title='bbox 2643 1737 2736 1790; x_wconf 74' lang='grc' dir='ltr'><strong>καὶ</strong></span> <span class='ocrx_word' id='word_1_211' title='bbox 2782 1737 3175 1809; x_wconf 74' lang='grc' dir='ltr'>ὑπογράψοιεν.</span> <span class='ocrx_word' id='word_1_212' title='bbox 3226 1735 3334 1796; x_wconf 85' lang='grc' dir='ltr'>Ἦν</span> <span class='ocrx_word' id='word_1_213' title='bbox 3364 1737 3473 1807; x_wconf 79' lang='grc' dir='ltr'><strong>γὰρ</strong></span> <span class='ocrx_word' id='word_1_214' title='bbox 3507 1741 3565 1791; x_wconf 81' lang='grc' dir='ltr'><strong>ἐν</strong></span> 
     </span>
    </p>
   </div>
   <div class='ocr_carea' id='block_1_30' title="bbox 1980 1826 3565 1901">
    <p class='ocr_par' dir='ltr' id='par_1_30' title="bbox 1980 1826 3565 1901">
     <span class='ocr_line' id='line_1_30' title="bbox 1980 1826 3565 1901; baseline 0.003 -23"><span class='ocrx_word' id='word_1_215' title='bbox 1980 1826 2059 1896; x_wconf 82' lang='grc' dir='ltr'>τῷ</span> <span class='ocrx_word' id='word_1_216' title='bbox 2085 1826 2237 1898; x_wconf 83' lang='grc' dir='ltr'>τόμῳ</span> <span class='ocrx_word' id='word_1_217' title='bbox 2267 1826 2401 1897; x_wconf 71' lang='grc' dir='ltr'>πρὸς</span> <span class='ocrx_word' id='word_1_218' title='bbox 2434 1830 2545 1892; x_wconf 79' lang='grc' dir='ltr'>τοῖς</span> <span class='ocrx_word' id='word_1_219' title='bbox 2574 1828 2755 1893; x_wconf 75' lang='grc' dir='ltr'>ἄλλοις</span> <span class='ocrx_word' id='word_1_220' title='bbox 2787 1830 2882 1883; x_wconf 77' lang='grc' dir='ltr'><strong>καὶ</strong></span> <span class='ocrx_word' id='word_1_221' title='bbox 2908 1832 2940 1900; x_wconf 74' lang='grc' dir='ltr'>ἡ</span> <span class='ocrx_word' id='word_1_222' title='bbox 2970 1830 3065 1884; x_wconf 77' lang='grc' dir='ltr'>τοῦ</span> <span class='ocrx_word' id='word_1_223' title='bbox 3096 1830 3263 1901; x_wconf 75' lang='grc' dir='ltr'>ῥητοῦ</span> <span class='ocrx_word' id='word_1_224' title='bbox 3294 1830 3390 1884; x_wconf 75' lang='grc' dir='ltr'><strong>τοῦ</strong></span> <span class='ocrx_word' id='word_1_225' title='bbox 3418 1829 3565 1883; x_wconf 81' lang='grc' dir='ltr'>θείου</span> 
     </span>
    </p>
   </div>
   <div class='ocr_carea' id='block_1_31' title="bbox 283 1910 3570 1993">
    <p class='ocr_par' dir='ltr' id='par_1_31' title="bbox 283 1910 3570 1993">
     <span class='ocr_line' id='line_1_31' title="bbox 283 1910 3570 1993; baseline 0.003 -28"><span class='ocrx_word' id='word_1_226' title='bbox 283 1910 517 1976; x_wconf 76' lang='grc' dir='ltr'>δυνατὸς</span> <span class='ocrx_word' id='word_1_227' title='bbox 551 1914 646 1983; x_wconf 85' lang='grc' dir='ltr'>τῆς</span> <span class='ocrx_word' id='word_1_228' title='bbox 679 1915 901 1969; x_wconf 84' lang='grc' dir='ltr'>ἐκείνων</span> <span class='ocrx_word' id='word_1_229' title='bbox 938 1914 1170 1987; x_wconf 81' lang='grc' dir='ltr'>κρίσεως</span> <span class='ocrx_word' id='word_1_230' title='bbox 1196 1933 1210 1983; x_wconf 90' lang='grc'><strong>;</strong></span> <span class='ocrx_word' id='word_1_231' title='bbox 1241 1918 1428 1971; x_wconf 84' lang='grc' dir='ltr'>Ταῦτα</span> <span class='ocrx_word' id='word_1_232' title='bbox 1466 1921 1578 1982; x_wconf 78' lang='grc' dir='ltr'>τοῖς</span> <span class='ocrx_word' id='word_1_233' title='bbox 1612 1919 1713 1988; x_wconf 77' lang='grc' dir='ltr'>τῆς</span> <span class='ocrx_word' id='word_1_234' title='bbox 1752 1918 1881 1970; x_wconf 82' lang='grc' dir='ltr'><strong>Ἐκ-</strong></span> <span class='ocrx_word' id='word_1_235' title='bbox 1912 1983 1951 1993; x_wconf 73' lang='lat'><strong>__</strong></span> <span class='ocrx_word' id='word_1_236' title='bbox 1983 1918 2343 1988; x_wconf 83' lang='grc' dir='ltr'>Δαμασκηνοῦ</span> <span class='ocrx_word' id='word_1_237' title='bbox 2383 1920 2639 1991; x_wconf 79' lang='grc' dir='ltr'>ἐξήγησις</span> <span class='ocrx_word' id='word_1_238' title='bbox 2699 1921 2873 1985; x_wconf 71' lang='grc' dir='ltr'>οὕτως</span> <span class='ocrx_word' id='word_1_239' title='bbox 2926 1922 3157 1993; x_wconf 53' lang='grc' dir='ltr'>ἔχουσαν</span> <span class='ocrx_word' id='word_1_240' title='bbox 3224 1942 3242 1975; x_wconf 81' lang='lat' dir='ltr'><strong>t</strong></span> <span class='ocrx_word' id='word_1_241' title='bbox 3273 1924 3332 1977; x_wconf 81' lang='lat' dir='ltr'><strong>Ei</strong></span> <span class='ocrx_word' id='word_1_242' title='bbox 3370 1923 3427 1976; x_wconf 80' lang='grc' dir='ltr'><strong>δέ</strong></span> <span class='ocrx_word' id='word_1_243' title='bbox 3469 1922 3570 1976; x_wconf 74' lang='grc' dir='ltr'>καὶ</span> 
     </span>
    </p>
   </div>
   <div class='ocr_carea' id='block_1_32' title="bbox 286 1983 3569 2087">
    <p class='ocr_par' dir='ltr' id='par_1_32' title="bbox 286 1983 3569 2087">
     <span class='ocr_line' id='line_1_32' title="bbox 286 1983 3569 2087; baseline 0.003 -32"><span class='ocrx_word' id='word_1_244' title='bbox 286 2001 522 2073; x_wconf 60' lang='grc' dir='ltr'>πλησίας</span> <span class='ocrx_word' id='word_1_245' title='bbox 555 2003 775 2072; x_wconf 82' lang='grc' dir='ltr'>λέγουσι</span> <span class='ocrx_word' id='word_1_246' title='bbox 802 1983 988 2060; x_wconf 60' lang='grc' dir='ltr'>πολλοί</span> <span class='ocrx_word' id='word_1_247' title='bbox 1032 2006 1133 2075; x_wconf 80' lang='grc' dir='ltr'>μέν</span> <span class='ocrx_word' id='word_1_248' title='bbox 1164 2000 1307 2072; x_wconf 67' lang='grc' dir='ltr'>τινες</span> <span class='ocrx_word' id='word_1_249' title='bbox 1333 2003 1474 2078; x_wconf 79' lang='grc' dir='ltr'>ἦσαν</span> <span class='ocrx_word' id='word_1_250' title='bbox 1500 1983 1701 2062; x_wconf 79' lang='grc' dir='ltr'>ἐκείνοι</span> <span class='ocrx_word' id='word_1_251' title='bbox 1732 2010 1880 2077; x_wconf 86' lang='grc' dir='ltr'><strong>γινό⁴</strong></span> <span class='ocrx_word' id='word_1_252' title='bbox 1912 1983 1954 2038; x_wconf 77' lang='grc' dir='ltr'><strong>Β</strong></span> <span class='ocrx_word' id='word_1_253' title='bbox 1989 1983 2140 2082; x_wconf 74' lang='grc' dir='ltr'>παρὰ</span> <span class='ocrx_word' id='word_1_254' title='bbox 2173 1983 2250 2082; x_wconf 59' lang='grc' dir='ltr'>τῷ</span> <span class='ocrx_word' id='word_1_255' title='bbox 2295 1983 2740 2085; x_wconf 30' lang='grc' dir='ltr'>θεολονικῐωτάτῳ</span> <span class='ocrx_word' id='word_1_256' title='bbox 2789 1983 3137 2087; x_wconf 66' lang='grc' dir='ltr'>Δαμασκηνῷ</span> <span class='ocrx_word' id='word_1_257' title='bbox 3167 2016 3227 2068; x_wconf 87' lang='grc' dir='ltr'><strong>τὸ</strong></span> <span class='ocrx_word' id='word_1_258' title='bbox 3261 2015 3351 2067; x_wconf 76' lang='grc' dir='ltr'>διὰ</span> <span class='ocrx_word' id='word_1_259' title='bbox 3392 2014 3569 2082; x_wconf 82' lang='grc' dir='ltr'>Λόγου</span> 
     </span>
    </p>
   </div>
   <div class='ocr_carea' id='block_1_33' title="bbox 290 2096 1885 2174">
    <p class='ocr_par' dir='ltr' id='par_1_33' title="bbox 290 2096 1885 2174">
     <span class='ocr_line' id='line_1_33' title="bbox 290 2096 1885 2174; baseline 0.004 -25"><span class='ocrx_word' id='word_1_260' title='bbox 290 2112 449 2165; x_wconf 87' lang='grc' dir='ltr'>μενοι</span> <span class='ocrx_word' id='word_1_261' title='bbox 471 2098 571 2167; x_wconf 83' lang='grc' dir='ltr'>τὴν</span> <span class='ocrx_word' id='word_1_262' title='bbox 621 2099 888 2171; x_wconf 77' lang='grc' dir='ltr'>διαφορὰν</span> <span class='ocrx_word' id='word_1_263' title='bbox 932 2102 1331 2170; x_wconf 73' lang='grc' dir='ltr'>ἀντεπάγοντες</span> <span class='ocrx_word' id='word_1_264' title='bbox 1381 2102 1491 2156; x_wconf 83' lang='grc' dir='ltr'><strong>τῶν</strong></span> <span class='ocrx_word' id='word_1_265' title='bbox 1542 2096 1885 2174; x_wconf 75' lang='grc' dir='ltr'>πραγμάτων</span> 
     </span>
    </p>
   </div>
   <div class='ocr_carea' id='block_1_34' title="bbox 288 2190 1886 2265">
    <p class='ocr_par' dir='ltr' id='par_1_34' title="bbox 288 2190 1886 2265">
     <span class='ocr_line' id='line_1_34' title="bbox 288 2190 1886 2265; baseline 0.005 -25"><span class='ocrx_word' id='word_1_266' title='bbox 288 2190 551 2260; x_wconf 70' lang='grc' dir='ltr'>καὶπρὸς</span> <span class='ocrx_word' id='word_1_267' title='bbox 597 2190 698 2262; x_wconf 84' lang='grc' dir='ltr'><strong>τὴν</strong></span> <span class='ocrx_word' id='word_1_268' title='bbox 759 2192 1083 2264; x_wconf 75' lang='grc' dir='ltr'>ὑπογραφὴν</span> <span class='ocrx_word' id='word_1_269' title='bbox 1145 2194 1525 2265; x_wconf 77' lang='grc' dir='ltr'>ἐρεθίζοντεςο</span> <span class='ocrx_word' id='word_1_270' title='bbox 1582 2194 1657 2258; x_wconf 81' lang='grc' dir='ltr'>ὡς</span> <span class='ocrx_word' id='word_1_271' title='bbox 1692 2193 1737 2249; x_wconf 85' lang='grc' dir='ltr'>δ’</span> <span class='ocrx_word' id='word_1_272' title='bbox 1784 2194 1886 2248; x_wconf 86' lang='grc' dir='ltr'><strong>οὐκ</strong></span> 
     </span>
    </p>
   </div>
   <div class='ocr_carea' id='block_1_35' title="bbox 286 2284 1884 2359">
    <p class='ocr_par' dir='ltr' id='par_1_35' title="bbox 286 2284 1884 2359">
     <span class='ocr_line' id='line_1_35' title="bbox 286 2284 1884 2359; baseline 0.001 -22"><span class='ocrx_word' id='word_1_273' title='bbox 286 2284 511 2349; x_wconf 60' lang='grc' dir='ltr'>ἔπειθον</span> <span class='ocrx_word' id='word_1_274' title='bbox 541 2286 743 2355; x_wconf 80' lang='grc' dir='ltr'>συχνὰς</span> <span class='ocrx_word' id='word_1_275' title='bbox 787 2286 1099 2357; x_wconf 73' lang='grc' dir='ltr'>προσόολὰς</span> <span class='ocrx_word' id='word_1_276' title='bbox 1151 2287 1489 2359; x_wconf 83' lang='grc' dir='ltr'>ποιούμενοι,</span> <span class='ocrx_word' id='word_1_277' title='bbox 1536 2288 1618 2350; x_wconf 79' lang='grc' dir='ltr'><strong>είς</strong></span> <span class='ocrx_word' id='word_1_278' title='bbox 1644 2286 1884 2356; x_wconf 79' lang='grc' dir='ltr'>ὑποψίαν</span> 
     </span>
    </p>
   </div>
   <div class='ocr_carea' id='block_1_36' title="bbox 286 2372 1883 2450">
    <p class='ocr_par' dir='ltr' id='par_1_36' title="bbox 286 2372 1883 2450">
     <span class='ocr_line' id='line_1_36' title="bbox 286 2372 1883 2450; baseline 0 -19"><span class='ocrx_word' id='word_1_279' title='bbox 286 2375 657 2449; x_wconf 66' lang='grc' dir='ltr'>ἐμϐάλλοντες</span> <span class='ocrx_word' id='word_1_280' title='bbox 677 2372 754 2434; x_wconf 82' lang='grc' dir='ltr'>ὧν</span> <span class='ocrx_word' id='word_1_281' title='bbox 785 2378 885 2432; x_wconf 73' lang='grc' dir='ltr'><strong>οὐκ</strong></span> <span class='ocrx_word' id='word_1_282' title='bbox 914 2378 1137 2450; x_wconf 71' lang='grc' dir='ltr'>ᾔδεισαν</span> <span class='ocrx_word' id='word_1_283' title='bbox 1170 2379 1296 2433; x_wconf 79' lang='grc' dir='ltr'>ποτ’·</span> <span class='ocrx_word' id='word_1_284' title='bbox 1322 2381 1544 2446; x_wconf 80' lang='grc' dir='ltr'>ἐκεῖνοι,</span> <span class='ocrx_word' id='word_1_285' title='bbox 1569 2378 1664 2434; x_wconf 82' lang='grc' dir='ltr'>τοῦ</span> <span class='ocrx_word' id='word_1_286' title='bbox 1698 2376 1883 2433; x_wconf 79' lang='grc' dir='ltr'>κοινοῦ</span> 
     </span>
    </p>
   </div>
   <div class='ocr_carea' id='block_1_37' title="bbox 286 2563 1880 2636">
    <p class='ocr_par' dir='ltr' id='par_1_37' title="bbox 286 2563 1880 2636">
     <span class='ocr_line' id='line_1_37' title="bbox 286 2563 1880 2636; baseline -0.001 -16"><span class='ocrx_word' id='word_1_287' title='bbox 286 2574 439 2630; x_wconf 81' lang='lat' dir='ltr'><strong>cata,</strong></span> <span class='ocrx_word' id='word_1_288' title='bbox 486 2563 618 2635; x_wconf 89' lang='lat' dir='ltr'><strong>quid</strong></span> <span class='ocrx_word' id='word_1_289' title='bbox 668 2578 780 2621; x_wconf 89' lang='lat' dir='ltr'><strong>non</strong></span> <span class='ocrx_word' id='word_1_290' title='bbox 832 2574 1079 2621; x_wconf 88' lang='lat' dir='ltr'><strong>metuere</strong></span> <span class='ocrx_word' id='word_1_291' title='bbox 1134 2564 1296 2636; x_wconf 84' lang='lat' dir='ltr'><strong>longe</strong></span> <span class='ocrx_word' id='word_1_292' title='bbox 1356 2564 1534 2620; x_wconf 88' lang='lat' dir='ltr'><strong>dirius</strong></span> <span class='ocrx_word' id='word_1_293' title='bbox 1590 2563 1880 2627; x_wconf 82' lang='lat' dir='ltr'><strong>debemus,</strong></span> 
     </span>
    </p>
   </div>
   <div class='ocr_carea' id='block_1_38' title="bbox 288 2657 1883 2729">
    <p class='ocr_par' dir='ltr' id='par_1_38' title="bbox 288 2657 1883 2729">
     <span class='ocr_line' id='line_1_38' title="bbox 288 2657 1883 2729; baseline -0.001 -15"><span class='ocrx_word' id='word_1_294' title='bbox 288 2669 592 2729; x_wconf 86' lang='lat' dir='ltr'><strong>postquam</strong></span> <span class='ocrx_word' id='word_1_295' title='bbox 620 2658 797 2715; x_wconf 84' lang='lat' dir='ltr'><strong>altero</strong></span> <span class='ocrx_word' id='word_1_296' title='bbox 829 2659 1214 2729; x_wconf 85' lang='lat' dir='ltr'><strong>reciprocante</strong></span> <span class='ocrx_word' id='word_1_297' title='bbox 1260 2657 1671 2715; x_wconf 79' lang='lat' dir='ltr'><strong>dissensionum</strong></span> <span class='ocrx_word' id='word_1_298' title='bbox 1715 2657 1883 2712; x_wconf 81' lang='lat' dir='ltr'><strong>ﬂuctu</strong></span> 
     </span>
    </p>
   </div>
   <div class='ocr_carea' id='block_1_39' title="bbox 289 2748 1886 2821">
    <p class='ocr_par' dir='ltr' id='par_1_39' title="bbox 289 2748 1886 2821">
     <span class='ocr_line' id='line_1_39' title="bbox 289 2748 1886 2821; baseline -0.002 -12"><span class='ocrx_word' id='word_1_299' title='bbox 289 2750 539 2809; x_wconf 74' lang='lat' dir='ltr'><strong>rescindi</strong></span> <span class='ocrx_word' id='word_1_300' title='bbox 606 2749 723 2807; x_wconf 77' lang='lat' dir='ltr'><strong>haec</strong></span> <span class='ocrx_word' id='word_1_301' title='bbox 780 2767 903 2820; x_wconf 71' lang='lat' dir='ltr'><strong>quae</strong></span> <span class='ocrx_word' id='word_1_302' title='bbox 951 2752 1278 2807; x_wconf 85' lang='lat' dir='ltr'><strong>sciscuntur</strong></span> <span class='ocrx_word' id='word_1_303' title='bbox 1335 2748 1645 2821; x_wconf 67' lang='lat' dir='ltr'><strong>coeperint?</strong></span> <span class='ocrx_word' id='word_1_304' title='bbox 1694 2750 1886 2821; x_wconf 81' lang='lat' dir='ltr'><strong>Neque</strong></span> 
     </span>
    </p>
   </div>
   <div class='ocr_carea' id='block_1_40' title="bbox 292 2844 1888 2914">
    <p class='ocr_par' dir='ltr' id='par_1_40' title="bbox 292 2844 1888 2914">
     <span class='ocr_line' id='line_1_40' title="bbox 292 2844 1888 2914; baseline -0.002 -14"><span class='ocrx_word' id='word_1_305' title='bbox 292 2844 443 2901; x_wconf 86' lang='lat' dir='ltr'><strong>enim</strong></span> <span class='ocrx_word' id='word_1_306' title='bbox 479 2844 598 2900; x_wconf 75' lang='lat' dir='ltr'><strong>bzee</strong></span> <span class='ocrx_word' id='word_1_307' title='bbox 639 2844 873 2899; x_wconf 76' lang='lat' dir='ltr'><strong>{iriniOri</strong></span> <span class='ocrx_word' id='word_1_308' title='bbox 898 2844 1216 2901; x_wconf 81' lang='lat' dir='ltr'><strong>durationis</strong></span> <span class='ocrx_word' id='word_1_309' title='bbox 1256 2844 1607 2900; x_wconf 73' lang='lat' dir='ltr'><strong>inconcussa:</strong></span> <span class='ocrx_word' id='word_1_310' title='bbox 1656 2858 1753 2914; x_wconf 87' lang='lat' dir='ltr'><strong>spe</strong></span> <span class='ocrx_word' id='word_1_311' title='bbox 1795 2853 1888 2897; x_wconf 85' lang='lat' dir='ltr'><strong>aut</strong></span> 
     </span>
    </p>
   </div>
   <div class='ocr_carea' id='block_1_41' title="bbox 293 2933 1885 3007">
    <p class='ocr_par' dir='ltr' id='par_1_41' title="bbox 293 2933 1885 3007">
     <span class='ocr_line' id='line_1_41' title="bbox 293 2933 1885 3007; baseline -0.001 -15"><span class='ocrx_word' id='word_1_312' title='bbox 293 2936 633 3005; x_wconf 70' lang='lat' dir='ltr'><strong>certioribus</strong></span> <span class='ocrx_word' id='word_1_313' title='bbox 688 2946 821 2993; x_wconf 66' lang='lat' dir='ltr'><strong>ratae</strong></span> <span class='ocrx_word' id='word_1_314' title='bbox 889 2938 1242 2995; x_wconf 88' lang='lat' dir='ltr'><strong>auctoritatis</strong></span> <span class='ocrx_word' id='word_1_315' title='bbox 1307 2937 1573 3007; x_wconf 79' lang='lat' dir='ltr'><strong>auspiciis</strong></span> <span class='ocrx_word' id='word_1_316' title='bbox 1612 2933 1885 2991; x_wconf 34' lang='lat' dir='ltr'><strong>’iucbosii</strong></span> 
     </span>
    </p>
   </div>
   <div class='ocr_carea' id='block_1_42' title="bbox 295 3025 1885 3099">
    <p class='ocr_par' dir='ltr' id='par_1_42' title="bbox 295 3025 1885 3099">
     <span class='ocr_line' id='line_1_42' title="bbox 295 3025 1885 3099; baseline 0.002 -18"><span class='ocrx_word' id='word_1_317' title='bbox 295 3040 463 3099; x_wconf 65' lang='lat' dir='ltr'><strong>quam</strong></span> <span class='ocrx_word' id='word_1_318' title='bbox 504 3025 691 3096; x_wconf 83' lang='lat' dir='ltr'><strong>priora</strong></span> <span class='ocrx_word' id='word_1_319' title='bbox 738 3026 830 3081; x_wconf 83' lang='lat' dir='ltr'><strong>illa</strong></span> <span class='ocrx_word' id='word_1_320' title='bbox 862 3029 1047 3097; x_wconf 88' lang='lat' dir='ltr'><strong>primo</strong></span> <span class='ocrx_word' id='word_1_321' title='bbox 1071 3027 1258 3085; x_wconf 82' lang='lat' dir='ltr'><strong>statim</strong></span> <span class='ocrx_word' id='word_1_322' title='bbox 1296 3042 1489 3083; x_wconf 83' lang='lat' dir='ltr'><strong>eversa</strong></span> <span class='ocrx_word' id='word_1_323' title='bbox 1542 3038 1694 3081; x_wconf 89' lang='lat' dir='ltr'><strong>motu</strong></span> <span class='ocrx_word' id='word_1_324' title='bbox 1735 3028 1885 3084; x_wconf 90' lang='lat' dir='ltr'><strong>orbis</strong></span> 
     </span>
    </p>
   </div>
   <div class='ocr_carea' id='block_1_43' title="bbox 296 3119 1886 3191">
    <p class='ocr_par' dir='ltr' id='par_1_43' title="bbox 296 3119 1886 3191">
     <span class='ocr_line' id='line_1_43' title="bbox 296 3119 1886 3191; baseline 0.001 -15"><span class='ocrx_word' id='word_1_325' title='bbox 296 3119 621 3191; x_wconf 79' lang='lat' dir='ltr'><strong>reipublicae</strong></span> <span class='ocrx_word' id='word_1_326' title='bbox 659 3120 824 3175; x_wconf 85' lang='lat' dir='ltr'><strong>solita</strong></span> <span class='ocrx_word' id='word_1_327' title='bbox 855 3120 1220 3177; x_wconf 87' lang='lat' dir='ltr'><strong>iustabilitate</strong></span> <span class='ocrx_word' id='word_1_328' title='bbox 1246 3123 1504 3177; x_wconf 87' lang='lat' dir='ltr'><strong>rotantis.</strong></span> <span class='ocrx_word' id='word_1_329' title='bbox 1542 3120 1743 3177; x_wconf 82' lang='lat' dir='ltr'><strong>Multos</strong></span> <span class='ocrx_word' id='word_1_330' title='bbox 1772 3122 1886 3177; x_wconf 70' lang='lat' dir='ltr'><strong>hac</strong></span> 
     </span>
    </p>
   </div>
   <div class='ocr_carea' id='block_1_44' title="bbox 298 3217 1887 3288">
    <p class='ocr_par' dir='ltr' id='par_1_44' title="bbox 298 3217 1887 3288">
     <span class='ocr_line' id='line_1_44' title="bbox 298 3217 1887 3288; baseline -0.001 -16"><span class='ocrx_word' id='word_1_331' title='bbox 298 3217 597 3272; x_wconf 86' lang='lat' dir='ltr'><strong>observare</strong></span> <span class='ocrx_word' id='word_1_332' title='bbox 623 3217 691 3271; x_wconf 89' lang='lat' dir='ltr'><strong>de</strong></span> <span class='ocrx_word' id='word_1_333' title='bbox 718 3217 992 3272; x_wconf 82' lang='lat' dir='ltr'><strong>censoriis</strong></span> <span class='ocrx_word' id='word_1_334' title='bbox 1021 3218 1287 3288; x_wconf 84' lang='lat' dir='ltr'><strong>speculis,</strong></span> <span class='ocrx_word' id='word_1_335' title='bbox 1338 3219 1545 3273; x_wconf 89' lang='lat' dir='ltr'><strong>multos</strong></span> <span class='ocrx_word' id='word_1_336' title='bbox 1572 3218 1713 3274; x_wconf 89' lang='lat' dir='ltr'><strong>clam</strong></span> <span class='ocrx_word' id='word_1_337' title='bbox 1748 3217 1887 3273; x_wconf 85' lang='lat' dir='ltr'><strong>insi-</strong></span> 
     </span>
    </p>
   </div>
   <div class='ocr_carea' id='block_1_45' title="bbox 1987 2102 3567 2177">
    <p class='ocr_par' dir='ltr' id='par_1_45' title="bbox 1987 2102 3567 2177">
     <span class='ocr_line' id='line_1_45' title="bbox 1987 2102 3567 2177; baseline 0.002 -22"><span class='ocrx_word' id='word_1_338' title='bbox 1987 2103 2215 2173; x_wconf 78' lang='grc' dir='ltr'>εὕρηται</span> <span class='ocrx_word' id='word_1_339' title='bbox 2248 2104 2569 2174; x_wconf 75' lang='grc' dir='ltr'>προσολεὺς,</span> <span class='ocrx_word' id='word_1_340' title='bbox 2596 2107 2657 2159; x_wconf 75' lang='grc' dir='ltr'><strong>οὐ</strong></span> <span class='ocrx_word' id='word_1_341' title='bbox 2688 2108 2785 2176; x_wconf 83' lang='grc' dir='ltr'><strong>τὴν</strong></span> <span class='ocrx_word' id='word_1_342' title='bbox 2805 2108 2882 2169; x_wconf 84' lang='grc' dir='ltr'><strong>είς</strong></span> <span class='ocrx_word' id='word_1_343' title='bbox 2915 2106 2974 2160; x_wconf 82' lang='grc' dir='ltr'><strong>τὸ</strong></span> <span class='ocrx_word' id='word_1_344' title='bbox 3002 2102 3140 2160; x_wconf 84' lang='grc' dir='ltr'>εἶναι</span> <span class='ocrx_word' id='word_1_345' title='bbox 3189 2105 3448 2177; x_wconf 85' lang='grc' dir='ltr'>καθαρῶς</span> <span class='ocrx_word' id='word_1_346' title='bbox 3470 2107 3567 2159; x_wconf 82' lang='grc' dir='ltr'>τοῦ</span> 
     </span>
    </p>
   </div>
   <div class='ocr_carea' id='block_1_46' title="bbox 1988 2196 3572 2270">
    <p class='ocr_par' dir='ltr' id='par_1_46' title="bbox 1988 2196 3572 2270">
     <span class='ocr_line' id='line_1_46' title="bbox 1988 2196 3572 2270; baseline 0.003 -21"><span class='ocrx_word' id='word_1_347' title='bbox 1988 2196 2309 2267; x_wconf 83' lang='grc' dir='ltr'>Πνεύματος</span> <span class='ocrx_word' id='word_1_348' title='bbox 2362 2198 2590 2270; x_wconf 84' lang='grc' dir='ltr'>πρόοδον</span> <span class='ocrx_word' id='word_1_349' title='bbox 2636 2200 2670 2270; x_wconf 78' lang='grc' dir='ltr'><strong>ἡ</strong></span> <span class='ocrx_word' id='word_1_350' title='bbox 2705 2198 2850 2266; x_wconf 79' lang='grc' dir='ltr'>λέξις</span> <span class='ocrx_word' id='word_1_351' title='bbox 2881 2198 3077 2269; x_wconf 80' lang='grc' dir='ltr'>δηλοῦν</span> <span class='ocrx_word' id='word_1_352' title='bbox 3124 2199 3395 2269; x_wconf 79' lang='grc' dir='ltr'>βούλεται,</span> <span class='ocrx_word' id='word_1_353' title='bbox 3431 2198 3572 2253; x_wconf 72' lang='grc' dir='ltr'>ἀλλὰ</span> 
     </span>
    </p>
   </div>
   <div class='ocr_carea' id='block_1_47' title="bbox 1984 2288 3570 2360">
    <p class='ocr_par' dir='ltr' id='par_1_47' title="bbox 1984 2288 3570 2360">
     <span class='ocr_line' id='line_1_47' title="bbox 1984 2288 3570 2360; baseline -0.002 -17"><span class='ocrx_word' id='word_1_354' title='bbox 1984 2290 2086 2358; x_wconf 79' lang='grc' dir='ltr'>τὴν</span> <span class='ocrx_word' id='word_1_355' title='bbox 2136 2290 2215 2353; x_wconf 81' lang='grc' dir='ltr'><strong>είς</strong></span> <span class='ocrx_word' id='word_1_356' title='bbox 2244 2289 2413 2343; x_wconf 77' lang='grc' dir='ltr'>ἀΐδιον</span> <span class='ocrx_word' id='word_1_357' title='bbox 2461 2290 2745 2360; x_wconf 72' lang='grc' dir='ltr'>ἔκφανσιν.</span> <span class='ocrx_word' id='word_1_358' title='bbox 2779 2309 2799 2343; x_wconf 69' lang='grc' dir='ltr'><strong>ι</strong></span> <span class='ocrx_word' id='word_1_359' title='bbox 2846 2290 3017 2343; x_wconf 83' lang='grc' dir='ltr'>Τοῦτο</span> <span class='ocrx_word' id='word_1_360' title='bbox 3046 2290 3092 2344; x_wconf 88' lang='grc' dir='ltr'>δ’</span> <span class='ocrx_word' id='word_1_361' title='bbox 3128 2291 3156 2343; x_wconf 88' lang='grc' dir='ltr'><strong>ὃ</strong></span> <span class='ocrx_word' id='word_1_362' title='bbox 3182 2307 3234 2344; x_wconf 87' lang='grc' dir='ltr'><strong>τι</strong></span> <span class='ocrx_word' id='word_1_363' title='bbox 3289 2288 3570 2360; x_wconf 83' lang='grc' dir='ltr'>σημαίνοι,</span> 
     </span>
    </p>
   </div>
   <div class='ocr_carea' id='block_1_48' title="bbox 1985 2382 3573 2458">
    <p class='ocr_par' dir='ltr' id='par_1_48' title="bbox 1985 2382 3573 2458">
     <span class='ocr_line' id='line_1_48' title="bbox 1985 2382 3573 2458; baseline 0.002 -22"><span class='ocrx_word' id='word_1_364' title='bbox 1985 2383 2088 2437; x_wconf 80' lang='grc' dir='ltr'><strong>οὐκ</strong></span> <span class='ocrx_word' id='word_1_365' title='bbox 2118 2382 2262 2456; x_wconf 74' lang='grc' dir='ltr'>ἔχειν</span> <span class='ocrx_word' id='word_1_366' title='bbox 2286 2383 2484 2438; x_wconf 73' lang='grc' dir='ltr'>εἰδέναι</span> <span class='ocrx_word' id='word_1_367' title='bbox 2514 2384 2775 2455; x_wconf 76' lang='grc' dir='ltr'>ἔφασκον,</span> <span class='ocrx_word' id='word_1_368' title='bbox 2805 2385 2898 2441; x_wconf 75' lang='grc' dir='ltr'><strong>καὶ</strong></span> <span class='ocrx_word' id='word_1_369' title='bbox 2926 2386 3026 2457; x_wconf 76' lang='grc' dir='ltr'>τὴν</span> <span class='ocrx_word' id='word_1_370' title='bbox 3047 2384 3312 2458; x_wconf 76' lang='grc' dir='ltr'>διαφορὰν</span> <span class='ocrx_word' id='word_1_371' title='bbox 3343 2383 3573 2456; x_wconf 74' lang='grc' dir='ltr'>ἐζήτουν</span> 
     </span>
    </p>
   </div>
   <div class='ocr_carea' id='block_1_49' title="bbox 1987 2561 3574 2635">
    <p class='ocr_par' dir='ltr' id='par_1_49' title="bbox 1987 2561 3574 2635">
     <span class='ocr_line' id='line_1_49' title="bbox 1987 2561 3574 2635; baseline -0.001 -16"><span class='ocrx_word' id='word_1_372' title='bbox 1987 2563 2237 2619; x_wconf 81' lang='lat' dir='ltr'><strong>arbitrati</strong></span> <span class='ocrx_word' id='word_1_373' title='bbox 2264 2561 2357 2631; x_wconf 87' lang='lat' dir='ltr'><strong>qui</strong></span> <span class='ocrx_word' id='word_1_374' title='bbox 2388 2562 2683 2630; x_wconf 66' lang='lat' dir='ltr'><strong>eiecerant,</strong></span> <span class='ocrx_word' id='word_1_375' title='bbox 2717 2579 2937 2619; x_wconf 83' lang='lat' dir='ltr'><strong>rursum</strong></span> <span class='ocrx_word' id='word_1_376' title='bbox 2969 2579 3065 2619; x_wconf 91' lang='lat' dir='ltr'><strong>eos</strong></span> <span class='ocrx_word' id='word_1_377' title='bbox 3097 2573 3341 2630; x_wconf 88' lang='lat' dir='ltr'><strong>vocatos,</strong></span> <span class='ocrx_word' id='word_1_378' title='bbox 3373 2563 3574 2635; x_wconf 85' lang='lat' dir='ltr'><strong>ecquid</strong></span> 
     </span>
    </p>
   </div>
   <div class='ocr_carea' id='block_1_50' title="bbox 1988 2652 3576 2726">
    <p class='ocr_par' dir='ltr' id='par_1_50' title="bbox 1988 2652 3576 2726">
     <span class='ocr_line' id='line_1_50' title="bbox 1988 2652 3576 2726; baseline -0.001 -15"><span class='ocrx_word' id='word_1_379' title='bbox 1988 2655 2369 2725; x_wconf 79' lang='lat' dir='ltr'><strong>resipuisscnt,</strong></span> <span class='ocrx_word' id='word_1_380' title='bbox 2399 2654 2833 2726; x_wconf 77' lang='lat' dir='ltr'><strong>interrogabant.</strong></span> <span class='ocrx_word' id='word_1_381' title='bbox 2860 2656 2937 2710; x_wconf 80' lang='lat' dir='ltr'><strong>Ac</strong></span> <span class='ocrx_word' id='word_1_382' title='bbox 2958 2670 3083 2711; x_wconf 91' lang='lat' dir='ltr'><strong>eum</strong></span> <span class='ocrx_word' id='word_1_383' title='bbox 3109 2655 3319 2711; x_wconf 80' lang='lat' dir='ltr'><strong>crebris</strong></span> <span class='ocrx_word' id='word_1_384' title='bbox 3342 2652 3576 2725; x_wconf 81' lang='lat' dir='ltr'><strong>percon-</strong></span> 
     </span>
    </p>
   </div>
   <div class='ocr_carea' id='block_1_51' title="bbox 1987 2747 3579 2818">
    <p class='ocr_par' dir='ltr' id='par_1_51' title="bbox 1987 2747 3579 2818">
     <span class='ocr_line' id='line_1_51' title="bbox 1987 2747 3579 2818; baseline -0.003 -13"><span class='ocrx_word' id='word_1_385' title='bbox 1987 2749 2287 2805; x_wconf 83' lang='lat' dir='ltr'><strong>tatiouibns</strong></span> <span class='ocrx_word' id='word_1_386' title='bbox 2359 2747 2671 2804; x_wconf 84' lang='lat' dir='ltr'><strong>istiusmodi</strong></span> <span class='ocrx_word' id='word_1_387' title='bbox 2733 2764 2896 2803; x_wconf 91' lang='lat' dir='ltr'><strong>uuam</strong></span> <span class='ocrx_word' id='word_1_388' title='bbox 2944 2764 3162 2818; x_wconf 82' lang='lat' dir='ltr'><strong>semper</strong></span> <span class='ocrx_word' id='word_1_389' title='bbox 3216 2748 3579 2818; x_wconf 81' lang='lat' dir='ltr'><strong>eamdemque</strong></span> 
     </span>
    </p>
   </div>
   <div class='ocr_carea' id='block_1_52' title="bbox 1990 2842 3581 2914">
    <p class='ocr_par' dir='ltr' id='par_1_52' title="bbox 1990 2842 3581 2914">
     <span class='ocr_line' id='line_1_52' title="bbox 1990 2842 3581 2914; baseline -0.002 -16"><span class='ocrx_word' id='word_1_390' title='bbox 1990 2845 2205 2899; x_wconf 62' lang='lat' dir='ltr'><strong>invictae</strong></span> <span class='ocrx_word' id='word_1_391' title='bbox 2240 2843 2472 2897; x_wconf 83' lang='lat' dir='ltr'><strong>indicem</strong></span> <span class='ocrx_word' id='word_1_392' title='bbox 2502 2842 2823 2898; x_wconf 63' lang='lat' dir='ltr'><strong>constantia</strong></span> <span class='ocrx_word' id='word_1_393' title='bbox 2877 2843 3291 2912; x_wconf 85' lang='lat' dir='ltr'><strong>responsionem</strong></span> <span class='ocrx_word' id='word_1_394' title='bbox 3335 2856 3581 2914; x_wconf 84' lang='lat' dir='ltr'><strong>oppone-</strong></span> 
     </span>
    </p>
   </div>
   <div class='ocr_carea' id='block_1_53' title="bbox 1987 2935 3582 3007">
    <p class='ocr_par' dir='ltr' id='par_1_53' title="bbox 1987 2935 3582 3007">
     <span class='ocr_line' id='line_1_53' title="bbox 1987 2935 3582 3007; baseline -0.003 -16"><span class='ocrx_word' id='word_1_395' title='bbox 1987 2946 2129 3001; x_wconf 88' lang='lat' dir='ltr'><strong>rent,</strong></span> <span class='ocrx_word' id='word_1_396' title='bbox 2157 2936 2350 2991; x_wconf 85' lang='lat' dir='ltr'><strong>adesse</strong></span> <span class='ocrx_word' id='word_1_397' title='bbox 2381 2946 2596 3007; x_wconf 86' lang='lat' dir='ltr'><strong>tempus</strong></span> <span class='ocrx_word' id='word_1_398' title='bbox 2671 2945 2935 2991; x_wconf 82' lang='lat' dir='ltr'><strong>extremae</strong></span> <span class='ocrx_word' id='word_1_399' title='bbox 2986 2936 3224 3005; x_wconf 86' lang='lat' dir='ltr'><strong>denique</strong></span> <span class='ocrx_word' id='word_1_400' title='bbox 3280 2935 3348 2990; x_wconf 88' lang='lat' dir='ltr'><strong>iis</strong></span> <span class='ocrx_word' id='word_1_401' title='bbox 3408 2950 3582 3006; x_wconf 76' lang='lat' dir='ltr'><strong>expu-</strong></span> 
     </span>
    </p>
   </div>
   <div class='ocr_carea' id='block_1_54' title="bbox 1989 3022 3579 3100">
    <p class='ocr_par' dir='ltr' id='par_1_54' title="bbox 1989 3022 3579 3100">
     <span class='ocr_line' id='line_1_54' title="bbox 1989 3022 3579 3100; baseline 0 -17"><span class='ocrx_word' id='word_1_402' title='bbox 1989 3030 2220 3098; x_wconf 79' lang='lat' dir='ltr'><strong>gnandis</strong></span> <span class='ocrx_word' id='word_1_403' title='bbox 2241 3028 2593 3083; x_wconf 75' lang='lat' dir='ltr'><strong>admovendae</strong></span> <span class='ocrx_word' id='word_1_404' title='bbox 2633 3022 2898 3083; x_wconf 68' lang='lat' dir='ltr'><strong>machinae</strong></span> <span class='ocrx_word' id='word_1_405' title='bbox 2928 3029 3024 3100; x_wconf 87' lang='lat' dir='ltr'><strong>qui</strong></span> <span class='ocrx_word' id='word_1_406' title='bbox 3071 3029 3339 3083; x_wconf 83' lang='lat' dir='ltr'><strong>hactenus</strong></span> <span class='ocrx_word' id='word_1_407' title='bbox 3370 3027 3579 3084; x_wconf 78' lang='lat' dir='ltr'><strong>frustra</strong></span> 
     </span>
    </p>
   </div>
   <div class='ocr_carea' id='block_1_55' title="bbox 1947 3120 3576 3191">
    <p class='ocr_par' dir='ltr' id='par_1_55' title="bbox 1947 3120 3576 3191">
     <span class='ocr_line' id='line_1_55' title="bbox 1947 3120 3576 3191; baseline 0.002 -19"><span class='ocrx_word' id='word_1_408' title='bbox 1947 3168 1951 3172; x_wconf 77' lang='lat'><strong>.</strong></span> <span class='ocrx_word' id='word_1_409' title='bbox 1990 3130 2267 3177; x_wconf 76' lang='lat' dir='ltr'><strong>tentarent</strong></span> <span class='ocrx_word' id='word_1_410' title='bbox 2299 3122 2425 3186; x_wconf 89' lang='lat' dir='ltr'><strong>rati,</strong></span> <span class='ocrx_word' id='word_1_411' title='bbox 2456 3121 2856 3175; x_wconf 80' lang='lat' dir='ltr'><strong>denuntiarunt</strong></span> <span class='ocrx_word' id='word_1_412' title='bbox 2887 3121 3177 3177; x_wconf 84' lang='lat' dir='ltr'><strong>minaciter</strong></span> <span class='ocrx_word' id='word_1_413' title='bbox 3236 3120 3393 3191; x_wconf 89' lang='lat' dir='ltr'><strong>ipsis,</strong></span> <span class='ocrx_word' id='word_1_414' title='bbox 3425 3123 3576 3176; x_wconf 87' lang='lat' dir='ltr'><strong>vide-</strong></span> 
     </span>
    </p>
   </div>
   <div class='ocr_carea' id='block_1_56' title="bbox 1987 3214 3575 3286">
    <p class='ocr_par' dir='ltr' id='par_1_56' title="bbox 1987 3214 3575 3286">
     <span class='ocr_line' id='line_1_56' title="bbox 1987 3214 3575 3286; baseline 0 -16"><span class='ocrx_word' id='word_1_415' title='bbox 1987 3225 2111 3270; x_wconf 87' lang='lat' dir='ltr'><strong>rent</strong></span> <span class='ocrx_word' id='word_1_416' title='bbox 2133 3214 2295 3268; x_wconf 87' lang='lat' dir='ltr'><strong>etiam</strong></span> <span class='ocrx_word' id='word_1_417' title='bbox 2329 3223 2491 3283; x_wconf 89' lang='lat' dir='ltr'><strong>atque</strong></span> <span class='ocrx_word' id='word_1_418' title='bbox 2514 3215 2675 3268; x_wconf 86' lang='lat' dir='ltr'><strong>etiam</strong></span> <span class='ocrx_word' id='word_1_419' title='bbox 2698 3214 2825 3285; x_wconf 88' lang='lat' dir='ltr'><strong>quid</strong></span> <span class='ocrx_word' id='word_1_420' title='bbox 2856 3223 3276 3286; x_wconf 85' lang='lat' dir='ltr'><strong>agerentquove</strong></span> <span class='ocrx_word' id='word_1_421' title='bbox 3310 3224 3533 3269; x_wconf 83' lang='lat' dir='ltr'><strong>ruerent</strong></span> <span class='ocrx_word' id='word_1_422' title='bbox 3561 3235 3575 3270; x_wconf 90' lang='lat'><strong>:</strong></span> 
     </span>
    </p>
   </div>
   <div class='ocr_carea' id='block_1_57' title="bbox 299 3307 3578 3388">
    <p class='ocr_par' dir='ltr' id='par_1_57' title="bbox 299 3307 3578 3388">
     <span class='ocr_line' id='line_1_57' title="bbox 299 3307 3578 3388; baseline -0.002 -22"><span class='ocrx_word' id='word_1_423' title='bbox 299 3309 463 3376; x_wconf 85' lang='lat' dir='ltr'><strong>diari,</strong></span> <span class='ocrx_word' id='word_1_424' title='bbox 491 3309 802 3365; x_wconf 85' lang='lat' dir='ltr'><strong>coorituros</strong></span> <span class='ocrx_word' id='word_1_425' title='bbox 827 3308 1025 3367; x_wconf 76' lang='lat' dir='ltr'><strong>infeste</strong></span> <span class='ocrx_word' id='word_1_426' title='bbox 1066 3310 1124 3365; x_wconf 89' lang='lat' dir='ltr'><strong>in</strong></span> <span class='ocrx_word' id='word_1_427' title='bbox 1153 3316 1571 3368; x_wconf 80' lang='lat' dir='ltr'><strong>accusationem</strong></span> <span class='ocrx_word' id='word_1_428' title='bbox 1608 3314 1740 3366; x_wconf 82' lang='lat' dir='ltr'><strong>torni</strong></span> <span class='ocrx_word' id='word_1_429' title='bbox 1786 3311 1888 3367; x_wconf 90' lang='lat' dir='ltr'><strong>bu—</strong></span> <span class='ocrx_word' id='word_1_430' title='bbox 1913 3331 1957 3388; x_wconf 71' lang='grc' dir='ltr'>ο</span> <span class='ocrx_word' id='word_1_431' title='bbox 1990 3322 2099 3362; x_wconf 88' lang='lat' dir='ltr'><strong>non</strong></span> <span class='ocrx_word' id='word_1_432' title='bbox 2135 3308 2415 3362; x_wconf 83' lang='lat' dir='ltr'><strong>enimtam</strong></span> <span class='ocrx_word' id='word_1_433' title='bbox 2454 3307 2717 3375; x_wconf 82' lang='lat' dir='ltr'><strong>pertinaci</strong></span> <span class='ocrx_word' id='word_1_434' title='bbox 2754 3308 3096 3362; x_wconf 84' lang='lat' dir='ltr'><strong>recusatione</strong></span> <span class='ocrx_word' id='word_1_435' title='bbox 3122 3309 3345 3378; x_wconf 87' lang='lat' dir='ltr'><strong>parendi</strong></span> <span class='ocrx_word' id='word_1_436' title='bbox 3405 3308 3578 3363; x_wconf 83' lang='lat' dir='ltr'><strong>solani</strong></span> 
     </span>
    </p>
   </div>
   <div class='ocr_carea' id='block_1_58' title="bbox 201 3400 1891 3483">
    <p class='ocr_par' dir='ltr' id='par_1_58' title="bbox 201 3400 1891 3483">
     <span class='ocr_line' id='line_1_58' title="bbox 201 3400 1891 3483; baseline -0.001 -24"><span class='ocrx_word' id='word_1_437' title='bbox 201 3477 204 3480; x_wconf 2' lang='grc' dir='ltr'><strong>η</strong></span> <span class='ocrx_word' id='word_1_438' title='bbox 296 3402 408 3483; x_wconf 72' lang='lat' dir='ltr'><strong>jus,</strong></span> <span class='ocrx_word' id='word_1_439' title='bbox 441 3401 615 3458; x_wconf 85' lang='lat' dir='ltr'><strong>simul</strong></span> <span class='ocrx_word' id='word_1_440' title='bbox 643 3417 779 3457; x_wconf 85' lang='lat' dir='ltr'><strong>aura</strong></span> <span class='ocrx_word' id='word_1_441' title='bbox 818 3400 957 3472; x_wconf 81' lang='lat' dir='ltr'><strong>ipsis</strong></span> <span class='ocrx_word' id='word_1_442' title='bbox 1003 3402 1293 3473; x_wconf 77' lang='lat' dir='ltr'><strong>benignior</strong></span> <span class='ocrx_word' id='word_1_443' title='bbox 1334 3401 1640 3469; x_wconf 70' lang='lat' dir='ltr'><strong>albaverit;</strong></span> <span class='ocrx_word' id='word_1_444' title='bbox 1677 3416 1708 3457; x_wconf 88' lang='lat' dir='ltr'><strong>a</strong></span> <span class='ocrx_word' id='word_1_445' title='bbox 1751 3418 1891 3473; x_wconf 88' lang='lat' dir='ltr'><strong>quo-</strong></span> 
     </span>
    </p>
   </div>
   <div class='ocr_carea' id='block_1_59' title="bbox 300 3494 1890 3565">
    <p class='ocr_par' dir='ltr' id='par_1_59' title="bbox 300 3494 1890 3565">
     <span class='ocr_line' id='line_1_59' title="bbox 300 3494 1890 3565; baseline -0.002 -13"><span class='ocrx_word' id='word_1_446' title='bbox 300 3511 422 3553; x_wconf 86' lang='lat' dir='ltr'><strong>rum</strong></span> <span class='ocrx_word' id='word_1_447' title='bbox 449 3495 807 3553; x_wconf 79' lang='lat' dir='ltr'><strong>severissima</strong></span> <span class='ocrx_word' id='word_1_448' title='bbox 834 3494 1191 3550; x_wconf 85' lang='lat' dir='ltr'><strong>damnatione</strong></span> <span class='ocrx_word' id='word_1_449' title='bbox 1227 3494 1354 3565; x_wconf 84' lang='lat' dir='ltr'><strong>quis</strong></span> <span class='ocrx_word' id='word_1_450' title='bbox 1395 3494 1532 3552; x_wconf 81' lang='lat' dir='ltr'><strong>satis</strong></span> <span class='ocrx_word' id='word_1_451' title='bbox 1559 3504 1755 3564; x_wconf 88' lang='lat' dir='ltr'><strong>potens</strong></span> <span class='ocrx_word' id='word_1_452' title='bbox 1786 3509 1890 3549; x_wconf 89' lang='lat' dir='ltr'><strong>nos</strong></span> 
     </span>
    </p>
   </div>
   <div class='ocr_carea' id='block_1_60' title="bbox 301 3584 1891 3658">
    <p class='ocr_par' dir='ltr' id='par_1_60' title="bbox 301 3584 1891 3658">
     <span class='ocr_line' id='line_1_60' title="bbox 301 3584 1891 3658; baseline 0 -17"><span class='ocrx_word' id='word_1_453' title='bbox 301 3594 639 3658; x_wconf 78' lang='lat' dir='ltr'><strong>protegeret,</strong></span> <span class='ocrx_word' id='word_1_454' title='bbox 691 3585 738 3641; x_wconf 90' lang='lat' dir='ltr'><strong>si</strong></span> <span class='ocrx_word' id='word_1_455' title='bbox 778 3600 881 3641; x_wconf 87' lang='lat' dir='ltr'><strong>nos</strong></span> <span class='ocrx_word' id='word_1_456' title='bbox 912 3584 1285 3656; x_wconf 84' lang='lat' dir='ltr'><strong>chirographo</strong></span> <span class='ocrx_word' id='word_1_457' title='bbox 1328 3600 1455 3642; x_wconf 90' lang='lat' dir='ltr'><strong>reos</strong></span> <span class='ocrx_word' id='word_1_458' title='bbox 1502 3594 1777 3649; x_wconf 73' lang='lat' dir='ltr'><strong>tenerent,</strong></span> <span class='ocrx_word' id='word_1_459' title='bbox 1835 3592 1891 3641; x_wconf 88' lang='lat' dir='ltr'><strong>et</strong></span> 
     </span>
    </p>
   </div>
   <div class='ocr_carea' id='block_1_61' title="bbox 302 3668 1891 3752">
    <p class='ocr_par' dir='ltr' id='par_1_61' title="bbox 302 3668 1891 3752">
     <span class='ocr_line' id='line_1_61' title="bbox 302 3668 1891 3752; baseline 0 -19"><span class='ocrx_word' id='word_1_460' title='bbox 302 3668 591 3752; x_wconf 69' lang='grc' dir='ltr'>ῃοῃιίιιιιὶὴ</span> <span class='ocrx_word' id='word_1_461' title='bbox 638 3677 787 3733; x_wconf 88' lang='lat' dir='ltr'><strong>nitro</strong></span> <span class='ocrx_word' id='word_1_462' title='bbox 836 3677 1103 3748; x_wconf 76' lang='lat' dir='ltr'><strong>suﬂi-agio</strong></span> <span class='ocrx_word' id='word_1_463' title='bbox 1151 3686 1471 3733; x_wconf 88' lang='lat' dir='ltr'><strong>nostrorum</strong></span> <span class='ocrx_word' id='word_1_464' title='bbox 1528 3677 1891 3733; x_wconf 73' lang='lat' dir='ltr'><strong>munitum‘a</strong></span> 
     </span>
    </p>
   </div>
   <div class='ocr_carea' id='block_1_62' title="bbox 303 3769 1892 3843">
    <p class='ocr_par' dir='ltr' id='par_1_62' title="bbox 303 3769 1892 3843">
     <span class='ocr_line' id='line_1_62' title="bbox 303 3769 1892 3843; baseline -0.003 -15"><span class='ocrx_word' id='word_1_465' title='bbox 303 3772 468 3843; x_wconf 78' lang='lat' dir='ltr'><strong>nobis</strong></span> <span class='ocrx_word' id='word_1_466' title='bbox 502 3787 731 3838; x_wconf 65' lang='lat' dir='ltr'><strong>exosum</strong></span> <span class='ocrx_word' id='word_1_467' title='bbox 760 3771 924 3826; x_wconf 87' lang='lat' dir='ltr'><strong>istmu</strong></span> <span class='ocrx_word' id='word_1_468' title='bbox 957 3771 1063 3825; x_wconf 90' lang='lat' dir='ltr'><strong>sibi</strong></span> <span class='ocrx_word' id='word_1_469' title='bbox 1097 3780 1307 3825; x_wconf 88' lang='lat' dir='ltr'><strong>tomum</strong></span> <span class='ocrx_word' id='word_1_470' title='bbox 1356 3770 1688 3825; x_wconf 87' lang='lat' dir='ltr'><strong>cernerent?</strong></span> <span class='ocrx_word' id='word_1_471' title='bbox 1740 3769 1892 3824; x_wconf 82' lang='lat' dir='ltr'><strong>Talia</strong></span> 
     </span>
    </p>
   </div>
   <div class='ocr_carea' id='block_1_63' title="bbox 303 3863 1890 3932">
    <p class='ocr_par' dir='ltr' id='par_1_63' title="bbox 303 3863 1890 3932">
     <span class='ocr_line' id='line_1_63' title="bbox 303 3863 1890 3932; baseline -0.004 -10"><span class='ocrx_word' id='word_1_472' title='bbox 303 3865 699 3929; x_wconf 81' lang='lat' dir='ltr'><strong>ecclesiasticis</strong></span> <span class='ocrx_word' id='word_1_473' title='bbox 730 3864 1115 3929; x_wconf 86' lang='lat' dir='ltr'><strong>causantibus,</strong></span> <span class='ocrx_word' id='word_1_474' title='bbox 1150 3878 1259 3918; x_wconf 91' lang='lat' dir='ltr'><strong>non</strong></span> <span class='ocrx_word' id='word_1_475' title='bbox 1285 3863 1511 3917; x_wconf 84' lang='lat' dir='ltr'><strong>deerant</strong></span> <span class='ocrx_word' id='word_1_476' title='bbox 1544 3863 1764 3932; x_wconf 87' lang='lat' dir='ltr'><strong>quidem</strong></span> <span class='ocrx_word' id='word_1_477' title='bbox 1787 3863 1890 3917; x_wconf 77' lang='lat' dir='ltr'><strong>sibi</strong></span> 
     </span>
    </p>
   </div>
   <div class='ocr_carea' id='block_1_64' title="bbox 304 3954 1895 4031">
    <p class='ocr_par' dir='ltr' id='par_1_64' title="bbox 304 3954 1895 4031">
     <span class='ocr_line' id='line_1_64' title="bbox 304 3954 1895 4031; baseline -0.001 -19"><span class='ocrx_word' id='word_1_478' title='bbox 304 3956 556 4031; x_wconf 82' lang='lat' dir='ltr'><strong>partiarii</strong></span> <span class='ocrx_word' id='word_1_479' title='bbox 579 3954 932 4027; x_wconf 79' lang='lat' dir='ltr'><strong>patriarclne,</strong></span> <span class='ocrx_word' id='word_1_480' title='bbox 955 3958 1088 4027; x_wconf 91' lang='lat' dir='ltr'><strong>quin</strong></span> <span class='ocrx_word' id='word_1_481' title='bbox 1110 3955 1299 4011; x_wconf 90' lang='lat' dir='ltr'><strong>multis</strong></span> <span class='ocrx_word' id='word_1_482' title='bbox 1316 3954 1611 4010; x_wconf 84' lang='lat' dir='ltr'><strong>ostendere</strong></span> <span class='ocrx_word' id='word_1_483' title='bbox 1626 3970 1895 4010; x_wconf 88' lang='lat' dir='ltr'><strong>conaren-</strong></span> 
     </span>
    </p>
   </div>
   <div class='ocr_carea' id='block_1_65' title="bbox 306 4048 1898 4120">
    <p class='ocr_par' dir='ltr' id='par_1_65' title="bbox 306 4048 1898 4120">
     <span class='ocr_line' id='line_1_65' title="bbox 306 4048 1898 4120; baseline -0.002 -14"><span class='ocrx_word' id='word_1_484' title='bbox 306 4064 397 4106; x_wconf 89' lang='lat' dir='ltr'><strong>tur</strong></span> <span class='ocrx_word' id='word_1_485' title='bbox 429 4052 601 4106; x_wconf 87' lang='lat' dir='ltr'><strong>latam</strong></span> <span class='ocrx_word' id='word_1_486' title='bbox 628 4051 771 4106; x_wconf 88' lang='lat' dir='ltr'><strong>inter</strong></span> <span class='ocrx_word' id='word_1_487' title='bbox 798 4051 911 4105; x_wconf 63' lang='lat' dir='ltr'><strong>haec</strong></span> <span class='ocrx_word' id='word_1_488' title='bbox 942 4050 1011 4105; x_wconf 87' lang='lat' dir='ltr'><strong>ad</strong></span> <span class='ocrx_word' id='word_1_489' title='bbox 1036 4052 1157 4120; x_wconf 72' lang='lat' dir='ltr'><strong>qua:</strong></span> <span class='ocrx_word' id='word_1_490' title='bbox 1180 4050 1574 4105; x_wconf 85' lang='lat' dir='ltr'><strong>subscribenda</strong></span> <span class='ocrx_word' id='word_1_491' title='bbox 1602 4048 1898 4104; x_wconf 86' lang='lat' dir='ltr'><strong>invitaren-</strong></span> 
     </span>
    </p>
   </div>
   <div class='ocr_carea' id='block_1_66' title="bbox 308 4146 1897 4218">
    <p class='ocr_par' dir='ltr' id='par_1_66' title="bbox 308 4146 1897 4218">
     <span class='ocr_line' id='line_1_66' title="bbox 308 4146 1897 4218; baseline 0.001 -19"><span class='ocrx_word' id='word_1_492' title='bbox 308 4158 419 4214; x_wconf 79' lang='lat' dir='ltr'><strong>tur,</strong></span> <span class='ocrx_word' id='word_1_493' title='bbox 442 4156 499 4203; x_wconf 92' lang='lat' dir='ltr'><strong>et</strong></span> <span class='ocrx_word' id='word_1_494' title='bbox 522 4148 612 4200; x_wconf 83' lang='lat' dir='ltr'><strong>illa</strong></span> <span class='ocrx_word' id='word_1_495' title='bbox 632 4147 704 4202; x_wconf 90' lang='lat' dir='ltr'><strong>ob</strong></span> <span class='ocrx_word' id='word_1_496' title='bbox 728 4162 851 4218; x_wconf 78' lang='lat' dir='ltr'><strong>qua:</strong></span> <span class='ocrx_word' id='word_1_497' title='bbox 875 4147 1039 4202; x_wconf 89' lang='lat' dir='ltr'><strong>tacite</strong></span> <span class='ocrx_word' id='word_1_498' title='bbox 1063 4146 1392 4203; x_wconf 84' lang='lat' dir='ltr'><strong>transmissa</strong></span> <span class='ocrx_word' id='word_1_499' title='bbox 1412 4146 1626 4202; x_wconf 87' lang='lat' dir='ltr'><strong>multati</strong></span> <span class='ocrx_word' id='word_1_500' title='bbox 1653 4146 1897 4217; x_wconf 80' lang='lat' dir='ltr'><strong>graviter</strong></span> 
     </span>
    </p>
   </div>
   <div class='ocr_carea' id='block_1_67' title="bbox 306 4242 1901 4315">
    <p class='ocr_par' dir='ltr' id='par_1_67' title="bbox 306 4242 1901 4315">
     <span class='ocr_line' id='line_1_67' title="bbox 306 4242 1901 4315; baseline -0.002 -13"><span class='ocrx_word' id='word_1_501' title='bbox 306 4254 517 4309; x_wconf 87' lang='lat' dir='ltr'><strong>essent,</strong></span> <span class='ocrx_word' id='word_1_502' title='bbox 553 4242 985 4314; x_wconf 82' lang='lat' dir='ltr'><strong>discrepantiam</strong></span> <span class='ocrx_word' id='word_1_503' title='bbox 1014 4244 1398 4309; x_wconf 85' lang='lat' dir='ltr'><strong>intercedere;</strong></span> <span class='ocrx_word' id='word_1_504' title='bbox 1429 4257 1666 4313; x_wconf 77' lang='lat' dir='ltr'><strong>moxque</strong></span> <span class='ocrx_word' id='word_1_505' title='bbox 1698 4242 1901 4315; x_wconf 81' lang='lat' dir='ltr'><strong>acriter</strong></span> 
     </span>
    </p>
   </div>
   <div class='ocr_carea' id='block_1_68' title="bbox 306 4330 1898 4406">
    <p class='ocr_par' dir='ltr' id='par_1_68' title="bbox 306 4330 1898 4406">
     <span class='ocr_line' id='line_1_68' title="bbox 306 4330 1898 4406; baseline -0.007 -12"><span class='ocrx_word' id='word_1_506' title='bbox 306 4351 339 4403; x_wconf 64' lang='grc' dir='ltr'>ι</span> <span class='ocrx_word' id='word_1_507' title='bbox 368 4352 431 4394; x_wconf 87' lang='lat' dir='ltr'><strong>se</strong></span> <span class='ocrx_word' id='word_1_508' title='bbox 462 4337 815 4392; x_wconf 84' lang='lat' dir='ltr'><strong>decretorum</strong></span> <span class='ocrx_word' id='word_1_509' title='bbox 839 4334 1299 4406; x_wconf 85' lang='lat' dir='ltr'><strong>subscriptionem</strong></span> <span class='ocrx_word' id='word_1_510' title='bbox 1330 4335 1668 4404; x_wconf 81' lang='lat' dir='ltr'><strong>ﬂagitarent.</strong></span> <span class='ocrx_word' id='word_1_511' title='bbox 1694 4330 1898 4388; x_wconf 73' lang='lat' dir='ltr'><strong>Verum</strong></span> 
     </span>
    </p>
   </div>
   <div class='ocr_carea' id='block_1_69' title="bbox 307 4428 1900 4500">
    <p class='ocr_par' dir='ltr' id='par_1_69' title="bbox 307 4428 1900 4500">
     <span class='ocr_line' id='line_1_69' title="bbox 307 4428 1900 4500; baseline -0.004 -15"><span class='ocrx_word' id='word_1_512' title='bbox 307 4430 418 4487; x_wconf 86' lang='lat' dir='ltr'><strong>illis</strong></span> <span class='ocrx_word' id='word_1_513' title='bbox 453 4437 639 4500; x_wconf 68' lang='lat' dir='ltr'><strong>coepta</strong></span> <span class='ocrx_word' id='word_1_514' title='bbox 668 4444 789 4484; x_wconf 84' lang='lat' dir='ltr'><strong>sese</strong></span> <span class='ocrx_word' id='word_1_515' title='bbox 818 4428 1125 4499; x_wconf 81' lang='lat' dir='ltr'><strong>pertinacia</strong></span> <span class='ocrx_word' id='word_1_516' title='bbox 1166 4428 1598 4489; x_wconf 75' lang='lat' dir='ltr'><strong>involventihus,</strong></span> <span class='ocrx_word' id='word_1_517' title='bbox 1625 4436 1681 4481; x_wconf 90' lang='lat' dir='ltr'><strong>et</strong></span> <span class='ocrx_word' id='word_1_518' title='bbox 1705 4439 1900 4481; x_wconf 88' lang='lat' dir='ltr'><strong>omnes</strong></span> 
     </span>
    </p>
   </div>
   <div class='ocr_carea' id='block_1_70' title="bbox 308 4517 1900 4592">
    <p class='ocr_par' dir='ltr' id='par_1_70' title="bbox 308 4517 1900 4592">
     <span class='ocr_line' id='line_1_70' title="bbox 308 4517 1900 4592; baseline -0.006 -12"><span class='ocrx_word' id='word_1_519' title='bbox 308 4522 951 4580; x_wconf 87' lang='lat' dir='ltr'><strong>eludentibusconatus</strong></span> <span class='ocrx_word' id='word_1_520' title='bbox 1003 4521 1156 4592; x_wconf 86' lang='lat' dir='ltr'><strong>ipsos</strong></span> <span class='ocrx_word' id='word_1_521' title='bbox 1186 4519 1689 4590; x_wconf 87' lang='lat' dir='ltr'><strong>quomodocunque</strong></span> <span class='ocrx_word' id='word_1_522' title='bbox 1742 4517 1900 4573; x_wconf 84' lang='lat' dir='ltr'><strong>inﬂe-</strong></span> 
     </span>
    </p>
   </div>
   <div class='ocr_carea' id='block_1_71' title="bbox 306 4613 1901 4685">
    <p class='ocr_par' dir='ltr' id='par_1_71' title="bbox 306 4613 1901 4685">
     <span class='ocr_line' id='line_1_71' title="bbox 306 4613 1901 4685; baseline -0.007 -11"><span class='ocrx_word' id='word_1_523' title='bbox 306 4631 461 4683; x_wconf 78' lang='lat' dir='ltr'><strong>ctere</strong></span> <span class='ocrx_word' id='word_1_524' title='bbox 489 4618 557 4671; x_wconf 88' lang='lat' dir='ltr'><strong>ad</strong></span> <span class='ocrx_word' id='word_1_525' title='bbox 586 4614 693 4671; x_wconf 86' lang='lat' dir='ltr'><strong>sibi</strong></span> <span class='ocrx_word' id='word_1_526' title='bbox 726 4624 912 4685; x_wconf 83' lang='lat' dir='ltr'><strong>optata</strong></span> <span class='ocrx_word' id='word_1_527' title='bbox 945 4613 1417 4677; x_wconf 87' lang='lat' dir='ltr'><strong>contendentium,</strong></span> <span class='ocrx_word' id='word_1_528' title='bbox 1464 4613 1519 4667; x_wconf 89' lang='lat' dir='ltr'><strong>bi</strong></span> <span class='ocrx_word' id='word_1_529' title='bbox 1545 4614 1901 4682; x_wconf 85' lang='lat' dir='ltr'><strong>desperantes</strong></span> 
     </span>
    </p>
   </div>
   <div class='ocr_carea' id='block_1_72' title="bbox 1996 3398 3579 3467">
    <p class='ocr_par' dir='ltr' id='par_1_72' title="bbox 1996 3398 3579 3467">
     <span class='ocr_line' id='line_1_72' title="bbox 1996 3398 3579 3467; baseline -0.001 -14"><span class='ocrx_word' id='word_1_530' title='bbox 1996 3413 2093 3453; x_wconf 85' lang='lat' dir='ltr'><strong>eos</strong></span> <span class='ocrx_word' id='word_1_531' title='bbox 2122 3398 2511 3453; x_wconf 84' lang='lat' dir='ltr'><strong>inobedientiae</strong></span> <span class='ocrx_word' id='word_1_532' title='bbox 2540 3399 2757 3467; x_wconf 86' lang='lat' dir='ltr'><strong>culpam</strong></span> <span class='ocrx_word' id='word_1_533' title='bbox 2796 3398 3102 3458; x_wconf 86' lang='lat' dir='ltr'><strong>incurrere,</strong></span> <span class='ocrx_word' id='word_1_534' title='bbox 3165 3407 3260 3453; x_wconf 83' lang='lat' dir='ltr'><strong>sed</strong></span> <span class='ocrx_word' id='word_1_535' title='bbox 3313 3398 3579 3453; x_wconf 87' lang='lat' dir='ltr'><strong>indicium</strong></span> 
     </span>
    </p>
   </div>
   <div class='ocr_carea' id='block_1_73' title="bbox 1993 3489 3582 3563">
    <p class='ocr_par' dir='ltr' id='par_1_73' title="bbox 1993 3489 3582 3563">
     <span class='ocr_line' id='line_1_73' title="bbox 1993 3489 3582 3563; baseline 0.001 -18"><span class='ocrx_word' id='word_1_536' title='bbox 1993 3492 2240 3563; x_wconf 70' lang='lat' dir='ltr'><strong>praebere</strong></span> <span class='ocrx_word' id='word_1_537' title='bbox 2281 3490 2538 3545; x_wconf 87' lang='lat' dir='ltr'><strong>idoneum</strong></span> <span class='ocrx_word' id='word_1_538' title='bbox 2571 3490 2820 3545; x_wconf 82' lang='lat' dir='ltr'><strong>criminis</strong></span> <span class='ocrx_word' id='word_1_539' title='bbox 2871 3490 3042 3545; x_wconf 87' lang='lat' dir='ltr'><strong>multo</strong></span> <span class='ocrx_word' id='word_1_540' title='bbox 3097 3490 3388 3560; x_wconf 76' lang='lat' dir='ltr'><strong>gravioris.</strong></span> <span class='ocrx_word' id='word_1_541' title='bbox 3442 3489 3582 3547; x_wconf 82' lang='lat' dir='ltr'><strong>Hinc</strong></span> 
     </span>
    </p>
   </div>
   <div class='ocr_carea' id='block_1_74' title="bbox 1995 3582 3578 3654">
    <p class='ocr_par' dir='ltr' id='par_1_74' title="bbox 1995 3582 3578 3654">
     <span class='ocr_line' id='line_1_74' title="bbox 1995 3582 3578 3654; baseline -0.002 -13"><span class='ocrx_word' id='word_1_542' title='bbox 1995 3584 2209 3641; x_wconf 75' lang='lat' dir='ltr'><strong>Scilicet</strong></span> <span class='ocrx_word' id='word_1_543' title='bbox 2238 3598 2504 3653; x_wconf 86' lang='lat' dir='ltr'><strong>apparere</strong></span> <span class='ocrx_word' id='word_1_544' title='bbox 2533 3583 2827 3649; x_wconf 75' lang='lat' dir='ltr'><strong>persistere</strong></span> <span class='ocrx_word' id='word_1_545' title='bbox 2854 3582 3035 3637; x_wconf 83' lang='lat' dir='ltr'><strong>adhuc</strong></span> <span class='ocrx_word' id='word_1_546' title='bbox 3093 3582 3219 3637; x_wconf 88' lang='lat' dir='ltr'><strong>illos</strong></span> <span class='ocrx_word' id='word_1_547' title='bbox 3251 3584 3307 3636; x_wconf 90' lang='lat' dir='ltr'><strong>in</strong></span> <span class='ocrx_word' id='word_1_548' title='bbox 3353 3582 3421 3637; x_wconf 93' lang='lat' dir='ltr'><strong>iis</strong></span> <span class='ocrx_word' id='word_1_549' title='bbox 3453 3599 3578 3654; x_wconf 73' lang='lat' dir='ltr'><strong>quae</strong></span> 
     </span>
    </p>
   </div>
   <div class='ocr_carea' id='block_1_75' title="bbox 1991 3676 3582 3746">
    <p class='ocr_par' dir='ltr' id='par_1_75' title="bbox 1991 3676 3582 3746">
     <span class='ocr_line' id='line_1_75' title="bbox 1991 3676 3582 3746; baseline 0 -15"><span class='ocrx_word' id='word_1_550' title='bbox 1991 3688 2202 3746; x_wconf 76' lang='lat' dir='ltr'><strong>statuta</strong></span> <span class='ocrx_word' id='word_1_551' title='bbox 2233 3678 2438 3732; x_wconf 88' lang='lat' dir='ltr'><strong>dudum</strong></span> <span class='ocrx_word' id='word_1_552' title='bbox 2464 3692 2639 3744; x_wconf 85' lang='lat' dir='ltr'><strong>nuper</strong></span> <span class='ocrx_word' id='word_1_553' title='bbox 2680 3676 2915 3733; x_wconf 80' lang='lat' dir='ltr'><strong>rescissa</strong></span> <span class='ocrx_word' id='word_1_554' title='bbox 2954 3676 3196 3742; x_wconf 81' lang='lat' dir='ltr'><strong>fuerant,</strong></span> <span class='ocrx_word' id='word_1_555' title='bbox 3234 3684 3288 3731; x_wconf 90' lang='lat' dir='ltr'><strong>et</strong></span> <span class='ocrx_word' id='word_1_556' title='bbox 3342 3690 3467 3732; x_wconf 88' lang='lat' dir='ltr'><strong>cum</strong></span> <span class='ocrx_word' id='word_1_557' title='bbox 3521 3691 3582 3731; x_wconf 80' lang='lat' dir='ltr'><strong>se</strong></span> 
     </span>
    </p>
   </div>
   <div class='ocr_carea' id='block_1_76' title="bbox 1998 3768 3586 3839">
    <p class='ocr_par' dir='ltr' id='par_1_76' title="bbox 1998 3768 3586 3839">
     <span class='ocr_line' id='line_1_76' title="bbox 1998 3768 3586 3839; baseline -0.001 -16"><span class='ocrx_word' id='word_1_558' title='bbox 1998 3770 2258 3827; x_wconf 84' lang='lat' dir='ltr'><strong>recedere</strong></span> <span class='ocrx_word' id='word_1_559' title='bbox 2308 3770 2378 3825; x_wconf 89' lang='lat' dir='ltr'><strong>ab</strong></span> <span class='ocrx_word' id='word_1_560' title='bbox 2412 3770 2479 3824; x_wconf 90' lang='lat' dir='ltr'><strong>iis</strong></span> <span class='ocrx_word' id='word_1_561' title='bbox 2513 3769 2803 3839; x_wconf 85' lang='lat' dir='ltr'><strong>redireque</strong></span> <span class='ocrx_word' id='word_1_562' title='bbox 2852 3770 2917 3823; x_wconf 90' lang='lat' dir='ltr'><strong>ad</strong></span> <span class='ocrx_word' id='word_1_563' title='bbox 2982 3768 3383 3839; x_wconf 83' lang='lat' dir='ltr'><strong>professionem</strong></span> <span class='ocrx_word' id='word_1_564' title='bbox 3442 3770 3586 3824; x_wconf 90' lang='lat' dir='ltr'><strong>anti-</strong></span> 
     </span>
    </p>
   </div>
   <div class='ocr_carea' id='block_1_77' title="bbox 1995 3862 3586 3933">
    <p class='ocr_par' dir='ltr' id='par_1_77' title="bbox 1995 3862 3586 3933">
     <span class='ocr_line' id='line_1_77' title="bbox 1995 3862 3586 3933; baseline 0 -16"><span class='ocrx_word' id='word_1_565' title='bbox 1995 3878 2160 3933; x_wconf 89' lang='lat' dir='ltr'><strong>quam</strong></span> <span class='ocrx_word' id='word_1_566' title='bbox 2180 3863 2606 3933; x_wconf 77' lang='lat' dir='ltr'><strong>signiﬁcassent,</strong></span> <span class='ocrx_word' id='word_1_567' title='bbox 2652 3863 2789 3920; x_wconf 83' lang='lat' dir='ltr'><strong>falso</strong></span> <span class='ocrx_word' id='word_1_568' title='bbox 2822 3862 2875 3918; x_wconf 87' lang='lat' dir='ltr'><strong>id</strong></span> <span class='ocrx_word' id='word_1_569' title='bbox 2898 3864 3213 3929; x_wconf 89' lang='lat' dir='ltr'><strong>simulasse,</strong></span> <span class='ocrx_word' id='word_1_570' title='bbox 3248 3879 3385 3920; x_wconf 90' lang='lat' dir='ltr'><strong>voce</strong></span> <span class='ocrx_word' id='word_1_571' title='bbox 3438 3862 3586 3919; x_wconf 88' lang='lat' dir='ltr'><strong>duu-</strong></span> 
     </span>
    </p>
   </div>
   <div class='ocr_carea' id='block_1_78' title="bbox 1997 3956 3587 4026">
    <p class='ocr_par' dir='ltr' id='par_1_78' title="bbox 1997 3956 3587 4026">
     <span class='ocr_line' id='line_1_78' title="bbox 1997 3956 3587 4026; baseline -0.003 -15"><span class='ocrx_word' id='word_1_572' title='bbox 1997 3966 2151 4011; x_wconf 75' lang='lat' dir='ltr'><strong>taxat</strong></span> <span class='ocrx_word' id='word_1_573' title='bbox 2205 3956 2386 4026; x_wconf 82' lang='lat' dir='ltr'><strong>pravis</strong></span> <span class='ocrx_word' id='word_1_574' title='bbox 2435 3956 2673 4011; x_wconf 87' lang='lat' dir='ltr'><strong>decretis</strong></span> <span class='ocrx_word' id='word_1_575' title='bbox 2722 3956 3130 4023; x_wconf 85' lang='lat' dir='ltr'><strong>renuntiantes,</strong></span> <span class='ocrx_word' id='word_1_576' title='bbox 3179 3956 3379 4026; x_wconf 90' lang='lat' dir='ltr'><strong>quibus</strong></span> <span class='ocrx_word' id='word_1_577' title='bbox 3440 3970 3587 4010; x_wconf 80' lang='lat' dir='ltr'><strong>nunc</strong></span> 
     </span>
    </p>
   </div>
   <div class='ocr_carea' id='block_1_79' title="bbox 1997 4041 3583 4128">
    <p class='ocr_par' dir='ltr' id='par_1_79' title="bbox 1997 4041 3583 4128">
     <span class='ocr_line' id='line_1_79' title="bbox 1997 4041 3583 4128; baseline -0.001 -25"><span class='ocrx_word' id='word_1_578' title='bbox 1997 4050 2179 4106; x_wconf 88' lang='lat' dir='ltr'><strong>adhuc</strong></span> <span class='ocrx_word' id='word_1_579' title='bbox 2199 4066 2322 4106; x_wconf 82' lang='lat' dir='ltr'><strong>cum</strong></span> <span class='ocrx_word' id='word_1_580' title='bbox 2354 4051 2590 4105; x_wconf 77' lang='lat' dir='ltr'><strong>maxime</strong></span> <span class='ocrx_word' id='word_1_581' title='bbox 2637 4059 2752 4104; x_wconf 79' lang='lat' dir='ltr'><strong>tow</strong></span> <span class='ocrx_word' id='word_1_582' title='bbox 2787 4051 2972 4106; x_wconf 88' lang='lat' dir='ltr'><strong>animo</strong></span> <span class='ocrx_word' id='word_1_583' title='bbox 3006 4041 3298 4105; x_wconf 69' lang='lat' dir='ltr'><strong>haererent.</strong></span> <span class='ocrx_word' id='word_1_584' title='bbox 3334 4048 3476 4128; x_wconf 53' lang='lat' dir='ltr'><strong>Quae</strong></span> <span class='ocrx_word' id='word_1_585' title='bbox 3493 4064 3583 4103; x_wconf 88' lang='lat' dir='ltr'><strong>res</strong></span> 
     </span>
    </p>
   </div>
   <div class='ocr_carea' id='block_1_80' title="bbox 2003 4143 3586 4217">
    <p class='ocr_par' dir='ltr' id='par_1_80' title="bbox 2003 4143 3586 4217">
     <span class='ocr_line' id='line_1_80' title="bbox 2003 4143 3586 4217; baseline -0.002 -18"><span class='ocrx_word' id='word_1_586' title='bbox 2003 4155 2222 4217; x_wconf 81' lang='lat' dir='ltr'><strong>quantae</strong></span> <span class='ocrx_word' id='word_1_587' title='bbox 2250 4144 2471 4200; x_wconf 74' lang='lat' dir='ltr'><strong>invidize</strong></span> <span class='ocrx_word' id='word_1_588' title='bbox 2500 4145 2803 4215; x_wconf 85' lang='lat' dir='ltr'><strong>quantique</strong></span> <span class='ocrx_word' id='word_1_589' title='bbox 2831 4156 2978 4201; x_wconf 86' lang='lat' dir='ltr'><strong>esset</strong></span> <span class='ocrx_word' id='word_1_590' title='bbox 3017 4144 3270 4214; x_wconf 89' lang='lat' dir='ltr'><strong>periculi,</strong></span> <span class='ocrx_word' id='word_1_591' title='bbox 3311 4143 3586 4199; x_wconf 73' lang='lat' dir='ltr'><strong>aestimare</strong></span> 
     </span>
    </p>
   </div>
   <div class='ocr_carea' id='block_1_81' title="bbox 2004 4236 3584 4309">
    <p class='ocr_par' dir='ltr' id='par_1_81' title="bbox 2004 4236 3584 4309">
     <span class='ocr_line' id='line_1_81' title="bbox 2004 4236 3584 4309; baseline -0.002 -18"><span class='ocrx_word' id='word_1_592' title='bbox 2004 4238 2154 4307; x_wconf 90' lang='lat' dir='ltr'><strong>ipsos</strong></span> <span class='ocrx_word' id='word_1_593' title='bbox 2178 4250 2395 4293; x_wconf 86' lang='lat' dir='ltr'><strong>maturo</strong></span> <span class='ocrx_word' id='word_1_594' title='bbox 2418 4238 2628 4309; x_wconf 89' lang='lat' dir='ltr'><strong>judicio</strong></span> <span class='ocrx_word' id='word_1_595' title='bbox 2666 4253 2764 4306; x_wconf 90' lang='lat' dir='ltr'><strong>par</strong></span> <span class='ocrx_word' id='word_1_596' title='bbox 2787 4252 2932 4293; x_wconf 89' lang='lat' dir='ltr'><strong>esse.</strong></span> <span class='ocrx_word' id='word_1_597' title='bbox 2958 4236 3038 4292; x_wconf 82' lang='lat' dir='ltr'><strong>Ne</strong></span> <span class='ocrx_word' id='word_1_598' title='bbox 3085 4237 3199 4292; x_wconf 77' lang='lat' dir='ltr'><strong>haec</strong></span> <span class='ocrx_word' id='word_1_599' title='bbox 3228 4236 3448 4306; x_wconf 87' lang='lat' dir='ltr'><strong>quidem</strong></span> <span class='ocrx_word' id='word_1_600' title='bbox 3476 4236 3584 4289; x_wconf 89' lang='lat' dir='ltr'><strong>illis</strong></span> 
     </span>
    </p>
   </div>
   <div class='ocr_carea' id='block_1_82' title="bbox 2002 4328 3587 4401">
    <p class='ocr_par' dir='ltr' id='par_1_82' title="bbox 2002 4328 3587 4401">
     <span class='ocr_line' id='line_1_82' title="bbox 2002 4328 3587 4401; baseline -0.003 -14"><span class='ocrx_word' id='word_1_601' title='bbox 2002 4330 2347 4387; x_wconf 80' lang='lat' dir='ltr'><strong>inﬂectendis</strong></span> <span class='ocrx_word' id='word_1_602' title='bbox 2379 4331 2617 4385; x_wconf 85' lang='lat' dir='ltr'><strong>valuere.</strong></span> <span class='ocrx_word' id='word_1_603' title='bbox 2654 4331 2850 4385; x_wconf 84' lang='lat' dir='ltr'><strong>Audita</strong></span> <span class='ocrx_word' id='word_1_604' title='bbox 2910 4331 3112 4401; x_wconf 82' lang='lat' dir='ltr'><strong>quippe</strong></span> <span class='ocrx_word' id='word_1_605' title='bbox 3162 4328 3587 4383; x_wconf 85' lang='lat' dir='ltr'><strong>comminatione</strong></span> 
     </span>
    </p>
   </div>
   <div class='ocr_carea' id='block_1_83' title="bbox 2001 4422 3585 4491">
    <p class='ocr_par' dir='ltr' id='par_1_83' title="bbox 2001 4422 3585 4491">
     <span class='ocr_line' id='line_1_83' title="bbox 2001 4422 3585 4491; baseline -0.003 -13"><span class='ocrx_word' id='word_1_606' title='bbox 2001 4425 2106 4481; x_wconf 87' lang='lat' dir='ltr'><strong>ista</strong></span> <span class='ocrx_word' id='word_1_607' title='bbox 2126 4426 2342 4489; x_wconf 87' lang='lat' dir='ltr'><strong>ultima,</strong></span> <span class='ocrx_word' id='word_1_608' title='bbox 2373 4424 2724 4480; x_wconf 87' lang='lat' dir='ltr'><strong>declararunt</strong></span> <span class='ocrx_word' id='word_1_609' title='bbox 2764 4422 2924 4478; x_wconf 86' lang='lat' dir='ltr'><strong>malle</strong></span> <span class='ocrx_word' id='word_1_610' title='bbox 2979 4438 3039 4477; x_wconf 89' lang='lat' dir='ltr'><strong>se</strong></span> <span class='ocrx_word' id='word_1_611' title='bbox 3097 4423 3381 4491; x_wconf 72' lang='lat' dir='ltr'><strong>subiacere</strong></span> <span class='ocrx_word' id='word_1_612' title='bbox 3424 4422 3585 4474; x_wconf 86' lang='lat' dir='ltr'><strong>inno-</strong></span> 
     </span>
    </p>
   </div>
   <div class='ocr_carea' id='block_1_84' title="bbox 2005 4511 3583 4586">
    <p class='ocr_par' dir='ltr' id='par_1_84' title="bbox 2005 4511 3583 4586">
     <span class='ocr_line' id='line_1_84' title="bbox 2005 4511 3583 4586; baseline -0.006 -15"><span class='ocrx_word' id='word_1_613' title='bbox 2005 4516 2131 4581; x_wconf 77' lang='lat' dir='ltr'><strong>xios</strong></span> <span class='ocrx_word' id='word_1_614' title='bbox 2157 4515 2457 4586; x_wconf 79' lang='lat' dir='ltr'><strong>su5picioni</strong></span> <span class='ocrx_word' id='word_1_615' title='bbox 2485 4513 2843 4569; x_wconf 82' lang='lat' dir='ltr'><strong>fundamento</strong></span> <span class='ocrx_word' id='word_1_616' title='bbox 2870 4511 3100 4576; x_wconf 90' lang='lat' dir='ltr'><strong>carenti,</strong></span> <span class='ocrx_word' id='word_1_617' title='bbox 3134 4526 3297 4581; x_wconf 87' lang='lat' dir='ltr'><strong>quam</strong></span> <span class='ocrx_word' id='word_1_618' title='bbox 3333 4515 3583 4579; x_wconf 85' lang='lat' dir='ltr'><strong>apertum</strong></span> 
     </span>
    </p>
   </div>
   <div class='ocr_carea' id='block_1_85' title="bbox 2008 4597 3586 4663">
    <p class='ocr_par' dir='ltr' id='par_1_85' title="bbox 2008 4597 3586 4663">
     <span class='ocr_line' id='line_1_85' title="bbox 2008 4597 3586 4663; baseline -0.006 0"><span class='ocrx_word' id='word_1_619' title='bbox 2008 4607 2291 4663; x_wconf 85' lang='lat' dir='ltr'><strong>horrorem</strong></span> <span class='ocrx_word' id='word_1_620' title='bbox 2351 4605 2626 4661; x_wconf 79' lang='lat' dir='ltr'><strong>manifesti</strong></span> <span class='ocrx_word' id='word_1_621' title='bbox 2694 4603 2875 4659; x_wconf 86' lang='lat' dir='ltr'><strong>delicti</strong></span> <span class='ocrx_word' id='word_1_622' title='bbox 2922 4601 3069 4657; x_wconf 89' lang='lat' dir='ltr'><strong>ultro</strong></span> <span class='ocrx_word' id='word_1_623' title='bbox 3126 4597 3473 4656; x_wconf 71' lang='lat' dir='ltr'><strong>consciscere</strong></span> <span class='ocrx_word' id='word_1_624' title='bbox 3520 4601 3586 4653; x_wconf 86' lang='lat' dir='ltr'><strong>iis</strong></span> 
     </span>
    </p>
   </div>
   <div class='ocr_carea' id='block_1_86' title="bbox 307 4675 3582 4783">
    <p class='ocr_par' dir='ltr' id='par_1_86' title="bbox 307 4675 3582 4783">
     <span class='ocr_line' id='line_1_86' title="bbox 307 4675 3582 4783; baseline -0.007 -15"><span class='ocrx_word' id='word_1_625' title='bbox 307 4712 551 4783; x_wconf 87' lang='lat' dir='ltr'><strong>iratique</strong></span> <span class='ocrx_word' id='word_1_626' title='bbox 594 4709 665 4765; x_wconf 88' lang='lat' dir='ltr'><strong>ad</strong></span> <span class='ocrx_word' id='word_1_627' title='bbox 706 4719 1017 4764; x_wconf 77' lang='lat' dir='ltr'><strong>extremum</strong></span> <span class='ocrx_word' id='word_1_628' title='bbox 1054 4707 1316 4778; x_wconf 80' lang='lat' dir='ltr'><strong>gravibus</strong></span> <span class='ocrx_word' id='word_1_629' title='bbox 1350 4721 1447 4762; x_wconf 86' lang='lat' dir='ltr'><strong>eos</strong></span> <span class='ocrx_word' id='word_1_630' title='bbox 1478 4721 1546 4762; x_wconf 80' lang='lat' dir='ltr'><strong>ex</strong></span> <span class='ocrx_word' id='word_1_631' title='bbox 1578 4704 1898 4775; x_wconf 80' lang='lat' dir='ltr'><strong>suspicione</strong></span> <span class='ocrx_word' id='word_1_632' title='bbox 1930 4675 1982 4735; x_wconf 80' lang='grc' dir='ltr'><strong>Ῑ)</strong></span> <span class='ocrx_word' id='word_1_633' title='bbox 2008 4701 2406 4757; x_wconf 82' lang='lat' dir='ltr'><strong>subscribendo</strong></span> <span class='ocrx_word' id='word_1_634' title='bbox 2440 4713 2561 4770; x_wconf 78' lang='lat' dir='ltr'><strong>qua:</strong></span> <span class='ocrx_word' id='word_1_635' title='bbox 2592 4698 2931 4768; x_wconf 88' lang='lat' dir='ltr'><strong>ignorarent.</strong></span> <span class='ocrx_word' id='word_1_636' title='bbox 2962 4696 3089 4749; x_wconf 89' lang='lat' dir='ltr'><strong>Erat</strong></span> <span class='ocrx_word' id='word_1_637' title='bbox 3116 4694 3260 4750; x_wconf 89' lang='lat' dir='ltr'><strong>enim</strong></span> <span class='ocrx_word' id='word_1_638' title='bbox 3313 4693 3453 4783; x_wconf 90' lang='lat' dir='ltr'><strong>inter</strong></span> <span class='ocrx_word' id='word_1_639' title='bbox 3478 4693 3582 4746; x_wconf 82' lang='lat' dir='ltr'><strong>alia</strong></span> 
     </span>
    </p>
   </div>
   <div class='ocr_carea' id='block_1_87' title="bbox 308 4797 1895 4870">
    <p class='ocr_par' dir='ltr' id='par_1_87' title="bbox 308 4797 1895 4870">
     <span class='ocr_line' id='line_1_87' title="bbox 308 4797 1895 4870; baseline -0.006 -11"><span class='ocrx_word' id='word_1_640' title='bbox 308 4801 797 4865; x_wconf 83' lang='lat' dir='ltr'><strong>criminationibus</strong></span> <span class='ocrx_word' id='word_1_641' title='bbox 836 4800 1181 4865; x_wconf 86' lang='lat' dir='ltr'><strong>detulerunt,</strong></span> <span class='ocrx_word' id='word_1_642' title='bbox 1218 4810 1274 4855; x_wconf 89' lang='lat' dir='ltr'><strong>et</strong></span> <span class='ocrx_word' id='word_1_643' title='bbox 1312 4814 1437 4870; x_wconf 62' lang='lat' dir='ltr'><strong>qua</strong></span> <span class='ocrx_word' id='word_1_644' title='bbox 1466 4813 1497 4853; x_wconf 86' lang='lat' dir='ltr'><strong>a</strong></span> <span class='ocrx_word' id='word_1_645' title='bbox 1547 4797 1895 4852; x_wconf 87' lang='lat' dir='ltr'><strong>conscientia</strong></span> 
     </span>
    </p>
   </div>
   <div class='ocr_carea' id='block_1_88' title="bbox 302 4882 1899 4966">
    <p class='ocr_par' dir='ltr' id='par_1_88' title="bbox 302 4882 1899 4966">
     <span class='ocr_line' id='line_1_88' title="bbox 302 4882 1899 4966; baseline -0.004 -16"><span class='ocrx_word' id='word_1_646' title='bbox 302 4895 758 4966; x_wconf 76' lang='lat' dir='ltr'><strong>cogitationeqne</strong></span> <span class='ocrx_word' id='word_1_647' title='bbox 813 4890 1064 4962; x_wconf 89' lang='lat' dir='ltr'><strong>ipsorum</strong></span> <span class='ocrx_word' id='word_1_648' title='bbox 1110 4890 1303 4960; x_wconf 88' lang='lat' dir='ltr'><strong>procul</strong></span> <span class='ocrx_word' id='word_1_649' title='bbox 1346 4882 1899 4960; x_wconf 63' lang='lat' dir='ltr'><strong>semperabfue’rant</strong></span> 
     </span>
    </p>
   </div>
   <div class='ocr_carea' id='block_1_89' title="bbox 313 4982 1903 5061">
    <p class='ocr_par' dir='ltr' id='par_1_89' title="bbox 313 4982 1903 5061">
     <span class='ocr_line' id='line_1_89' title="bbox 313 4982 1903 5061; baseline -0.006 -18"><span class='ocrx_word' id='word_1_650' title='bbox 313 4991 706 5061; x_wconf 72' lang='lat' dir='ltr'><strong>appingentes,</strong></span> <span class='ocrx_word' id='word_1_651' title='bbox 740 4986 1025 5042; x_wconf 87' lang='lat' dir='ltr'><strong>communi</strong></span> <span class='ocrx_word' id='word_1_652' title='bbox 1075 4999 1172 5039; x_wconf 88' lang='lat' dir='ltr'><strong>eos</strong></span> <span class='ocrx_word' id='word_1_653' title='bbox 1212 4998 1476 5039; x_wconf 75' lang='lat' dir='ltr'><strong>consessu</strong></span> <span class='ocrx_word' id='word_1_654' title='bbox 1517 4982 1817 5051; x_wconf 83' lang='lat' dir='ltr'><strong>abegerunt</strong></span> <span class='ocrx_word' id='word_1_655' title='bbox 1848 4988 1903 5034; x_wconf 79' lang='lat' dir='ltr'><strong>et</strong></span> 
     </span>
    </p>
   </div>
   <div class='ocr_carea' id='block_1_90' title="bbox 313 5075 1905 5149">
    <p class='ocr_par' dir='ltr' id='par_1_90' title="bbox 313 5075 1905 5149">
     <span class='ocr_line' id='line_1_90' title="bbox 313 5075 1905 5149; baseline -0.008 -8"><span class='ocrx_word' id='word_1_656' title='bbox 313 5085 558 5141; x_wconf 86' lang='lat' dir='ltr'><strong>hostium</strong></span> <span class='ocrx_word' id='word_1_657' title='bbox 589 5080 870 5136; x_wconf 78' lang='lat' dir='ltr'><strong>habendos</strong></span> <span class='ocrx_word' id='word_1_658' title='bbox 916 5080 1037 5133; x_wconf 86' lang='lat' dir='ltr'><strong>loco</strong></span> <span class='ocrx_word' id='word_1_659' title='bbox 1081 5077 1422 5149; x_wconf 74' lang='lat' dir='ltr'><strong>iudicarunt.</strong></span> <span class='ocrx_word' id='word_1_660' title='bbox 1476 5075 1557 5130; x_wconf 85' lang='lat' dir='ltr'><strong>illi</strong></span> <span class='ocrx_word' id='word_1_661' title='bbox 1595 5091 1724 5131; x_wconf 82' lang='lat' dir='ltr'><strong>vero</strong></span> <span class='ocrx_word' id='word_1_662' title='bbox 1774 5091 1905 5131; x_wconf 49' lang='lat' dir='ltr'><strong>cons</strong></span> 
     </span>
    </p>
   </div>
   <div class='ocr_carea' id='block_1_91' title="bbox 314 5168 1897 5243">
    <p class='ocr_par' dir='ltr' id='par_1_91' title="bbox 314 5168 1897 5243">
     <span class='ocr_line' id='line_1_91' title="bbox 314 5168 1897 5243; baseline -0.008 -10"><span class='ocrx_word' id='word_1_663' title='bbox 314 5178 523 5233; x_wconf 69' lang='lat' dir='ltr'><strong>victum</strong></span> <span class='ocrx_word' id='word_1_664' title='bbox 569 5176 1019 5243; x_wconf 82' lang='lat' dir='ltr'><strong>colloquiumque</strong></span> <span class='ocrx_word' id='word_1_665' title='bbox 1046 5172 1339 5228; x_wconf 83' lang='lat' dir='ltr'><strong>hominum</strong></span> <span class='ocrx_word' id='word_1_666' title='bbox 1383 5171 1512 5225; x_wconf 85' lang='lat' dir='ltr'><strong>talia</strong></span> <span class='ocrx_word' id='word_1_667' title='bbox 1555 5168 1897 5240; x_wconf 84' lang='lat' dir='ltr'><strong>loquentium</strong></span> 
     </span>
    </p>
   </div>
   <div class='ocr_carea' id='block_1_92' title="bbox 315 5263 1897 5343">
    <p class='ocr_par' dir='ltr' id='par_1_92' title="bbox 315 5263 1897 5343">
     <span class='ocr_line' id='line_1_92' title="bbox 315 5263 1897 5343; baseline -0.008 -15"><span class='ocrx_word' id='word_1_668' title='bbox 315 5281 370 5328; x_wconf 88' lang='lat' dir='ltr'><strong>et</strong></span> <span class='ocrx_word' id='word_1_669' title='bbox 402 5268 748 5343; x_wconf 76' lang='lat' dir='ltr'><strong>poscentium</strong></span> <span class='ocrx_word' id='word_1_670' title='bbox 776 5266 978 5338; x_wconf 88' lang='lat' dir='ltr'><strong>quavis</strong></span> <span class='ocrx_word' id='word_1_671' title='bbox 1009 5265 1254 5325; x_wconf 88' lang='lat' dir='ltr'><strong>tristiora</strong></span> <span class='ocrx_word' id='word_1_672' title='bbox 1284 5263 1580 5319; x_wconf 87' lang='lat' dir='ltr'><strong>solitudine</strong></span> <span class='ocrx_word' id='word_1_673' title='bbox 1609 5263 1897 5329; x_wconf 89' lang='lat' dir='ltr'><strong>ducentes,</strong></span> 
     </span>
    </p>
   </div>
   <div class='ocr_carea' id='block_1_93' title="bbox 319 5356 1907 5439">
    <p class='ocr_par' dir='ltr' id='par_1_93' title="bbox 319 5356 1907 5439">
     <span class='ocr_line' id='line_1_93' title="bbox 319 5356 1907 5439; baseline -0.009 -18"><span class='ocrx_word' id='word_1_674' title='bbox 319 5369 451 5439; x_wconf 87' lang='lat' dir='ltr'><strong>quin</strong></span> <span class='ocrx_word' id='word_1_675' title='bbox 483 5373 539 5420; x_wconf 89' lang='lat' dir='ltr'><strong>et</strong></span> <span class='ocrx_word' id='word_1_676' title='bbox 569 5364 625 5417; x_wconf 87' lang='lat' dir='ltr'><strong>in</strong></span> <span class='ocrx_word' id='word_1_677' title='bbox 650 5361 947 5418; x_wconf 89' lang='lat' dir='ltr'><strong>solitudine</strong></span> <span class='ocrx_word' id='word_1_678' title='bbox 980 5360 1301 5414; x_wconf 84' lang='lat' dir='ltr'><strong>inventuros</strong></span> <span class='ocrx_word' id='word_1_679' title='bbox 1324 5372 1384 5412; x_wconf 88' lang='lat' dir='ltr'><strong>se</strong></span> <span class='ocrx_word' id='word_1_680' title='bbox 1409 5356 1618 5426; x_wconf 82' lang='lat' dir='ltr'><strong>asylum</strong></span> <span class='ocrx_word' id='word_1_681' title='bbox 1649 5370 1907 5410; x_wconf 88' lang='lat' dir='ltr'><strong>securum</strong></span> 
     </span>
    </p>
   </div>
   <div class='ocr_carea' id='block_1_94' title="bbox 328 5450 1909 5524">
    <p class='ocr_par' dir='ltr' id='par_1_94' title="bbox 328 5450 1909 5524">
     <span class='ocr_line' id='line_1_94' title="bbox 328 5450 1909 5524; baseline -0.009 -8"><span class='ocrx_word' id='word_1_682' title='bbox 328 5460 396 5516; x_wconf 85' lang='lat' dir='ltr'><strong>ab</strong></span> <span class='ocrx_word' id='word_1_683' title='bbox 428 5453 686 5515; x_wconf 88' lang='lat' dir='ltr'><strong>istorum&#39;</strong></span> <span class='ocrx_word' id='word_1_684' title='bbox 722 5451 1218 5524; x_wconf 82' lang='lat' dir='ltr'><strong>importunissiiuis</strong></span> <span class='ocrx_word' id='word_1_685' title='bbox 1259 5450 1559 5507; x_wconf 79' lang='lat' dir='ltr'><strong>insultibus</strong></span> <span class='ocrx_word' id='word_1_686' title='bbox 1600 5456 1909 5518; x_wconf 79' lang='lat' dir='ltr'><strong>sperantes,</strong></span> 
     </span>
    </p>
   </div>
   <div class='ocr_carea' id='block_1_95' title="bbox 325 5538 1910 5611">
    <p class='ocr_par' dir='ltr' id='par_1_95' title="bbox 325 5538 1910 5611">
     <span class='ocr_line' id='line_1_95' title="bbox 325 5538 1910 5611; baseline -0.01 0"><span class='ocrx_word' id='word_1_687' title='bbox 325 5551 700 5611; x_wconf 82' lang='lat' dir='ltr'><strong>circumibant</strong></span> <span class='ocrx_word' id='word_1_688' title='bbox 741 5544 1036 5603; x_wconf 84' lang='lat' dir='ltr'><strong>errabundi</strong></span> <span class='ocrx_word' id='word_1_689' title='bbox 1071 5544 1293 5601; x_wconf 83' lang='lat' dir='ltr'><strong>deserta</strong></span> <span class='ocrx_word' id='word_1_690' title='bbox 1318 5544 1459 5605; x_wconf 85' lang='lat' dir='ltr'><strong>loca,</strong></span> <span class='ocrx_word' id='word_1_691' title='bbox 1494 5541 1693 5611; x_wconf 85' lang='lat' dir='ltr'><strong>privati</strong></span> <span class='ocrx_word' id='word_1_692' title='bbox 1728 5538 1910 5610; x_wconf 77' lang='lat' dir='ltr'><strong>digni-</strong></span> 
     </span>
    </p>
   </div>
   <div class='ocr_carea' id='block_1_96' title="bbox 326 5633 1911 5716">
    <p class='ocr_par' dir='ltr' id='par_1_96' title="bbox 326 5633 1911 5716">
     <span class='ocr_line' id='line_1_96' title="bbox 326 5633 1911 5716; baseline -0.012 -11"><span class='ocrx_word' id='word_1_693' title='bbox 326 5646 459 5713; x_wconf 77' lang='lat' dir='ltr'><strong>tate,</strong></span> <span class='ocrx_word' id='word_1_694' title='bbox 476 5640 698 5716; x_wconf 81' lang='lat' dir='ltr'><strong>spoliati</strong></span> <span class='ocrx_word' id='word_1_695' title='bbox 718 5648 988 5712; x_wconf 87' lang='lat' dir='ltr'><strong>proventu</strong></span> <span class='ocrx_word' id='word_1_696' title='bbox 1008 5639 1182 5703; x_wconf 85' lang='lat' dir='ltr'><strong>omni,</strong></span> <span class='ocrx_word' id='word_1_697' title='bbox 1205 5645 1387 5692; x_wconf 89' lang='lat' dir='ltr'><strong>tamen</strong></span> <span class='ocrx_word' id='word_1_698' title='bbox 1410 5636 1558 5690; x_wconf 90' lang='lat' dir='ltr'><strong>illam</strong></span> <span class='ocrx_word' id='word_1_699' title='bbox 1584 5633 1911 5704; x_wconf 80' lang='lat' dir='ltr'><strong>ignominio-</strong></span> 
     </span>
    </p>
   </div>
   <div class='ocr_carea' id='block_1_97' title="bbox 324 5725 1908 5801">
    <p class='ocr_par' dir='ltr' id='par_1_97' title="bbox 324 5725 1908 5801">
     <span class='ocr_line' id='line_1_97' title="bbox 324 5725 1908 5801; baseline -0.011 -6"><span class='ocrx_word' id='word_1_700' title='bbox 324 5734 442 5801; x_wconf 75' lang='lat' dir='ltr'><strong>sam</strong></span> <span class='ocrx_word' id='word_1_701' title='bbox 467 5736 774 5793; x_wconf 84' lang='lat' dir='ltr'><strong>nuditatem</strong></span> <span class='ocrx_word' id='word_1_702' title='bbox 802 5740 855 5788; x_wconf 90' lang='lat' dir='ltr'><strong>et</strong></span> <span class='ocrx_word' id='word_1_703' title='bbox 879 5730 1186 5801; x_wconf 88' lang='lat' dir='ltr'><strong>neglectum</strong></span> <span class='ocrx_word' id='word_1_704' title='bbox 1213 5733 1319 5784; x_wconf 88' lang='lat' dir='ltr'><strong>hoc</strong></span> <span class='ocrx_word' id='word_1_705' title='bbox 1336 5728 1757 5796; x_wconf 84' lang='lat' dir='ltr'><strong>obscurumque</strong></span> <span class='ocrx_word' id='word_1_706' title='bbox 1783 5725 1908 5785; x_wconf 71' lang='lat' dir='ltr'><strong>vita:</strong></span> 
     </span>
    </p>
   </div>
   <div class='ocr_carea' id='block_1_98' title="bbox 329 5820 1918 5902">
    <p class='ocr_par' dir='ltr' id='par_1_98' title="bbox 329 5820 1918 5902">
     <span class='ocr_line' id='line_1_98' title="bbox 329 5820 1918 5902; baseline -0.008 -15"><span class='ocrx_word' id='word_1_707' title='bbox 329 5846 504 5902; x_wconf 78' lang='lat' dir='ltr'><strong>genus</strong></span> <span class='ocrx_word' id='word_1_708' title='bbox 519 5824 804 5899; x_wconf 82' lang='lat' dir='ltr'><strong>splendori</strong></span> <span class='ocrx_word' id='word_1_709' title='bbox 818 5822 1118 5896; x_wconf 86' lang='lat' dir='ltr'><strong>quantovis</strong></span> <span class='ocrx_word' id='word_1_710' title='bbox 1130 5836 1196 5877; x_wconf 82' lang='lat' dir='ltr'><strong>ex</strong></span> <span class='ocrx_word' id='word_1_711' title='bbox 1217 5822 1491 5876; x_wconf 86' lang='lat' dir='ltr'><strong>bonorum</strong></span> <span class='ocrx_word' id='word_1_712' title='bbox 1507 5835 1631 5875; x_wconf 91' lang='lat' dir='ltr'><strong>cum</strong></span> <span class='ocrx_word' id='word_1_713' title='bbox 1650 5820 1771 5874; x_wconf 89' lang='lat' dir='ltr'><strong>istis</strong></span> <span class='ocrx_word' id='word_1_714' title='bbox 1785 5834 1918 5875; x_wconf 58' lang='lat' dir='ltr'><strong>con-7</strong></span> 
     </span>
    </p>
   </div>
   <div class='ocr_carea' id='block_1_99' title="bbox 332 5913 1917 5993">
    <p class='ocr_par' dir='ltr' id='par_1_99' title="bbox 332 5913 1917 5993">
     <span class='ocr_line' id='line_1_99' title="bbox 332 5913 1917 5993; baseline -0.008 -13"><span class='ocrx_word' id='word_1_715' title='bbox 332 5926 503 5983; x_wconf 86' lang='lat' dir='ltr'><strong>sortio</strong></span> <span class='ocrx_word' id='word_1_716' title='bbox 557 5919 719 5993; x_wconf 77' lang='lat'><strong>113</strong></span> <span class='ocrx_word' id='word_1_717' title='bbox 778 5916 1181 5987; x_wconf 60' lang='lat' dir='ltr'><strong>praebabentes.</strong></span> <span class='ocrx_word' id='word_1_718' title='bbox 1226 5913 1359 5971; x_wconf 84' lang='lat' dir='ltr'><strong>Post</strong></span> <span class='ocrx_word' id='word_1_719' title='bbox 1422 5915 1660 5984; x_wconf 83' lang='lat' dir='ltr'><strong>aliquam</strong></span> <span class='ocrx_word' id='word_1_720' title='bbox 1715 5914 1769 5967; x_wconf 91' lang='lat' dir='ltr'><strong>in</strong></span> <span class='ocrx_word' id='word_1_721' title='bbox 1832 5913 1917 5967; x_wconf 77' lang='lat' dir='ltr'><strong>liis</strong></span> 
     </span>
    </p>
   </div>
   <div class='ocr_carea' id='block_1_100' title="bbox 338 6006 1913 6085">
    <p class='ocr_par' dir='ltr' id='par_1_100' title="bbox 338 6006 1913 6085">
     <span class='ocr_line' id='line_1_100' title="bbox 338 6006 1913 6085; baseline -0.008 -9"><span class='ocrx_word' id='word_1_722' title='bbox 338 6009 591 6085; x_wconf 43' lang='lat' dir='ltr'><strong>erumnis</strong></span> <span class='ocrx_word' id='word_1_723' title='bbox 648 6028 861 6072; x_wconf 84' lang='lat' dir='ltr'><strong>moram</strong></span> <span class='ocrx_word' id='word_1_724' title='bbox 927 6010 1199 6071; x_wconf 83' lang='lat' dir='ltr'><strong>emollitos</strong></span> <span class='ocrx_word' id='word_1_725' title='bbox 1258 6007 1594 6083; x_wconf 79' lang='lat' dir='ltr'><strong>experientia</strong></span> <span class='ocrx_word' id='word_1_726' title='bbox 1646 6006 1913 6079; x_wconf 78' lang='lat' dir='ltr'><strong>malorum</strong></span> 
     </span>
    </p>
   </div>
   <div class='ocr_carea' id='block_1_101' title="bbox 2006 4782 3589 4863">
    <p class='ocr_par' dir='ltr' id='par_1_101' title="bbox 2006 4782 3589 4863">
     <span class='ocr_line' id='line_1_101' title="bbox 2006 4782 3589 4863; baseline -0.009 -13"><span class='ocrx_word' id='word_1_727' title='bbox 2006 4797 2060 4850; x_wconf 92' lang='lat' dir='ltr'><strong>in</strong></span> <span class='ocrx_word' id='word_1_728' title='bbox 2116 4805 2266 4850; x_wconf 87' lang='lat' dir='ltr'><strong>tome</strong></span> <span class='ocrx_word' id='word_1_729' title='bbox 2320 4792 2413 4863; x_wconf 88' lang='lat' dir='ltr'><strong>qui</strong></span> <span class='ocrx_word' id='word_1_730' title='bbox 2499 4788 2928 4847; x_wconf 81' lang='lat' dir='ltr'><strong>subseribcndus</strong></span> <span class='ocrx_word' id='word_1_731' title='bbox 2977 4786 3111 4857; x_wconf 89' lang='lat' dir='ltr'><strong>ipsis</strong></span> <span class='ocrx_word' id='word_1_732' title='bbox 3194 4782 3589 4839; x_wconf 86' lang='lat' dir='ltr'><strong>obtrudebatur</strong></span> 
     </span>
    </p>
   </div>
   <div class='ocr_carea' id='block_1_102' title="bbox 2004 4874 3586 4958">
    <p class='ocr_par' dir='ltr' id='par_1_102' title="bbox 2004 4874 3586 4958">
     <span class='ocr_line' id='line_1_102' title="bbox 2004 4874 3586 4958; baseline -0.01 -15"><span class='ocrx_word' id='word_1_733' title='bbox 2004 4887 2250 4958; x_wconf 63' lang='lat' dir='ltr'><strong>quadam</strong></span> <span class='ocrx_word' id='word_1_734' title='bbox 2286 4884 2559 4955; x_wconf 81' lang='lat' dir='ltr'><strong>expositio</strong></span> <span class='ocrx_word' id='word_1_735' title='bbox 2593 4883 2879 4939; x_wconf 73' lang='lat' dir='ltr'><strong>sententia:</strong></span> <span class='ocrx_word' id='word_1_736' title='bbox 2900 4880 3053 4949; x_wconf 89' lang='lat' dir='ltr'><strong>prius</strong></span> <span class='ocrx_word' id='word_1_737' title='bbox 3103 4882 3421 4947; x_wconf 77' lang='lat' dir='ltr'><strong>memorata:</strong></span> <span class='ocrx_word' id='word_1_738' title='bbox 3474 4874 3586 4947; x_wconf 74' lang='lat' dir='ltr'><strong>divi</strong></span> 
     </span>
    </p>
   </div>
   <div class='ocr_carea' id='block_1_103' title="bbox 2008 4972 3591 5046">
    <p class='ocr_par' dir='ltr' id='par_1_103' title="bbox 2008 4972 3591 5046">
     <span class='ocr_line' id='line_1_103' title="bbox 2008 4972 3591 5046; baseline -0.011 -8"><span class='ocrx_word' id='word_1_739' title='bbox 2008 4979 2351 5046; x_wconf 86' lang='lat' dir='ltr'><strong>Damasceni,</strong></span> <span class='ocrx_word' id='word_1_740' title='bbox 2384 4980 2465 5035; x_wconf 89' lang='lat' dir='ltr'><strong>sic</strong></span> <span class='ocrx_word' id='word_1_741' title='bbox 2520 4994 2579 5033; x_wconf 91' lang='lat' dir='ltr'><strong>se</strong></span> <span class='ocrx_word' id='word_1_742' title='bbox 2618 4977 2826 5031; x_wconf 81' lang='lat' dir='ltr'><strong>habens</strong></span> <span class='ocrx_word' id='word_1_743' title='bbox 2865 4992 2881 5029; x_wconf 74' lang='grc' dir='ltr'><strong>ι</strong></span> <span class='ocrx_word' id='word_1_744' title='bbox 2922 4993 2940 5027; x_wconf 83' lang='lat' dir='ltr'><strong>t</strong></span> <span class='ocrx_word' id='word_1_745' title='bbox 2981 4972 3038 5028; x_wconf 88' lang='lat' dir='ltr'><strong>Si</strong></span> <span class='ocrx_word' id='word_1_746' title='bbox 3089 4979 3227 5028; x_wconf 71' lang='lat' dir='ltr'><strong>vero</strong></span> <span class='ocrx_word' id='word_1_747' title='bbox 3288 4986 3318 5024; x_wconf 89' lang='lat' dir='ltr'><strong>a</strong></span> <span class='ocrx_word' id='word_1_748' title='bbox 3371 4984 3591 5023; x_wconf 90' lang='lat' dir='ltr'><strong>summo</strong></span> 
     </span>
    </p>
   </div>
   <div class='ocr_carea' id='block_1_104' title="bbox 2007 5062 3588 5145">
    <p class='ocr_par' dir='ltr' id='par_1_104' title="bbox 2007 5062 3588 5145">
     <span class='ocr_line' id='line_1_104' title="bbox 2007 5062 3588 5145; baseline -0.008 -17"><span class='ocrx_word' id='word_1_749' title='bbox 2007 5074 2263 5145; x_wconf 90' lang='lat' dir='ltr'><strong>tbeologo</strong></span> <span class='ocrx_word' id='word_1_750' title='bbox 2301 5071 2641 5126; x_wconf 86' lang='lat' dir='ltr'><strong>Damasceno</strong></span> <span class='ocrx_word' id='word_1_751' title='bbox 2664 5070 2972 5141; x_wconf 81' lang='lat' dir='ltr'><strong>reperiatur</strong></span> <span class='ocrx_word' id='word_1_752' title='bbox 2997 5066 3178 5121; x_wconf 90' lang='lat' dir='ltr'><strong>dictus</strong></span> <span class='ocrx_word' id='word_1_753' title='bbox 3217 5063 3375 5118; x_wconf 79' lang='lat' dir='ltr'><strong>Pater</strong></span> <span class='ocrx_word' id='word_1_754' title='bbox 3415 5062 3588 5118; x_wconf 88' lang='lat' dir='ltr'><strong>sancti</strong></span> 
     </span>
    </p>
   </div>
   <div class='ocr_carea' id='block_1_105' title="bbox 2010 5157 3593 5239">
    <p class='ocr_par' dir='ltr' id='par_1_105' title="bbox 2010 5157 3593 5239">
     <span class='ocr_line' id='line_1_105' title="bbox 2010 5157 3593 5239; baseline -0.009 -15"><span class='ocrx_word' id='word_1_755' title='bbox 2010 5168 2250 5239; x_wconf 88' lang='lat' dir='ltr'><strong>Spiritus</strong></span> <span class='ocrx_word' id='word_1_756' title='bbox 2297 5163 2597 5236; x_wconf 77' lang='grc' dir='ltr'>προϐολεύς</span> <span class='ocrx_word' id='word_1_757' title='bbox 2643 5162 2939 5233; x_wconf 88' lang='lat' dir='ltr'><strong>productor</strong></span> <span class='ocrx_word' id='word_1_758' title='bbox 2988 5176 3096 5235; x_wconf 91' lang='lat' dir='ltr'><strong>per</strong></span> <span class='ocrx_word' id='word_1_759' title='bbox 3120 5157 3385 5219; x_wconf 78' lang='lat' dir='ltr'><strong>Verbum,</strong></span> <span class='ocrx_word' id='word_1_760' title='bbox 3451 5157 3593 5212; x_wconf 82' lang='lat' dir='ltr'><strong>baud</strong></span> 
     </span>
    </p>
   </div>
   <div class='ocr_carea' id='block_1_106' title="bbox 2009 5250 3595 5333">
    <p class='ocr_par' dir='ltr' id='par_1_106' title="bbox 2009 5250 3595 5333">
     <span class='ocr_line' id='line_1_106' title="bbox 2009 5250 3595 5333; baseline -0.009 -15"><span class='ocrx_word' id='word_1_761' title='bbox 2009 5263 2170 5333; x_wconf 85' lang='lat' dir='ltr'><strong>plane</strong></span> <span class='ocrx_word' id='word_1_762' title='bbox 2198 5261 2302 5315; x_wconf 87' lang='lat' dir='ltr'><strong>ista</strong></span> <span class='ocrx_word' id='word_1_763' title='bbox 2331 5258 2533 5314; x_wconf 89' lang='lat' dir='ltr'><strong>locutio</strong></span> <span class='ocrx_word' id='word_1_764' title='bbox 2590 5256 2901 5328; x_wconf 72' lang='lat' dir='ltr'><strong>significare</strong></span> <span class='ocrx_word' id='word_1_765' title='bbox 2959 5255 3077 5309; x_wconf 88' lang='lat' dir='ltr'><strong>vult</strong></span> <span class='ocrx_word' id='word_1_766' title='bbox 3129 5252 3309 5307; x_wconf 86' lang='lat' dir='ltr'><strong>sancti</strong></span> <span class='ocrx_word' id='word_1_767' title='bbox 3354 5250 3595 5320; x_wconf 86' lang='lat' dir='ltr'><strong>Spiritus</strong></span> 
     </span>
    </p>
   </div>
   <div class='ocr_carea' id='block_1_107' title="bbox 2014 5338 3599 5429">
    <p class='ocr_par' dir='ltr' id='par_1_107' title="bbox 2014 5338 3599 5429">
     <span class='ocr_line' id='line_1_107' title="bbox 2014 5338 3599 5429; baseline -0.009 -19"><span class='ocrx_word' id='word_1_768' title='bbox 2014 5353 2420 5428; x_wconf 78' lang='lat' dir='ltr'><strong>processionetn</strong></span> <span class='ocrx_word' id='word_1_769' title='bbox 2440 5352 2492 5404; x_wconf 92' lang='lat' dir='ltr'><strong>in</strong></span> <span class='ocrx_word' id='word_1_770' title='bbox 2511 5350 2860 5415; x_wconf 82' lang='lat' dir='ltr'><strong>exstantiain,</strong></span> <span class='ocrx_word' id='word_1_771' title='bbox 2880 5347 2973 5405; x_wconf 90' lang='lat' dir='ltr'><strong>sed</strong></span> <span class='ocrx_word' id='word_1_772' title='bbox 2993 5348 3048 5401; x_wconf 90' lang='lat' dir='ltr'><strong>in</strong></span> <span class='ocrx_word' id='word_1_773' title='bbox 3067 5338 3325 5401; x_wconf 47' lang='lat' dir='ltr'><strong>sternam</strong></span> <span class='ocrx_word' id='word_1_774' title='bbox 3344 5343 3565 5429; x_wconf 75' lang='lat' dir='ltr'><strong>exspleu</strong></span> <span class='ocrx_word' id='word_1_775' title='bbox 3589 5373 3599 5381; x_wconf 89' lang='lat'>-</span> 
     </span>
    </p>
   </div>
   <div class='ocr_carea' id='block_1_108' title="bbox 2016 5438 3595 5513">
    <p class='ocr_par' dir='ltr' id='par_1_108' title="bbox 2016 5438 3595 5513">
     <span class='ocr_line' id='line_1_108' title="bbox 2016 5438 3595 5513; baseline -0.01 -9"><span class='ocrx_word' id='word_1_776' title='bbox 2016 5448 2371 5505; x_wconf 70' lang='lat' dir='ltr'><strong>descentiam:</strong></span> <span class='ocrx_word' id='word_1_777' title='bbox 2403 5466 2420 5497; x_wconf 74' lang='grc' dir='ltr'><strong>ι</strong></span> <span class='ocrx_word' id='word_1_778' title='bbox 2454 5446 2571 5500; x_wconf 83' lang='lat' dir='ltr'><strong>Hoc</strong></span> <span class='ocrx_word' id='word_1_779' title='bbox 2599 5456 2781 5499; x_wconf 87' lang='lat' dir='ltr'><strong>autem</strong></span> <span class='ocrx_word' id='word_1_780' title='bbox 2835 5443 2965 5513; x_wconf 88' lang='lat' dir='ltr'><strong>quid</strong></span> <span class='ocrx_word' id='word_1_781' title='bbox 3014 5439 3120 5497; x_wconf 89' lang='lat' dir='ltr'><strong>sibi</strong></span> <span class='ocrx_word' id='word_1_782' title='bbox 3165 5438 3348 5503; x_wconf 81' lang='lat' dir='ltr'><strong>vellet,</strong></span> <span class='ocrx_word' id='word_1_783' title='bbox 3390 5451 3595 5506; x_wconf 82' lang='lat' dir='ltr'><strong>nequa--</strong></span> 
     </span>
    </p>
   </div>
   <div class='ocr_carea' id='block_1_109' title="bbox 2016 5528 3589 5614">
    <p class='ocr_par' dir='ltr' id='par_1_109' title="bbox 2016 5528 3589 5614">
     <span class='ocr_line' id='line_1_109' title="bbox 2016 5528 3589 5614; baseline -0.01 -18"><span class='ocrx_word' id='word_1_784' title='bbox 2016 5556 2179 5614; x_wconf 90' lang='lat' dir='ltr'><strong>quam</strong></span> <span class='ocrx_word' id='word_1_785' title='bbox 2212 5554 2271 5595; x_wconf 89' lang='lat' dir='ltr'><strong>se</strong></span> <span class='ocrx_word' id='word_1_786' title='bbox 2300 5552 2494 5608; x_wconf 89' lang='lat' dir='ltr'><strong>capere</strong></span> <span class='ocrx_word' id='word_1_787' title='bbox 2557 5536 2795 5600; x_wconf 86' lang='lat' dir='ltr'><strong>aiebant,</strong></span> <span class='ocrx_word' id='word_1_788' title='bbox 2833 5530 3259 5605; x_wconf 65' lang='lat' dir='ltr'><strong>quarebantque</strong></span> <span class='ocrx_word' id='word_1_789' title='bbox 3302 5528 3589 5583; x_wconf 85' lang='lat' dir='ltr'><strong>monstrari</strong></span> 
     </span>
    </p>
   </div>
   <div class='ocr_carea' id='block_1_110' title="bbox 2017 5621 3598 5701">
    <p class='ocr_par' dir='ltr' id='par_1_110' title="bbox 2017 5621 3598 5701">
     <span class='ocr_line' id='line_1_110' title="bbox 2017 5621 3598 5701; baseline -0.013 -11"><span class='ocrx_word' id='word_1_790' title='bbox 2017 5634 2121 5690; x_wconf 88' lang='lat' dir='ltr'><strong>sibi</strong></span> <span class='ocrx_word' id='word_1_791' title='bbox 2138 5632 2432 5689; x_wconf 87' lang='lat' dir='ltr'><strong>discrimen</strong></span> <span class='ocrx_word' id='word_1_792' title='bbox 2455 5627 2820 5701; x_wconf 87' lang='lat' dir='ltr'><strong>processionis</strong></span> <span class='ocrx_word' id='word_1_793' title='bbox 2837 5637 2891 5681; x_wconf 88' lang='lat' dir='ltr'><strong>et</strong></span> <span class='ocrx_word' id='word_1_794' title='bbox 2906 5636 3123 5681; x_wconf 65' lang='lat' dir='ltr'><strong>teteruas</strong></span> <span class='ocrx_word' id='word_1_795' title='bbox 3142 5621 3598 5692; x_wconf 80' lang='lat' dir='ltr'><strong>exspiendesceu-</strong></span> 
     </span>
    </p>
   </div>
   <div class='ocr_carea' id='block_1_111' title="bbox 2017 5714 3591 5795">
    <p class='ocr_par' dir='ltr' id='par_1_111' title="bbox 2017 5714 3591 5795">
     <span class='ocr_line' id='line_1_111' title="bbox 2017 5714 3591 5795; baseline -0.013 -12"><span class='ocrx_word' id='word_1_796' title='bbox 2017 5729 2125 5795; x_wconf 70' lang='lat' dir='ltr'><strong>tiae,</strong></span> <span class='ocrx_word' id='word_1_797' title='bbox 2153 5738 2212 5781; x_wconf 91' lang='lat' dir='ltr'><strong>ut</strong></span> <span class='ocrx_word' id='word_1_798' title='bbox 2232 5726 2311 5781; x_wconf 88' lang='lat' dir='ltr'><strong>sic</strong></span> <span class='ocrx_word' id='word_1_799' title='bbox 2339 5738 2531 5779; x_wconf 89' lang='lat' dir='ltr'><strong>earum</strong></span> <span class='ocrx_word' id='word_1_800' title='bbox 2551 5738 2747 5778; x_wconf 90' lang='lat' dir='ltr'><strong>vocum</strong></span> <span class='ocrx_word' id='word_1_801' title='bbox 2773 5722 2998 5775; x_wconf 89' lang='lat' dir='ltr'><strong>alteram</strong></span> <span class='ocrx_word' id='word_1_802' title='bbox 3018 5718 3341 5788; x_wconf 86' lang='lat' dir='ltr'><strong>abjicerent,</strong></span> <span class='ocrx_word' id='word_1_803' title='bbox 3367 5714 3591 5770; x_wconf 86' lang='lat' dir='ltr'><strong>alteram</strong></span> 
     </span>
    </p>
   </div>
   <div class='ocr_carea' id='block_1_112' title="bbox 2019 5808 3594 5893">
    <p class='ocr_par' dir='ltr' id='par_1_112' title="bbox 2019 5808 3594 5893">
     <span class='ocr_line' id='line_1_112' title="bbox 2019 5808 3594 5893; baseline -0.012 -15"><span class='ocrx_word' id='word_1_804' title='bbox 2019 5823 2501 5893; x_wconf 85' lang='lat' dir='ltr'><strong>amplecterentur.</strong></span> <span class='ocrx_word' id='word_1_805' title='bbox 2533 5816 2688 5871; x_wconf 83' lang='lat' dir='ltr'><strong>Nune</strong></span> <span class='ocrx_word' id='word_1_806' title='bbox 2721 5816 2868 5872; x_wconf 89' lang='lat' dir='ltr'><strong>enim</strong></span> <span class='ocrx_word' id='word_1_807' title='bbox 2924 5813 3084 5884; x_wconf 88' lang='lat' dir='ltr'><strong>plane</strong></span> <span class='ocrx_word' id='word_1_808' title='bbox 3148 5824 3416 5882; x_wconf 83' lang='lat' dir='ltr'><strong>apparere</strong></span> <span class='ocrx_word' id='word_1_809' title='bbox 3460 5808 3594 5875; x_wconf 83' lang='lat' dir='ltr'><strong>ipsis</strong></span> 
     </span>
    </p>
   </div>
   <div class='ocr_carea' id='block_1_113' title="bbox 2020 5898 3593 5976">
    <p class='ocr_par' dir='ltr' id='par_1_113' title="bbox 2020 5898 3593 5976">
     <span class='ocr_line' id='line_1_113' title="bbox 2020 5898 3593 5976; baseline -0.015 -7"><span class='ocrx_word' id='word_1_810' title='bbox 2020 5914 2121 5969; x_wconf 88' lang='lat' dir='ltr'><strong>ista</strong></span> <span class='ocrx_word' id='word_1_811' title='bbox 2156 5912 2420 5967; x_wconf 89' lang='lat' dir='ltr'><strong>voeabula</strong></span> <span class='ocrx_word' id='word_1_812' title='bbox 2452 5918 2645 5963; x_wconf 90' lang='lat' dir='ltr'><strong>mutuo</strong></span> <span class='ocrx_word' id='word_1_813' title='bbox 2676 5904 3108 5976; x_wconf 67' lang='lat' dir='ltr'><strong>mquipollettlia,</strong></span> <span class='ocrx_word' id='word_1_814' title='bbox 3164 5917 3268 5958; x_wconf 89' lang='lat' dir='ltr'><strong>nec</strong></span> <span class='ocrx_word' id='word_1_815' title='bbox 3306 5900 3430 5968; x_wconf 88' lang='lat' dir='ltr'><strong>plus</strong></span> <span class='ocrx_word' id='word_1_816' title='bbox 3494 5898 3593 5949; x_wconf 83' lang='lat' dir='ltr'><strong>mi~</strong></span> 
     </span>
    </p>
   </div>
   <div class='ocr_carea' id='block_1_114' title="bbox 2024 5994 3593 6078">
    <p class='ocr_par' dir='ltr' id='par_1_114' title="bbox 2024 5994 3593 6078">
     <span class='ocr_line' id='line_1_114' title="bbox 2024 5994 3593 6078; baseline -0.012 -14"><span class='ocrx_word' id='word_1_817' title='bbox 2024 6023 2197 6075; x_wconf 80' lang='lat' dir='ltr'><strong>nusve</strong></span> <span class='ocrx_word' id='word_1_818' title='bbox 2214 6002 2524 6078; x_wconf 80' lang='lat' dir='ltr'><strong>signiﬁcare</strong></span> <span class='ocrx_word' id='word_1_819' title='bbox 2550 5996 2847 6073; x_wconf 81' lang='lat' dir='ltr'><strong>quidquam</strong></span> <span class='ocrx_word' id='word_1_820' title='bbox 2874 5998 3281 6071; x_wconf 81' lang='lat' dir='ltr'><strong>processionem</strong></span> <span class='ocrx_word' id='word_1_821' title='bbox 3300 5994 3353 6049; x_wconf 92' lang='lat' dir='ltr'><strong>iu</strong></span> <span class='ocrx_word' id='word_1_822' title='bbox 3375 6000 3593 6048; x_wconf 76' lang='lat' dir='ltr'><strong>exstan-</strong></span> 
     </span>
    </p>
   </div>
  </div>
