4058 6282
390 275 496 342 133

1248 280 1348 341 DE
1392 262 1841 341 ANDRONICO
1881 266 2351 359 PALB'OLOGO
2395 276 2547 343 Lm.
2579 273 2660 341 Il.

3564 284 3665 350 134

387 387 796 445 ἀποϐάλλεσθαι
829 389 905 452 ὡς
937 388 1124 452 κακῶς
1152 389 1275 461 ἕχον
1301 392 1396 445 καὶ
1423 390 1716 462 τολμηρῶς
1739 392 1801 445 τὸ
1831 390 1969 462 σύμ-
2074 372 2323 463 διορθοῦν
2352 394 2412 447 τὸ
2453 392 2657 463 σφαλὲν
2706 382 2891 456 adt-6;,
2929 394 2986 445 ἐν
3037 385 3197 463 δεινῷ
3236 391 3560 465 ποιούμενος
3602 400 3663 454 re

388 500 521 538 παν.
554 480 722 557 Ταῆτ⁹
770 481 985 537 ἐκείνου
1020 480 1478 552 διευλαϐουμένου
1512 482 1640 553 περὶ
1685 481 1753 534 τὰ
1784 480 1973 553 γράμ-

394 592 539 647 ματα
557 574 636 639 ὡς
649 570 710 627 τὺ
729 573 987 645 μέγιστον
1006 575 1199 646 ἔχοντα
1224 574 1450 645 σφάλμα
1468 573 1600 645 περὶ
1620 572 1687 627 τὰ
1704 574 1972 644 δόγματα,

388 669 482 722 τδν
508 667 902 739 Φιλαδελφείας
936 666 1137 722 αὐτίκα
1167 666 1261 720 τὸν
1304 666 1473 736 τόμον
1499 664 1828 732 ἐξενεγκεῖν,
1853 662 1973 728 καὶ,

384 778 417 825 ⁴ι
454 760 520 814 Τί
555 777 619 828 γε
654 760 817 824 ἄλλο,
851 779 870 814 t
908 762 1113 831 φάναι,
1165 776 1183 810 ι
1214 760 1364 813 δοκεῖ
1398 770 1482 811 σοι
1520 757 1657 827 πρὸς
1712 755 1887 810 ταῦτα.
1913 754 1977 808 τὺ

394 852 550 923 παρά
575 851 670 906 τοῦ
700 851 1044 925 πατριάρχου
1064 852 1362 923 λεγόμενον
1382 868 1428 919 ςι
1464 847 1529 922 [Ρ
1549 844 1640 921 80]
1676 846 1975 917 Ἐπέστησε

390 948 647 1011 κάκεῖνος
678 946 841 1011 εὐθὺς
871 950 938 1020 τῇ
966 945 1133 1013 λέξει,
1165 946 1263 1001 xui.
1296 945 1363 999 τὰ
1388 942 1531 998 αύτά
1561 940 1855 1013 ὡμολόγει,
1881 941 1977 995 καὶ

294 1035 299 1038 ’
386 1039 615 1108 ἀγνοίας
654 1040 747 1093 τὸν
773 1039 776 1042 ’
804 1038 1156 1112 πατριάρχην
1192 1036 1458 1108 μεγίστης
1512 1032 1809 1107 ἐγράφετο.
1865 1032 1976 1086 Kal

387 1133 451 1186 τὸ
480 1136 717 1204 πρᾶγμα
754 1131 916 1203 δῆλον
958 1123 1076 1196 τοῖς
1124 1130 1341 1193 πολλοῖς
1391 1129 1616 1198 γεγονὸς
1671 1125 1837 1199 μέχρι
1878 1124 1978 1203 καὶ

388 1226 572 1280 αὐτῶν
593 1226 704 1282 τῶν
736 1224 1036 1293 βασιλικῶν
1063 1223 1243 1278 ἀκοῶν
1270 1223 1500 1278 ἄνεισιν.
1530 1220 1590 1275 Ὀ
1611 1220 1664 1273 δὲ
1688 1219 1777 1272 καὶ
1809 1216 1976 1280 αὐτὸς

388 1319 698 1390 ἐπιστήσας
719 1320 832 1383 τοῖς
852 1316 1191 1388 λεγομένοις,
1218 1316 1313 1369 καὶ
1334 1313 1561 1386 πολλοὺς
1584 1314 1680 1366 καὶ
1704 1311 1975 1382 μεγάλους

392 1415 608 1483 βλέπων
642 1415 767 1477 τοὺς
788 1413 1281 1482 καταιτιωμένους,
1304 1410 1417 1463 δεῖν
1448 1407 1591 1477 ἔγνω
1618 1404 1863 1478 διορθοῦν
1883 1404 1976 1459 τὸν

292 1512 307 1526 ’
389 1506 550 1574 λόγον
584 1505 727 1577 πρὸς
756 1506 785 1558 ὅ
816 1523 870 1559 τι
927 1504 1025 1560 καὶ
1072 1502 1217 1568 δόξοι
1263 1503 1323 1557 τὸ
1374 1498 1802 1578 εύσεὸἐστατον’
1838 1496 1974 1570 μηδὲ

390 1601 503 1670 γὰρ
531 1593 670 1652 εἶναι
703 1596 871 1652 καλὸν
923 1597 1121 1661 αὐτοὺς
1157 1595 1340 1656 ἄλλοις
1373 1592 1745 1661 ἐγκαλοῦντας
1794 1578 1976 1662 παρα-

392 1694 592 1756 ϐασίας
630 1692 763 1763 περὶ
794 1691 862 1744 τὰ
894 1690 1141 1759 δόγματα
1192 1687 1476 1759 ἐνέχεσθαι
1511 1704 1577 1755 γε
1617 1685 1716 1739 καὶ
1752 1684 1975 1747 τούτους

2080 485 2308 555 σφάλμα
2345 484 2629 555 ὁμολογεῖν
2685 485 2742 537 ἐν
2793 486 2907 549 τοῖς
2959 485 3127 540 αὐτοῦ
3181 487 3527 557 γράμμασιν,
3562 490 3665 545 οὐκ

2078 579 2352 642 ἐπείθετο,
2386 565 2523 636 ἀλλά
2577 581 2672 632 καὶ
2722 578 3142 648 προσωργίζετο
3174 579 3565 649 ὑπερηφανῶν.
3592 582 3667 634 Τὸ

2075 669 2122 724 δ’
2156 669 2414 726 ἐντεῦθεν
2445 670 2761 742 προσιόντες
2796 670 3009 741 βασιλεῖ
3037 672 3344 742 πεισμονῆς
3373 673 3665 728 ἐνεκάλουν

2076 763 2173 818 καί
2202 764 2254 832 γ’
2287 764 2576 836 αἱρέσεως,
2601 765 2695 817 καὶ
2714 762 3077 833 ἀπεσχίζοντο
3103 763 3224 817 κατ’
3245 765 3425 834 ὀλίγον
3453 766 3663 820 ἐκείνου

2076 856 2151 920 ὡς
2185 857 2259 927 μὴ
2299 852 2494 929 ἀγνοίᾳ
2537 856 2696 927 δῆθεν
2743 857 2838 909 καὶ
2885 856 3210 929 ξυναρπαγῇ
3249 859 3664 929 περιπεσόντος,

2070 942 2217 1005 ’ἀλλά
2248 952 2340 1005 καὶ
2368 950 2587 1023 γνώμῃ.

2076 1071 2139 1119 ε’.
2178 1058 2255 1119 Τὰ
2296 1062 2472 1139 κικτιίᾼ⁵
2497 1067 2642 1136 τοὺς
2686 1070 3080 1139 πατριάρχας.
3133 1071 3243 1125 τόν
3294 1086 3360 1124 τε
3393 1067 3668 1135 Ἀλεξανο

2431 1137 2635 1207 δρείας
2665 1140 2765 1194 καὶ
2803 1137 2913 1195 τὸν
2938 1140 3320 1213 Ἀντιοχείας.
3384 1202 3391 1207 ι
3591 1192 3596 1199 .

2079 1228 2157 1298 ς’.
2188 1232 2604 1303 Ἀναχώρησις
2630 1232 2745 1306 ἐκέ
2770 1233 2879 1288 τοῦ
2934 1238 3360 1305 πατριαρχείου
3406 1237 3515 1293 τοῦ
3557 1254 3670 1294 πα-

2545 1302 2829 1375 τριάρχου
2850 1302 3205 1375 Γρηγορίοὺζ

2149 1416 2230 1471 Td:
2270 1416 2379 1487 γὰρ
2405 1417 2512 1487 πρὸ
2540 1415 2635 1471 τοῦ
2662 1416 2896 1487 ἦπειγον
2942 1417 3170 1483 τούτους
3216 1419 3499 1486 τοιούτους
3528 1412 3669 1476 εἷναί
3694 1477 3698 1480 .

2075 1527 2135 1563 τε
2166 1511 2259 1564 καὶ
2295 1509 2608 1577 φαίνεσθαι.
2661 1508 2744 1563 Τὰ
2782 1510 2829 1563 δ’
2861 1506 3005 1589 ἦσαν
3031 1494 3256 1583 πρῶτον
3312 1513 3411 1584 μὲν
3463 1515 3523 1568 τὸ
3572 1514 3667 1571 τοῦ

2077 1601 2503 1672 Ἀλεξανδρείας
2545 1590 2896 1667 Ἀθανασὶου,
2950 1602 3011 1656 ὃν
3070 1604 3287 1669 πολλοῖς
3316 1600 3670 1679 ὑπῆγοντοῖς

2077 1693 2339 1763 χαλεποῖς
2380 1693 2672 1763 πρότερον,
2697 1693 2762 1765 |P
2803 1691 2895 1764 81]
2928 1693 3094 1765 μέχρι
3126 1697 3220 1748 καὶ
3253 1696 3425 1766 αὐτῆς
3452 1692 3672 1768 ὲξδρίας

389 1785 483 1838 καὶ
515 1784 674 1855 κακῷ
704 1784 763 1837 τὸ
796 1780 966 1836 κακὸν
1003 1780 1186 1836 ἰᾶσθαι
1242 1781 1442 1835 δοκεῖν.
1475 1777 1663 1833 Ταῦτα
1692 1778 1805 1840 τοῖς
1851 1778 1983 1845 περὶ
2018 1774 2057 1831 Β
2088 1787 2445 1856 περιστάντες
2483 1787 2580 1857 τὴν
2624 1786 2931 1857 δριμύτητα
2982 1787 3091 1841 τῶν
3132 1790 3322 1843 κακῶν
3344 1829 3358 1853 ,
3392 1790 3477 1860 ἐφ’
3504 1784 3547 1858 ᾧ
3576 1788 3671 1844 τὸν

391 1875 486 1928 τὸν
507 1875 966 1946 πατριάρχηνούκ
990 1870 1061 1945 ἦν
1085 1874 1327 1942 ἀγοοείν,
1349 1870 1486 1930 ἀλλὰ
1509 1871 1765 1932 κάκεῖνος
1786 1867 1981 1923 ἀκούει

389 1970 454 2022 τὸ
487 1970 694 2041 δρᾶμα,
742 1968 837 2022 καὶ
876 1968 978 2021 οὐκ
1031 1966 1278 2031 ἀνεκτῶς
1334 1963 1689 2038 ὑϐριοπαθῶν
1719 1957 1899 2034 εἶχεν,
1933 1964 1981 2018 εί

391 2059 638 2125 τοιοῦτος
672 2058 749 2115 ὣν
784 2062 843 2115 ἐν
864 2059 1072 2127 λογίοις
1104 2060 1199 2112 καὶ
1220 2057 1462 2123 τοιοῦτος
1487 2056 1662 2111 δοκῶν
1693 2056 1752 2109 ἐν
1778 2055 1983 2125 δογμά-

390 2171 505 2207 των
535 2154 820 2224 ὲπιστήμῃ
852 2145 1202 2222 παραῦασίας
1233 2148 1331 2202 καὶ
1357 2149 1521 2211 αὐτὸς
1550 2147 1859 2215 ὲγκαλοῖτο,
1886 2148 1982 2199 καὶ

390 2250 493 2321 τῆς
543 2248 846 2320 μεγίστης,
884 2246 961 2312 ὡς
998 2246 1237 2301 ἔπειθον.
1301 2244 1467 2300 Ὅθεν
1520 2246 1616 2298 καὶ
1659 2242 1980 2313 ἀξιούμενος

400 2430 703 2503 reprohare
727 2438 786 2486 ut
821 2427 1026 2485 malum
1048 2434 1104 2484 et
1132 2427 1515 2483 temerarium.
1542 2425 1660 2494 Qua
1688 2425 1740 2479 in
1759 2438 1984 2494 expres-

395 2526 557 2581 sione
590 2522 990 2596 indignationis
1028 2537 1141 2578 suae
1172 2524 1440 2577 adversus
1476 2521 1737 2575 audacem
1771 2518 1984 2574 novita-

396 2626 534 2679 tem,
574 2613 960 2672 exardescenti
994 2629 1097 2669 suo
1129 2629 1285 2668 more
1312 2612 1612 2667 ferventius
1649 2611 1941 2680 logothetae
1962 2647 1981 2673 ,

398 2689 711 2780 opportune
756 2714 975 2777 arrepto
1015 2704 1517 2775 Philadelphiensis
1569 2714 1850 2773 tempore,
1898 2710 1982 2755 to-

402 2818 557 2858 mum
583 2816 613 2856 a
655 2800 974 2871 patriarcha
1007 2799 1214 2854 editum
1244 2797 1473 2864 obtulit,
1498 2811 1674 2867 eoque
1703 2795 1791 2850 illa
1818 2795 1985 2850 verba

400 2896 534 2966 legit
567 2910 692 2966 quae
718 2893 957 2950 similem
979 2893 1250 2949 damnata:
1274 2891 1386 2961 jam
1422 2892 1473 2945 in
1500 2891 1662 2945 Marci
1685 2890 1825 2945 libro
1856 2902 1984 2957 pra-

397 2990 551 3043 vitati
579 2986 909 3043 sententiam
936 3023 953 3050 ,
991 2983 1036 3039 si
1062 2990 1209 3039 recte
1239 2981 1702 3052 intelligerentur,
1731 2977 1984 3035 contine.

398 3079 569 3145 bant;
605 3077 754 3147 quod
799 3078 882 3132 sic
922 3076 1105 3146 reipsa
1154 3090 1214 3131 se
1248 3074 1449 3129 habere
1488 3071 1692 3129 eﬂieaci
1734 3072 1986 3125 oratione

2080 1879 2247 1948 τόμον
2288 1878 2779 1948 καθυπογράψειε,
2844 1878 2949 1931 κάν
2998 1878 3207 1943 ἐκεῖνος
3274 1880 3413 1949 μετά
3465 1880 3667 1945 πολλὰς

2081 1971 2352 2045 ξπηρεέας
2381 1972 2471 2024 τὸν
2503 1971 2604 2042 μὲν
2629 1972 2817 2040 τόμον,
2853 1972 2926 2034 ὡς
2964 1974 3038 2042 μὴ
3072 1974 3394 2043 δοκιμάζειν
3424 1973 3565 2045 ἔχων
3591 1974 3668 2038 ὡς

2083 2044 2376 2133 ἀλλοεθνῆς
2406 2055 2636 2117 καὶτῶν
2653 2063 2943 2136 ἡμετέρων
2969 2064 3140 2118 δοκῶν
3163 2065 3415 2130 ἀξύνετος
3438 2070 3465 2119 ό
3488 2066 3670 2119 conni-

2082 2175 2173 2221 τος
2208 2156 2306 2228 τὴν
2334 2157 2539 2225 γνῶσιν
2559 2156 2974 2230 ,-παρεθεώρει,
3023 2158 3195 2227 ἀλλην
3226 2158 3284 2213 δέ
3321 2177 3444 2215 τινα⁴
3477 2159 3673 2230 ὁμολο-

2084 2249 2208 2319 γίαν
2260 2250 2318 2317 ἐξ
2355 2250 2553 2306 ἑαυτοῦ
2595 2249 2810 2323 ἔγραφε
2866 2252 2963 2307 καὶ
3001 2253 3346 2325 ὑπέγραψεν,
3390 2256 3558 2327 αὐτὴν
3603 2256 3669 2328 δὴ

2086 2431 2141 2487 in
2177 2439 2328 2488 tomo
2360 2432 2484 2505 eius
2519 2434 2718 2490 vitiose
2774 2436 3040 2505 scriptum
3087 2443 3225 2494 erat.
3261 2434 3546 2506 praefracte
3575 2452 3671 2493 ne-

2093 2525 2239 2595 gavit
2295 2542 2624 2598 agnoscere,
2657 2543 2716 2583 se
2752 2528 3052 2599 quidquam
3090 2528 3142 2582 in
3190 2544 3293 2587 suo
3339 2539 3488 2584 tome
3528 2532 3672 2602 quod

2086 2619 2372 2673 emendari
2398 2635 2540 2690 opus
2568 2631 2736 2683 esset,
2764 2622 2831 2677 de
2863 2623 3131 2690 petitione
3155 2622 3381 2693 insuper
3415 2623 3505 2680 illa
3533 2626 3673 2695 ipsa,

2088 2706 2169 2761 uti
2203 2708 2271 2763 de
2295 2708 2534 2778 irrogata
2565 2709 2666 2763 sibi
2698 2709 3054 2773 contumelia,
3086 2724 3453 2779 conquerens,
3483 2712 3675 2783 iraque

2086 2814 2153 2853 ex
2203 2796 2346 2854 fastu
2398 2816 2504 2855 non
2560 2799 2771 2855 modica
2811 2801 3066 2855 saeviens.
3094 2801 3187 2858 Sic
3222 2804 3423 2872 repulsi
3457 2804 3551 2873 qui
3582 2818 3680 2875 pa-

2088 2893 2390 2949 triarcham
2424 2893 2714 2959 adierant,
2757 2893 3076 2962 imperatori
3132 2894 3521 2951 renuntiarunt
3564 2910 3676 2951 non

2091 2985 2257 3040 modo
2289 2999 2471 3054 prava:
2508 2994 2699 3039 contra
2730 2983 2853 3039 ﬁdei
2899 2985 3096 3055 dogma
3144 2986 3537 3055 persuasionis,
3576 2987 3675 3043 sed

2092 3078 2276 3133 addita
2319 3079 2445 3132 huic
2481 3076 2788 3145 pervicacia
2821 3075 2988 3132 etiam
3020 3078 3294 3134 haereseos
3331 3088 3674 3155 compertum

399 3139 732 3229 declaravit.
763 3172 863 3227 Hie
904 3139 1208 3243 logotheta,
1244 3169 1392 3225 velut
1452 3168 1657 3241 apertis
1711 3166 1815 3222 sibi
1850 3181 1984 3220 ocu-
2011 3139 2057 3202 (ἶ
2092 3185 2214 3224 eum
2249 3168 2444 3222 teneri.
2482 3139 2881 3239 'Deincepsque
2925 3170 3130 3226 sensim
3184 3170 3409 3240 plurimi
3459 3139 3529 3225 ab
3558 3150 3678 3240 ejus
3726 3216 3727 3219 η

398 3269 493 3331 iis,
514 3268 672 3339 prius
694 3282 804 3323 non
829 3264 1272 3321 animadversam
1292 3264 1516 3319 intuens
1533 3263 1733 3326 labem,
1759 3269 1983 3332 aspectu

399 3364 646 3427 reeiliit,
684 3362 953 3432 verbique
1008 3360 1229 3431 insidiis
1296 3367 1548 3430 opertum
1604 3359 1808 3413 malum
1858 3369 1983 3410 cum

400 3456 643 3527 primum
673 3460 1003 3525 agnosceret
1022 3452 1288 3509 detestari
1319 3467 1379 3507 se
1406 3450 1712 3522 professus,
1734 3453 1987 3507 maximae

401 3552 770 3625 patriarcham
829 3548 1064 3604 inscitia:
1112 3545 1437 3607 damnavit:
1476 3561 1586 3600 nec
1640 3544 1815 3599 abfuit
1853 3546 1984 3616 quin

404 3650 700 3717 propagata
744 3656 811 3698 ea
848 3657 937 3696 res
989 3639 1045 3695 in
1081 3639 1329 3695 notitiam
1380 3638 1679 3691 multorum
1727 3636 1875 3689 brevi
1916 3636 1984 3691 ad

404 3755 571 3796 aures
623 3735 976 3807 imperatoris
1017 3732 1353 3804 perveniret,
1390 3730 1485 3801 qui
1527 3741 1584 3784 et
1617 3731 1731 3798 ipse
1766 3730 1820 3783 in
1860 3745 1990 3784 sen-

403 3849 525 3891 sum
569 3846 774 3889 arcane
835 3832 1065 3900 pravum
1097 3826 1392 3881 verborum
1434 3825 1569 3879 tomi
1603 3825 1986 3891 ambiguorum

405 3924 569 3981 facile
608 3931 693 3979 tot
718 3922 834 3993 jam
888 3919 1305 3993 agnoscentium
1339 3917 1623 3972 admonitu
1669 3924 1987 3986 penetrans,

405 4019 722 4087 ntnltosque
759 4030 824 4070 ac
878 4027 1112 4085 magnos
1148 4010 1298 4067 viros
1346 4024 1581 4065 cernens
1633 4012 1685 4062 in
1715 4008 1990 4078 culpando

407 4111 541 4168 tomi
577 4112 723 4174 loco,
774 4108 982 4163 clarius
1023 4121 1053 4159 a
1111 4104 1295 4158 Marco
1344 4118 1662 4167 expressam
1698 4102 1991 4159 obscurius

408 4214 694 4263 astruente
726 4204 1084 4266 sententiam,
1116 4198 1367 4255 unanimi
1403 4212 1634 4255 assensu
1670 4194 1987 4261 convenire,

409 4298 655 4355 decrevit
702 4311 828 4351 eum
887 4303 1143 4365 oportere
1206 4304 1448 4360 congrua
1502 4289 1888 4344 emendatione
1933 4289 1989 4343 in

409 4408 631 4449 sensum
658 4387 980 4444 orthodoxae
1003 4384 1269 4440 doctrinae
1292 4397 1458 4453 quam
1481 4368 1991 4436 accommodatissi-

2090 3262 2482 3317 communione
2532 3276 2593 3315 se
2656 3261 3099 3325 abseindehant,
3154 3274 3213 3317 ut
3274 3262 3515 3320 hominis
3566 3280 3675 3320 non

2089 3354 2398 3424 ignorantia
2449 3353 2659 3410 scilicet
2695 3352 2859 3424 lapsi,
2899 3366 2993 3409 aut
3024 3354 3078 3409 in
3121 3364 3278 3423 raptu
3325 3356 3523 3412 mentis
3563 3356 3675 3412 alio

2093 3458 2321 3503 attenta:
2351 3462 2498 3503 cteco
2524 3461 2620 3516 per
2651 3446 2923 3502 lubricntn
2949 3447 3185 3516 impulsu
3213 3450 3267 3503 in
3301 3450 3513 3505 ruinam
3541 3466 3677 3521 prae-

2090 3539 2325 3607 cipitati,
2352 3539 2447 3594 sed
2475 3547 2626 3595 certa
2659 3539 2891 3595 scientia
2923 3537 3140 3609 ﬁxaque
3169 3539 3338 3595 animi
3373 3541 3675 3612 pertinacia

2092 3646 2339 3686 errorem
2378 3632 2747 3703 amplexantis
2777 3647 2965 3689 suum.

2091 3747 2147 3813 5,
2172 3749 2225 3802 ϐ.
2289 3748 2363 3803 De
2412 3748 3166 3816 patriarchis'Alezaudrino
3225 3758 3274 3805 et
3328 3749 3671 3810 Antioclteno.

2202 3816 2437 3873 Secessio
2487 3818 2811 3887 patriarcha’
2848 3819 3093 3888 Gregorii
3142 3837 3171 3874 e
3210 3821 3563 3889 patriam/tio.

2166 3912 2293 3966 Haec
2326 3911 2652 3982 patriarcha!
2689 3913 3038 3967 contumacia
3070 3921 3129 3966 ut
3154 3914 3370 3969 cunctis
3396 3914 3675 3971 videretur

2091 4004 2513 4067 intolerabiliOr,
2540 4002 2813 4057 faciebant
2834 4020 2955 4073 quae
2982 4005 3146 4074 paulo
3168 4005 3332 4075 prius
3364 4004 3416 4060 in
3446 4022 3675 4063 summae

2092 4098 2372 4167 dignitatis
2425 4099 2887 4168 auctoritatisque
2927 4112 3195 4167 personas
3229 4099 3585 4155 severissime
3620 4102 3675 4156 in

2092 4190 2197 4245 hoc
2235 4205 2435 4259 gruere
2471 4191 2554 4260 agi
2588 4206 2782 4245 omnes
2823 4190 3093 4246 viderant.
3128 4190 3184 4246 ln
3232 4194 3437 4247 recenti
3475 4194 3678 4265 quippe

2098 4280 2365 4334 memoria
2422 4281 2748 4335 versabatur
2805 4296 2966 4348 quam
3022 4282 3171 4335 nulla
3230 4282 3430 4338 fuisset
3492 4284 3676 4339 habita

2094 4374 2235 4428 ratio
2258 4374 2501 4438 virtutis,
2520 4356 2783 4428 doctrinae
2807 4374 3119 4447 gradusque
3142 4376 3447 4445 conspicui,
3481 4376 3684 4446 quibus

410 4495 559 4535 mum
587 4475 881 4532 reformari
914 4489 930 4529 :
958 4491 1065 4531 non
1088 4475 1237 4528 enim
1262 4487 1383 4528 esse
1412 4477 1866 4535 consentaneum,
1897 4468 1991 4541 qui
2022 4488 2071 4557 ο
2098 4465 2572 4534 Constantinopoli
2614 4466 2970 4535 peregrinatus
3023 4464 3303 4522 eminebat
3344 4467 3681 4525 Athanasius

409 4574 551 4628 alios
581 4569 908 4627 deiectionis
932 4582 963 4623 a
999 4581 1126 4621 vera
1156 4565 1262 4621 ﬂde
1289 4570 1642 4628 accusarent,
1675 4561 1793 4633 ejus
1820 4562 1993 4631 ipsius

408 4666 582 4721 teneri
636 4662 932 4717 convictos
986 4658 1271 4721 criminis;
1317 4665 1482 4727 atque
1533 4654 1672 4709 adeo
1725 4654 1815 4709 isti
1849 4653 1994 4709 malo

407 4746 657 4814 curando
688 4754 740 4808 id
774 4752 1035 4807 adhibere
1063 4765 1164 4822 pro
1190 4750 1457 4813 remedio,
1484 4748 1632 4819 quod
1663 4749 1840 4819 ipsum
1874 4762 1997 4802 esse

352 4834 353 4837 η
412 4855 619 4912 malum
655 4847 1181 4919 deprehenderetur.
1219 4841 1371 4899 Talia
1405 4841 1534 4897 dum
1587 4842 1762 4911 primo
1798 4841 1998 4895 mussi-

406 4950 682 5003 terentur,
710 4936 911 4993 deinde
949 4936 1155 4990 sensim
1214 4933 1677 4997 increbescerent,
1723 4933 1864 4984 haud
1900 4932 1996 4984 diu

409 5043 644 5106 potuere
698 5029 968 5085 occultari
1013 5026 1361 5098 patriarchae.
1400 5026 1568 5079 Audit
1607 5024 1716 5079 cito
1755 5040 1868 5101 rem
1917 5036 1998 5080 to-

413 5135 552 5190 tam,
591 5134 647 5180 et
676 5121 809 5193 quid
847 5131 1134 5191 pararetur
1169 5119 1528 5188 intelligens,
1567 5117 1619 5173 in
1651 5116 1998 5171 contumeliae

410 5232 521 5272 non
574 5211 885 5270 tolerabilis
924 5218 1080 5280 parte
1127 5208 1441 5263 numeravit
1500 5221 1560 5263 se
1596 5216 1746 5261 tanta
1792 5222 1856 5261 ex
1887 5217 1995 5261 tam

411 5308 590 5363 multo
645 5302 969 5373 theologicae.
1031 5301 1190 5371 120
1255 5301 1539 5361 doctrinae.
1586 5300 1998 5355 existimatione

414 5386 713 5458 subnixum
767 5395 1019 5451 accusari
1062 5392 1427 5448 aberrationis
1457 5409 1485 5445 a
1521 5392 1778 5462 dogmate
1803 5382 1996 5446 ortho-

414 5493 584 5552 doxo,
630 5486 891 5556 ejusque,
918 5497 977 5539 ut
1028 5469 1111 5538 sini
1145 5483 1363 5554 quidem
1416 5483 1717 5538 adversarii
1765 5497 1995 5552 persua-

417 5588 549 5637 dere
570 5589 932 5646 conarentur,
974 5576 1134 5647 longe
1163 5576 1504 5645 gravissima
1537 5590 1602 5632 ac
1641 5577 1994 5646 turpissimae.

418 5658 627 5742 Quare'
659 5672 727 5727 ad
786 5672 937 5746 hunc
996 5669 1088 5724 tali
1131 5668 1505 5739 indignatione
1542 5678 1993 5738 praeoccupatum

422 5781 545 5823 cum
562 5828 563 5831 η
582 5764 863 5824 venissent
881 5763 980 5835 qui
1005 5774 1261 5834 rogarent
1289 5770 1349 5818 ut
1379 5762 1497 5833 ipse
1530 5763 1826 5833 corrigeret
1845 5761 1992 5833 quod

2097 4558 2505 4614 Alexandrinus
2547 4558 2889 4629 patriarcha,
2942 4575 3068 4614 cum
3107 4561 3260 4615 illum
3313 4563 3680 4620 ecclesiastici

2096 4652 2313 4707 volente
2374 4652 2704 4722 imperatore
2754 4653 3241 4711 vehementissime
3295 4668 3555 4712 urserunt
3613 4656 3680 4713 ad

2096 4744 2563 4813 subscriptionem
2596 4744 2753 4806 tomi,
2784 4746 3132 4815 gravissian
3158 4745 3382 4802 inﬂictis
3406 4750 3683 4806 recusanti

2096 4838 2296 4903 pomis,
2342 4851 2520 4903 usque
2562 4836 2630 4890 ad
2679 4839 2853 4906 ipsam
2908 4839 3236 4907 ejectionem
3292 4840 3348 4894 in
3399 4840 3679 4897 exsilium.

2096 4930 2308 4996 Quibus
2338 4929 2429 4982 ille
2463 4928 2628 4983 minis
2662 4931 2934 5001 malisque
2968 4946 3076 4984 non
3119 4940 3426 5000 pertractus
3457 4935 3677 5004 quidem

2098 5036 2328 5092 prorsus
2377 5030 2461 5076 est
2497 5035 2562 5076 eo
2588 5036 2723 5090 quo
2762 5020 3145 5090 impellebatur
3189 5038 3207 5078 :
3247 5032 3428 5079 tamen
3486 5026 3680 5082 acerba

2098 5114 2333 5184 plurima
2391 5124 2707 5184 perpessus,
2748 5116 2968 5171 tandem
3022 5116 3211 5185 aliquo
3260 5118 3427 5172 modo
3463 5119 3683 5175 satisfa-

2097 5221 2223 5263 cere
2251 5207 2489 5271 curavit,
2527 5208 2763 5279 allegata
2789 5210 3151 5265 excusatione
3196 5212 3497 5281 plausibili,
3531 5214 3681 5268 haud

2098 5314 2260 5354 suum
2293 5314 2435 5363 esse,
2466 5301 2707 5357 hominis
2736 5302 2895 5373 longe
2925 5318 3084 5379 a‘sua
3116 5303 3357 5360 Ecclesia
3384 5307 3548 5359 vitam
3585 5322 3683 5377 pe-

2098 5407 2258 5463 regre
2308 5393 2573 5463 privatam
2607 5396 2916 5461 actitantis,
2952 5397 3223 5466 scriptum
3267 5399 3518 5467 praesidis
3562 5402 3682 5471 ejus

2100 5486 2254 5540 urbis
2277 5485 2331 5540 in
2360 5501 2467 5555 qua
2508 5488 2621 5557 ipse
2649 5487 2850 5557 hospes
2882 5487 3127 5559 degeret,
3177 5489 3390 5558 judicio
3419 5507 3521 5547 suo
3550 5492 3683 5548 sub-

2096 5577 2290 5647 jicere,
2322 5578 2467 5647 quod
2505 5579 2758 5634 facturus
2790 5581 3101 5647 videretur,
3149 5582 3194 5636 si
3244 5598 3405 5637 suum
3446 5584 3525 5638 illi
3554 5600 3586 5640 τι
3624 5601 3683 5642 se

2099 5670 2243 5724 lecto
2270 5671 2623 5728 subscribere
2656 5689 2854 5729 nomen
2891 5682 3189 5731 attentaret
3212 5674 3265 5728 in
3308 5676 3523 5746 signum
3552 5692 3681 5733 sen-

2103 5767 2283 5822 tentia:
2321 5765 2388 5821 de
2416 5766 2540 5838 ipso
2565 5783 2698 5837 suae,
2734 5769 3037 5839 praesertim
3059 5785 3182 5826 cum
3218 5770 3450 5839 probare
3484 5772 3681 5827 librum
