4058 6282
348 223 461 290 135

1556 229 1882 290 GEORGII
1925 225 2404 290 PACHYMERA!

3503 198 3597 290 ηε

349 342 448 409 τὴν
479 339 589 392 τῶν
613 336 785 407 ἁγίων
819 339 910 393 καί
941 332 1470 413 καθημαξευμένην,
1500 344 1664 414 μηδὲν
1698 343 1757 395 τὸ
1783 343 1917 395 ἀπα·
1949 344 1993 403 Λ
2024 340 2428 411 ξυμϐουλεύω).
2462 338 2556 411 (ς’)
2593 337 2873 394 Ἀπειπὼν
2904 339 3111 419 ἐκεῖνος
3159 338 3254 407 καὶ
3286 328 3602 417 ἀποναρκηί-

350 431 451 498 φὲς
500 430 593 485 καὶ
625 431 1022 499 ὑπονοούμενον
1077 434 1326 504 ἔχουσαν.
1364 435 1631 504 Δεύτερον
1680 438 1742 487 τὸ
1778 433 1921 489 κατὰ

348 523 443 575 τὸν
490 523 822 592 ’Δντιοχείας
877 525 1191 595 ’Δρσένιον,
1252 526 1370 590 πῶς
1427 527 1587 599 μόνον
1654 528 1920 582 ἀκουσθὲν

351 611 642 678 συσταθιὶς
694 618 783 670 ἐπ’
814 617 1143 687 Ἐκκλησίας
1192 618 1282 690 τῷ
1329 621 1460 690 ρηγὶ
1518 620 1813 693 Ἆρμενίας
1855 620 1923 673 τὰ

354 709 558 779 ἔσχατα
590 707 945 778 κατεγνώσθη
984 711 1080 763 καὶ
1124 711 1232 763 τῶν
1276 711 1551 782 διπτύχων
1583 711 1921 779 ὲξεϐἀλλετο.

359 803 469 856 Καὶ
503 800 767 871 βασιλὲως
797 804 880 857 ὅτι
918 820 976 857 τε
1020 804 1113 857 τὸν
1158 806 1372 879 πατέρα
1401 806 1631 870 δόξαντα
1659 807 1789 877 περὶ
1825 796 1930 877 τὴν

370 894 699 965 Ἐκκλησίαν
722 894 993 966 ἁμαρτεῖν
1019 895 1228 965 ἄταφον
1256 896 1438 965 ἀφῆκε
1467 896 1559 951 καὶ
1584 897 1927 968 ἀμνημόνευ-

356 1003 450 1039 τον
495 986 591 1041 καὶ
644 987 731 1041 ὅτι
772 988 872 1059 τὴν
923 990 1201 1060 προτέραν
1253 989 1485 1061 σύζυγον
1515 991 1584 1047 τὰ
1602 992 1766 1062 ὅμοια
1800 994 1929 1065 περὶ

359 1082 458 1152 τὴν
482 1080 728 1152 εῠφημον
766 1080 960 1152 μνείαν
993 1081 1146 1151 ἔδρα,
1190 1085 1288 1137 καὶ
1329 1083 1524 1154 τρίτον
1562 1084 1662 1155 τὴν
1692 1085 1927 1156 μητέρα,

363 1176 443 1252 ὅτι
469 1176 519 1227 si
545 1173 623 1246 μὴ
650 1176 745 1228 καὶ
769 1172 910 1246 αὑτὴ
937 1176 1028 1229 τὸν
1051 1176 1149 1243 τῆς
1178 1177 1413 1240 πίστεως
1440 1176 1641 1231 δέδωκε
1665 1176 1928 1242 λίσελλον,

360 1269 463 1321 οὐκ
491 1265 557 1321 ἃν
590 1269 671 1331 εἰς
696 1267 978 1321 κοινωνίαν
1010 1267 1250 1334 ἐδέξατο.
1292 1270 1472 1340 Πολλή
1510 1288 1594 1334 τις
1626 1266 1695 1342 ἦν
1721 1271 1753 1341 ἡ
1792 1270 1935 1324 κατά

360 1346 459 1414 τοῦ
515 1359 862 1430 πατριάρχου
897 1360 1126 1431 μέμψις,
1183 1361 1267 1415 ὅτι
1322 1362 1480 1429 δόξας
1532 1365 1803 1434 σφαλῆναι
1857 1364 1935 1438 μὴ

363 1449 785 1525 διορθῴτοβλλ*
817 1451 1329 1525 ισχυρογνωμονοίή
1380 1456 1474 1509 καὶ
1534 1456 1726 1527 μῶμον
1758 1474 1936 1528 προσ-

365 1540 649 1609 τρίϐεσθαι
677 1540 825 1596 θέλοι
850 1544 917 1613 τῇ
958 1543 1277 1615 Ἐκκλησία,
1309 1545 1567 1600 ἁπάντων
1621 1547 1813 1618 μῶμον
1848 1549 1940 1602 τὸν

367 1620 662 1708 χέῐριστον.
707 1634 968 1706 ’Υπέρῤει
990 1636 1133 1705 ,γοῦν
1177 1636 1265 1693 διὰ
1294 1639 1464 1692 ταῦτα
1497 1642 1531 1712 ἡ
1565 1642 1702 1713 πρὸς
1733 1641 1941 1696 ἐκεῖνον

2031 449 2131 499 σας
2159 436 2282 501 τοῖς
2312 433 2490 498 ⁸ὃλοις.
2548 436 2607 487 ὲν
2659 434 2759 504 μιᾷ
2806 432 2916 486 τῶν
2953 430 3316 503 κυριωνύμων
3357 430 3600 504 ἡμερῶν,

2029 512 2247 600 ὁμιλίαν
2269 528 2510 598 λαλήσας
2541 527 2678 594 πρὸς
2695 528 2786 579 τὸν
2802 526 2931 579 λαὸν
2952 527 3029 590 ὡς
3050 524 3236 579 πολλοὶ
3250 524 3606 596 ιπισυνὲπη-

2033 631 2135 674 σαν
2161 620 2280 673 κατ’
2307 617 2474 674 αὐτοῦ
2529 620 2625 673 καὶ
2655 619 2731 683 ὡς
2764 618 2843 692 μὴ
2892 612 3005 682 οἷός
3037 620 3083 672 τ’
3115 618 3201 689 εἴη
3239 607 3605 697 ’ἀπέχεινλεῖς

2033 712 2174 782 πρὸς
2198 711 2447 778 πολλοὺς,
2495 709 2799 768 καὶταῦτα
2841 711 2939 766 καὶ
2988 708 3097 767 τῶν
3143 698 3511 787 ’Λρσένιατῶν
3535 703 3609 764 ei;

2039 803 2290 876 ρηνεύειν
2323 804 2779 876 ὑπισχνουμένων
2818 806 2867 858 εί
2921 803 3017 858 καὶ
3054 804 3219 868 αὐτὸς
3261 799 3490 870 ἐξέλθοι,
3519 804 3613 858 καὶ

2034 897 2193 961 τέλος
2220 897 2297 960 ὡς
2326 896 2473 952 κατὰ
2499 896 2828 968 δοκιμασίαν
2853 897 3161 969 ἐξέρχεται,
3194 882 3447 952 ἐπειπὼν
3465 895 3541 959 ὡς
3567 882 3617 965 ei

2042 991 2117 1063 μή
2144 992 2196 1059 γ’
2227 988 2617 1065 εῑρηνεύσοιενβ
2642 991 2711 1061 τῇ
2761 989 2929 1044 αὐτοῦ
2979 988 3295 1060 ἀποστασία
3324 985 3615 1057 ὲπιστῃσᾷ»

2042 1100 2207 1154 μενος
2236 1080 2395 1145 αὖθις
2430 1081 2524 1135 καὶ
2560 1081 2635 1146 ὡς
2667 1080 2773 1153 θὴρ
2796 1083 3043 1145 ικείνους
3071 1078 3615 1151 καταδραμούμενος,

2042 1168 2215 1237 ἔξεισι
2250 1172 2347 1226 καὶ
2377 1174 2443 1243 τῇ
2493 1171 2603 1225 τῶν
2644 1170 2888 1242 Ὀδηγῶν
2922 1174 3060 1244 μονῇ
3108 1171 3288 1244 φέρων
3323 1169 3518 1224 ὲαυτδν
3547 1168 3620 1226 δί.-

2041 1267 2229 1331 δωσιν,
2264 1267 2326 1319 ού
2371 1267 2479 1336 μὴν
2519 1265 2576 1318 δὲ
2599 1266 2740 1319 ὥστε
2762 1267 2856 1320 καὶ⁵
2888 1267 3199 1336 ἀπρακτεῖν
3232 1264 3456 1330 τελέως,
3489 1263 3622 1318 ἀλλὰ

2045 1359 2141 1414 καὶ
2194 1358 2688 1413 συνεισϐαλλόντων
2742 1360 2851 1413 τῶν
2899 1360 3031 1427 περὶ
3079 1360 3292 1412 ἐκεῖνον
3321 1357 3623 1429 ἀρχιερέων

2045 1450 2142 1505 καὶ
2199 1450 2476 1522 κληρικῶν
2542 1451 2794 1515 συνόδους
2848 1468 2906 1502 τε
2962 1450 3209 1520 γίνεσθαι
3262 1451 3356 1503 καὶ
3417 1449 3625 1521 κρίσεις

2048 1544 2526 1599 ἀποκαθίστασθαι
2599 1544 2696 1597 καὶ
2767 1544 2836 1598 τὰ
2903 1543 3047 1598 κατὰ
3120 1543 3222 1614 τὴν
3292 1541 3620 1614 Ἐκκλησίαν

2049 1636 2146 1692 καί
2193 1633 2350 1702 αὖθις
2394 1636 2820 1707 οίκονομεῖσθαι,
2862 1638 3343 1707 μνημονευομένου
3390 1637 3487 1690 καὶ
3518 1636 3621 1690 ἔτι.

367 1727 462 1781 τοῦ
516 1726 781 1802 βασιλέως
817 1728 1078 1797 διάθεσις,
1113 1731 1209 1784 καὶ
1240 1732 1289 1785 oi
1334 1732 1458 1785 κατ’
1504 1733 1717 1788 ἐκείνου
1759 1735 1943 1805 ἴσχυον
1980 1738 2020 1793 Β
2062 1728 2207 1782 Ἀλλ’
2232 1728 2351 1781 οὐδὲ
2385 1727 2477 1782 καὶ
2503 1727 2564 1781 τὸ
2606 1728 2692 1780 ἐπ’
2719 1728 2914 1798 ἐκείνῳ
2980 1726 3280 1780 σκάνδαλον
3330 1727 3625 1782 κατεστέλ·

371 1826 535 1882 πλέον
564 1827 665 1893 ἔτι,
688 1828 885 1900 μέχρις
911 1827 979 1883 ἃν
1003 1827 1100 1884 καὶ
1125 1827 1221 1883 τοῦ
1251 1829 1585 1901 δηλωθέντος
1617 1831 1943 1887 Ἀθανασίου

374 1919 848 1989 παραγγείλαντος
869 1922 965 1975 καὶ
993 1921 1454 1992 συμϐουλεύοντος
1484 1924 1647 1996 δῆθεν
1681 1925 1782 1996 τὴν
1813 1928 1949 1980 ὐπο-

373 2011 616 2085 χώρησιν
656 2011 953 2083 (ἐκοινοῦτο
987 2014 1097 2085 γὰρ
1126 2016 1222 2070 καὶ
1254 2017 1431 2088 τούτῳ
1504 2019 1601 2087 τὴν
1650 2018 1881 2089 γνώμην
1921 2019 1950 2072 ὁ

378 2105 662 2176 βασιλεὺς,
694 2106 789 2161 καὶ
840 2106 1003 2175 αὐτὸς
1030 2107 1315 2163 ὲττιυδόκει
1344 2111 1482 2181 πρὸς
1511 2109 1708 2176 ταῦτα,
1748 2108 1823 2174 ὡς
1853 2112 1952 2164 καὶ

376 2198 679 2271 ὑποστῆναι
740 2199 839 2271 τὴν
889 2198 1027 2272 πρὸς
1077 2201 1287 2257 ἐκεῖνον
1335 2202 1520 2273 ἄφιξιν
1573 2204 1657 2273 ἐφ’
1697 2194 1742 2273 ᾧ
1770 2202 1831 2276 [Ρ
1857 2199 1948 2277 82]

378 2380 777 2450 inexploratum
801 2395 961 2436 nemo
985 2395 1149 2435 sanus
1176 2382 1421 2445 deberet,
1444 2383 1733 2453 explorare
1765 2396 1950 2439 autem

377 2484 476 2529 aut
528 2482 793 2543 quantum
844 2488 941 2544 par
984 2485 1103 2528 erat
1149 2475 1461 2545 expendere
1510 2488 1621 2533 tam
1674 2480 1845 2533 multa
1896 2479 1952 2534 in

382 2577 533 2621 tomo
559 2566 764 2637 scripta
799 2567 895 2622 otii
930 2582 995 2621 ac
1026 2566 1305 2625 facultatis
1333 2585 1440 2625 non
1481 2580 1629 2626 esset
1649 2587 1783 2638 sum,
1814 2588 1953 2643 quo-

383 2661 532 2715 niam
598 2659 727 2715 alibi
787 2658 1055 2718 educatus
1119 2678 1255 2718 usus
1316 2680 1382 2720 ae
1437 2680 1636 2720 sensus
1702 2666 1956 2737 proprios

381 2752 1010 2824 Constantinopolitanse
1077 2755 1339 2812 Ecclesiae
1390 2760 1571 2813 minus
1633 2769 1952 2830 perspectos

386 2844 610 2901 haberet
640 2846 806 2917 12],1
829 2862 994 2917 quam
1020 2848 1088 2903 ad
1108 2849 1251 2904 istud
1279 2864 1508 2905 examen
1538 2850 1681 2906 foret
1709 2866 1954 2908 necesse.

383 2938 541 3010 Quod
565 2954 731 2994 unum
763 2947 919 3009 recte.
946 2951 1149 3010 posset,
1181 2943 1437 2997 daturum
1459 2959 1520 2998 se
1541 2942 1799 3015 scriptam
1827 2959 1958 3012 pro-

382 3029 681 3087 tessionem
724 3045 838 3085 sute
882 3030 1031 3095 ﬁdei,
1074 3046 1240 3099 quam
1271 3040 1326 3086 et
1360 3031 1630 3096 exhibuit,
1678 3034 1959 3102 ediditque

389 3125 756 3195 subscriptam
784 3138 814 3179 a
837 3138 919 3191 se,
944 3133 1261 3179 sanctorum
1290 3126 1453 3181 dictis
1476 3136 1871 3195 congruentem
1894 3141 1960 3184 ac

392 3217 519 3271 trita
552 3216 890 3287 gradientem
931 3217 1014 3272 via
1051 3218 1297 3286 nihilque
1322 3217 1623 3274 obscurum
1660 3229 1753 3279 aut
1777 3218 1962 3289 suspi-

390 3310 534 3365 cioni
566 3311 867 3365 obnoxium
904 3310 1216 3366 habentem.
1244 3310 1659 3382 Adjungebatur
1699 3328 1786 3378 eo,
1816 3312 1965 3384 quod

391 3405 510 3475 pari
538 3405 839 3460 acerbitate
868 3404 1179 3460 consultum
1215 3405 1480 3460 adversus
1520 3407 1814 3461 Arsenium
1850 3406 1965 3460 An-

390 3499 611 3554 tiochia
666 3497 1035 3570 patriarcham
1092 3513 1266 3567 nuper
1325 3498 1521 3555 fuerat.
1583 3498 1687 3566 Qui
1745 3499 1966 3554 auditus

392 3595 571 3648 solum
620 3593 968 3647 consensisse
1008 3591 1062 3645 in
1110 3592 1331 3664 negotio
1370 3591 1628 3647 Ecclesiae
1667 3609 1793 3648 cum
1845 3609 1970 3665 rege

392 3684 686 3750 Armeniae,
734 3686 938 3740 ultimae
982 3687 1167 3741 statim
1216 3687 1558 3742 damnationi
1601 3688 1889 3758 subjectus
1916 3697 1972 3743 et

394 3793 589 3833 erasus
622 3792 653 3833 e
696 3778 970 3850 diptychis
1012 3778 1232 3835 fuisset.
1271 3776 1519 3834 Tertium
1556 3781 1794 3851 denique
1826 3782 1971 3839 cele-

397 3871 654 3926 brabatur
697 3872 1088 3927 ecclesiastica:
1142 3874 1468 3927 constantiae
1532 3874 1595 3929 in
1643 3875 1739 3930 tali
1805 3890 1972 3931 causa

396 3964 711 4019 domesticae
737 3965 957 4032 pietatis
993 3964 1236 4020 victricis
1266 3966 1601 4021 luculentum
1637 3968 1969 4037 exemplum,

398 4058 670 4127 siquidem
700 4057 1050 4112 Andronicus
1080 4058 1193 4127 ipse
1222 4060 1501 4129 Augustus
1532 4071 1814 4129 parentem
1850 4074 1978 4130 pro-

402 4152 581 4220 prium
628 4164 844 4204 errasse
893 4150 947 4203 in
991 4150 1244 4205 Ecclesiae
1267 4166 1433 4206 causa
1476 4151 1776 4221 judicatnm
1827 4152 1977 4208 inse-

403 4242 613 4311 pultum
669 4249 726 4295 et
755 4238 934 4295 cilicio
997 4242 1276 4296 memoria:
1330 4244 1570 4299 mortuis
1617 4244 1768 4300 reddi
1801 4244 1975 4299 solita:

403 4338 690 4388 multatum
735 4333 1045 4388 dimiserat.
1088 4333 1231 4400 Quin
1267 4346 1320 4389 et
1352 4335 1591 4404 priorem
1643 4351 1799 4390 suam
1839 4353 1974 4392 con-

1985 3094 2031 3152 C

2048 1824 2191 1887 λετο,
2232 1820 2370 1876 ἀλλὰ
2417 1822 2511 1876 καὶ
2559 1820 2761 1891 μᾶλλον
2810 1820 3057 1885 ἐλθόντος
3105 1822 3201 1875 καὶ
3241 1820 3335 1875 τοῦ
3393 1822 3634 1895 Ἐφέσου

2062 1914 2335 1985 Ἰωάννου,
2363 1914 2423 1968 ὃν
2454 1914 2550 1985 καὶ
2583 1914 2860 1986 μακρόθεν
2888 1916 2937 1969 ol
2968 1917 3088 1968 κατ’
3118 1914 3331 1969 ἐκείνου
3364 1930 3630 1985 προκατεέ

2048 2008 2347 2077 λάμϐανον,
2381 2008 2567 2080 μεῖζον
2593 2001 2778 2080 ᾔρετο,
2804 2008 2901 2063 καὶ
2938 2011 2967 2061 ὁ
3006 2008 3224 2080 κρατῶν
3252 2009 3309 2062 ὲν
3336 2007 3631 2078 διχονοίαις

2050 2096 2117 2173 ἧν
2144 2103 2195 2155 εί
2226 2103 2706 2174 μνημονευομένου
2751 2101 2964 2157 ἐκείνου
2992 2103 3157 2167 αὐτὸς
3185 2103 3469 2173 ἀγιάζοιτο
3510 2099 3631 2165 ταῖς

2053 2195 2288 2259 θυσίαις.
2340 2196 2439 2251 Διὰ
2468 2194 2629 2251 τοῦτο
2654 2198 2751 2250 καὶ⁸
2783 2195 3000 2251 πολλῶν
3048 2197 3254 2269 μεταξὺ
3302 2195 3633 2267 συμϐάντων

2055 2379 2403 2448 imperatoris
2436 2394 2603 2434 suasu
2627 2379 2873 2450 suscepit
2900 2396 2915 2435 :
2943 2394 3069 2435 nam
3099 2378 3449 2435 Andronicus
3473 2394 3633 2435 suum

2058 2474 2132 2528 illi
2169 2473 2286 2543 ejus
2321 2473 2403 2527 rei
2446 2472 2780 2528 desiderium
2818 2473 3349 2528 communicaverat.-
3390 2469 3494 2528 Cui
3542 2471 3639 2526 ille

2057 2568 2111 2624 in
2145 2582 2205 2622 re
2239 2566 2331 2620 tali
2380 2565 2796 2636 obsequendum
2848 2574 3023 2632 ratus,
3062 2567 3401 2622 sustinuerat
3434 2578 3639 2621 conve-

2059 2662 2179 2717 nire
2242 2661 2637 2731 patriarcham,
2690 2667 2744 2716 et
2790 2660 2940 2731 quod
2997 2659 3144 2717 haud
3193 2668 3409 2732 gratum
3472 2659 3641 2715 sciret

2060 2756 2200 2823 fore,
2242 2765 2435 2823 sponte
2478 2755 2773 2810 consilium
2828 2748 3151 2811 olitrudere.
3202 2754 3507 2812 Aversatus
3551 2753 3644 2808 ille

2061 2851 2279 2921 quidem
2310 2857 2395 2904 est
2431 2848 2664 2903 invisam
2694 2845 3151 2917 propositionem,
3182 2864 3284 2905 nec
3316 2863 3377 2906 se
3402 2850 3640 2906 obsecu-

2063 2954 2246 2999 turum
2291 2942 2513 3012 recepit.
2569 2942 2726 3012 122
2780 2940 3049 2997 Caeterum
3106 2941 3315 2999 fractus
3360 2942 3549 2998 animo
3591 2951 3646 2996 et

2061 3022 2309 3093 diﬂidens
2338 3036 2501 3092 rebus
2525 3038 2662 3101 suis,
2689 3036 2923 3105 quadam
2953 3035 3044 3091 die
3073 3035 3382 3101 Dominica,
3416 3035 3645 3092 homilia

2063 3130 2130 3186 ad
2174 3130 2437 3201 populum
2502 3139 2776 3199 perorata,
2839 3131 2946 3200 qua
3007 3137 3237 3198 questus
3290 3138 3377 3183 est
3442 3127 3649 3183 multos

2065 3211 2435 3278 insurrexisse
2474 3219 2764 3275 adversum
2809 3236 2891 3285 se,
2943 3235 3047 3275 nec
3101 3220 3409 3277 resistendo
3456 3235 3648 3290 parem

2065 3331 2211 3383 esse,
2269 3318 2458 3385 utique
2508 3330 2678 3370 unum
2729 3325 3107 3387 comparatum
3169 3314 3461 3385 plurimis;
3508 3314 3649 3368 velle

2070 3408 2238 3479 igitur
2269 3408 2485 3471 cedere,
2527 3421 2592 3460 ac
2636 3422 2764 3460 eum
2802 3406 3143 3459 Arsenianos
3177 3405 3390 3475 jactare
3432 3405 3655 3460 audiret

2069 3518 2258 3574 pacem
2299 3502 2467 3570 ipsos
2514 3499 2868 3572 amplexuros
2915 3500 2961 3556 si
3014 3509 3365 3555 amoveretur
3398 3513 3428 3553 e
3464 3497 3647 3555 medio

2068 3594 2388 3664 Gregorius,
2416 3606 2621 3663 cupere
2660 3592 2896 3662 probare
2928 3607 2995 3647 an
3034 3607 3165 3647 vera
3194 3592 3464 3652 dicerent,
3494 3580 3645 3647 ideoa

2070 3703 2176 3759 que
2210 3691 2466 3745 secedere
2496 3688 2787 3757 tantisper,
2821 3687 3007 3741 animo
3036 3688 3303 3741 duntaxat
3326 3684 3645 3754 explorandi

2071 3781 2203 3853 quid
2222 3782 2327 3837 sint
2374 3781 2573 3843 acturi,
2609 3781 2721 3850 jam
2756 3794 2902 3835 nunc
2936 3780 3099 3849 plane
3139 3777 3502 3844 denuntians,
3540 3779 3647 3833 nisi

2074 3875 2149 3931 illi
2169 3875 2457 3945 promissis
2474 3873 2725 3928 steterint
2738 3883 2793 3928 et
2808 3868 3107 3929 Ecclesiiam
3128 3871 3650 3937 tui-baredesierint,

2076 3967 2377 4021 rediturum
2431 3980 2576 4030 sese,
2634 3972 2690 4019 et
2744 3964 2964 4033 quidem
3028 3963 3226 4018 iratum
3285 3971 3339 4018 et
3390 3963 3650 4023 ultorem.

2073 4057 2391 4113 {eminstar
2413 4057 2480 4111 ad
2514 4071 2607 4110 eos
2630 4055 2995 4110 incursandos
3020 4054 3386 4126 erumpentis.
3412 4054 3650 4108 Tantum

2074 4149 2271 4205 eﬂ’atus
2302 4149 2456 4215 exiit,
2495 4156 2550 4201 et
2596 4163 2655 4202 se
2693 4148 3040 4218 Hodegorum
3086 4146 3427 4202 monasterio
3458 4147 3652 4202 abiens

2076 4242 2341 4305 condidit,
2372 4257 2482 4295 non
2514 4248 2701 4294 tamen
2746 4250 2806 4293 ut
2843 4238 3224 4294 {unctionibus
3262 4250 3492 4307 prorsus
3526 4233 3654 4291 inde

2078 4334 2294 4389 cunctis
2323 4333 2625 4387 abstineret
2664 4330 3049 4401 patriarclialis
3083 4329 3367 4396 potestatis
3401 4328 3576 4398 :qnin
3596 4337 3655 4382 et

338 4506 341 4507 ν
385 4427 582 4498 .jngem
610 4426 727 4496 pari
754 4424 964 4482 funeris
995 4435 1049 4481 et
1073 4428 1372 4483 mentionis
1405 4432 1459 4483 in
1498 4429 1694 4495 sacris,
1723 4429 1885 4484 simili
1907 4446 1972 4485 ex
2010 4448 2055 4501 ι)
2080 4425 2535 4482 convenientibus
2578 4426 2643 4480 ad
2676 4440 2802 4481 eum
2833 4424 3006 4493 partis
3042 4422 3162 4495 ejus
3198 4423 3542 4479 antistitibus
3589 4437 3655 4478 ac

390 4535 591 4584 causa,
638 4519 846 4574 honore
872 4519 1227 4589 privaverat;
1257 4521 1497 4590 denique
1527 4530 1759 4574 matrem
1801 4521 1974 4590 ipsam

404 4627 560 4667 suam
608 4611 827 4665 nonnisi
855 4611 982 4667 dato
1014 4613 1084 4667 ab
1126 4612 1246 4683 ipsa
1279 4612 1460 4668 libello
1495 4613 1619 4668 ﬁdei
1649 4615 1701 4667 in
1728 4629 1978 4669 commu-

405 4705 623 4760 nionem
678 4704 993 4760 admiserat.
1048 4702 1200 4758 Talia
1255 4707 1636 4775 reputantibus
1674 4718 1725 4761 et
1771 4706 1976 4777 passim

404 4797 743 4869 iactantibus
786 4796 955 4851 multa
1006 4799 1218 4854 cunctis
1256 4799 1612 4875 obex-iebatur
1651 4811 1840 4853 contra
1878 4814 1978 4870 pa-

407 4893 707 4945 triarcham
754 4889 1080 4961 indignatio,
1147 4889 1201 4944 in
1250 4905 1407 4945 acres
1455 4891 1630 4960 ipsius
1684 4892 1975 4961 reprehen-

391 4981 593 5035 ‘sioues
620 4993 934 5049 erumpens,
967 4978 1115 5048 quod
1148 4979 1194 5032 is
1225 4979 1402 5047 palam
1435 4996 1647 5036 errasse
1675 4981 1980 5051 deprehen-

409 5089 504 5129 sus
538 5070 819 5129 emendari
853 5079 1157 5137 recusaret,
1212 5088 1275 5126 ac
1313 5086 1409 5126 sua
1462 5072 1761 5142 pertinacia
1801 5073 1977 5127 labem

410 5161 653 5214 inureret
705 5158 979 5221 Ecclesiae,
1026 5159 1315 5229 labemque
1363 5161 1607 5213 omnium
1664 5161 1979 5231 pessimam.

419 5252 831 5317 [leirigescebat
870 5250 957 5302 his
994 5253 1063 5304 dc
1104 5250 1287 5305 causis
1332 5252 1532 5305 ardens
1561 5251 1713 5321 prius
1742 5255 1981 5324 impera-

414 5347 548 5399 toris
577 5347 628 5397 in
661 5359 785 5397 eum
819 5342 1071 5405 allectus,
1098 5351 1152 5396 et
1181 5344 1627 5398 adversariorum
1656 5344 1776 5414 ejus
1810 5346 1984 5416 magis

412 5434 658 5505 quotidie
702 5435 986 5501 magisque
1027 5432 1267 5501 potentia
1322 5433 1623 5498 crescebat,
1665 5448 1728 5487 eo
1766 5434 1983 5503 quidem

416 5542 589 5595 usque
610 5536 667 5579 ut
689 5528 847 5580 modo
876 5535 1209 5581 memoratus
1227 5525 1566 5595 Athanasius
1592 5529 1768 5594 ipsum
1794 5529 1987 5583 adiens

417 5630 608 5673 auctor
671 5618 770 5687 ipsi
842 5619 992 5671 (teret
1056 5619 1441 5686 patt'iarchalis
1501 5619 1782 5688 dignitatis
1846 5622 1987 5677 ultro

414 5711 748 5768 abdicandae.
782 5710 835 5764 ld
862 5724 1025 5779 porro
1051 5713 1455 5765 Alexandrinus
1485 5728 1589 5766 non
1616 5728 1711 5781 per
1738 5730 1796 5770 se
1818 5730 1987 5769 ausus

2079 4520 2296 4577 clericis
2326 4519 2520 4590 synodi
2554 4519 2624 4573 ab
2648 4518 2717 4572 iis
2750 4517 3172 4571 celebrabantur
3194 4526 3249 4571 et
3270 4510 3476 4583 judicia
3499 4531 3656 4572 exer-

2081 4613 2366 4678 cebantur,
2398 4604 2536 4666 adeo
2574 4622 2633 4664 ut
2677 4608 2946 4681 paulatim
2980 4620 3153 4664 totam
3185 4608 3424 4683 Cyprius
3462 4606 3657 4665 Eccle-

2080 4706 2176 4763 siae
2216 4705 2778 4768 administrationem,
2813 4713 2875 4758 ut
2913 4716 3061 4769 ante,
3096 4688 3423 4769 resumeret,
3453 4704 3657 4774 quippe

2082 4798 2175 4869 qni
2197 4812 2293 4851 nec
2318 4796 2725 4867 possessionem
2754 4796 3013 4851 amisisse
3038 4795 3332 4858 videretur,
3358 4797 3652 4851 memorari

2082 4889 2263 4943 adhuc
2317 4884 2459 4943 inter
2488 4902 2647 4943 sacra
2702 4890 2922 4945 solitus.
2956 4888 3227 4943 Caeterum
3262 4887 3493 4943 oﬂ‘ensio
3527 4903 3656 4959 erga

2080 4980 2236 5035 illum
2266 4981 2481 5049 publica
2511 4992 2607 5050 per
2639 4980 2780 5035 hanc
2812 4979 3178 5035 secessionem
3216 4972 3365 5035 nulla
3395 4996 3459 5035 ex
3500 4994 3657 5052 parte
3744 4970 3747 4973 ’

2085 5075 2431 5128 minuebatur
2462 5090 2476 5128 :
2508 5075 2641 5143 quin
2678 5083 2853 5127 auctae
2890 5072 3073 5141 potius
3108 5072 3260 5128 brevi
3293 5073 3466 5131 turbae
3502 5083 3657 5139 sunt,

2085 5166 2318 5221 adventu
2348 5166 2403 5220 in
2427 5164 2620 5219 urbem
2635 5162 2865 5219 Joannis
2888 5165 3166 5234 Ephesini,
3188 5178 3351 5234 quem
3372 5166 3653 5223 absentem

2081 5261 2193 5330 jam
2242 5256 2912 5329 fuisse'praeoceupatum
2960 5267 3308 5329 tractumque
3364 5258 3419 5312 in
3464 5271 3679 5329 partes

2087 5351 2497 5405 adversantium
2548 5347 2809 5424 Gregorio
2843 5349 3107 5405 diximus.
3152 5348 3298 5405 inter
3342 5351 3456 5407 hac
3499 5366 3659 5407 scru-

2090 5440 2251 5509 pulus
2280 5440 2501 5509 quidam
2529 5440 2761 5510 angebat
2782 5440 3191 5510 imperatorem,
3218 5440 3560 5500 dubitantem
3587 5460 3658 5499 an

2089 5546 2245 5586 sacra
2290 5547 2411 5601 qua:
2464 5533 2723 5600 adjuncta
2765 5530 3015 5603 Gregorii
3063 5534 3391 5602 patriarcha
3442 5536 3662 5605 publica

2090 5624 2645 5679 commemoratione
2682 5626 3112 5691 celebrarentur,
3172 5628 3278 5683 sibi
3326 5628 3393 5684 ad
3458 5631 3661 5686 sancti-

2096 5718 2415 5773 ficationem
2442 5717 2785 5783 prodessent.
2817 5717 3041 5790 Propter
3066 5721 3186 5785 hoc,
3222 5730 3275 5777 et
3308 5721 3412 5777 alia
3440 5712 3663 5783 insuper
