4058 6282
604 400 742 467 "139

1827 402 2157 466 GEORGII
2199 402 2677 467 PACHYM‘ERJS
2767 475 2769 478 ς

3783 404 3877 473 M0

630 518 700 594 ἦν
754 525 1003 595 άπαντᾷν
1039 525 1119 588 εἰς
1171 523 1373 596 κρίσιν.
1407 516 1572 579 Ὅθεν
1598 525 1707 583 ,καὶ
1762 523 1966 598 ὥριστο
2017 525 2119 594 μὲν
2169 526 2202 593 ὴ
2237 527 2281 586 Α
2310 528 2408 598 τὴν
2440 508 2738 596 ὁμολογίαν
2776 525 2877 596 τῆς
2935 525 3169 597 φύσεως.
3204 524 3281 590 ὡς
3304 516 3511 597 έχουσι
3547 527 3881 596 φαινομένων

615 606 835 689 ⁵ἡμέρα,
866 616 1068 690 ὥριστο
1095 620 1139 673 δ’
1177 622 1205 673 ὁ
1232 619 1416 684 τόπος·
1445 621 1474 674 ὁ
1506 618 1550 673 δ’
1574 616 1730 692 ἦντὸ
1760 618 1904 690 μέγα
1932 618 2029 672 τοῦ
2053 618 2208 689 βασι·
2253 675 2255 677 ,

615 708 765 796 ’λ’ἐως
790 710 1090 780 παλάτιον,
1129 710 1447 764 Ἐτάττοντο
1477 712 1525 765 οἱ
1564 711 1776 780 κριταὶ,
1808 712 1859 764 οἱ
1891 711 2209 781 κατηγορή-

625 815 813 865 σοντες
830 794 1221 872 ὴτοιμάζοντο·
1250 796 1298 853 oi
1325 799 1370 853 δ’
1393 795 1535 872 ἦσαν
1561 802 1609 855 οἱ
1636 799 1951 872 σχισθέντες
1970 800 2205 865 ἐκείνου,

623 896 738 948 ὅσοι
786 912 845 949 τε
898 896 1007 949 τῶν
1034 892 1340 965 ᾁρχιερέων
1373 895 1468 948 καὶ
1499 895 1615 948 ὅσοι
1649 894 1760 948 τῶν
1792 893 2097 965 κληρικῶν.
2125 892 2209 949 Τὰ

626 991 791 1045 πάντ’
820 989 1085 1061 εὐτρεπῆ,
1115 989 1223 1042 ἔδει
1249 988 1305 1043 δὲ
1334 988 1611 1043 συνελθεῖν
1640 990 1734 1042 καὶ
1766 988 1950 1059 μόνονι
1986 988 2077 1053 Ὠς
2100 988 2143 1042 δ’
2172 990 2207 1056 ἡ
2249 1067 2252 1069 Δ

629 1086 794 1154 κυρία
823 1085 1073 1155 παρέστη
1105 1085 1201 1138 καὶ
1228 1084 1476 1155 ἁπαντᾷν
1502 1083 1611 1136 ἔδει
1645 1084 1725 1146 εἰς
1750 1081 1946 1136 ταυτὸν
1979 1081 2205 1145 πάντας,

622 1177 689 1252 [Ρ
720 1178 813 1252 84]
848 1178 1009 1243 αὐτὸς
1046 1177 1265 1247 σύναμα
1304 1180 1420 1239 τοῖς
1464 1177 1601 1248 ἀμφ’
1634 1177 1797 1231 αὐτὸν
1835 1175 2206 1246 πρωῖαῐτερον

624 1271 974 1345 ἑτοιμασθεὶς
1012 1271 1252 1341 ἔφιππος
1279 1270 1376 1324 σὺν
1406 1271 1665 1339 ὲφίπποις
1702 1270 1839 1341 πρὸς
1863 1270 1925 1323 τὸ
1948 1269 2207 1323 παλάτιον

592 1364 994 1438 ιάπαντᾷ,νκαῑ
1033 1381 1142 1419 που
1199 1360 1503 1434 ἱστάμενος
1542 1362 1647 1428 ἔξω
1676 1364 1751 1426 ὡς
1809 1358 1998 1433 ἔτυχεν
2042 1361 2204 1431 ἔχων,

619 1460 792 1530 δήλην
832 1458 910 1530 τῷ
971 1457 1189 1529 βασιλᾴ
1210 1456 1310 1529 τὴν
1345 1458 1614 1528 σφετέραν
1666 1455 1994 1527 ποιούμενος
2023 1438 2209 1522 ἄφιξιν

616 1555 872 1625 ἁπαντᾷν
902 1551 1001 1620 τὴν
1027 1552 1293 1624 ταχίστην
1343 1550 1440 1605 καὶ
1486 1549 1681 1623 κριτὰς
1726 1550 1822 1603 καὶ
1862 1549 2208 1619 κατηγόρους

621 1645 802 1717 ἠξίου.
857 1645 913 1700 '0
968 1645 1173 1716 μέντοι
1210 1661 1274 1713 γε
1333 1640 1587 1714 βασιλεὺς
1634 1641 1949 1711 σοφώτερόν
2008 1658 2061 1694 τι
2114 1639 2213 1694 καὶ

624 1739 923 1813 βαθύτερον
959 1736 1183 1803 ἐννοῶν,
1216 1737 1291 1803 ὡς
1320 1737 1610 1807 γεγονυίας
1638 1734 1741 1805 τῆς
1779 1734 2065 1798 διαλέξεως
2115 1732 2209 1786 οὐ·

621 1835 710 1889 ὃὲν
739 1834 877 1897 ὅλως
905 1834 1147 1905 χωρήσει
1167 1830 1288 1887 κατ’
1312 1828 1475 1903 ὀρθὸν
1496 1831 1560 1883 τὸ
1586 1829 1842 1900 πρᾶγμα.
1875 1826 1950 1891 ὡς
1980 1826 2211 1895 θάτερον

624 1926 831 1994 ἀμφοῖν
863 1923 1142 1991 γενέσθαι,
1170 1921 1205 1994 ἦ
1228 1922 1436 1975 έκεῖνον
1464 1920 1705 1990 φανέντα
1726 1917 1895 1973 κακὸν
1912 1916 2210 1989 ἡσυχάζειν

622 2020 656 2093 ἢ
711 2018 953 2082 ἐκείνους
1000 2008 1269 2085 διασολεῖς
1308 2013 1621 2085 ὁμολογεῖν,
1673 2013 1813 2067 ἀλλὰ
1863 2013 2210 2082 παραμένειν

624 2116 719 2169 καὶ
744 2109 902 2178 αὖθις
932 2111 993 2166 τὸ
1025 2109 1343 2187 σκάνδαλον,
1375 2108 1597 2178 φύσεως
1626 2107 1859 2179 ἑχόντων
1892 2107 2004 2161 τῶν
2036 2105 2211 2175 λόγων

620 2207 800 2280 λόγοις
860 2204 1151 2278 μάχεσθαι,
1206 2204 1281 2269 ὡς
1316 2194 1662 2274 πραγμάτων
1696 2192 1791 2257 καὶ
1840 2201 2017 2273 μόνοιν
2066 2196 2225 2255 εἷναι

618 2390 844 2461 dignum
876 2387 970 2460 qui
1004 2386 1204 2443 throno
1255 2385 1675 2456 subrogarctur.
1727 2378 1964 2437 Admisit
2012 2396 2212 2453 propo-

620 2484 876 2557 sitionem
911 2482 1231 2551 imperator,
1272 2487 1327 2532 et
1360 2477 1553 2555 missis
1583 2474 1649 2530 ad
1690 2473 2016 2545 Gregorium
2046 2473 2211 2527 certis

624 2574 944 2631 hominibus
980 2573 1030 2629 ei
1064 2571 1395 2644 signiﬁcavit
1439 2569 1572 2637 quid
1616 2569 1738 2637 ejus
1764 2562 2082 2623 adversarii
2119 2582 2215 2637 po-

622 2681 860 2727 srercnt.
886 2670 1001 2724 lloc
1024 2667 1116 2722 ille
1137 2668 1377 2738 cegnito.
1395 2665 1829 2735 qualemcunque
1844 2660 2210 2731 arripiendam

619 2765 969 2820 occasionem
1034 2768 1265 2835 putans"
1286 2759 1623 2830 turpissimae
1667 2758 1864 2812 inusta:
1908 2770 2011 2812 suo
2057 2754 2212 2823 prius

620 2858 726 2913 late
763 2857 967 2928 lnclyto
999 2854 1214 2912 nomini
1248 2848 1598 2910 labi‘s‘semel
1658 2850 1930 2914 eluenda,
1965 2859 2215 2919 prompte

618 2952 841 3013 admisit
863 2954 1007 3022 quod
1028 2948 1394 3014 oﬂ‘erebatur,
1423 2946 1949 3018 paratiSstmumque
1976 2959 2036 3000 se
2060 2943 2215 2997 exihi-

621 3049 739 3103 buit
780 3046 1096 3102 vadimonio
1132 3043 1400 3101 sistendo.
1448 3042 1570 3100 Dies
1625 3044 1752 3098 inde
1801 3042 1945 3097 dicta
1997 3040 2219 3111 judicio

620 3151 725 3205 est,
760 3141 1188 3210 designatusque
1214 3137 1369 3194 locus
1395 3152 1652 3208 magnum
1678 3137 1943 3208 palatium
1974 3136 2215 3206 impera-

594 3236 776 3290 ~toris.
814 3233 1183 3288 Nominantur
1214 3231 1454 3301 judices,
1489 3239 1845 3286 accusatores
1879 3238 2211 3301 Comparan-
2238 3267 2283 3323 ε

618 3339 729 3384 tur.
778 3329 948 3383 Erant
979 3327 1035 3383 hi
1072 3314 1349 3407 quotquot
1390 3341 1455 3383 ex
1489 3323 1769 3397 episcOpis
1810 3334 1864 3380 et
1892 3324 2112 3380 clericis
2153 3340 2213 3380 se

619 3424 796 3493 palam
823 3437 853 3477 a
883 3419 1153 3493 Gregorio
1178 3420 1557 3477 absciderunt.
1581 3419 1773 3475 Parata
1800 3429 1998 3475 cuncta
2024 3429 2211 3485 erant,

620 3517 675 3571 in
729 3515 1017 3585 procinctu
1072 3513 1326 3583 proximo
1384 3495 1713 3568 conventus.
1775 3512 1943 3567 Adest
2005 3521 2212 3568 statuta

599 3609 762 3674 .dies,
791 3621 897 3676 qua
938 3604 1306 3678 congregandi
1342 3619 1535 3660 omnes
1560 3605 1614 3659 in
1652 3604 1774 3659 loco
1813 3605 2216 3675 exspectabam

619 3712 726 3756 tur.
763 3700 1059 3756 Universos
1085 3699 1362 3770 praevertit
1389 3701 1701 3777 patriarcha
1728 3714 1854 3753 cum
1883 3699 2027 3763 suis,
2058 3714 2217 3753 mane

621 3794 782 3867 125
808 3795 920 3865 jam
958 3803 1074 3850 tum
1131 3793 1319 3863 primo
1361 3787 1533 3862 eques
1582 3794 1697 3862 ipse
1731 3807 1857 3847 cum
1891 3791 2053 3847 sociis
2086 3793 2221 3847 item

616 3888 901 3959 eqmtibns
946 3887 1014 3941 ad
1062 3900 1324 3955 magnum
1362 3884 1629 3955 palatium
1666 3884 1958 3954 expeditus
2005 3898 2205 3938 occur-

620 3992 769 4033 rens.
808 3976 889 4030 Ac
921 3975 1011 4030 ubi
1051 3974 1290 4043 primum
1342 3966 1621 4043 palatinos
1670 3973 1953 4042 ministros
1984 3972 2215 4043 reperit,
2260 4003 2268 4010 -

618 4070 955 4135 consistens,
981 4069 1231 4123 nuntiare
1251 4066 1419 4136 jussit
1456 4068 1778 4139 imperatori
1820 4066 1979 4121 suum
2016 4067 2217 4122 adven-

621 4174 757 4229 tum,
818 4175 1119 4232 rogareqne
1169 4175 1199 4216 a
1240 4176 1300 4216 se
1351 4168 1410 4213 ut
1449 4159 1666 4228 judices
1699 4158 2111 4228 quamprimum
2163 4168 2217 4213 et

620 4266 967 4336 accusatores
1011 4256 1163 4309 coire
1198 4270 1327 4309 suos
1368 4254 1547 4308 vellet.
1584 4251 1781 4308 Verum
1819 4252 2118 4323 imperator
2159 4268 2217 4308 re

627 4332 894 4403 attentius
930 4346 1280 4401 considerata
1307 4350 1614 4401 mutaverat
1658 4347 2009 4401 sententiam.
2043 4332 2217 4415 ltepeé

536 4476 537 4479 η
620 4452 767 4502 ῑεηδ,
799 4440 945 4493 enim
1008 4438 1273 4492 memoria
1331 4451 1650 4491 successum
1704 4437 1903 4492 similis
1955 4436 2213 4507 colloquii

620 4548 747 4588 cum
792 4528 972 4587 Vecco
1030 4531 1224 4609 habiti,
1275 4545 1339 4584 ex
1386 4546 1496 4599 quo
1546 4529 1863 4585 nihil.utile
1910 4533 1973 4583 ad
2029 4547 2217 4601 pacem

2315 621 2422 674 καὶ-
2445 620 2520 692 μὴ
2550 621 2624 685 ὡς
2664 620 2935 688 λέγονται,
2970 618 3145 673 ταῦτα
3187 620 3510 688 σκοπήσας,
3551 617 3651 673 καὶ
3686 621 3879 696 μᾶλλον

2312 713 2394 765 ὅτι
2423 714 2537 776 τοῖς
2568 711 2969 767 καταῦαλοῦσιν
3001 712 3102 767 οὐκ
3134 712 3226 781 ¹εἰς
3253 711 3497 781 ἀσφαλες
3527 712 3712 784 πάντη·
3736 729 3882 784 περι-

2256 858 2259 861 .
2316 802 2475 877 σταίη
2526 807 2594 860 ἂν
2626 807 2686 859 τὸ
2720 805 2964 880 πραχθὲν
3023 805 3098 869 ὡς
3150 806 3230 869 εἰς
3280 803 3572 883 ὀϐελισμον
3607 806 3925 877 ἀγομένοις

2313 894 2400 949 διὰ
2452 896 2551 968 τὴν
2590 896 2685 950 τοῦ
2714 895 3093 969 χειροτονητοῦ
3126 895 3502 965 παραὸασεαν,
3539 897 3639 950 καὶ
3696 894 3887 966 μᾶλλον

2311 993 2395 1046 ὅτι
2427 993 2523 1047 καὶ
2554 989 2617 1043 τὸ
2647 991 2952 1062 ἐπισφαλὲς
2984 984 3381 1060 ὁμολογοῦντες
3417 988 3764 1060 ὑπέγραψαν,
3797 989 3889 1042 οὐκ

2312 1086 2526 1157 ἔκρινεν
2572 1087 2652 1149 εἰς
2688 1086 2966 1158 συμφέρον
3020 1085 3276 1155 γενέσθαι
3322 1085 3422 1155 τὴν
3477 1085 3683 1156 κρίσιν.
3736 1083 3890 1138 Ὅθεν

2313 1178 2409 1232 καὶ
2461 1177 2687 1248 πέμψας
2725 1158 2952 1250 ἀπήρτα
2983 1178 3083 1249 τὴν
3111 1176 3472 1241 διαδικασίαν.
3505 1178 3614 1231 Καὶ
3646 1176 3756 1246 γὰρ
3806 1178 3890 1228 καὶ

2311 1271 2359 1324 οἱ
2389 1268 2660 1324 ἀντίθετοι
2690 1269 2867 1342 τούτῳ
2902 1269 3120 1341 εὐφυῶς
3145 1269 3524 1340 ἀπεκρούοντο
3552 1268 3621 1322 τὰ
3645 1270 3746 1337 τῆς
3773 1270 3890 1336 κρί-

2314 1379 2472 1429 σεως,
2497 1362 2599 1417 οὐκ
2624 1364 2706 1427 εἰς
2742 1365 3023 1435 συμφέρον
3054 1362 3275 1417 ἔσεσθαι
3308 1364 3440 1421 τοὺς
3469 1361 3660 1429 λόγους
3691 1359 3894 1414 πολλῶν

2314 1457 2650 1527 κινηθέντων
2704 1455 3221 1528 διαόεόαιούμενοι,
3280 1441 3499 1509 έπὲιθον
3555 1455 3612 1509 δὲ
3673 1454 3893 1526 βασιλέα

2316 1548 2560 1620 πέμπειν
2587 1550 2680 1602 καὶ
2706 1548 2892 1614 ἀξιοῦν
2924 1549 3188 1620 παρέχειν
3214 1532 3461 1602 λῐσελλον
3486 1548 3890 1617 παραιτήσεως.

2314 1642 2466 1714 Μηδὲ
2497 1641 2609 1713 γὰρ
2644 1644 2725 1705 εἰς
2759 1642 3039 1715 συμφέρον
3070 1641 3298 1717 ,ἔσεσθαι
3338 1642 3438 1713 τὴν
3473 1640 3745 1710 ἐξέτασιν,
3768 1690 3775 1695 η
3800 1642 3895 1694 αὖ-
3928 1637 3933 1642 ’

2313 1738 2440 1801 τοὺς
2466 1736 2512 1789 δ’
2542 1735 2799 1791 ἐντεῦθεν
2829 1738 3116 1805 ὁμολογεῖν
3170 1736 3394 1806 εὐσεϐῆ,
3431 1737 3525 1789 καὶ
3573 1722 3776 1811 μηδένα
3809 1734 3895 1787 τὸν

2316 1828 2751 1899 δισταγμδνὲπὶ
2787 1816 2908 1893 ταῖς
2942 1831 3083 1894 σαῖς,
3122 1830 3277 1900 φησὶ,
3316 1828 3507 1900 φέρειν
3544 1827 3752 1892 δόξαις.
3809 1828 3899 1896 μέ·

2241 1905 2283 1961 Β
2314 1940 2403 1977 νον
2441 1923 2499 1977 δὲ
2530 1920 2991 1993 σκανδαλισοῆναι
3014 1922 3105 1976 διὰ
3144 1921 3207 1975 τὸ
3232 1921 3327 1976 τοῦ
3358 1906 3589 1992 Μάρκου
3633 1921 3893 1990 γράμμα.

2312 2015 2341 2069 ὂ
2363 2018 2457 2072 καὶ
2484 2015 2651 2081 αὐτὸς
2680 2019 2745 2071 σὺ
2775 2015 2990 2085 φθάσας
3026 2014 3289 2078 πολλάκις
3323 2016 3445 2078 ταῖς
3481 2013 3779 2075 ἀποῦολαᾱ
3812 2012 3894 2065 δέ·

2311 2107 2491 2171 δωκας
2516 2106 2590 2171 ὡς
2619 2108 2774 2179 παρὰ
2812 2107 2873 2161 τὺ
2908 2106 3068 2177 ὀρθὸν
3106 2106 3362 2193 συντεθὲν
3390 2105 3491 2175 τῆς
3519 2103 3709 2175 κοινῆς
3733 2100 3897 2171 δόξης

2311 2202 2411 2273 τῆς
2458 2201 2809 2275 Ἐκκλησίας,
2837 2204 2933 2256 καὶ
2955 2202 3047 2255 διὰ
3074 2200 3248 2256 ταῦτα
3269 2199 3485 2255 δίκαιον
3516 2193 3657 2254 εἶναι
3686 2197 3901 2269 βασιλεῖ

2272 2418 2275 2421 -
2313 2389 2623 2463 loquacitas
2681 2388 3075 2460 scaturiginem
3129 2401 3347 2458 semper
3386 2391 3648 2458 suggeret
3693 2390 3901 2439 aeterno

2315 2482 2580 2553 proﬂuvio
2614 2481 2993 2548 suffecturam,
3022 2497 3128 2537 una
3156 2481 3299 2556 sola,
3327 2480 3421 2537 sed
3455 2480 3663 2535 dudum
3697 2478 3899 2547 ubique

2314 2576 2600 2645 desperata
2656 2574 2973 2629 conditione
3022 2584 3187 2630 certae
3237 2572 3391 2644 pacis
3446 2572 3589 2627 inter
3644 2569 3900 2625 homines

2316 2668 2616 2739 proposita,
2653 2667 2698 2722 si
2733 2676 2922 2737 posset
2951 2667 3089 2723 edici
3120 2676 3181 2722 ut
3221 2668 3287 2723 de
3316 2666 3482 2724 rebus
3512 2669 3679 2736 prout
3711 2676 3899 2718 revera

2315 2772 2464 2825 sunt,
2506 2776 2614 2814 non
2647 2770 2829 2830 prout
2864 2760 3171 2830 pinguntur
3229 2759 3480 2825 dicendo,
3533 2757 3897 2827 judicaretur.

2316 2854 2560 2924 Denique
2616 2853 3061 2909 adversariorum
3122 2850 3401 2923 Gregorii,
3451 2851 3740 2905 hominum
3798 2848 3898 2903 sibi

2315 2947 2633 3014 charorum,
2681 2961 2851 3002 causa
2906 2954 2961 3020 et
3012 2945 3260 3016 periculo
3317 2944 3563 3000 maxime
3600 2943 3901 3012 imperator

2316 3040 2641 3097 movebatur
2687 3040 2752 3097 ad
2784 3038 3063 3104 vitandam
3108 3033 3281 3094 aleam
3326 3037 3521 3111 iudicii
3565 3037 3633 3093 de
3678 3034 3901 3092 homine

2317 3136 2478 3205 quem
2511 3133 2618 3205 ipsi
2650 3132 3020 3204 patriarcham
3061 3131 3344 3198 fecissent,
3388 3132 3550 3204 cujus
3579 3130 3898 3187 tomo'sub-

2317 3231 2693 3300 scripsissent,
2726 3229 3071 3285 instituendi.
3102 3226 3239 3283 Nam
3262 3230 3369 3284 hoc
3392 3228 3697 3284 secundum
3735 3240 3898 3281 accu-

2318 3323 2561 3378 santium
2606 3336 2733 3391 spes
2779 3334 2844 3393 ac
2876 3330 3004 3375 vota
3041 3319 3322 3385 damnato,
3369 3317 3555 3374 statim
3602 3315 3902 3388 apparebat

2316 3428 2535 3469 errasse
2570 3413 2692 3469 illos
2719 3422 2775 3468 et
2824 3411 3066 3483 pessime
3103 3410 3370 3469 Ecclesiae
3401 3409 3770 3474 consuluisse,
3806 3408 3900 3480 qui

2317 3511 2433 3566 suis
2465 3520 2673 3567 temere
2704 3508 2984 3580 suﬁragiis
3024 3518 3300 3582 suspecta:
3333 3506 3601 3565 doctrina:
3632 3507 3815 3561 virum
3846 3506 3898 3557 in

2319 3605 2577 3660 thronum
2602 3604 2935 3669 evexissent,
2968 3604 3113 3660 unde
3136 3614 3327 3676 postea
3354 3602 3696 3675 deprehensa
3725 3601 3899 3671 ejusa

2318 3699 2424 3754 tide
2458 3708 2604 3753 recta
2633 3698 2941 3754 deiectione
2965 3697 3310 3769 dejiciendus
3337 3695 3653 3753 necessario
3680 3695 3898 3749 fuisset.

2318 3792 2631 3863 Apparebat
2686 3801 2741 3847 et
2790 3794 2997 3847 erroris
3033 3792 3104 3845 ab
3137 3807 3299 3861 quem
3349 3791 3396 3846 is
3426 3790 3721 3845 damnatus
3752 3798 3902 3843 esset

2319 3884 2464 3938 haud
2496 3882 2665 3939 fuisse
2700 3884 2971 3939 immunes
3003 3885 3249 3948 eosdem,
3278 3891 3464 3953 utpote
3498 3882 3591 3954 qui
3620 3881 3784 3938 verba
3812 3880 3902 3935 illa

2318 3987 2599 4046 suspecta,
2634 3976 2740 4033 sub
2763 3968 2967 4046 quibus
3000 3975 3227 4031 latuisse
3259 3976 3507 4031 haeresim
3541 3973 3899 4045 postmodum

2318 4074 2420 4144 ipsi
2455 4074 2849 4143 agnovissent,
2894 4072 3061 4143 .126
3107 4086 3206 4126 sua
3252 4072 3606 4127 featinassent
3651 4071 3903 4126 subscri-

2318 4168 2506 4237 ptione
2525 4150 3252 4223 inconsultissimeﬁrmare.
3275 4164 3396 4232 Quo
3421 4167 3903 4235 utroquenomine

2259 4285 2268 4292 -
2304 4262 2449 4331 quin
2478 4275 2667 4330 poenas
2706 4261 2965 4317 Ecclesiae
2987 4260 3268 4322 deberent,
3303 4275 3412 4314 non
3441 4260 3716 4337 videretur
3735 4274 3903 4329 posse

2318 4355 2581 4410 dubitari.
2646 4353 2743 4409 His
2802 4353 3062 4410 secundis
3111 4354 3541 4425 cogitationibus
3596 4353 3663 4409 de
3726 4354 3902 4424 priori

2320 4458 2452 4504 tunc
2497 4448 2730 4503 consilio
2776 4448 3059 4503 detractus
3096 4446 3467 4512 Andronicus,
3498 4460 3621 4501 cum
3664 4446 3902 4501 misisset

2320 4542 2413 4612 qui
2450 4541 2645 4610 judicii
2682 4520 3015 4611 apparatum
3043 4539 3385 4608 disjicerent,
3420 4538 3561 4594 haud
3599 4538 3829 4612 multum
3866 4540 3904 4593 ii

622 4627 896 4682 Ecclesia?
913 4626 1277 4696 provenisset,
1311 4622 1474 4677 facile
1496 4624 1832 4692 illlcllig“bal
1855 4610 2000 4677 haud
2043 4624 2208 4693 majo-
2246 4640 2295 4701 D
2323 4610 2689 4702 repugnantes
2722 4610 3073 4685 invenerunt
3139 4642 3487 4686 accusatores
3546 4610 3901 4700 patria—religa.

622 4738 735 4775 rem
776 4717 1083 4791 exspectari
1139 4718 1340 4773 debere
1374 4726 1677 4772 conventus
1722 4718 1890 4783 hujus
1947 4716 2214 4773 fructum.

620 4817 864 4870 Alterum
900 4813 1046 4868 enim
1080 4810 1390 4867 necessario
1416 4821 1854 4875 secuturum,ut
1883 4822 1978 4865 aut
2009 4810 2215 4881 Grego-
2236 4825 2252 4843 '

622 4913 737 4965 rius
772 4921 1029 4978 peccasse
1069 4906 1351 4975 judicatus
1382 4904 1617 4974 indeque
1659 4906 1917 4960 redactus
1972 4906 2022 4958 in
2049 4908 2213 4959 ordi-

622 5020 749 5060 nem
780 5002 1029 5072 privatus
1065 4998 1295 5059 viveret,
1328 5005 1424 5051 aut
1461 4997 1635 5068 ipsius
1668 4998 1847 5066 palam
1894 4999 2209 5053 innocentia

622 5102 909 5166 perspecta
931 5092 1055 5162 ejus
1082 5090 1384 5145 adversarii
1414 5088 1659 5145 infamia:
1693 5105 1756 5145 ac
1785 5093 1963 5160 pinnis
1995 5093 2208 5147 calum-

621 5190 901 5243 niatorum
974 5185 1345 5254 subjacerent.
1404 5180 1692 5238 Utrumvis
1750 5194 1930 5237 autem
1990 5186 2209 5239 contin-

620 5292 793 5354 geret,
829 5292 1148 5335 mansnrum
1189 5277 1552 5332 nihilominus
1585 5274 1843 5332 Ecclesia:
1867 5277 2209 5343 scandalum,

621 5394 721 5431 ttcc
757 5374 1045 5430 remissius
1075 5370 1333 5426 saavitura
1372 5370 1671 5424 rixantium
1700 5369 1905 5440 jurgia,
1937 5385 2061 5425 cum
2087 5386 2205 5425 ser-
2256 5414 2257 5417 η

624 5484 815 5525 mones
851 5455 1126 5537 opponere
1160 5464 1530 5528 sermonibus,
1569 5475 1621 5516 et
1656 5476 1855 5517 natura
1890 5475 2203 5533 promptum

618 5573 672 5614 ct
713 5576 812 5613 usu
856 5574 922 5612 ac
964 5556 1185 5610 licentia
1226 5556 1496 5609 inlinitum
1545 5554 1635 5618 sit,
1686 5555 1959 5624 siquidem
1999 5557 2086 5609 nlii
2120 5572 2205 5611 res

623 5653 774 5720 ips:l:,
824 5666 943 5720 qna!
991 5642 1397 5705 enntt‘oversias
1436 5650 1615 5717 palam
1666 5649 1924 5703 exhibita:
1965 5649 2203 5713 linirent,

623 5763 730 5801 non
777 5745 1131 5816 proferuntur
1184 5746 1285 5799 nisi
1344 5746 1564 5796 lanata:
1606 5741 1822 5813 formis,
1876 5742 2073 5812 quibus
2112 5760 2205 5797 eas

567 5874 573 5883 .
621 5841 1008 5895 disserentium
1039 5838 1215 5893 oratio
1242 5836 1471 5900 fucavit,
1506 5835 1653 5889 nulla
1682 5850 1807 5904 spes
1835 5844 2001 5898 restat
2026 5836 2199 5890 litium

622 5937 1007 6001 lmicirlarum,
1064 5932 1262 6003 quibus
1316 5933 1643 5987 inexhausta
1694 5929 1955 5984 humanae
2010 5932 2204 6002 lingua:

2320 4723 2382 4777 Hi
2413 4726 2557 4779 enim
2596 4738 2758 4779 suum
2793 4738 3014 4793 quoque
3055 4724 3295 4792 ipsorum
3338 4724 3392 4777 in
3432 4722 3523 4777 tali
3559 4738 3726 4778 causa
3760 4724 3903 4777 verti

2317 4815 2625 4885 periculum
2660 4815 3071 4881 intellexerant,
3109 4814 3265 4869 veriti
3302 4829 3368 4871 ne
3410 4814 3595 4877 motis,
3630 4823 3688 4868 ut
3728 4813 3808 4880 ﬁt,
3836 4830 3902 4869 ca

2315 4908 2612 4964 occasione
2654 4908 2846 4963 multis
2885 4908 3088 4978 aliquid
3119 4908 3489 4977 detegeretur,
3542 4907 3685 4977 quod
3730 4906 3904 4979 grave

2312 5004 2450 5073 ipsis
2483 5004 2743 5056 damnum
2791 5011 3121 5057 accerseret.
3160 5001 3571 5058 Contirmarunt
3619 4984 3751 5073 ergo
3800 5018 3900 5057 cu-

2312 5096 2436 5166 pide
2470 5095 2862 5164 imperatorem
2905 5096 2958 5149 in
3001 5109 3139 5149 nova
3190 5094 3467 5150 sententia
3503 5094 3693 5165 judicii
3736 5100 3901 5150 omit-

2311 5189 2485 5253 tendi,
2522 5189 2978 5259 auctoresqueilli
3011 5188 3164 5243 fuere
3196 5189 3448 5257 mittendi
3477 5191 3542 5243 ad
3573 5187 3899 5260 Gregorium

2310 5281 2403 5352 qui
2444 5280 2691 5336 libellum
2731 5282 3100 5336 abdicationis
3152 5281 3301 5336 sedis
3350 5281 3419 5336 ab
3464 5297 3531 5338 eo
3581 5292 3900 5352 pascerent,

2312 5383 2577 5445 prmtcxtu
2617 5375 2798 5445 ipsius
2848 5374 3007 5430 famae
3043 5372 3385 5430 consulendi.
3431 5374 3567 5430 Cum
3606 5376 3752 5429 enim
3786 5376 3903 5430 sint

2309 5462 2573 5538 ancipites
2607 5470 2939 5537 judiciorum
2971 5472 3170 5532 exitus.
3208 5469 3394 5524 videre
3435 5467 3679 5539 proiecto
3711 5470 3895 5540 ipsum

2310 5579 2472 5632 quam
2530 5564 2668 5617 foret
2724 5564 2829 5617 sibi
2877 5573 3034 5633 turpe
3079 5563 3353 5617 damnari.
3413 5544 3669 5619 Victoriae
3704 5574 3895 5626 autem

2307 5659 2527 5711 incertae
2559 5660 2799 5711 fructum
2831 5669 3042 5712 certum
3080 5658 3192 5727 jam
3235 5674 3388 5713 nunc
3424 5645 3573 5713 Citra
3610 5663 3893 5713 cei-tamen

2306 5751 2487 5806 otl’erri
2520 5770 2531 5805 :
2574 5754 2966 5821 promittebant.
2990 5752 3217 5823 quippe,
3247 5754 3410 5807 simul
3443 5755 3513 5809 ab
3550 5768 3616 5807 eo
3651 5740 3902 5821 accepis‘

2306 5856 2427 5899 snt
2466 5846 2734 5899 cessionis
2778 5832 3175 5915 syngrapham,
3214 5861 3273 5900 se
3325 5846 3572 5901 vicissim
3613 5846 3689 5900 illi
3740 5844 3901 5900 testi-

2306 5943 2551 5994 mon‘um
2586 5942 2965 5995 authenticuni
3011 5942 3262 6009 daturos,
3297 5958 3405 6013 quo
3442 5944 3486 5998 is
3516 5940 3674 6012 plane
3706 5940 3895 5995 ortho-
