4120 6280
410 361 520 432 229

1350 366 1450 430 DE
1487 365 1935 438 ANDRONICO
1974 365 2439 432 PALEOLOGO
2479 369 2625 434 LIB.
2673 369 2792 434 III.

3574 369 3678 436 230

411 476 702 548 συμβάσης
743 477 839 537 καὶ,
870 477 961 532 τὸν
1024 477 1313 533 Ὑάκινθον
1363 479 1498 542 ὅλως
1557 475 1678 549 μεθ’
1725 475 1991 564 ἑαυτῶν),
2026 482 2070 554 Α
2099 493 2202 546 γας
2229 482 2339 544 τοῖς
2371 481 2428 534 ιν
2471 483 2592 552 ταῖς
2617 481 2837 553 ἄκραις,
2890 481 3178 564 ἡγεμόνων
3208 480 3267 535 τὸ
3303 482 3461 536 πλέον
3511 486 3679 538 κακά’

407 570 635 631 τούτους
667 571 886 640 κρατῶν
916 571 1108 641 ἀφίησι
1141 570 1520 640 παραγγείλας
1546 569 1874 642 ἡσυχάζειν,
1898 562 1994 622 ’τὸν

408 656 457 712 δ⁴
507 661 796 715 Ὑάκινθον
833 661 988 726 αὖθις
1021 662 1256 730 ἐγκλείει
1297 665 1362 734 τῇ
1403 663 1643 734 φυλακῇ.
1671 662 1777 717 Τὸν
1807 662 1994 732 μέντοι

408 755 455 806 Τ
458 753 732 825 αρχανειώ
743 773 832 824 την
852 756 948 826 τῆς
975 754 1220 825 φυλακῆς
1243 755 1531 825 ἐξαγαγὼν
1551 754 1825 826 είρηνικδν
1849 750 1994 826 εῖχεν

405 845 606 909 ἄλλως,
646 847 696 898 εί
728 849 820 898 καὶ
859 848 931 916 μὴ
963 847 1048 899 ἐπ’
1078 847 1378 916 ἐκκλησίαν
1402 847 1692 917 συνήγετο,
1725 846 1878 913 secl;
1895 845 1994 900 καὶ
2028 913 2030 915 ς

406 940 482 1014 τῇ
508 937 732 1008 συζύγῳ
751 939 1007 1010 δεσποίνῃ
1035 938 1279 1004 εὐμενῶς
1297 941 1344 992 οἱ
1363 939 1508 1009 ἐχειν
1529 939 1623 992 καὶ
1640 937 1990 1010 θεραπεύειν,
2009 955 2011 957 ‘
2047 940 2050 944 ’

404 1028 485 1095 ὡς
517 1029 710 1102 αίροίτ⁹
739 1030 805 1084 ἂν
833 1033 1074 1100 ⁸ἐκτίνος,
1099 1029 1168 1085 τὰ
1195 1031 1405 1101 είκὸτα.

403 1139 478 1213 η’.
520 1142 659 1211 Περὶ
713 1139 824 1212 τῆς
869 1142 1020 1197 κατὰ
1065 1143 1344 1224 ἀνάγκην
1380 1137 1843 1211 ἐξασθενήᾰεως
1871 1135 2011 1222 τῶν¹

1086 1227 1330 1268 κοινων.

472 1299 562 1376 *Τά
596 1306 694 1375 μὲν
725 1299 822 1361 ούν
859 1304 958 1376 τῆς
1003 1305 1326 1378 Ἐκκλησίας
1361 1300 1444 1379 [Ρ.
1479 1304 1609 1380 H2]
1648 1308 1739 1361 καὶ
1767 1309 1823 1372 ἐς
1849 1310 1992 1363 εκεί-

403 1410 508 1463 νην
554 1394 656 1463 τὴν
705 1396 920 1467 ἡμέραν
952 1396 1163 1460 ὲςιτόδε
1211 1397 1398 1460 τέλους
1431 1399 1764 1469 κατηντήκει
1785 1439 1801 1463 ,
1833 1402 1902 1455 τά
1931 1401 1988 1454 δὲ

401 1483 504 1549 τῆς
555 1477 866 1558 ,Ῥωματδος
917 1485 1273 1557 ἐξησθενήκει
1332 1486 1536 1544 τέλεον.
1590 1483 1990 1562 ’Πλεονέκτημα

400 1579 514 1649 γὰρ
538 1577 670 1647 ἡμῖν
693 1577 908 1647 ιγένετο
930 1581 1054 1657 τούς
1087 1580 1372 1650 παρόντας-
1391 1581 1621 1652 χρόνους
1657 1581 1852 1649 μισθοῦ
1873 1585 1984 1646 τοῖς

404 1669 756 1739 μεσιτεύουσι
791 1672 886 1724 καὶ
929 1670 1238 1742 λημμάτων
1282 1674 1350 1727 τὰ
1402 1673 1574 1739 πολλά
1623 1674 1982 1744 πράττεσθαι.

399 1759 578 1814 Τοῦτο
621 1761 834 1826 πολλοῖς
869 1762 967 1832 μιν
1013 1765 1121 1826 τοῖς
1153 1766 1210 1826 ἐς
1243 1765 1417 1835 ἀρχὴν
1471 1765 1782 1835 εύδοκίμοις
1837 1767 1867 1837 ἢ
1906 1768 1982 1838 μὴ

402 1852 861 1922 καταδεχομένοις
894 1854 1256 1908 ωασάλλειν
1288 1855 1490 1925 (πολλῲ
1519 1846 1754 1926 γὰρᾟύχ
1780 1837 1981 1926 ἥκιστα
2017 1837 2055 1891 Β

401 1944 585 2010 τοῦτο,
618 1945 728 2015 ὅσῳ
754 1942 1096 2011 καίάξιοῦσι
1127 1948 1446 2019 λαμϐάνειν)
1489 1947 1524 2020 ἢ
1560 1949 1634 2019 μὴ
1666 1950 1988 2017 δυναμένοις
2037 1947 2044 1959 ἴ

403 2033 536 2098 ἴσως
565 2035 786 2089 ἐκόλουε
820 2024 918 2100 τὰς
952 2036 1138 2104 τιμὰς,
1174 2036 1354 2100 ἄλλοις
1383 2037 1440 2091 δὲ
1468 2038 1784 2109 παρρησίαν
1813 2039 1985 2091 ἐδίδου

401 2127 658 2193 διδοῦσιν,
686 2130 761 2190 ὡς
789 2127 936 2200 ,ἕξειν
984 2131 1289 2194 ἐλπίζουσι.
1325 2130 1592 2202 Δεύτερον
1640 2133 1732 2205 ἐπὶ
1774 2131 1986 2195 τούτοις

367 2221 499 2276 ,παὶ
533 2221 594 2275 τὸ
623 2216 986 2288 ἐλλιπῶςττάς
1017 2222 1471 2295 ἀποτεταγμένας
1503 2224 1855 2279 ἀποδίδοσθαι
1888 2225 1981 2295 ρό-

404 2402 451 2466 is_
521 2401 779 2461 Ecclesiae
836 2405 1151 2477 adjunctus,
1201 2408 1528 2479 permittens
1570 2404 1810 2462 dominae
1870 2422 1983 2462 suae

402 2500 630 2569 conjugi
668 2509 725 2554 ιιι
772 2500 976 2555 faveret
1007 2501 1083 2555 illi
1116 2492 1437 2572 prolixeque
1480 2501 1890 2572 gratiﬁcaretur
1926 2502 1978 2556 in

401 2593 474 2648 iis
521 2609 649 2663 qua:
699 2594 897 2649 rationi
939 2603 1311 2650 consentanea
1365 2594 1525 2649 vellet
1560 2604 1655 2648 aut
1708 2604 1979 2664 posceret.

401 2708 456 2763 8.
496 2707 567 2763 De
605 2709 968 2762 debilitatione
994 2708 1296 2775 reipublirtc
1325 2724 1354 2760 ε
1386 2706 1585 2760 dudum
1611 2708 1978 2764 inualescenti-

690 2780 784 2849 bus
818 2780 1128 2850 corruptelis
1166 2782 1457 2834 necessario
1490 2787 1691 2833 secuta.

476 2869 750 2930 ls‘status
789 2871 858 2927 ad
891 2873 1033 2928 hanc
1060 2872 1205 2938 diem
1255 2872 1758 2926 ecclesiasticarum
1797 2888 1978 2926 rerum

403 2965 531 3028 fuit,
577 2963 924 3034 politicarum
953 2970 1138 3017 autem
1176 2961 1333 3031 longe
1366 2963 1660 3031 pessimus,
1699 2961 1978 3032 republica

401 3051 688 3110 Romaniae
736 3065 1042 3124 extremam
1089 3052 1200 3124 jam
1258 3055 1310 3107 in
1353 3052 1688 3108 debilitatem
1734 3055 1974 3108 redacta.

396 3149 577 3205 Causa
620 3147 719 3202 fuit
750 3145 956 3203 abusus
1017 3162 1086 3202 ex
1125 3146 1293 3212 facili,
1331 3142 1553 3216 pellacia
1616 3147 1754 3202 lui-ri
1806 3148 1980 3201 utrin-
2005 3187 2047 3245 ο

399 3258 508 3313 que
534 3241 838 3322 praesentis,
881 3240 1190 3296 inolescens
1229 3254 1324 3310 per
1363 3240 1479 3294 haec
1514 3247 1785 3317 tempora,
1829 3255 1976 3296 mer-

396 3326 535 3392 cede
581 3351 646 3390 ac
691 3334 851 3388 donis
897 3333 1114 3390 emendi
1165 3332 1385 3402 quidvis
1437 3333 1674 3403 quisque
1730 3332 1889 3388 vellet
1944 3347 1975 3388 ε

398 3433 646 3503 principe
679 3445 707 3484 a
737 3429 1013 3501 primariis
1040 3428 1161 3500 ejus
1191 3427 1244 3483 in
1274 3427 1544 3499 regimine
1573 3427 1860 3482 ministris.
1891 3423 1973 3482 Ob

399 3524 506 3578 hoc
558 3521 714 3597 multi
758 3521 1002 3590 alioquin
1054 3520 1164 3590 apti
1201 3519 1612 3590 magistratibus
1645 3517 1900 3605 gerendis
1941 3533 1972 3573 a

400 3617 683 3693 republica
703 3615 1058 3680 arcebantur,
1089 3609 1377 3686 quodnon
1408 3614 1736 3670 inducerent
1764 3615 1819 3668 in
1853 3614 1973 3670 ani-

398 3725 551 3766 mum
607 3708 1134 3779 sumptum-facere,
1179 3708 1344 3776 vulgo
1391 3711 1602 3764 scilicet
1654 3710 1973 3766 hominibus

389 3793 598 3861 natura
633 3802 986 3871 pronioribus
1023 3805 1089 3855 ad
1123 3800 1505 3871 accipiendum
1540 3817 1711 3872 quam.
1738 3802 1807 3856 ad
1837 3801 1972 3858 dan-

391 3901 547 3955 dum.
586 3897 710 3952 Vice
743 3913 906 3964 porro
960 3895 1256 3966 preborum
1299 3910 1716 3967 gnavorumque
1757 3895 1838 3952 sic
1867 3913 1968 3952 ex-

390 3995 671 4049 clusorum
707 3988 1081 4045 functionibus
1111 3989 1348 4059 publicis
1379 4005 1475 4060 per
1505 3990 1643 4044 tales
1672 3989 1969 4045 utilissime

388 4086 666 4159 gerendis,
700 4083 1085 4140 subintrabant
1105 4098 1170 4137 eo
1201 4099 1310 4138 non
1338 4091 1448 4136 tam
1473 4082 1727 4136 industrii
1752 4091 1966 4138 actores

391 4196 552 4250 quam
592 4177 740 4233 avari
771 4185 1131 4253 mercatores,
1163 4173 1450 4246 proﬂigata
1483 4175 1536 4227 in
1571 4174 1620 4228 id
1653 4184 1965 4245 qumstuose

389 4275 607 4329 modica
669 4270 900 4342 pecunia
943 4269 1224 4323 licentiam
1268 4269 1370 4322 sibi
1426 4278 1686 4338 parantes
1739 4269 1964 4338 impune

387 4367 718 4424 corradendi
744 4379 853 4435 quo
878 4365 1138 4419 damnum
1169 4361 1320 4432 large
1346 4371 1786 4432 compensat-ent.
1817 4361 1968 4416 Alter

303 4465 306 4467 ’
389 4461 513 4515 fons
553 4456 928 4514 enervationis
984 4446 1218 4526 imperii
1257 4455 1362 4508 fuit
1415 4456 1753 4523 parcimonia
1803 4455 1963 4526 plene

2088 586 2240 637 τητι,
2290 571 2556 627 θελόντων
2603 572 2736 649 τοῖς,
2765 572 3015 628 ἐντεῦθεν
3069 575 3438 646 ύπερημίρως
3501 580 3680 646 πάντη

2093 661 2390 734 διδομένοις
2423 667 2881 737 στραγγεύεσθαι,
2913 666 2989 729 ὡς
3018 669 3375 738 κερδαίνοιεν.
3409 667 3596 724 Ταῦτα
3614 673 3680 742 δὴ

2095 756 2188 808 ἐπὶ
2246 759 2412 813 ταυτδ
2464 759 2826 829 συναχθέντα.
2877 760 2949 814 Τὸ
2994 761 3102 832 γὰρ
3155 765 3249 816 τοῦ
3299 755 3681 832 βασιλεύοντος

2095 846 2355 920 εὐσταθὲς
2385 849 2478 906 καὶ
2510 852 2569 906 τὸ
2605 853 2758 921 πρὸς.
2793 854 3003 923 κρίσεις
3034 871 3091 908 τε
3128 858 3219 908 καὶ
3248 857 3501 914 κολάσεις
3535 874 3677 927 συμ-

2095 942 2400 1013 παθητικόν
2437 961 2497 998 τε
2547 946 2640 999 καὶ
2667 945 2878 1017 ἥμερον
2911 948 3056 1017 μέγα
3080 965 3134 1000 τι
3157 951 3220 1002 τὸ
3251 943 3417 1002 κακδν
3451 951 3542 1004 καὶ
3573 951 3676 1004 οὐκ

2092 1036 2272 1088 οἰστὸν
2318 1037 2456 1101 ὅλως
2503 1039 2616 1102 τοῖς
2647 1038 2916 1093 παθοῦσιν
2971 1040 3280 1110 εἰργάζετο.
3327 1044 3478 1106 Τέως
3521 1037 3566 1097 δ’
3600 1038 3706 1121 ὡς,

2091 1123 2240 1200 εἶχεν
2270 1132 2303 1199 ἡ
2341 1127 2436 1183 τοῦ
2470 1131 2735 1201 βασιλέως
2763 1135 2930 1204 ὁρμὴ.
2977 1135 3076 1204 τῆς
3120 1136 3403 1205 δυνάμεως
3443 1138 3673 1210 ἐνούσης

2091 1221 2173 1276 ιτι
2202 1222 2309 1277 τῶν
2330 1224 2538 1296 νεύρων
2564 1226 2652 1296 (τά
2677 1227 2720 1280 δ’
2747 1223 2887 1299 ἦσαν
2911 1229 2979 1282 τά
3007 1230 3293 1302 χρήματα)
3323 1232 3556 1302 πέμπων
3576 1235 3674 1298 τὰς

2089 1314 2185 1384 τῆς
2206 1314 2526 1384 ὁλομελείας
2549 1320 2790 1390 κινήσεις
2808 1320 2911 1391 τῆς
2941 1320 3243 1392 Ῥωμαῒδος
3266 1326 3674 1396 εὐρωστοτέρας

2091 1407 2266 1459 ποιεῖν
2289 1407 2389 1461 οὐκ
2417 1409 2682 1464 ἀπῶκνει.
2714 1411 2848 1465 Κατ’
2875 1411 3058 1480 ὀλίγον
3078 1413 3134 1467 δὲ
3160 1414 3221 1468 τὸ
3247 1415 3417 1470 δεινὸν
3437 1417 3673 1482 ἐπαύξον

2089 1497 2375 1558 ἀνέστελλε
2413 1500 2788 1571 πεμπομένων
2825 1504 2915 1556 καὶ
2953 1503 3064 1557 τῶν
3094 1506 3172 1568 είς
3218 1506 3462 1575 κεφαλὰς
3503 1509 3672 1575 ἀξίων

2088 1590 2182 1641 καὶ
2209 1591 2284 1652 ὡς
2311 1585 2423 1644 οἶόν
2469 1593 2517 1644 τ’
2548 1589 2616 1664 ἦν
2647 1594 2832 1662 σφίσιν
2862 1595 3223 1666 ἀντεχόντων,
3257 1599 3670 1669 προσκειμένων

2089 1679 2317 1732 καὶτῶν
2349 1683 2412 1735 ὲκ
2441 1683 2668 1754 Κρήτης
2697 1688 2952 1755 μαχίμων
2995 1684 3116 1750 ταῖς
3151 1692 3406 1754 τοπικαῖς
3433 1691 3687 1763 δυνάμε-“

2090 1789 2194 1838 σιν,
2227 1772 2319 1837 οὓς
2348 1775 2635 1848 Κρήτηθεν
2684 1781 3184 1850 προσχωρήσαντας
3236 1781 3448 1854 βασιλεῖ
3483 1785 3556 1848 ὡς
3592 1786 3668 1858 μὴ

2092 1865 2556 1938 καταδεχομὲνους
2610 1869 2708 1941 τὴν
2759 1873 2822 1925 ἐκ
2873 1873 2980 1927 τῶν
3023 1874 3239 1929 Ἰταλῶν
3286 1879 3665 1948 ἐπικράτειαν.

2090 1959 2177 2013 ιπ’
2212 1961 2476 2032 ἀνατολῆς
2507 1965 2828 2028 κατοικίσας
2853 1967 2949 2019 καὶ
2984 1967 3172 2037 ῥόγαις
3198 1971 3435 2040 ἐτησίοις
3467 1973 3664 2027 ἀποτε-

2091 2055 2389 2123 ταγμέναις
2421 2055 2692 2118 ὲξικανῶν
2717 2055 2794 2120 ὡς
2836 2061 3050 2124 πιστοῖς
3090 2063 3400 2135 συμμάχοις
3443 2066 3662 2136 ἐχρῆτο.

2088 2137 2196 2196 Ἦν
2228 2144 2285 2198 δὲ
2320 2146 2509 2216 συχνὸν
2535 2149 2598 2201 τὸ
2625 2149 2726 2218 τῆς
2759 2150 3045 2217 συνδοσίας
3066 2152 3155 2208 διὰ
3197 2158 3300 2228 τὴν
3341 2159 3534 2212 σπάνιν
3558 2160 3666 2215 τῶν

2088 2238 2408 2308 χρημάτων,
2441 2239 2516 2304 ὼς
2540 2241 2752 2310 ἔλεγον,
2791 2246 2986 2319 ἀνέδην
3011 2249 3354 2319 τελούμενον.
3398 2253 3472 2305 Τὸ
3501 2255 3546 2306 δ’
3569 2251 3659 2324 ἦν,

2087 2387 2206 2458 ejus
2240 2403 2269 2443 a
2307 2399 2498 2448 tenore
2525 2393 2793 2452 dimoveri
2831 2399 3260 2472 allegationibus
3299 2400 3425 2463 ullis
3452 2411 3662 2480 nescia,

2087 2482 2328 2553 buicque
2352 2484 2610 2555 adjuncta
2648 2491 2909 2560 segnities
2944 2497 3268 2565 castigandi,
3316 2505 3492 2559 noxiae
3522 2508 3661 2561 leni-

2085 2577 2214 2633 tatis
2258 2575 2595 2650 indulgentia
2627 2583 2792 2656 209
2833 2585 3003 2645 fratna
3047 2591 3238 2648 laxans
3276 2597 3577 2655 sceleribus
3607 2610 3662 2654 et

2087 2681 2292 2725 metum
2322 2673 2984 2756 aditnenspeccantibus;
3018 2686 3162 2741 unde
3191 2689 3392 2742 malum
3420 2691 3659 2747 immane

2085 2775 2354 2834 quantum
2404 2768 2600 2841 ingens
2655 2788 2753 2828 nec
2797 2775 2909 2843 jam
2951 2778 3188 2848 amplius
3231 2782 3511 2840 tolerabile
3539 2789 3660 2856 ζορ-

2087 2874 2308 2928 pressos
2356 2862 2424 2916 ab
2472 2863 2695 2934 impune
2757 2871 3132 2936 grassantibus
3201 2876 3451 2945 urgebat.
3508 2875 3658 2936 inter

2085 2960 2236 3006 tanta
2271 2953 2621 3011 incommoda
2655 2961 2962 3016 sustinebat
2995 2979 3056 3017 se
3086 2975 3325 3022 erectum
3371 2946 3657 3042 utcunque

2083 3061 2148 3101 ac
2179 3049 2380 3103 stantis
2413 3051 2607 3106 saltem
2641 3052 2881 3121 speciem
2919 3064 3209 3113 ostentans
3248 3075 3451 3131 corpus
3486 3066 3657 3136 impeo

2084 3139 2174 3205 rii,
2217 3141 2395 3210 quoad
2451 3141 2594 3198 intus
2647 3146 2701 3200 ei
2773 3162 2879 3201 non
2932 3147 3104 3206 defuit
3163 3139 3318 3220 quasi
3371 3160 3655 3228 sanguinis

2082 3233 2235 3300 copia
2267 3250 2330 3289 ac
2374 3237 2524 3291 nervi
2577 3238 2727 3294 velut
2775 3240 3000 3310 quidam
3045 3248 3291 3311 pecuniae
3322 3248 3656 3306 abundantis

2080 3340 2179 3397 per
2222 3327 2354 3382 illud
2390 3341 2794 3399 commeantes,
2845 3334 2987 3391 unde
3035 3338 3250 3394 interim
3304 3345 3658 3411 vegetabatur

2078 3434 2144 3474 ac
2174 3421 2443 3487 ciebatur,
2488 3423 2630 3485 haud
2673 3437 2927 3483 cessante
2954 3466 2969 3492 ,
3016 3445 3113 3500 pro
3156 3448 3257 3487 sua
3303 3437 3650 3502 strenuitate,

2075 3513 2426 3586 Augustoad
2483 3519 2668 3572 omnia
2706 3519 2935 3591 impigre
2963 3539 3287 3583 occurrere.
3335 3527 3418 3582 Ad
3465 3541 3648 3586 extre.

2077 3622 2225 3661 mum
2268 3609 2399 3679 quin
2455 3611 2643 3674 etiam,
2676 3613 2770 3667 sed
2800 3614 2913 3682 jam
2948 3631 3094 3683 sero,
3127 3619 3316 3676 auctis'
3346 3623 3550 3677 sensim
3594 3626 3648 3677 in

2079 3699 2275 3755 molem
2326 3704 2753 3772 insuperabilem
2800 3707 2982 3769 malis,
3032 3725 3309 3780 Opponere
3356 3716 3523 3769 nimis
3553 3718 3648 3773 diu

2021 3783 2034 3792 ’
2076 3791 2337 3846 ornissam
2376 3794 2726 3850 severitatem
2779 3807 2864 3852 est
2895 3809 3147 3870 conatus,
3200 3811 3254 3857 et
3295 3805 3512 3875 publica
3559 3809 3646 3880 in-

2074 3883 2360 3939 commoda
2406 3893 2724 3958 retorquere
2760 3890 2812 3943 in
2863 3893 3044 3961 capita
3080 3904 3392 3963 auctorum,-
3436 3903 3646 3958 meritis

2073 3990 2170 4030 eos
2222 3977 2564 4052 subjicienda
2612 3982 2917 4052 suppliciis,
2968 3989 3212 4043 tentavit.
3266 3989 3534 4050 Utebatur
3577 3999 3644 4050 ad

2073 4069 2178 4123 hoc
2211 4046 2334 4124 cum
2360 4046 2482 4124 aliis
2512 4087 2646 4142 quas
2681 4046 2919 4131 liabebat
2955 4078 3021 4132 ad
3071 4095 3292 4136 manum
3319 4046 3642 4155 co‘piisvtum‘

2071 4164 2347 4234 praecipue
2377 4164 2590 4218 Cretica
2630 4166 2824 4221 militia
2853 4171 3210 4239 praesidiariis
3239 4181 3641 4244 provinciarum

2070 4257 2326 4312 admista.
2359 4255 2492 4313 Nam
2531 4261 2736 4315 multos
2769 4278 2799 4316 e
2829 4262 2985 4318 Creta
3017 4266 3216 4330 insula,
3261 4273 3465 4328 servire
3499 4275 3646 4331 Lati-

2070 4351 2156 4404 nis
2189 4351 2299 4405 illic
2336 4351 2449 4420 jam
2482 4353 2913 4411 ineiuctabiliter
2939 4361 3364 4428 praevalentilns
3413 4381 3520 4421 non
3551 4386 3644 4425 sn-

2068 4445 2338 4501 stinentes
2361 4485 2375 4511 ,
2402 4445 2698 4517 imperator
2727 4450 2778 4505 in
2812 4459 3019 4508 tractus
3042 4452 3346 4513 Orientales
3386 4459 3643 4518 invitatos

386 4553 770 4608 solvendarum
814 4564 876 4603 ex
917 4548 1021 4602 iide
1070 4546 1422 4622 pensionum,
1458 4563 1578 4616 qua:
1606 4549 1960 4618 praesidiariis
1993 4536 2038 4594 υ
2068 4537 2120 4590 in
2169 4537 2305 4594 locis
2362 4555 2475 4595 suae
2520 4541 2747 4598 ditionis
2796 4545 3187 4616 collocaverat,
3238 4553 3641 4626 pensionesque

386 4646 598 4702 arcium
651 4644 708 4699 in
747 4644 1188 4698 limitesitarum
1221 4623 1364 4694 olim‘
1394 4649 1612 4696 statutae
1654 4642 1872 4697 fuerant
1907 4643 1963 4698 in

387 4739 700 4794 mercedem
761 4750 942 4806 operae
997 4733 1250 4788 militaris
1299 4734 1436 4789 adeo
1469 4734 1582 4788 illic
1615 4734 1680 4788 ad
1712 4750 1962 4788 commu-

387 4847 511 4887 nem
545 4831 770 4884 tutelam
805 4827 1153 4883 uecessariae.
1187 4824 1281 4881 Hae
1309 4821 1552 4898 maligne
1585 4844 1731 4884 nunc
1761 4844 1963 4898 suppe-

386 4927 708 4980 ditabantur
759 4923 987 4977 avaritia
1023 4921 1402 4992 praefectorum
1453 4923 1756 4993 erogationi
1799 4937 1964 4990 pecu-
2022 4987 2032 4992 _

385 5021 491 5075 nia:
522 5018 774 5088 publica,
808 5031 1042 5084 quorum
1078 5015 1458 5083 apponebatur
1494 5014 1664 5068 lucris
1694 5016 1839 5082 quod
1868 5031 1965 5083 per

385 5121 600 5169 astutus
643 5109 1062 5163 frustrationem
1109 5117 1254 5162 artes
1289 5106 1640 5161 diii‘tindenda
1677 5109 1960 5176 praetexti-

387 5208 490 5263 bus
513 5201 685 5258 vafris
733 5197 1021 5256 solutionis
1060 5199 1150 5253 die
1197 5199 1414 5253 miseris
1446 5198 1712 5252 militibus
1746 5200 1964 5255 subtra-

384 5298 619 5352 hebatur
662 5294 895 5365 pretium
933 5292 1194 5346 sudorum
1235 5307 1298 5344 ac
1333 5292 1642 5361 sanguinis.
1685 5291 1782 5344 His
1827 5291 1962 5346 duo-
2018 5366 2020 5368 ν

381 5384 490 5448 bus
523 5390 790 5454 malis,ne
821 5389 876 5441 in
905 5401 1073 5440 unum
1094 5385 1348 5440 coeuntia
1375 5383 1721 5438 exundarent
1746 5383 1796 5436 in
1833 5398 1960 5453 per-

383 5485 577 5538 niciem
612 5480 908 5552 publicam,
948 5491 1117 5551 unum
1154 5490 1276 5531 esse
1317 5484 1569 5544 potuerat
1618 5472 1814 5527 efﬁcax
1873 5489 1959 5527 rc-

382 5577 625 5633 medium
672 5575 743 5629 ab
787 5572 1131 5646 imperatoris
1163 5570 1493 5623 auctoritate
1529 5582 1765 5634 summa,
1807 5567 1851 5621 si
1907 5567 1956 5621 is

381 5669 566 5727 delato
598 5664 1039 5735 corruptelarum
1075 5665 1213 5733 quas
1265 5662 1695 5714 memoravimus
1749 5659 1957 5714 indicio

381 5763 447 5816 ad
483 5758 580 5816 eas
624 5756 960 5814 coercendas
1011 5738 1212 5810 adduci
1266 5751 1559 5822 potuisset.
1601 5750 1706 5806 Sed
1756 5767 1821 5806 ne
1855 5754 1956 5808 hoc

376 5853 721 5925 contingeret
778 5856 875 5904 aut
927 5857 1247 5918 speraretur
1294 5846 1549 5902 obstabat
1588 5844 1952 5910 immobilitas

2070 4631 2137 4686 iis
2172 4632 2490 4689 decreverat
2526 4649 2761 4701 annuas,
2793 4637 2894 4692 fida
2929 4639 3143 4696 illorum
3189 4651 3347 4700 utens
3391 4649 3445 4700 in
3484 4648 3640 4702 bellis

2022 4717 2027 4722 ’
2069 4740 2256 4794 opera.
2309 4724 2508 4781 Verum
2557 4737 2616 4783 ut
2663 4729 2777 4783 haec
2838 4731 2950 4787 illis
2995 4734 3270 4803 stipendia
3300 4753 3544 4795 smnmas
3583 4741 3637 4794 in

2065 4819 2331 4875 immanes
2353 4821 2724 4876 excresccntia
2751 4824 3177 4892 conficerentur,
3203 4830 3638 4889 contributiones

2062 4920 2181 4964 erat
2224 4926 2447 4967 necesse
2496 4912 2732 4970 subditis
2778 4904 3168 4973 acerbissimas
3213 4920 3494 4990 indicere;
3543 4931 3634 4996 qui

2063 5008 2420 5074 quantumvis
2456 5023 2561 5062 non
2612 5008 2750 5064 falso
2778 5021 3139 5078 quererentur
3165 5013 3232 5067 de
3265 5017 3509 5084 pecuniae
3550 5035 3638 5071 ra-

2065 5098 2226 5152 ritate
2252 5097 2306 5151 in
2339 5098 2405 5154 iis
2435 5102 2678 5167 partibus
2713 5104 2918 5156 dudum
2949 5119 3044 5173 per
3073 5107 3418 5175 erogationes
3445 5109 3638 5165 immo-

2021 5181 2028 5187 ’
2064 5191 2214 5246 dicas
2241 5190 2546 5258 exhaustis,
2581 5202 2760 5248 tamen
2787 5194 2933 5261 quod
2980 5196 3185 5250 nullam
3222 5202 3633 5258 excusationem

2063 5284 2368 5350 necessitas
2407 5285 2756 5349 admitteret,
2788 5286 3146 5345 nihilominus
3196 5293 3434 5360 pendere
3463 5312 3638 5364 quan-

2061 5383 2175 5430 tum
2209 5377 2528 5447 exigebatur
2557 5381 2915 5449 cogebantur.
2948 5382 3201 5437 Instituta
3234 5388 3390 5456 prius
3433 5391 3631 5456 fuerat,

2062 5475 2122 5521 ut
2174 5468 2434 5534 diximus,
2491 5470 2717 5526 collatio
2777 5471 3111 5528 decimarmn
3158 5490 3188 5530 e
3236 5479 3631 5548 pensionibus,

2060 5576 2200 5631 quas
2231 5562 2467 5632 quisque
2491 5563 2765 5632 stipendia
2803 5569 3131 5622 merentium
3165 5579 3258 5624 aut
3291 5573 3357 5625 iis
3391 5573 3634 5644 legitimo

2062 5665 2307 5725 tempore
2360 5657 2520 5712 factis
2579 5659 2939 5713 emeritorum
2994 5665 3282 5733 percipere
3343 5681 3556 5720 annuas
3601 5683 3635 5723 ο

2061 5751 2279 5820 publico
2307 5752 2524 5807 soleret.
2556 5752 2663 5808 Sed
2703 5769 2828 5807 cum
2858 5755 2972 5825 jam
3020 5756 3180 5827 longo
3209 5759 3410 5813 haustu
3444 5761 3635 5814 exina-

2062 5846 2192 5900 nitis
2226 5854 2280 5900 et
2321 5847 2598 5903 enarratis
2648 5848 2880 5916 exprimi
2923 5851 3071 5918 quod
3101 5865 3239 5920 Opus
3271 5862 3387 5907 erat
3430 5857 3623 5923 ncqui-
