  <div class='ocr_page' id='page_1' title='image "/cluster/home/n/w/nwhite01/storage/ocr_20150623/144/mdp.39015046822246/136.png"; bbox 0 0 4120 6280; ppageno 0'>
   <div class='ocr_carea' id='block_1_1' title="bbox 405 376 516 447">
    <p class='ocr_par' dir='ltr' id='par_1_1' title="bbox 405 376 516 447">
     <span class='ocr_line' id='line_1_1' title="bbox 405 376 516 447; baseline 0.036 -5"><span class='ocrx_word' id='word_1_1' title='bbox 405 376 516 447; x_wconf 72' lang='grc'><strong>229</strong></span> 
     </span>
    </p>
   </div>
   <div class='ocr_carea' id='block_1_2' title="bbox 1347 379 2788 452">
    <p class='ocr_par' dir='ltr' id='par_1_2' title="bbox 1347 379 2788 452">
     <span class='ocr_line' id='line_1_2' title="bbox 1347 379 2788 452; baseline 0.003 -8"><span class='ocrx_word' id='word_1_2' title='bbox 1347 381 1446 444; x_wconf 83' lang='lat' dir='ltr'><strong>DE</strong></span> <span class='ocrx_word' id='word_1_3' title='bbox 1483 380 1930 452; x_wconf 80' lang='lat' dir='ltr'><strong>ANDRQNICO</strong></span> <span class='ocrx_word' id='word_1_4' title='bbox 1970 379 2435 452; x_wconf 80' lang='lat' dir='ltr'><strong>PAL.’EOLOGO</strong></span> <span class='ocrx_word' id='word_1_5' title='bbox 2475 383 2621 448; x_wconf 85' lang='lat' dir='ltr'><strong>LIB.</strong></span> <span class='ocrx_word' id='word_1_6' title='bbox 2668 383 2788 449; x_wconf 80' lang='lat' dir='ltr'><strong>III.</strong></span> 
     </span>
    </p>
   </div>
   <div class='ocr_carea' id='block_1_3' title="bbox 3569 383 3674 449">
    <p class='ocr_par' dir='ltr' id='par_1_3' title="bbox 3569 383 3674 449">
     <span class='ocr_line' id='line_1_3' title="bbox 3569 383 3674 449; baseline -0.01 0"><span class='ocrx_word' id='word_1_7' title='bbox 3569 383 3674 449; x_wconf 75' lang='lat'><strong>230</strong></span> 
     </span>
    </p>
   </div>
   <div class='ocr_carea' id='block_1_4' title="bbox 407 489 3674 579">
    <p class='ocr_par' dir='ltr' id='par_1_4' title="bbox 407 489 3674 579">
     <span class='ocr_line' id='line_1_4' title="bbox 407 489 3674 579; baseline 0.002 -33"><span class='ocrx_word' id='word_1_8' title='bbox 407 491 698 563; x_wconf 73' lang='grc' dir='ltr'><strong>συμβάσης</strong></span> <span class='ocrx_word' id='word_1_9' title='bbox 739 492 834 551; x_wconf 76' lang='grc' dir='ltr'>καὶ</span> <span class='ocrx_word' id='word_1_10' title='bbox 867 492 958 547; x_wconf 72' lang='grc' dir='ltr'>τὸν</span> <span class='ocrx_word' id='word_1_11' title='bbox 1021 493 1309 548; x_wconf 79' lang='grc' dir='ltr'><strong>Ὑάκινθον</strong></span> <span class='ocrx_word' id='word_1_12' title='bbox 1358 494 1494 556; x_wconf 78' lang='grc' dir='ltr'>ὅλως</span> <span class='ocrx_word' id='word_1_13' title='bbox 1553 489 1674 564; x_wconf 79' lang='grc' dir='ltr'>μεθ’</span> <span class='ocrx_word' id='word_1_14' title='bbox 1721 489 1950 579; x_wconf 75' lang='grc' dir='ltr'>ἑαυτῶν)</span> <span class='ocrx_word' id='word_1_15' title='bbox 1972 529 1987 555; x_wconf 87' lang='grc'><strong><em>,</em></strong></span> <span class='ocrx_word' id='word_1_16' title='bbox 2095 507 2199 560; x_wconf 85' lang='grc' dir='ltr'><strong>γας</strong></span> <span class='ocrx_word' id='word_1_17' title='bbox 2226 497 2335 558; x_wconf 80' lang='grc' dir='ltr'>τοῖς</span> <span class='ocrx_word' id='word_1_18' title='bbox 2367 494 2425 548; x_wconf 70' lang='grc' dir='ltr'><strong>έν</strong></span> <span class='ocrx_word' id='word_1_19' title='bbox 2467 497 2588 560; x_wconf 79' lang='grc' dir='ltr'>ταῖς</span> <span class='ocrx_word' id='word_1_20' title='bbox 2613 495 2832 567; x_wconf 74' lang='grc' dir='ltr'>ἄκραις,</span> <span class='ocrx_word' id='word_1_21' title='bbox 2886 495 3173 579; x_wconf 75' lang='grc' dir='ltr'>ἡγεμόνιον</span> <span class='ocrx_word' id='word_1_22' title='bbox 3204 495 3263 550; x_wconf 74' lang='grc' dir='ltr'><strong>τδ</strong></span> <span class='ocrx_word' id='word_1_23' title='bbox 3299 496 3457 551; x_wconf 86' lang='grc' dir='ltr'>πλέον</span> <span class='ocrx_word' id='word_1_24' title='bbox 3506 500 3674 552; x_wconf 82' lang='grc' dir='ltr'>κακό·</span> 
     </span>
    </p>
   </div>
   <div class='ocr_carea' id='block_1_5' title="bbox 403 578 1990 656">
    <p class='ocr_par' dir='ltr' id='par_1_5' title="bbox 403 578 1990 656">
     <span class='ocr_line' id='line_1_5' title="bbox 403 578 1990 656; baseline -0.001 -19"><span class='ocrx_word' id='word_1_25' title='bbox 403 586 632 646; x_wconf 76' lang='grc' dir='ltr'><strong>τούτους</strong></span> <span class='ocrx_word' id='word_1_26' title='bbox 664 585 883 655; x_wconf 78' lang='grc' dir='ltr'>κρατῶν</span> <span class='ocrx_word' id='word_1_27' title='bbox 912 586 1104 656; x_wconf 81' lang='grc' dir='ltr'>ἀφίησι</span> <span class='ocrx_word' id='word_1_28' title='bbox 1137 585 1516 655; x_wconf 81' lang='grc' dir='ltr'>παραγγείλας</span> <span class='ocrx_word' id='word_1_29' title='bbox 1542 583 1871 656; x_wconf 75' lang='grc' dir='ltr'><strong>⁸ἡσυχάζειν,</strong></span> <span class='ocrx_word' id='word_1_30' title='bbox 1895 578 1990 636; x_wconf 66' lang='grc' dir='ltr'><strong>⁴’τὸν</strong></span> 
     </span>
    </p>
   </div>
   <div class='ocr_carea' id='block_1_6' title="bbox 405 671 1991 750">
    <p class='ocr_par' dir='ltr' id='par_1_6' title="bbox 405 671 1991 750">
     <span class='ocr_line' id='line_1_6' title="bbox 405 671 1991 750; baseline 0 -22"><span class='ocrx_word' id='word_1_31' title='bbox 405 671 454 728; x_wconf 84' lang='grc' dir='ltr'>δ⁴</span> <span class='ocrx_word' id='word_1_32' title='bbox 504 676 792 731; x_wconf 78' lang='grc' dir='ltr'><strong>Ὑάκινθον</strong></span> <span class='ocrx_word' id='word_1_33' title='bbox 829 676 985 742; x_wconf 73' lang='grc' dir='ltr'>αὖθις</span> <span class='ocrx_word' id='word_1_34' title='bbox 1018 677 1253 745; x_wconf 68' lang='grc' dir='ltr'>ἐγκλείει</span> <span class='ocrx_word' id='word_1_35' title='bbox 1293 679 1358 750; x_wconf 75' lang='grc' dir='ltr'><strong>τῇ</strong></span> <span class='ocrx_word' id='word_1_36' title='bbox 1400 677 1638 749; x_wconf 71' lang='grc' dir='ltr'>φυλακῇ.</span> <span class='ocrx_word' id='word_1_37' title='bbox 1667 677 1772 732; x_wconf 76' lang='grc' dir='ltr'><strong>Τὸν</strong></span> <span class='ocrx_word' id='word_1_38' title='bbox 1803 677 1991 747; x_wconf 84' lang='grc' dir='ltr'>μέντοι</span> 
     </span>
    </p>
   </div>
   <div class='ocr_carea' id='block_1_7' title="bbox 406 764 1991 841">
    <p class='ocr_par' dir='ltr' id='par_1_7' title="bbox 406 764 1991 841">
     <span class='ocr_line' id='line_1_7' title="bbox 406 764 1991 841; baseline -0.001 -20"><span class='ocrx_word' id='word_1_39' title='bbox 406 769 728 840; x_wconf 86' lang='grc' dir='ltr'>Ταρχανειώ</span> <span class='ocrx_word' id='word_1_40' title='bbox 739 788 830 838; x_wconf 80' lang='grc' dir='ltr'><strong>την</strong></span> <span class='ocrx_word' id='word_1_41' title='bbox 849 771 945 840; x_wconf 85' lang='grc' dir='ltr'>τῆς</span> <span class='ocrx_word' id='word_1_42' title='bbox 971 769 1216 840; x_wconf 80' lang='grc' dir='ltr'>φυλακῆς</span> <span class='ocrx_word' id='word_1_43' title='bbox 1239 770 1527 840; x_wconf 71' lang='grc' dir='ltr'><strong>ἐξαγαγὼν</strong></span> <span class='ocrx_word' id='word_1_44' title='bbox 1547 769 1821 841; x_wconf 69' lang='grc' dir='ltr'>εἰρηνικὸν</span> <span class='ocrx_word' id='word_1_45' title='bbox 1845 764 1991 840; x_wconf 75' lang='grc' dir='ltr'>εἶχεν</span> 
     </span>
    </p>
   </div>
   <div class='ocr_carea' id='block_1_8' title="bbox 398 859 1990 932">
    <p class='ocr_par' dir='ltr' id='par_1_8' title="bbox 398 859 1990 932">
     <span class='ocr_line' id='line_1_8' title="bbox 398 859 1990 932; baseline 0 -18"><span class='ocrx_word' id='word_1_46' title='bbox 398 859 602 924; x_wconf 72' lang='grc' dir='ltr'>ἄλλως.</span> <span class='ocrx_word' id='word_1_47' title='bbox 642 861 692 914; x_wconf 84' lang='grc' dir='ltr'>εί</span> <span class='ocrx_word' id='word_1_48' title='bbox 723 864 817 913; x_wconf 81' lang='grc' dir='ltr'>καὶ</span> <span class='ocrx_word' id='word_1_49' title='bbox 855 863 928 931; x_wconf 77' lang='grc' dir='ltr'>μὴ</span> <span class='ocrx_word' id='word_1_50' title='bbox 959 863 1046 914; x_wconf 71' lang='grc' dir='ltr'><strong>ἐπ’</strong></span> <span class='ocrx_word' id='word_1_51' title='bbox 1075 861 1374 931; x_wconf 74' lang='grc' dir='ltr'><strong>ἐκκλησίαν</strong></span> <span class='ocrx_word' id='word_1_52' title='bbox 1398 861 1689 932; x_wconf 69' lang='grc' dir='ltr'>συνήγετο,</span> <span class='ocrx_word' id='word_1_53' title='bbox 1722 861 1874 928; x_wconf 65' lang='grc' dir='ltr'>ἐφεὶς</span> <span class='ocrx_word' id='word_1_54' title='bbox 1892 860 1990 914; x_wconf 79' lang='grc' dir='ltr'>καὶ</span> 
     </span>
    </p>
   </div>
   <div class='ocr_carea' id='block_1_9' title="bbox 403 950 1986 1025">
    <p class='ocr_par' dir='ltr' id='par_1_9' title="bbox 403 950 1986 1025">
     <span class='ocr_line' id='line_1_9' title="bbox 403 950 1986 1025; baseline 0.002 -21"><span class='ocrx_word' id='word_1_55' title='bbox 403 955 473 1022; x_wconf 80' lang='grc' dir='ltr'><strong>τῇ</strong></span> <span class='ocrx_word' id='word_1_56' title='bbox 506 952 727 1023; x_wconf 71' lang='grc' dir='ltr'>συζύγῳ</span> <span class='ocrx_word' id='word_1_57' title='bbox 747 953 1004 1025; x_wconf 75' lang='grc' dir='ltr'><strong>δεσποίνῃ</strong></span> <span class='ocrx_word' id='word_1_58' title='bbox 1032 950 1276 1018; x_wconf 74' lang='grc' dir='ltr'>εὐμενῶς</span> <span class='ocrx_word' id='word_1_59' title='bbox 1293 956 1341 1006; x_wconf 80' lang='grc' dir='ltr'>οἱ</span> <span class='ocrx_word' id='word_1_60' title='bbox 1359 953 1504 1024; x_wconf 69' lang='grc' dir='ltr'>ἔχειν</span> <span class='ocrx_word' id='word_1_61' title='bbox 1526 954 1619 1007; x_wconf 79' lang='grc' dir='ltr'>καὶ</span> <span class='ocrx_word' id='word_1_62' title='bbox 1636 952 1986 1024; x_wconf 72' lang='grc' dir='ltr'>θεραπεύειν,</span> 
     </span>
    </p>
   </div>
   <div class='ocr_carea' id='block_1_10' title="bbox 401 1026 1401 1117">
    <p class='ocr_par' dir='ltr' id='par_1_10' title="bbox 401 1026 1401 1117">
     <span class='ocr_line' id='line_1_10' title="bbox 401 1026 1401 1117; baseline 0 -18"><span class='ocrx_word' id='word_1_63' title='bbox 401 1026 482 1110; x_wconf 83' lang='grc' dir='ltr'><strong>ὡς</strong></span> <span class='ocrx_word' id='word_1_64' title='bbox 513 1045 706 1117; x_wconf 76' lang='grc' dir='ltr'>αἱροῖτ⁹</span> <span class='ocrx_word' id='word_1_65' title='bbox 736 1045 802 1100; x_wconf 81' lang='grc' dir='ltr'><strong>ἂν</strong></span> <span class='ocrx_word' id='word_1_66' title='bbox 830 1048 1071 1115; x_wconf 51' lang='grc' dir='ltr'>ἐκεῖνος,</span> <span class='ocrx_word' id='word_1_67' title='bbox 1096 1045 1165 1099; x_wconf 73' lang='grc' dir='ltr'>τὰ</span> <span class='ocrx_word' id='word_1_68' title='bbox 1191 1045 1401 1116; x_wconf 59' lang='lat' dir='ltr'><strong>eludes.</strong></span> 
     </span>
    </p>
   </div>
   <div class='ocr_carea' id='block_1_11' title="bbox 401 1150 1988 1282">
    <p class='ocr_par' dir='ltr' id='par_1_11' title="bbox 401 1150 1988 1282">
     <span class='ocr_line' id='line_1_11' title="bbox 401 1150 1988 1282; baseline -0.001 -69"><span class='ocrx_word' id='word_1_69' title='bbox 401 1154 475 1228; x_wconf 84' lang='grc' dir='ltr'><strong>η’.</strong></span> <span class='ocrx_word' id='word_1_70' title='bbox 517 1157 656 1226; x_wconf 69' lang='grc' dir='ltr'><strong>Περὶ</strong></span> <span class='ocrx_word' id='word_1_71' title='bbox 709 1154 821 1227; x_wconf 77' lang='grc' dir='ltr'>τῆς</span> <span class='ocrx_word' id='word_1_72' title='bbox 866 1156 1018 1212; x_wconf 81' lang='grc' dir='ltr'>κατὰ</span> <span class='ocrx_word' id='word_1_73' title='bbox 1062 1157 1340 1282; x_wconf 56' lang='grc' dir='ltr'><strong>ἀνάγκην</strong></span> <span class='ocrx_word' id='word_1_74' title='bbox 1376 1151 1840 1226; x_wconf 65' lang='grc' dir='ltr'>ἐξασθσνῆστεως</span> <span class='ocrx_word' id='word_1_75' title='bbox 1867 1150 1988 1221; x_wconf 56' lang='grc' dir='ltr'>τῶν</span> 
     </span>
     <span class='ocr_line' id='line_1_12' title="bbox 1083 1245 1972 1282; baseline -0.001 0"><span class='ocrx_word' id='word_1_76' title='bbox 1083 1245 1266 1282; x_wconf 60' lang='lat' dir='ltr'><strong>town)</strong></span> <span class='ocrx_word' id='word_1_77' title='bbox 1311 1266 1326 1282; x_wconf 93' lang='lat'><strong>.</strong></span> <span class='ocrx_word' id='word_1_78' title='bbox 1968 1247 1972 1251; x_wconf 91' lang='grc'><strong>·</strong></span> 
     </span>
    </p>
   </div>
   <div class='ocr_carea' id='block_1_12' title="bbox 1083 1245 1972 1282">
    <p class='ocr_par' dir='ltr' id='par_1_12' title="bbox 1083 1245 1972 1282">
     <span class='ocr_line' id='line_1_13' title="bbox 1083 1245 1972 1282; baseline 0.002 0"><span class='ocrx_word' id='word_1_79' title='bbox 1083 1245 1326 1282; x_wconf 74' lang='grc' dir='ltr'>κοινων.</span> <span class='ocrx_word' id='word_1_80' title='bbox 1968 1247 1972 1251; x_wconf 78' lang='grc'><em>’</em></span> 
     </span>
    </p>
   </div>
   <div class='ocr_carea' id='block_1_13' title="bbox 471 1314 1989 1394">
    <p class='ocr_par' dir='ltr' id='par_1_13' title="bbox 471 1314 1989 1394">
     <span class='ocr_line' id='line_1_14' title="bbox 471 1314 1989 1394; baseline 0.003 -20"><span class='ocrx_word' id='word_1_81' title='bbox 593 1321 690 1390; x_wconf 81' lang='grc' dir='ltr'>μὲν</span> <span class='ocrx_word' id='word_1_82' title='bbox 721 1315 818 1376; x_wconf 78' lang='grc' dir='ltr'>οὖν</span> <span class='ocrx_word' id='word_1_83' title='bbox 855 1319 955 1390; x_wconf 81' lang='grc' dir='ltr'>τῆς</span> <span class='ocrx_word' id='word_1_84' title='bbox 1001 1321 1324 1394; x_wconf 84' lang='grc' dir='ltr'>Ἐκκλησίας</span> <span class='ocrx_word' id='word_1_85' title='bbox 1357 1314 1441 1393; x_wconf 85' lang='grc' dir='ltr'><strong>[Ρ.</strong></span> <span class='ocrx_word' id='word_1_86' title='bbox 1476 1319 1605 1394; x_wconf 67' lang='grc' dir='ltr'><strong>ΗΞ]</strong></span> <span class='ocrx_word' id='word_1_87' title='bbox 1645 1322 1735 1376; x_wconf 79' lang='grc' dir='ltr'>καὶ</span> <span class='ocrx_word' id='word_1_88' title='bbox 1763 1323 1820 1386; x_wconf 74' lang='grc' dir='ltr'><strong>ές</strong></span> <span class='ocrx_word' id='word_1_89' title='bbox 1845 1324 1989 1378; x_wconf 67' lang='grc' dir='ltr'>ὲκεί-</span> 
     </span>
    </p>
   </div>
   <div class='ocr_carea' id='block_1_14' title="bbox 401 1409 1985 1484">
    <p class='ocr_par' dir='ltr' id='par_1_14' title="bbox 401 1409 1985 1484">
     <span class='ocr_line' id='line_1_15' title="bbox 401 1409 1985 1484; baseline 0.004 -22"><span class='ocrx_word' id='word_1_90' title='bbox 401 1426 505 1478; x_wconf 87' lang='grc' dir='ltr'><strong>νην</strong></span> <span class='ocrx_word' id='word_1_91' title='bbox 551 1409 652 1478; x_wconf 84' lang='grc' dir='ltr'>τὴν</span> <span class='ocrx_word' id='word_1_92' title='bbox 702 1411 917 1482; x_wconf 77' lang='grc' dir='ltr'>ἡμέραν</span> <span class='ocrx_word' id='word_1_93' title='bbox 949 1411 1159 1474; x_wconf 76' lang='grc' dir='ltr'>ὲς-τόδε</span> <span class='ocrx_word' id='word_1_94' title='bbox 1208 1411 1395 1474; x_wconf 78' lang='grc' dir='ltr'><strong>τέλους</strong></span> <span class='ocrx_word' id='word_1_95' title='bbox 1427 1414 1898 1484; x_wconf 49' lang='grc' dir='ltr'>κατηντήκειίτὰ</span> <span class='ocrx_word' id='word_1_96' title='bbox 1928 1415 1985 1468; x_wconf 70' lang='grc' dir='ltr'>δὲ</span> 
     </span>
    </p>
   </div>
   <div class='ocr_carea' id='block_1_15' title="bbox 401 1492 1986 1577">
    <p class='ocr_par' dir='ltr' id='par_1_15' title="bbox 401 1492 1986 1577">
     <span class='ocr_line' id='line_1_16' title="bbox 401 1492 1986 1577; baseline 0.005 -26"><span class='ocrx_word' id='word_1_97' title='bbox 401 1498 502 1564; x_wconf 80' lang='grc' dir='ltr'>τῆς</span> <span class='ocrx_word' id='word_1_98' title='bbox 551 1492 862 1573; x_wconf 50' lang='grc' dir='ltr'>βΡωματδος</span> <span class='ocrx_word' id='word_1_99' title='bbox 914 1500 1270 1572; x_wconf 73' lang='grc' dir='ltr'>ἑξησθενήκει</span> <span class='ocrx_word' id='word_1_100' title='bbox 1329 1501 1533 1558; x_wconf 79' lang='grc' dir='ltr'>τέλεον.</span> <span class='ocrx_word' id='word_1_101' title='bbox 1587 1498 1986 1577; x_wconf 73' lang='grc' dir='ltr'>’Πλεονέκτημα</span> 
     </span>
    </p>
   </div>
   <div class='ocr_carea' id='block_1_16' title="bbox 398 1592 2036 1673">
    <p class='ocr_par' dir='ltr' id='par_1_16' title="bbox 398 1592 2036 1673">
     <span class='ocr_line' id='line_1_17' title="bbox 398 1592 2036 1673; baseline 0.002 -28"><span class='ocrx_word' id='word_1_102' title='bbox 398 1594 512 1665; x_wconf 76' lang='grc' dir='ltr'>γὰρ</span> <span class='ocrx_word' id='word_1_103' title='bbox 534 1592 666 1663; x_wconf 86' lang='grc' dir='ltr'>ήμῐν</span> <span class='ocrx_word' id='word_1_104' title='bbox 690 1593 905 1662; x_wconf 75' lang='grc' dir='ltr'>ἐγένετο</span> <span class='ocrx_word' id='word_1_105' title='bbox 927 1595 1052 1673; x_wconf 62' lang='grc' dir='ltr'>τους</span> <span class='ocrx_word' id='word_1_106' title='bbox 1083 1595 1367 1665; x_wconf 35' lang='grc' dir='ltr'>παρόντας,</span> <span class='ocrx_word' id='word_1_107' title='bbox 1388 1595 1618 1666; x_wconf 86' lang='grc' dir='ltr'>χρόνους</span> <span class='ocrx_word' id='word_1_108' title='bbox 1654 1595 1848 1663; x_wconf 83' lang='grc' dir='ltr'>μισθοῦ</span> <span class='ocrx_word' id='word_1_109' title='bbox 1869 1599 1980 1661; x_wconf 79' lang='grc' dir='ltr'>τοῖς</span> <span class='ocrx_word' id='word_1_110' title='bbox 2033 1603 2036 1605; x_wconf 82' lang='grc'><strong>’</strong></span> 
     </span>
    </p>
   </div>
   <div class='ocr_carea' id='block_1_17' title="bbox 403 1685 1979 1759">
    <p class='ocr_par' dir='ltr' id='par_1_17' title="bbox 403 1685 1979 1759">
     <span class='ocr_line' id='line_1_18' title="bbox 403 1685 1979 1759; baseline 0.004 -23"><span class='ocrx_word' id='word_1_111' title='bbox 403 1685 754 1754; x_wconf 78' lang='grc' dir='ltr'>μεσιτεύουσι</span> <span class='ocrx_word' id='word_1_112' title='bbox 789 1688 882 1739; x_wconf 78' lang='grc' dir='ltr'>καὶ</span> <span class='ocrx_word' id='word_1_113' title='bbox 925 1685 1234 1757; x_wconf 79' lang='grc' dir='ltr'><strong>λημμάτων</strong></span> <span class='ocrx_word' id='word_1_114' title='bbox 1279 1689 1346 1741; x_wconf 79' lang='grc' dir='ltr'>τὰ</span> <span class='ocrx_word' id='word_1_115' title='bbox 1399 1688 1570 1742; x_wconf 87' lang='grc' dir='ltr'>πολλὰ</span> <span class='ocrx_word' id='word_1_116' title='bbox 1619 1686 1979 1759; x_wconf 80' lang='grc' dir='ltr'>πράττεσθαι.</span> 
     </span>
    </p>
   </div>
   <div class='ocr_carea' id='block_1_18' title="bbox 397 1773 1978 1852">
    <p class='ocr_par' dir='ltr' id='par_1_18' title="bbox 397 1773 1978 1852">
     <span class='ocr_line' id='line_1_19' title="bbox 397 1773 1978 1852; baseline 0.011 -24"><span class='ocrx_word' id='word_1_117' title='bbox 397 1773 576 1829; x_wconf 82' lang='grc' dir='ltr'>Τοῦτο</span> <span class='ocrx_word' id='word_1_118' title='bbox 617 1776 831 1841; x_wconf 81' lang='grc' dir='ltr'><strong>πολλοῖς</strong></span> <span class='ocrx_word' id='word_1_119' title='bbox 865 1777 964 1847; x_wconf 65' lang='grc' dir='ltr'>μὶν</span> <span class='ocrx_word' id='word_1_120' title='bbox 1010 1780 1118 1841; x_wconf 75' lang='grc' dir='ltr'>τοῖς</span> <span class='ocrx_word' id='word_1_121' title='bbox 1150 1781 1206 1841; x_wconf 74' lang='grc' dir='ltr'><strong>ές</strong></span> <span class='ocrx_word' id='word_1_122' title='bbox 1239 1779 1414 1850; x_wconf 80' lang='grc' dir='ltr'>ἀρχὴν</span> <span class='ocrx_word' id='word_1_123' title='bbox 1468 1779 1779 1850; x_wconf 78' lang='grc' dir='ltr'>εύδοκίμοις</span> <span class='ocrx_word' id='word_1_124' title='bbox 1833 1781 1864 1851; x_wconf 73' lang='grc' dir='ltr'>ἢ</span> <span class='ocrx_word' id='word_1_125' title='bbox 1903 1782 1978 1852; x_wconf 79' lang='grc' dir='ltr'>μὴ</span> 
     </span>
    </p>
   </div>
   <div class='ocr_carea' id='block_1_19' title="bbox 400 1852 2052 1941">
    <p class='ocr_par' dir='ltr' id='par_1_19' title="bbox 400 1852 2052 1941">
     <span class='ocr_line' id='line_1_20' title="bbox 400 1852 2052 1941; baseline 0.004 -22"><span class='ocrx_word' id='word_1_126' title='bbox 400 1867 858 1938; x_wconf 81' lang='grc' dir='ltr'>καταδεχομένοις</span> <span class='ocrx_word' id='word_1_127' title='bbox 891 1868 1253 1922; x_wconf 76' lang='grc' dir='ltr'>καταϐάλλειν</span> <span class='ocrx_word' id='word_1_128' title='bbox 1284 1869 1488 1940; x_wconf 86' lang='grc' dir='ltr'>(πολλῴ</span> <span class='ocrx_word' id='word_1_129' title='bbox 1516 1859 1750 1940; x_wconf 54' lang='grc' dir='ltr'>γὰρᾟύχ</span> <span class='ocrx_word' id='word_1_130' title='bbox 1776 1870 1977 1941; x_wconf 70' lang='grc' dir='ltr'>ἣκιστα</span> <span class='ocrx_word' id='word_1_131' title='bbox 2013 1852 2052 1905; x_wconf 77' lang='grc' dir='ltr'><strong><em>Β</em></strong></span> 
     </span>
    </p>
   </div>
   <div class='ocr_carea' id='block_1_20' title="bbox 399 1956 2041 2035">
    <p class='ocr_par' dir='ltr' id='par_1_20' title="bbox 399 1956 2041 2035">
     <span class='ocr_line' id='line_1_21' title="bbox 399 1956 2041 2035; baseline 0.001 -22"><span class='ocrx_word' id='word_1_132' title='bbox 399 1959 582 2026; x_wconf 65' lang='grc' dir='ltr'>τοῦτο,</span> <span class='ocrx_word' id='word_1_133' title='bbox 614 1960 724 2030; x_wconf 84' lang='grc' dir='ltr'><strong>ὅσῳ</strong></span> <span class='ocrx_word' id='word_1_134' title='bbox 751 1956 1092 2026; x_wconf 67' lang='grc' dir='ltr'>καιὰξιοῦσι</span> <span class='ocrx_word' id='word_1_135' title='bbox 1123 1962 1443 2034; x_wconf 76' lang='grc' dir='ltr'>λαμϐάνειν)</span> <span class='ocrx_word' id='word_1_136' title='bbox 1486 1961 1520 2035; x_wconf 80' lang='grc' dir='ltr'>ἢ</span> <span class='ocrx_word' id='word_1_137' title='bbox 1557 1963 1630 2034; x_wconf 75' lang='grc' dir='ltr'>μὴ</span> <span class='ocrx_word' id='word_1_138' title='bbox 1662 1964 1984 2031; x_wconf 82' lang='grc' dir='ltr'>δυναμένοις</span> <span class='ocrx_word' id='word_1_139' title='bbox 2034 1961 2041 1972; x_wconf 77' lang='grc'><em>“</em></span> 
     </span>
    </p>
   </div>
   <div class='ocr_carea' id='block_1_21' title="bbox 401 2040 1982 2123">
    <p class='ocr_par' dir='ltr' id='par_1_21' title="bbox 401 2040 1982 2123">
     <span class='ocr_line' id='line_1_22' title="bbox 401 2040 1982 2123; baseline 0.003 -23"><span class='ocrx_word' id='word_1_140' title='bbox 401 2048 533 2113; x_wconf 74' lang='grc' dir='ltr'>ῐοως</span> <span class='ocrx_word' id='word_1_141' title='bbox 562 2050 782 2104; x_wconf 67' lang='grc' dir='ltr'>ἐκόλουε</span> <span class='ocrx_word' id='word_1_142' title='bbox 817 2040 915 2114; x_wconf 81' lang='grc' dir='ltr'><strong>τὰς</strong></span> <span class='ocrx_word' id='word_1_143' title='bbox 949 2051 1135 2119; x_wconf 79' lang='grc' dir='ltr'>τιμὰς,</span> <span class='ocrx_word' id='word_1_144' title='bbox 1171 2050 1351 2115; x_wconf 71' lang='grc' dir='ltr'>ἄλλοις</span> <span class='ocrx_word' id='word_1_145' title='bbox 1379 2052 1437 2105; x_wconf 67' lang='grc' dir='ltr'>δὲ</span> <span class='ocrx_word' id='word_1_146' title='bbox 1465 2053 1781 2123; x_wconf 76' lang='grc' dir='ltr'>παρρησίαν</span> <span class='ocrx_word' id='word_1_147' title='bbox 1810 2052 1982 2105; x_wconf 73' lang='grc' dir='ltr'>ιδίδου</span> 
     </span>
    </p>
   </div>
   <div class='ocr_carea' id='block_1_22' title="bbox 399 2142 1982 2220">
    <p class='ocr_par' dir='ltr' id='par_1_22' title="bbox 399 2142 1982 2220">
     <span class='ocr_line' id='line_1_23' title="bbox 399 2142 1982 2220; baseline 0.003 -26"><span class='ocrx_word' id='word_1_148' title='bbox 399 2142 655 2208; x_wconf 81' lang='grc' dir='ltr'>διδοῦσιν,</span> <span class='ocrx_word' id='word_1_149' title='bbox 682 2145 758 2206; x_wconf 81' lang='grc' dir='ltr'><strong>ὡς</strong></span> <span class='ocrx_word' id='word_1_150' title='bbox 785 2143 932 2215; x_wconf 33' lang='grc' dir='ltr'><strong>,ἕξειν</strong></span> <span class='ocrx_word' id='word_1_151' title='bbox 981 2145 1286 2208; x_wconf 74' lang='grc' dir='ltr'>ἐλπίζουσι.</span> <span class='ocrx_word' id='word_1_152' title='bbox 1321 2144 1588 2216; x_wconf 78' lang='grc' dir='ltr'><strong>Δεύτερον</strong></span> <span class='ocrx_word' id='word_1_153' title='bbox 1637 2147 1728 2220; x_wconf 72' lang='grc' dir='ltr'><strong>ἐπὶ</strong></span> <span class='ocrx_word' id='word_1_154' title='bbox 1771 2145 1982 2210; x_wconf 82' lang='grc' dir='ltr'>τούτοις</span> 
     </span>
    </p>
   </div>
   <div class='ocr_carea' id='block_1_23' title="bbox 365 2230 1978 2310">
    <p class='ocr_par' dir='ltr' id='par_1_23' title="bbox 365 2230 1978 2310">
     <span class='ocr_line' id='line_1_24' title="bbox 365 2230 1978 2310; baseline -0.001 -18"><span class='ocrx_word' id='word_1_155' title='bbox 365 2235 497 2292; x_wconf 51' lang='lat' dir='ltr'><strong>aut</strong></span> <span class='ocrx_word' id='word_1_156' title='bbox 530 2236 591 2290; x_wconf 82' lang='grc' dir='ltr'><strong>τὸ</strong></span> <span class='ocrx_word' id='word_1_157' title='bbox 619 2230 982 2302; x_wconf 59' lang='grc' dir='ltr'>ἐλλιπῶςτὶὰς</span> <span class='ocrx_word' id='word_1_158' title='bbox 1015 2237 1468 2310; x_wconf 77' lang='grc' dir='ltr'>ἀποτεταγμένας</span> <span class='ocrx_word' id='word_1_159' title='bbox 1500 2238 1852 2293; x_wconf 78' lang='grc' dir='ltr'>ἀποδίδοσθαι</span> <span class='ocrx_word' id='word_1_160' title='bbox 1885 2239 1978 2310; x_wconf 80' lang='grc' dir='ltr'><strong>ῥό-</strong></span> 
     </span>
    </p>
   </div>
   <div class='ocr_carea' id='block_1_24' title="bbox 400 2416 1980 2494">
    <p class='ocr_par' dir='ltr' id='par_1_24' title="bbox 400 2416 1980 2494">
     <span class='ocr_line' id='line_1_25' title="bbox 400 2416 1980 2494; baseline 0.003 -22"><span class='ocrx_word' id='word_1_161' title='bbox 400 2417 450 2473; x_wconf 91' lang='lat' dir='ltr'><strong>is</strong></span> <span class='ocrx_word' id='word_1_162' title='bbox 519 2416 776 2476; x_wconf 68' lang='lat' dir='ltr'><strong>Ecclesiae</strong></span> <span class='ocrx_word' id='word_1_163' title='bbox 833 2420 1148 2491; x_wconf 86' lang='lat' dir='ltr'><strong>adjunctus,</strong></span> <span class='ocrx_word' id='word_1_164' title='bbox 1198 2422 1524 2494; x_wconf 91' lang='lat' dir='ltr'><strong>permittens</strong></span> <span class='ocrx_word' id='word_1_165' title='bbox 1567 2419 1807 2476; x_wconf 69' lang='lat' dir='ltr'><strong>dominae</strong></span> <span class='ocrx_word' id='word_1_166' title='bbox 1867 2437 1980 2476; x_wconf 67' lang='lat' dir='ltr'><strong>suae</strong></span> 
     </span>
    </p>
   </div>
   <div class='ocr_carea' id='block_1_25' title="bbox 400 2514 1975 2587">
    <p class='ocr_par' dir='ltr' id='par_1_25' title="bbox 400 2514 1975 2587">
     <span class='ocr_line' id='line_1_26' title="bbox 400 2514 1975 2587; baseline 0.001 -18"><span class='ocrx_word' id='word_1_167' title='bbox 400 2514 627 2584; x_wconf 80' lang='lat' dir='ltr'><strong>conjugi</strong></span> <span class='ocrx_word' id='word_1_168' title='bbox 665 2523 722 2570; x_wconf 92' lang='lat' dir='ltr'><strong>ut</strong></span> <span class='ocrx_word' id='word_1_169' title='bbox 769 2515 972 2571; x_wconf 84' lang='lat' dir='ltr'><strong>faveret</strong></span> <span class='ocrx_word' id='word_1_170' title='bbox 1005 2516 1080 2569; x_wconf 87' lang='lat' dir='ltr'>illi</span> <span class='ocrx_word' id='word_1_171' title='bbox 1112 2515 1434 2587; x_wconf 86' lang='lat' dir='ltr'><strong>prolixequc</strong></span> <span class='ocrx_word' id='word_1_172' title='bbox 1477 2515 1886 2586; x_wconf 80' lang='lat' dir='ltr'><strong>gratiﬁcaretur</strong></span> <span class='ocrx_word' id='word_1_173' title='bbox 1923 2517 1975 2571; x_wconf 93' lang='lat' dir='ltr'><strong>in</strong></span> 
     </span>
    </p>
   </div>
   <div class='ocr_carea' id='block_1_26' title="bbox 399 2608 1976 2678">
    <p class='ocr_par' dir='ltr' id='par_1_26' title="bbox 399 2608 1976 2678">
     <span class='ocr_line' id='line_1_27' title="bbox 399 2608 1976 2678; baseline 0.001 -16"><span class='ocrx_word' id='word_1_174' title='bbox 399 2608 471 2662; x_wconf 80' lang='lat' dir='ltr'><strong>iis</strong></span> <span class='ocrx_word' id='word_1_175' title='bbox 519 2624 645 2677; x_wconf 74' lang='lat' dir='ltr'><strong>qua:</strong></span> <span class='ocrx_word' id='word_1_176' title='bbox 695 2609 894 2663; x_wconf 88' lang='lat' dir='ltr'><strong>rationi</strong></span> <span class='ocrx_word' id='word_1_177' title='bbox 935 2618 1308 2664; x_wconf 67' lang='lat' dir='ltr'><strong>consentanea</strong></span> <span class='ocrx_word' id='word_1_178' title='bbox 1362 2609 1522 2663; x_wconf 79' lang='lat' dir='ltr'><strong>vellet</strong></span> <span class='ocrx_word' id='word_1_179' title='bbox 1557 2619 1652 2663; x_wconf 87' lang='lat' dir='ltr'><strong>aut</strong></span> <span class='ocrx_word' id='word_1_180' title='bbox 1705 2618 1976 2678; x_wconf 82' lang='lat' dir='ltr'><strong>posceret.</strong></span> 
     </span>
    </p>
   </div>
   <div class='ocr_carea' id='block_1_27' title="bbox 398 2720 1976 2790">
    <p class='ocr_par' dir='ltr' id='par_1_27' title="bbox 398 2720 1976 2790">
     <span class='ocr_line' id='line_1_28' title="bbox 398 2720 1976 2790; baseline 0 -12"><span class='ocrx_word' id='word_1_181' title='bbox 398 2723 453 2778; x_wconf 89' lang='lat'><strong>8.</strong></span> <span class='ocrx_word' id='word_1_182' title='bbox 493 2722 565 2778; x_wconf 80' lang='lat' dir='ltr'><strong>De</strong></span> <span class='ocrx_word' id='word_1_183' title='bbox 603 2723 964 2778; x_wconf 81' lang='lat' dir='ltr'><strong>debilitatione</strong></span> <span class='ocrx_word' id='word_1_184' title='bbox 992 2722 1293 2790; x_wconf 66' lang='lat' dir='ltr'><strong>reipublicae</strong></span> <span class='ocrx_word' id='word_1_185' title='bbox 1322 2738 1350 2775; x_wconf 69' lang='grc' dir='ltr'><strong><em>θ</em></strong></span> <span class='ocrx_word' id='word_1_186' title='bbox 1382 2720 1582 2775; x_wconf 81' lang='lat' dir='ltr'><strong>dudum</strong></span> <span class='ocrx_word' id='word_1_187' title='bbox 1608 2722 1976 2778; x_wconf 69' lang='lat' dir='ltr'><strong>inualescenti-</strong></span> 
     </span>
    </p>
   </div>
   <div class='ocr_carea' id='block_1_28' title="bbox 687 2795 1688 2865">
    <p class='ocr_par' dir='ltr' id='par_1_28' title="bbox 687 2795 1688 2865">
     <span class='ocr_line' id='line_1_29' title="bbox 687 2795 1688 2865; baseline 0.002 -19"><span class='ocrx_word' id='word_1_188' title='bbox 687 2795 782 2864; x_wconf 79' lang='lat' dir='ltr'><strong>bus</strong></span> <span class='ocrx_word' id='word_1_189' title='bbox 815 2795 1125 2865; x_wconf 71' lang='lat' dir='ltr'><strong>corruptelis</strong></span> <span class='ocrx_word' id='word_1_190' title='bbox 1163 2796 1454 2848; x_wconf 73' lang='lat' dir='ltr'><strong>necessario</strong></span> <span class='ocrx_word' id='word_1_191' title='bbox 1487 2802 1688 2848; x_wconf 73' lang='lat' dir='ltr'><strong>secuta.</strong></span> 
     </span>
    </p>
   </div>
   <div class='ocr_carea' id='block_1_29' title="bbox 473 2885 1975 2953">
    <p class='ocr_par' dir='ltr' id='par_1_29' title="bbox 473 2885 1975 2953">
     <span class='ocr_line' id='line_1_30' title="bbox 473 2885 1975 2953; baseline -0.002 -10"><span class='ocrx_word' id='word_1_192' title='bbox 473 2885 747 2943; x_wconf 73' lang='lat' dir='ltr'><strong>ls&#39;status</strong></span> <span class='ocrx_word' id='word_1_193' title='bbox 786 2886 855 2942; x_wconf 85' lang='lat' dir='ltr'><strong>ad</strong></span> <span class='ocrx_word' id='word_1_194' title='bbox 888 2888 1030 2942; x_wconf 87' lang='lat' dir='ltr'><strong>banc</strong></span> <span class='ocrx_word' id='word_1_195' title='bbox 1057 2887 1202 2953; x_wconf 86' lang='lat' dir='ltr'><strong>diem</strong></span> <span class='ocrx_word' id='word_1_196' title='bbox 1252 2886 1755 2941; x_wconf 78' lang='lat' dir='ltr'><strong>ecclesiasticarum</strong></span> <span class='ocrx_word' id='word_1_197' title='bbox 1794 2901 1975 2940; x_wconf 87' lang='lat' dir='ltr'><strong>rerum</strong></span> 
     </span>
    </p>
   </div>
   <div class='ocr_carea' id='block_1_30' title="bbox 400 2976 1976 3048">
    <p class='ocr_par' dir='ltr' id='par_1_30' title="bbox 400 2976 1976 3048">
     <span class='ocr_line' id='line_1_31' title="bbox 400 2976 1976 3048; baseline -0.003 -15"><span class='ocrx_word' id='word_1_198' title='bbox 400 2980 529 3043; x_wconf 83' lang='lat' dir='ltr'><strong>fuit.</strong></span> <span class='ocrx_word' id='word_1_199' title='bbox 574 2979 921 3048; x_wconf 89' lang='lat' dir='ltr'><strong>politicarum</strong></span> <span class='ocrx_word' id='word_1_200' title='bbox 951 2985 1135 3032; x_wconf 90' lang='lat' dir='ltr'><strong>autem</strong></span> <span class='ocrx_word' id='word_1_201' title='bbox 1173 2976 1330 3045; x_wconf 88' lang='lat' dir='ltr'><strong>longe</strong></span> <span class='ocrx_word' id='word_1_202' title='bbox 1363 2977 1657 3046; x_wconf 79' lang='lat' dir='ltr'><strong>pessimus,</strong></span> <span class='ocrx_word' id='word_1_203' title='bbox 1695 2976 1976 3047; x_wconf 79' lang='lat' dir='ltr'><strong>republica</strong></span> 
     </span>
    </p>
   </div>
   <div class='ocr_carea' id='block_1_31' title="bbox 399 3066 1972 3138">
    <p class='ocr_par' dir='ltr' id='par_1_31' title="bbox 399 3066 1972 3138">
     <span class='ocr_line' id='line_1_32' title="bbox 399 3066 1972 3138; baseline -0.002 -13"><span class='ocrx_word' id='word_1_204' title='bbox 399 3066 686 3125; x_wconf 67' lang='lat' dir='ltr'><strong>Romanis:</strong></span> <span class='ocrx_word' id='word_1_205' title='bbox 733 3080 1040 3138; x_wconf 76' lang='lat' dir='ltr'><strong>extremam</strong></span> <span class='ocrx_word' id='word_1_206' title='bbox 1086 3067 1197 3138; x_wconf 86' lang='lat' dir='ltr'><strong>jam</strong></span> <span class='ocrx_word' id='word_1_207' title='bbox 1255 3070 1308 3122; x_wconf 90' lang='lat' dir='ltr'><strong>in</strong></span> <span class='ocrx_word' id='word_1_208' title='bbox 1349 3066 1685 3123; x_wconf 71' lang='lat' dir='ltr'><strong>debilitatem</strong></span> <span class='ocrx_word' id='word_1_209' title='bbox 1732 3069 1972 3122; x_wconf 82' lang='lat' dir='ltr'><strong>redacta.</strong></span> 
     </span>
    </p>
   </div>
   <div class='ocr_carea' id='block_1_32' title="bbox 393 3155 2045 3259">
    <p class='ocr_par' dir='ltr' id='par_1_32' title="bbox 393 3155 2045 3259">
     <span class='ocr_line' id='line_1_33' title="bbox 393 3155 2045 3259; baseline -0.003 -39"><span class='ocrx_word' id='word_1_210' title='bbox 393 3164 574 3220; x_wconf 88' lang='lat' dir='ltr'><strong>Causa</strong></span> <span class='ocrx_word' id='word_1_211' title='bbox 617 3161 716 3218; x_wconf 84' lang='lat' dir='ltr'><strong>fuit</strong></span> <span class='ocrx_word' id='word_1_212' title='bbox 747 3155 954 3217; x_wconf 82' lang='lat' dir='ltr'><strong>abusus</strong></span> <span class='ocrx_word' id='word_1_213' title='bbox 1015 3176 1084 3217; x_wconf 91' lang='lat' dir='ltr'><strong>ex</strong></span> <span class='ocrx_word' id='word_1_214' title='bbox 1122 3161 1290 3227; x_wconf 78' lang='lat' dir='ltr'><strong>facili,</strong></span> <span class='ocrx_word' id='word_1_215' title='bbox 1328 3157 1550 3230; x_wconf 80' lang='lat' dir='ltr'><strong>pellacia</strong></span> <span class='ocrx_word' id='word_1_216' title='bbox 1614 3161 1752 3216; x_wconf 73' lang='lat' dir='ltr'><strong>lui-ri</strong></span> <span class='ocrx_word' id='word_1_217' title='bbox 1803 3163 1978 3216; x_wconf 81' lang='lat' dir='ltr'><strong>utrin~</strong></span> <span class='ocrx_word' id='word_1_218' title='bbox 2003 3200 2045 3259; x_wconf 63' lang='grc' dir='ltr'><strong>ϐ</strong></span> 
     </span>
    </p>
   </div>
   <div class='ocr_carea' id='block_1_33' title="bbox 397 3255 1973 3336">
    <p class='ocr_par' dir='ltr' id='par_1_33' title="bbox 397 3255 1973 3336">
     <span class='ocr_line' id='line_1_34' title="bbox 397 3255 1973 3336; baseline -0.003 -24"><span class='ocrx_word' id='word_1_219' title='bbox 397 3273 505 3327; x_wconf 88' lang='lat' dir='ltr'><strong>que</strong></span> <span class='ocrx_word' id='word_1_220' title='bbox 533 3256 835 3336; x_wconf 57' lang='lat' dir='ltr'><strong>praesentis.</strong></span> <span class='ocrx_word' id='word_1_221' title='bbox 878 3255 1188 3311; x_wconf 82' lang='lat' dir='ltr'><strong>inolescens</strong></span> <span class='ocrx_word' id='word_1_222' title='bbox 1225 3270 1320 3326; x_wconf 87' lang='lat' dir='ltr'><strong>per</strong></span> <span class='ocrx_word' id='word_1_223' title='bbox 1359 3255 1477 3309; x_wconf 71' lang='lat' dir='ltr'><strong>haec</strong></span> <span class='ocrx_word' id='word_1_224' title='bbox 1511 3261 1783 3332; x_wconf 81' lang='lat' dir='ltr'><strong>tempora,</strong></span> <span class='ocrx_word' id='word_1_225' title='bbox 1825 3270 1973 3310; x_wconf 88' lang='lat' dir='ltr'><strong>mer-</strong></span> 
     </span>
    </p>
   </div>
   <div class='ocr_carea' id='block_1_34' title="bbox 395 3341 1973 3418">
    <p class='ocr_par' dir='ltr' id='par_1_34' title="bbox 395 3341 1973 3418">
     <span class='ocr_line' id='line_1_35' title="bbox 395 3341 1973 3418; baseline -0.003 -12"><span class='ocrx_word' id='word_1_226' title='bbox 395 3341 533 3406; x_wconf 82' lang='lat' dir='ltr'><strong>cede</strong></span> <span class='ocrx_word' id='word_1_227' title='bbox 579 3366 644 3405; x_wconf 89' lang='lat' dir='ltr'><strong>ac</strong></span> <span class='ocrx_word' id='word_1_228' title='bbox 689 3349 849 3404; x_wconf 87' lang='lat' dir='ltr'><strong>donis</strong></span> <span class='ocrx_word' id='word_1_229' title='bbox 894 3348 1111 3404; x_wconf 90' lang='lat' dir='ltr'><strong>emendi</strong></span> <span class='ocrx_word' id='word_1_230' title='bbox 1162 3347 1382 3417; x_wconf 67' lang='lat' dir='ltr'><strong>quidvis</strong></span> <span class='ocrx_word' id='word_1_231' title='bbox 1434 3347 1671 3418; x_wconf 85' lang='lat' dir='ltr'><strong>quisque</strong></span> <span class='ocrx_word' id='word_1_232' title='bbox 1728 3347 1886 3402; x_wconf 80' lang='lat' dir='ltr'><strong>vellet</strong></span> <span class='ocrx_word' id='word_1_233' title='bbox 1941 3361 1973 3402; x_wconf 88' lang='lat' dir='ltr'><strong>e</strong></span> 
     </span>
    </p>
   </div>
   <div class='ocr_carea' id='block_1_35' title="bbox 395 3438 1971 3518">
    <p class='ocr_par' dir='ltr' id='par_1_35' title="bbox 395 3438 1971 3518">
     <span class='ocr_line' id='line_1_36' title="bbox 395 3438 1971 3518; baseline -0.006 -14"><span class='ocrx_word' id='word_1_234' title='bbox 395 3448 643 3518; x_wconf 76' lang='lat' dir='ltr'><strong>principe</strong></span> <span class='ocrx_word' id='word_1_235' title='bbox 677 3461 704 3499; x_wconf 87' lang='lat' dir='ltr'><strong>a</strong></span> <span class='ocrx_word' id='word_1_236' title='bbox 735 3443 1011 3516; x_wconf 86' lang='lat' dir='ltr'><strong>primariis</strong></span> <span class='ocrx_word' id='word_1_237' title='bbox 1038 3443 1159 3514; x_wconf 84' lang='lat' dir='ltr'><strong>ejus</strong></span> <span class='ocrx_word' id='word_1_238' title='bbox 1188 3442 1242 3497; x_wconf 90' lang='lat' dir='ltr'><strong>in</strong></span> <span class='ocrx_word' id='word_1_239' title='bbox 1270 3442 1542 3512; x_wconf 74' lang='lat' dir='ltr'><strong>regimine</strong></span> <span class='ocrx_word' id='word_1_240' title='bbox 1571 3441 1856 3497; x_wconf 82' lang='lat' dir='ltr'><strong>ministris.</strong></span> <span class='ocrx_word' id='word_1_241' title='bbox 1889 3438 1971 3496; x_wconf 90' lang='lat' dir='ltr'><strong>0b</strong></span> 
     </span>
    </p>
   </div>
   <div class='ocr_carea' id='block_1_36' title="bbox 396 3526 1970 3612">
    <p class='ocr_par' dir='ltr' id='par_1_36' title="bbox 396 3526 1970 3612">
     <span class='ocr_line' id='line_1_37' title="bbox 396 3526 1970 3612; baseline -0.004 -18"><span class='ocrx_word' id='word_1_242' title='bbox 396 3539 504 3594; x_wconf 86' lang='lat' dir='ltr'><strong>hoc</strong></span> <span class='ocrx_word' id='word_1_243' title='bbox 556 3536 711 3612; x_wconf 85' lang='lat' dir='ltr'><strong>multi</strong></span> <span class='ocrx_word' id='word_1_244' title='bbox 756 3535 1000 3605; x_wconf 84' lang='lat' dir='ltr'><strong>alioquin</strong></span> <span class='ocrx_word' id='word_1_245' title='bbox 1051 3526 1161 3605; x_wconf 85' lang='lat' dir='ltr'><strong>apti</strong></span> <span class='ocrx_word' id='word_1_246' title='bbox 1199 3533 1609 3604; x_wconf 73' lang='lat' dir='ltr'><strong>magistratibus</strong></span> <span class='ocrx_word' id='word_1_247' title='bbox 1643 3532 1896 3603; x_wconf 84' lang='lat' dir='ltr'><strong>gerendis</strong></span> <span class='ocrx_word' id='word_1_248' title='bbox 1939 3548 1970 3587; x_wconf 87' lang='lat' dir='ltr'><strong>a</strong></span> 
     </span>
    </p>
   </div>
   <div class='ocr_carea' id='block_1_37' title="bbox 399 3615 1971 3706">
    <p class='ocr_par' dir='ltr' id='par_1_37' title="bbox 399 3615 1971 3706">
     <span class='ocr_line' id='line_1_38' title="bbox 399 3615 1971 3706; baseline -0.001 -20"><span class='ocrx_word' id='word_1_249' title='bbox 399 3629 1055 3706; x_wconf 8' lang='lat' dir='ltr'><strong>repnblicavarcebantur,</strong></span> <span class='ocrx_word' id='word_1_250' title='bbox 1087 3623 1374 3700; x_wconf 76' lang='lat' dir='ltr'><strong>quodnon</strong></span> <span class='ocrx_word' id='word_1_251' title='bbox 1405 3615 1734 3683; x_wconf 80' lang='lat' dir='ltr'><strong>inducerent</strong></span> <span class='ocrx_word' id='word_1_252' title='bbox 1761 3629 1816 3682; x_wconf 92' lang='lat' dir='ltr'><strong>in</strong></span> <span class='ocrx_word' id='word_1_253' title='bbox 1850 3629 1971 3684; x_wconf 85' lang='lat' dir='ltr'><strong>ani-</strong></span> 
     </span>
    </p>
   </div>
   <div class='ocr_carea' id='block_1_38' title="bbox 396 3722 1970 3797">
    <p class='ocr_par' dir='ltr' id='par_1_38' title="bbox 396 3722 1970 3797">
     <span class='ocr_line' id='line_1_39' title="bbox 396 3722 1970 3797; baseline -0.001 -16"><span class='ocrx_word' id='word_1_254' title='bbox 396 3740 548 3781; x_wconf 86' lang='lat' dir='ltr'><strong>mum</strong></span> <span class='ocrx_word' id='word_1_255' title='bbox 604 3732 883 3794; x_wconf 88' lang='lat' dir='ltr'><strong>sumptum</strong></span> <span class='ocrx_word' id='word_1_256' title='bbox 927 3722 1132 3787; x_wconf 79' lang='lat' dir='ltr'><strong>facere,</strong></span> <span class='ocrx_word' id='word_1_257' title='bbox 1177 3722 1342 3797; x_wconf 85' lang='lat' dir='ltr'><strong>vulgo</strong></span> <span class='ocrx_word' id='word_1_258' title='bbox 1389 3725 1599 3778; x_wconf 84' lang='lat' dir='ltr'><strong>scilicet</strong></span> <span class='ocrx_word' id='word_1_259' title='bbox 1651 3724 1970 3780; x_wconf 84' lang='lat' dir='ltr'><strong>hominibus</strong></span> 
     </span>
    </p>
   </div>
   <div class='ocr_carea' id='block_1_39' title="bbox 389 3807 1970 3886">
    <p class='ocr_par' dir='ltr' id='par_1_39' title="bbox 389 3807 1970 3886">
     <span class='ocr_line' id='line_1_40' title="bbox 389 3807 1970 3886; baseline -0.003 -10"><span class='ocrx_word' id='word_1_260' title='bbox 389 3807 596 3876; x_wconf 80' lang='lat' dir='ltr'><strong>natura</strong></span> <span class='ocrx_word' id='word_1_261' title='bbox 631 3817 984 3886; x_wconf 81' lang='lat' dir='ltr'><strong>pronioribus</strong></span> <span class='ocrx_word' id='word_1_262' title='bbox 1021 3819 1086 3870; x_wconf 83' lang='lat' dir='ltr'><strong>ad</strong></span> <span class='ocrx_word' id='word_1_263' title='bbox 1121 3815 1503 3885; x_wconf 88' lang='lat' dir='ltr'><strong>accipiendum</strong></span> <span class='ocrx_word' id='word_1_264' title='bbox 1538 3831 1704 3886; x_wconf 87' lang='lat' dir='ltr'><strong>quam</strong></span> <span class='ocrx_word' id='word_1_265' title='bbox 1736 3816 1804 3870; x_wconf 88' lang='lat' dir='ltr'><strong>ad</strong></span> <span class='ocrx_word' id='word_1_266' title='bbox 1834 3815 1970 3872; x_wconf 88' lang='lat' dir='ltr'><strong>dan-</strong></span> 
     </span>
    </p>
   </div>
   <div class='ocr_carea' id='block_1_40' title="bbox 388 3910 1965 3981">
    <p class='ocr_par' dir='ltr' id='par_1_40' title="bbox 388 3910 1965 3981">
     <span class='ocr_line' id='line_1_41' title="bbox 388 3910 1965 3981; baseline -0.002 -12"><span class='ocrx_word' id='word_1_267' title='bbox 388 3915 546 3969; x_wconf 89' lang='lat' dir='ltr'><strong>dum.</strong></span> <span class='ocrx_word' id='word_1_268' title='bbox 583 3913 708 3967; x_wconf 85' lang='lat' dir='ltr'><strong>Vice</strong></span> <span class='ocrx_word' id='word_1_269' title='bbox 741 3927 904 3979; x_wconf 91' lang='lat' dir='ltr'><strong>porro</strong></span> <span class='ocrx_word' id='word_1_270' title='bbox 958 3910 1255 3981; x_wconf 87' lang='lat' dir='ltr'><strong>proborum</strong></span> <span class='ocrx_word' id='word_1_271' title='bbox 1297 3925 1714 3981; x_wconf 86' lang='lat' dir='ltr'><strong>gnavorumque</strong></span> <span class='ocrx_word' id='word_1_272' title='bbox 1755 3911 1836 3967; x_wconf 92' lang='lat' dir='ltr'><strong>sic</strong></span> <span class='ocrx_word' id='word_1_273' title='bbox 1865 3927 1965 3966; x_wconf 87' lang='lat' dir='ltr'><strong>ex-</strong></span> 
     </span>
    </p>
   </div>
   <div class='ocr_carea' id='block_1_41' title="bbox 386 4003 1967 4074">
    <p class='ocr_par' dir='ltr' id='par_1_41' title="bbox 386 4003 1967 4074">
     <span class='ocr_line' id='line_1_42' title="bbox 386 4003 1967 4074; baseline -0.003 -11"><span class='ocrx_word' id='word_1_274' title='bbox 386 4011 669 4070; x_wconf 87' lang='lat' dir='ltr'><strong>clusorum</strong></span> <span class='ocrx_word' id='word_1_275' title='bbox 704 4003 1080 4060; x_wconf 89' lang='lat' dir='ltr'><strong>fnnctiouihus</strong></span> <span class='ocrx_word' id='word_1_276' title='bbox 1109 4003 1346 4074; x_wconf 87' lang='lat' dir='ltr'><strong>publicis</strong></span> <span class='ocrx_word' id='word_1_277' title='bbox 1377 4019 1473 4074; x_wconf 90' lang='lat' dir='ltr'><strong>per</strong></span> <span class='ocrx_word' id='word_1_278' title='bbox 1503 4004 1640 4059; x_wconf 85' lang='lat' dir='ltr'><strong>tales</strong></span> <span class='ocrx_word' id='word_1_279' title='bbox 1671 4003 1967 4059; x_wconf 84' lang='lat' dir='ltr'><strong>utilissime</strong></span> 
     </span>
    </p>
   </div>
   <div class='ocr_carea' id='block_1_42' title="bbox 386 4097 1964 4174">
    <p class='ocr_par' dir='ltr' id='par_1_42' title="bbox 386 4097 1964 4174">
     <span class='ocr_line' id='line_1_43' title="bbox 386 4097 1964 4174; baseline -0.004 -16"><span class='ocrx_word' id='word_1_280' title='bbox 386 4101 664 4174; x_wconf 76' lang='lat' dir='ltr'><strong>gerendis,</strong></span> <span class='ocrx_word' id='word_1_281' title='bbox 697 4098 1083 4155; x_wconf 87' lang='lat' dir='ltr'><strong>subiutrabant</strong></span> <span class='ocrx_word' id='word_1_282' title='bbox 1103 4112 1167 4152; x_wconf 93' lang='lat' dir='ltr'><strong>eo</strong></span> <span class='ocrx_word' id='word_1_283' title='bbox 1199 4113 1307 4151; x_wconf 91' lang='lat' dir='ltr'><strong>non</strong></span> <span class='ocrx_word' id='word_1_284' title='bbox 1336 4104 1446 4150; x_wconf 90' lang='lat' dir='ltr'><strong>tam</strong></span> <span class='ocrx_word' id='word_1_285' title='bbox 1472 4097 1724 4151; x_wconf 85' lang='lat' dir='ltr'><strong>industrii</strong></span> <span class='ocrx_word' id='word_1_286' title='bbox 1750 4105 1964 4152; x_wconf 87' lang='lat' dir='ltr'><strong>actores</strong></span> 
     </span>
    </p>
   </div>
   <div class='ocr_carea' id='block_1_43' title="bbox 388 4187 1964 4265">
    <p class='ocr_par' dir='ltr' id='par_1_43' title="bbox 388 4187 1964 4265">
     <span class='ocr_line' id='line_1_44' title="bbox 388 4187 1964 4265; baseline -0.002 -18"><span class='ocrx_word' id='word_1_287' title='bbox 388 4211 549 4265; x_wconf 88' lang='lat' dir='ltr'><strong>quam</strong></span> <span class='ocrx_word' id='word_1_288' title='bbox 590 4192 738 4247; x_wconf 81' lang='lat' dir='ltr'><strong>avari</strong></span> <span class='ocrx_word' id='word_1_289' title='bbox 768 4199 1129 4254; x_wconf 83' lang='lat' dir='ltr'><strong>mercatores,</strong></span> <span class='ocrx_word' id='word_1_290' title='bbox 1162 4187 1448 4260; x_wconf 80' lang='lat' dir='ltr'><strong>proﬂigata</strong></span> <span class='ocrx_word' id='word_1_291' title='bbox 1482 4189 1534 4241; x_wconf 93' lang='lat' dir='ltr'><strong>in</strong></span> <span class='ocrx_word' id='word_1_292' title='bbox 1569 4189 1618 4242; x_wconf 90' lang='lat' dir='ltr'><strong>id</strong></span> <span class='ocrx_word' id='word_1_293' title='bbox 1651 4199 1964 4259; x_wconf 74' lang='lat' dir='ltr'><strong>quaestuose</strong></span> 
     </span>
    </p>
   </div>
   <div class='ocr_carea' id='block_1_44' title="bbox 386 4283 1963 4357">
    <p class='ocr_par' dir='ltr' id='par_1_44' title="bbox 386 4283 1963 4357">
     <span class='ocr_line' id='line_1_45' title="bbox 386 4283 1963 4357; baseline -0.004 -14"><span class='ocrx_word' id='word_1_294' title='bbox 386 4290 604 4344; x_wconf 82' lang='lat' dir='ltr'><strong>utodlca</strong></span> <span class='ocrx_word' id='word_1_295' title='bbox 667 4285 898 4357; x_wconf 83' lang='lat' dir='ltr'><strong>pecunia</strong></span> <span class='ocrx_word' id='word_1_296' title='bbox 941 4283 1222 4338; x_wconf 85' lang='lat' dir='ltr'><strong>licentiam</strong></span> <span class='ocrx_word' id='word_1_297' title='bbox 1266 4283 1369 4337; x_wconf 88' lang='lat' dir='ltr'><strong>sibi</strong></span> <span class='ocrx_word' id='word_1_298' title='bbox 1423 4292 1684 4352; x_wconf 88' lang='lat' dir='ltr'><strong>parantes</strong></span> <span class='ocrx_word' id='word_1_299' title='bbox 1737 4283 1963 4352; x_wconf 83' lang='lat' dir='ltr'><strong>impune</strong></span> 
     </span>
    </p>
   </div>
   <div class='ocr_carea' id='block_1_45' title="bbox 385 4375 1966 4449">
    <p class='ocr_par' dir='ltr' id='par_1_45' title="bbox 385 4375 1966 4449">
     <span class='ocr_line' id='line_1_46' title="bbox 385 4375 1966 4449; baseline -0.007 -11"><span class='ocrx_word' id='word_1_300' title='bbox 385 4381 716 4438; x_wconf 87' lang='lat' dir='ltr'><strong>corradendi</strong></span> <span class='ocrx_word' id='word_1_301' title='bbox 742 4393 851 4449; x_wconf 85' lang='lat' dir='ltr'><strong>quo</strong></span> <span class='ocrx_word' id='word_1_302' title='bbox 876 4379 1136 4434; x_wconf 84' lang='lat' dir='ltr'><strong>damnum</strong></span> <span class='ocrx_word' id='word_1_303' title='bbox 1167 4375 1318 4446; x_wconf 83' lang='lat' dir='ltr'><strong>large</strong></span> <span class='ocrx_word' id='word_1_304' title='bbox 1344 4385 1784 4446; x_wconf 88' lang='lat' dir='ltr'><strong>compensarent.</strong></span> <span class='ocrx_word' id='word_1_305' title='bbox 1815 4375 1966 4430; x_wconf 87' lang='lat' dir='ltr'><strong>Alter</strong></span> 
     </span>
    </p>
   </div>
   <div class='ocr_carea' id='block_1_46' title="bbox 387 4459 1961 4540">
    <p class='ocr_par' dir='ltr' id='par_1_46' title="bbox 387 4459 1961 4540">
     <span class='ocr_line' id='line_1_47' title="bbox 387 4459 1961 4540; baseline -0.004 -10"><span class='ocrx_word' id='word_1_306' title='bbox 387 4476 510 4530; x_wconf 84' lang='lat' dir='ltr'><strong>fons</strong></span> <span class='ocrx_word' id='word_1_307' title='bbox 551 4471 926 4529; x_wconf 85' lang='lat' dir='ltr'><strong>enervationis</strong></span> <span class='ocrx_word' id='word_1_308' title='bbox 981 4459 1216 4540; x_wconf 76' lang='lat' dir='ltr'><strong>imperii</strong></span> <span class='ocrx_word' id='word_1_309' title='bbox 1255 4468 1360 4522; x_wconf 91' lang='lat' dir='ltr'><strong>fuit</strong></span> <span class='ocrx_word' id='word_1_310' title='bbox 1413 4469 1752 4537; x_wconf 88' lang='lat' dir='ltr'><strong>parcimonia</strong></span> <span class='ocrx_word' id='word_1_311' title='bbox 1801 4469 1961 4540; x_wconf 88' lang='lat' dir='ltr'><strong>plene</strong></span> 
     </span>
    </p>
   </div>
   <div class='ocr_carea' id='block_1_47' title="bbox 2085 585 3675 662">
    <p class='ocr_par' dir='ltr' id='par_1_47' title="bbox 2085 585 3675 662">
     <span class='ocr_line' id='line_1_48' title="bbox 2085 585 3675 662; baseline 0.006 -27"><span class='ocrx_word' id='word_1_312' title='bbox 2085 600 2236 652; x_wconf 73' lang='grc' dir='ltr'>τηετι,</span> <span class='ocrx_word' id='word_1_313' title='bbox 2286 585 2552 641; x_wconf 77' lang='grc' dir='ltr'><strong>θελόντων</strong></span> <span class='ocrx_word' id='word_1_314' title='bbox 2599 587 2730 662; x_wconf 10' lang='grc' dir='ltr'>τοῖς,</span> <span class='ocrx_word' id='word_1_315' title='bbox 2761 586 3010 642; x_wconf 70' lang='grc' dir='ltr'><strong>ἐντεῦθεν</strong></span> <span class='ocrx_word' id='word_1_316' title='bbox 3065 588 3432 660; x_wconf 73' lang='grc' dir='ltr'>ὑπερημέρως</span> <span class='ocrx_word' id='word_1_317' title='bbox 3497 593 3675 660; x_wconf 81' lang='grc' dir='ltr'><strong>πάντη</strong></span> 
     </span>
    </p>
   </div>
   <div class='ocr_carea' id='block_1_48' title="bbox 2089 674 3675 756">
    <p class='ocr_par' dir='ltr' id='par_1_48' title="bbox 2089 674 3675 756">
     <span class='ocr_line' id='line_1_49' title="bbox 2089 674 3675 756; baseline 0.005 -26"><span class='ocrx_word' id='word_1_318' title='bbox 2089 675 2385 748; x_wconf 75' lang='grc' dir='ltr'>διδομένοις</span> <span class='ocrx_word' id='word_1_319' title='bbox 2410 674 2876 751; x_wconf 52' lang='grc' dir='ltr'>’στραγγιύεσθαῃ</span> <span class='ocrx_word' id='word_1_320' title='bbox 2909 681 2985 743; x_wconf 79' lang='grc' dir='ltr'><strong>ὡς</strong></span> <span class='ocrx_word' id='word_1_321' title='bbox 3014 683 3370 752; x_wconf 71' lang='grc' dir='ltr'>κερδαίνοιεν.</span> <span class='ocrx_word' id='word_1_322' title='bbox 3405 682 3591 738; x_wconf 75' lang='grc' dir='ltr'>Ταῦτα</span> <span class='ocrx_word' id='word_1_323' title='bbox 3610 686 3675 756; x_wconf 80' lang='grc' dir='ltr'><strong>δή</strong></span> 
     </span>
    </p>
   </div>
   <div class='ocr_carea' id='block_1_49' title="bbox 2091 769 3677 846">
    <p class='ocr_par' dir='ltr' id='par_1_49' title="bbox 2091 769 3677 846">
     <span class='ocr_line' id='line_1_50' title="bbox 2091 769 3677 846; baseline 0.006 -24"><span class='ocrx_word' id='word_1_324' title='bbox 2091 770 2184 823; x_wconf 67' lang='lat' dir='ltr'><strong>hri.</strong></span> <span class='ocrx_word' id='word_1_325' title='bbox 2242 773 2408 827; x_wconf 81' lang='grc' dir='ltr'>ταυτδ</span> <span class='ocrx_word' id='word_1_326' title='bbox 2461 773 2822 843; x_wconf 85' lang='grc' dir='ltr'>συναχθέντα.</span> <span class='ocrx_word' id='word_1_327' title='bbox 2873 774 2945 828; x_wconf 77' lang='grc' dir='ltr'><strong>Τὸ</strong></span> <span class='ocrx_word' id='word_1_328' title='bbox 2990 775 3097 845; x_wconf 84' lang='grc' dir='ltr'>γὰρ</span> <span class='ocrx_word' id='word_1_329' title='bbox 3151 779 3245 830; x_wconf 81' lang='grc' dir='ltr'>τοῦ</span> <span class='ocrx_word' id='word_1_330' title='bbox 3295 769 3677 846; x_wconf 69' lang='grc' dir='ltr'>βασιλεύοντος</span> 
     </span>
    </p>
   </div>
   <div class='ocr_carea' id='block_1_50' title="bbox 2091 860 3673 941">
    <p class='ocr_par' dir='ltr' id='par_1_50' title="bbox 2091 860 3673 941">
     <span class='ocr_line' id='line_1_51' title="bbox 2091 860 3673 941; baseline 0.005 -25"><span class='ocrx_word' id='word_1_331' title='bbox 2091 860 2352 935; x_wconf 72' lang='grc' dir='ltr'>εὐσταθὲς</span> <span class='ocrx_word' id='word_1_332' title='bbox 2381 862 2474 921; x_wconf 70' lang='grc' dir='ltr'>καὶ</span> <span class='ocrx_word' id='word_1_333' title='bbox 2506 867 2565 919; x_wconf 83' lang='grc' dir='ltr'>τὸ</span> <span class='ocrx_word' id='word_1_334' title='bbox 2601 867 2752 936; x_wconf 78' lang='grc' dir='ltr'>πρὸς.</span> <span class='ocrx_word' id='word_1_335' title='bbox 2789 868 2999 937; x_wconf 79' lang='grc' dir='ltr'>κρίσεις</span> <span class='ocrx_word' id='word_1_336' title='bbox 3030 885 3087 922; x_wconf 86' lang='grc' dir='ltr'>τε</span> <span class='ocrx_word' id='word_1_337' title='bbox 3123 872 3215 922; x_wconf 77' lang='grc' dir='ltr'>καὶ</span> <span class='ocrx_word' id='word_1_338' title='bbox 3244 871 3497 928; x_wconf 70' lang='grc' dir='ltr'>κολάσεις</span> <span class='ocrx_word' id='word_1_339' title='bbox 3531 887 3673 941; x_wconf 88' lang='grc' dir='ltr'>συμ-</span> 
     </span>
    </p>
   </div>
   <div class='ocr_carea' id='block_1_51' title="bbox 2042 955 3672 1031">
    <p class='ocr_par' dir='ltr' id='par_1_51' title="bbox 2042 955 3672 1031">
     <span class='ocr_line' id='line_1_52' title="bbox 2042 955 3672 1031; baseline 0.006 -23"><span class='ocrx_word' id='word_1_340' title='bbox 2042 955 2045 958; x_wconf 83' lang='grc'><strong>’</strong></span> <span class='ocrx_word' id='word_1_341' title='bbox 2091 957 2396 1028; x_wconf 84' lang='grc' dir='ltr'>παθητικόν</span> <span class='ocrx_word' id='word_1_342' title='bbox 2432 975 2494 1012; x_wconf 72' lang='grc' dir='ltr'>τε</span> <span class='ocrx_word' id='word_1_343' title='bbox 2543 960 2636 1013; x_wconf 80' lang='grc' dir='ltr'>καὶ</span> <span class='ocrx_word' id='word_1_344' title='bbox 2663 959 2874 1031; x_wconf 73' lang='grc' dir='ltr'>ἥμερον</span> <span class='ocrx_word' id='word_1_345' title='bbox 2907 962 3051 1030; x_wconf 82' lang='grc' dir='ltr'><strong>μέγα</strong></span> <span class='ocrx_word' id='word_1_346' title='bbox 3076 979 3129 1014; x_wconf 87' lang='grc' dir='ltr'><strong>τι</strong></span> <span class='ocrx_word' id='word_1_347' title='bbox 3154 965 3216 1015; x_wconf 78' lang='grc' dir='ltr'>τὸ</span> <span class='ocrx_word' id='word_1_348' title='bbox 3247 957 3412 1016; x_wconf 77' lang='grc' dir='ltr'>κακδν</span> <span class='ocrx_word' id='word_1_349' title='bbox 3447 964 3538 1017; x_wconf 84' lang='grc' dir='ltr'>καὶ</span> <span class='ocrx_word' id='word_1_350' title='bbox 3568 965 3672 1018; x_wconf 73' lang='grc' dir='ltr'>οὐκ</span> 
     </span>
    </p>
   </div>
   <div class='ocr_carea' id='block_1_52' title="bbox 2088 1051 3702 1135">
    <p class='ocr_par' dir='ltr' id='par_1_52' title="bbox 2088 1051 3702 1135">
     <span class='ocr_line' id='line_1_53' title="bbox 2088 1051 3702 1135; baseline 0.006 -33"><span class='ocrx_word' id='word_1_351' title='bbox 2088 1051 2268 1103; x_wconf 77' lang='grc' dir='ltr'>οἰστὸν</span> <span class='ocrx_word' id='word_1_352' title='bbox 2314 1051 2452 1116; x_wconf 78' lang='grc' dir='ltr'>ὅλως</span> <span class='ocrx_word' id='word_1_353' title='bbox 2499 1053 2612 1116; x_wconf 69' lang='grc' dir='ltr'>τοῖς</span> <span class='ocrx_word' id='word_1_354' title='bbox 2642 1051 2912 1106; x_wconf 79' lang='grc' dir='ltr'>παθοῦσιν</span> <span class='ocrx_word' id='word_1_355' title='bbox 2967 1054 3276 1124; x_wconf 73' lang='grc' dir='ltr'><strong>εἰργάζετο.</strong></span> <span class='ocrx_word' id='word_1_356' title='bbox 3323 1058 3473 1120; x_wconf 82' lang='grc' dir='ltr'>Τέως</span> <span class='ocrx_word' id='word_1_357' title='bbox 3517 1052 3562 1110; x_wconf 81' lang='grc' dir='ltr'>δ’</span> <span class='ocrx_word' id='word_1_358' title='bbox 3596 1052 3702 1135; x_wconf 52' lang='grc' dir='ltr'><strong>ὡςὶ</strong></span> 
     </span>
    </p>
   </div>
   <div class='ocr_carea' id='block_1_53' title="bbox 2087 1138 3669 1223">
    <p class='ocr_par' dir='ltr' id='par_1_53' title="bbox 2087 1138 3669 1223">
     <span class='ocr_line' id='line_1_54' title="bbox 2087 1138 3669 1223; baseline 0.006 -27"><span class='ocrx_word' id='word_1_359' title='bbox 2087 1138 2236 1214; x_wconf 75' lang='grc' dir='ltr'>εἶχεν</span> <span class='ocrx_word' id='word_1_360' title='bbox 2266 1147 2299 1213; x_wconf 89' lang='grc' dir='ltr'><strong>ή</strong></span> <span class='ocrx_word' id='word_1_361' title='bbox 2337 1142 2432 1197; x_wconf 79' lang='grc' dir='ltr'>τοῦ</span> <span class='ocrx_word' id='word_1_362' title='bbox 2466 1145 2731 1215; x_wconf 82' lang='grc' dir='ltr'>βασιλέως</span> <span class='ocrx_word' id='word_1_363' title='bbox 2759 1149 2926 1218; x_wconf 74' lang='grc' dir='ltr'>ὁρμὴ.</span> <span class='ocrx_word' id='word_1_364' title='bbox 2973 1148 3072 1218; x_wconf 83' lang='grc' dir='ltr'>τῆς</span> <span class='ocrx_word' id='word_1_365' title='bbox 3117 1150 3399 1218; x_wconf 83' lang='grc' dir='ltr'>δυνάμεως</span> <span class='ocrx_word' id='word_1_366' title='bbox 3439 1152 3669 1223; x_wconf 70' lang='grc' dir='ltr'>ἐνούσης</span> 
     </span>
    </p>
   </div>
   <div class='ocr_carea' id='block_1_54' title="bbox 2087 1235 3670 1316">
    <p class='ocr_par' dir='ltr' id='par_1_54' title="bbox 2087 1235 3670 1316">
     <span class='ocr_line' id='line_1_55' title="bbox 2087 1235 3670 1316; baseline 0.008 -27"><span class='ocrx_word' id='word_1_367' title='bbox 2087 1235 2169 1289; x_wconf 70' lang='grc' dir='ltr'>ἔτι</span> <span class='ocrx_word' id='word_1_368' title='bbox 2198 1236 2305 1292; x_wconf 83' lang='grc' dir='ltr'><strong>τῶν</strong></span> <span class='ocrx_word' id='word_1_369' title='bbox 2327 1238 2534 1310; x_wconf 78' lang='grc' dir='ltr'>νεύρων</span> <span class='ocrx_word' id='word_1_370' title='bbox 2560 1240 2648 1310; x_wconf 84' lang='grc' dir='ltr'>(τὰ</span> <span class='ocrx_word' id='word_1_371' title='bbox 2673 1241 2716 1294; x_wconf 82' lang='grc' dir='ltr'>δ’</span> <span class='ocrx_word' id='word_1_372' title='bbox 2743 1238 2883 1313; x_wconf 79' lang='grc' dir='ltr'>ἦσαν</span> <span class='ocrx_word' id='word_1_373' title='bbox 2907 1243 2975 1296; x_wconf 80' lang='grc' dir='ltr'>τὰ</span> <span class='ocrx_word' id='word_1_374' title='bbox 3003 1244 3289 1314; x_wconf 81' lang='grc' dir='ltr'>χρήματα)</span> <span class='ocrx_word' id='word_1_375' title='bbox 3320 1245 3552 1316; x_wconf 79' lang='grc' dir='ltr'>πέμπων</span> <span class='ocrx_word' id='word_1_376' title='bbox 3573 1249 3670 1311; x_wconf 72' lang='grc' dir='ltr'><strong>τὰς</strong></span> 
     </span>
    </p>
   </div>
   <div class='ocr_carea' id='block_1_55' title="bbox 2085 1329 3671 1410">
    <p class='ocr_par' dir='ltr' id='par_1_55' title="bbox 2085 1329 3671 1410">
     <span class='ocr_line' id='line_1_56' title="bbox 2085 1329 3671 1410; baseline 0.007 -28"><span class='ocrx_word' id='word_1_377' title='bbox 2085 1329 2182 1398; x_wconf 82' lang='grc' dir='ltr'>τῆς</span> <span class='ocrx_word' id='word_1_378' title='bbox 2203 1329 2522 1398; x_wconf 81' lang='grc' dir='ltr'>ὁλομελείας</span> <span class='ocrx_word' id='word_1_379' title='bbox 2544 1335 2786 1405; x_wconf 85' lang='grc' dir='ltr'>κινήσεις</span> <span class='ocrx_word' id='word_1_380' title='bbox 2804 1335 2907 1405; x_wconf 81' lang='grc' dir='ltr'>τῆς</span> <span class='ocrx_word' id='word_1_381' title='bbox 2937 1334 3239 1406; x_wconf 78' lang='grc' dir='ltr'>Ῥωμαῒδος</span> <span class='ocrx_word' id='word_1_382' title='bbox 3261 1340 3671 1410; x_wconf 81' lang='grc' dir='ltr'>εὐρωστοτέρας</span> 
     </span>
    </p>
   </div>
   <div class='ocr_carea' id='block_1_56' title="bbox 2087 1421 3669 1495">
    <p class='ocr_par' dir='ltr' id='par_1_56' title="bbox 2087 1421 3669 1495">
     <span class='ocr_line' id='line_1_57' title="bbox 2087 1421 3669 1495; baseline 0.005 -22"><span class='ocrx_word' id='word_1_383' title='bbox 2087 1421 2262 1474; x_wconf 77' lang='grc' dir='ltr'>ποιεῖν</span> <span class='ocrx_word' id='word_1_384' title='bbox 2285 1422 2385 1475; x_wconf 83' lang='grc' dir='ltr'>οὐκ</span> <span class='ocrx_word' id='word_1_385' title='bbox 2413 1423 2678 1478; x_wconf 75' lang='grc' dir='ltr'>ἀπώκνει.</span> <span class='ocrx_word' id='word_1_386' title='bbox 2710 1426 2844 1479; x_wconf 78' lang='grc' dir='ltr'>Κατ’</span> <span class='ocrx_word' id='word_1_387' title='bbox 2871 1425 3054 1494; x_wconf 80' lang='grc' dir='ltr'>ὀλίγον</span> <span class='ocrx_word' id='word_1_388' title='bbox 3074 1427 3130 1481; x_wconf 74' lang='grc' dir='ltr'>δὲ</span> <span class='ocrx_word' id='word_1_389' title='bbox 3156 1428 3217 1482; x_wconf 81' lang='grc' dir='ltr'>τὸ</span> <span class='ocrx_word' id='word_1_390' title='bbox 3242 1429 3414 1485; x_wconf 70' lang='grc' dir='ltr'>δεινὸν</span> <span class='ocrx_word' id='word_1_391' title='bbox 3433 1431 3669 1495; x_wconf 79' lang='grc' dir='ltr'>ὲπαῦξον</span> 
     </span>
    </p>
   </div>
   <div class='ocr_carea' id='block_1_57' title="bbox 2085 1511 3669 1589">
    <p class='ocr_par' dir='ltr' id='par_1_57' title="bbox 2085 1511 3669 1589">
     <span class='ocr_line' id='line_1_58' title="bbox 2085 1511 3669 1589; baseline 0.006 -24"><span class='ocrx_word' id='word_1_392' title='bbox 2085 1511 2372 1565; x_wconf 71' lang='grc' dir='ltr'>ἀνέστελλε</span> <span class='ocrx_word' id='word_1_393' title='bbox 2410 1515 2783 1585; x_wconf 77' lang='grc' dir='ltr'>πεμπομένων</span> <span class='ocrx_word' id='word_1_394' title='bbox 2821 1518 2911 1570; x_wconf 83' lang='grc' dir='ltr'>καὶ</span> <span class='ocrx_word' id='word_1_395' title='bbox 2949 1517 3060 1571; x_wconf 84' lang='grc' dir='ltr'><strong>τῶν</strong></span> <span class='ocrx_word' id='word_1_396' title='bbox 3089 1520 3169 1582; x_wconf 84' lang='grc' dir='ltr'><strong>είς</strong></span> <span class='ocrx_word' id='word_1_397' title='bbox 3214 1520 3458 1589; x_wconf 80' lang='grc' dir='ltr'>κεφαλὰς</span> <span class='ocrx_word' id='word_1_398' title='bbox 3500 1523 3669 1589; x_wconf 81' lang='grc' dir='ltr'>ἀξίων</span> 
     </span>
    </p>
   </div>
   <div class='ocr_carea' id='block_1_58' title="bbox 2085 1599 3667 1682">
    <p class='ocr_par' dir='ltr' id='par_1_58' title="bbox 2085 1599 3667 1682">
     <span class='ocr_line' id='line_1_59' title="bbox 2085 1599 3667 1682; baseline 0.007 -28"><span class='ocrx_word' id='word_1_399' title='bbox 2085 1604 2178 1655; x_wconf 82' lang='grc' dir='ltr'>καὶ</span> <span class='ocrx_word' id='word_1_400' title='bbox 2206 1605 2281 1667; x_wconf 80' lang='grc' dir='ltr'>ὡς</span> <span class='ocrx_word' id='word_1_401' title='bbox 2307 1599 2419 1658; x_wconf 78' lang='grc' dir='ltr'>οἶόν</span> <span class='ocrx_word' id='word_1_402' title='bbox 2465 1603 2612 1677; x_wconf 72' lang='grc' dir='ltr'>τ’ἧν</span> <span class='ocrx_word' id='word_1_403' title='bbox 2643 1608 2829 1676; x_wconf 75' lang='grc' dir='ltr'>σφίσιν</span> <span class='ocrx_word' id='word_1_404' title='bbox 2859 1609 3219 1680; x_wconf 80' lang='grc' dir='ltr'>ἀντεχόντων.</span> <span class='ocrx_word' id='word_1_405' title='bbox 3253 1613 3667 1682; x_wconf 81' lang='grc' dir='ltr'>προσκειμένων</span> 
     </span>
    </p>
   </div>
   <div class='ocr_carea' id='block_1_59' title="bbox 2086 1693 3685 1777">
    <p class='ocr_par' dir='ltr' id='par_1_59' title="bbox 2086 1693 3685 1777">
     <span class='ocr_line' id='line_1_60' title="bbox 2086 1693 3685 1777; baseline 0.008 -32"><span class='ocrx_word' id='word_1_406' title='bbox 2086 1693 2179 1746; x_wconf 76' lang='grc' dir='ltr'>καὶ</span> <span class='ocrx_word' id='word_1_407' title='bbox 2207 1693 2314 1746; x_wconf 86' lang='grc' dir='ltr'><strong>τῶν</strong></span> <span class='ocrx_word' id='word_1_408' title='bbox 2345 1696 2408 1749; x_wconf 66' lang='lat' dir='ltr'><strong>sic</strong></span> <span class='ocrx_word' id='word_1_409' title='bbox 2439 1697 2664 1768; x_wconf 77' lang='grc' dir='ltr'><strong>Κρήτης</strong></span> <span class='ocrx_word' id='word_1_410' title='bbox 2693 1703 2948 1770; x_wconf 85' lang='grc' dir='ltr'>μαχίμων</span> <span class='ocrx_word' id='word_1_411' title='bbox 2991 1702 3111 1763; x_wconf 79' lang='grc' dir='ltr'>ταῖς</span> <span class='ocrx_word' id='word_1_412' title='bbox 3148 1706 3402 1768; x_wconf 77' lang='grc' dir='ltr'>τυπικαῖς</span> <span class='ocrx_word' id='word_1_413' title='bbox 3429 1705 3685 1777; x_wconf 64' lang='grc' dir='ltr'><strong>δυνάμει⁵</strong></span> 
     </span>
    </p>
   </div>
   <div class='ocr_carea' id='block_1_60' title="bbox 2087 1786 3665 1872">
    <p class='ocr_par' dir='ltr' id='par_1_60' title="bbox 2087 1786 3665 1872">
     <span class='ocr_line' id='line_1_61' title="bbox 2087 1786 3665 1872; baseline 0.01 -34"><span class='ocrx_word' id='word_1_414' title='bbox 2087 1803 2190 1851; x_wconf 85' lang='grc' dir='ltr'>σιν,</span> <span class='ocrx_word' id='word_1_415' title='bbox 2224 1786 2316 1850; x_wconf 83' lang='grc' dir='ltr'>οὓς</span> <span class='ocrx_word' id='word_1_416' title='bbox 2344 1789 2630 1861; x_wconf 81' lang='grc' dir='ltr'>Κρήτηθεν</span> <span class='ocrx_word' id='word_1_417' title='bbox 2681 1795 3181 1864; x_wconf 86' lang='grc' dir='ltr'>προσχωρήσαντας</span> <span class='ocrx_word' id='word_1_418' title='bbox 3232 1795 3444 1868; x_wconf 81' lang='grc' dir='ltr'>βασιλεί</span> <span class='ocrx_word' id='word_1_419' title='bbox 3479 1799 3553 1862; x_wconf 82' lang='grc' dir='ltr'>ὡς</span> <span class='ocrx_word' id='word_1_420' title='bbox 3589 1799 3665 1872; x_wconf 77' lang='grc' dir='ltr'>μὴ</span> 
     </span>
    </p>
   </div>
   <div class='ocr_carea' id='block_1_61' title="bbox 2088 1881 3661 1961">
    <p class='ocr_par' dir='ltr' id='par_1_61' title="bbox 2088 1881 3661 1961">
     <span class='ocr_line' id='line_1_62' title="bbox 2088 1881 3661 1961; baseline 0.01 -29"><span class='ocrx_word' id='word_1_421' title='bbox 2088 1881 2553 1952; x_wconf 82' lang='grc' dir='ltr'>καταδεχομένους</span> <span class='ocrx_word' id='word_1_422' title='bbox 2607 1883 2704 1954; x_wconf 82' lang='grc' dir='ltr'>τὴν</span> <span class='ocrx_word' id='word_1_423' title='bbox 2755 1887 2819 1938; x_wconf 82' lang='grc' dir='ltr'>ἐκ</span> <span class='ocrx_word' id='word_1_424' title='bbox 2870 1887 2976 1940; x_wconf 85' lang='grc' dir='ltr'>τῶν</span> <span class='ocrx_word' id='word_1_425' title='bbox 3020 1888 3236 1942; x_wconf 84' lang='grc' dir='ltr'>Ἰταλῶν</span> <span class='ocrx_word' id='word_1_426' title='bbox 3283 1892 3661 1961; x_wconf 64' lang='grc' dir='ltr'>ἐπικράτειαν.</span> 
     </span>
    </p>
   </div>
   <div class='ocr_carea' id='block_1_62' title="bbox 2087 1973 3661 2054">
    <p class='ocr_par' dir='ltr' id='par_1_62' title="bbox 2087 1973 3661 2054">
     <span class='ocr_line' id='line_1_63' title="bbox 2087 1973 3661 2054; baseline 0.008 -27"><span class='ocrx_word' id='word_1_427' title='bbox 2087 1973 2175 2027; x_wconf 63' lang='grc' dir='ltr'><strong>ἐπ’</strong></span> <span class='ocrx_word' id='word_1_428' title='bbox 2209 1975 2473 2046; x_wconf 82' lang='grc' dir='ltr'>ἀνατολῆς</span> <span class='ocrx_word' id='word_1_429' title='bbox 2504 1978 2824 2042; x_wconf 85' lang='grc' dir='ltr'>κατοικίσας</span> <span class='ocrx_word' id='word_1_430' title='bbox 2849 1980 2945 2032; x_wconf 78' lang='grc' dir='ltr'>καὶ</span> <span class='ocrx_word' id='word_1_431' title='bbox 2980 1981 3168 2051; x_wconf 82' lang='grc' dir='ltr'>ῥόγαις</span> <span class='ocrx_word' id='word_1_432' title='bbox 3194 1985 3432 2054; x_wconf 79' lang='grc' dir='ltr'>ἐτησίοις</span> <span class='ocrx_word' id='word_1_433' title='bbox 3464 1987 3661 2041; x_wconf 77' lang='grc' dir='ltr'>ἀποτε-</span> 
     </span>
    </p>
   </div>
   <div class='ocr_carea' id='block_1_63' title="bbox 2088 2068 3658 2150">
    <p class='ocr_par' dir='ltr' id='par_1_63' title="bbox 2088 2068 3658 2150">
     <span class='ocr_line' id='line_1_64' title="bbox 2088 2068 3658 2150; baseline 0.011 -31"><span class='ocrx_word' id='word_1_434' title='bbox 2088 2069 2386 2136; x_wconf 84' lang='grc' dir='ltr'>ταγμέναις</span> <span class='ocrx_word' id='word_1_435' title='bbox 2418 2068 2688 2132; x_wconf 77' lang='grc' dir='ltr'>ὲξικανῶν</span> <span class='ocrx_word' id='word_1_436' title='bbox 2713 2070 2792 2133; x_wconf 83' lang='grc' dir='ltr'>ὡς</span> <span class='ocrx_word' id='word_1_437' title='bbox 2833 2075 3046 2137; x_wconf 82' lang='grc' dir='ltr'>πιστοῖς</span> <span class='ocrx_word' id='word_1_438' title='bbox 3086 2077 3397 2149; x_wconf 82' lang='grc' dir='ltr'>συμμάχοις</span> <span class='ocrx_word' id='word_1_439' title='bbox 3439 2080 3658 2150; x_wconf 74' lang='grc' dir='ltr'>ἐχρῆτο.</span> 
     </span>
    </p>
   </div>
   <div class='ocr_carea' id='block_1_64' title="bbox 2084 2151 3662 2241">
    <p class='ocr_par' dir='ltr' id='par_1_64' title="bbox 2084 2151 3662 2241">
     <span class='ocr_line' id='line_1_65' title="bbox 2084 2151 3662 2241; baseline 0.012 -32"><span class='ocrx_word' id='word_1_440' title='bbox 2084 2151 2194 2210; x_wconf 86' lang='grc' dir='ltr'><strong>Ἦν</strong></span> <span class='ocrx_word' id='word_1_441' title='bbox 2225 2157 2282 2211; x_wconf 76' lang='grc' dir='ltr'>δὲ</span> <span class='ocrx_word' id='word_1_442' title='bbox 2316 2160 2506 2230; x_wconf 87' lang='grc' dir='ltr'>συχνὸν</span> <span class='ocrx_word' id='word_1_443' title='bbox 2532 2163 2595 2214; x_wconf 82' lang='grc' dir='ltr'>τὸ</span> <span class='ocrx_word' id='word_1_444' title='bbox 2622 2163 2722 2232; x_wconf 82' lang='grc' dir='ltr'>τῆς</span> <span class='ocrx_word' id='word_1_445' title='bbox 2756 2163 3039 2231; x_wconf 80' lang='grc' dir='ltr'>συνδοσίας</span> <span class='ocrx_word' id='word_1_446' title='bbox 3063 2166 3151 2221; x_wconf 81' lang='grc' dir='ltr'>διὰ</span> <span class='ocrx_word' id='word_1_447' title='bbox 3193 2171 3296 2241; x_wconf 71' lang='grc' dir='ltr'>τὴν</span> <span class='ocrx_word' id='word_1_448' title='bbox 3338 2173 3531 2226; x_wconf 79' lang='grc' dir='ltr'>σπάνιν</span> <span class='ocrx_word' id='word_1_449' title='bbox 3555 2174 3662 2228; x_wconf 81' lang='grc' dir='ltr'>τῶν</span> 
     </span>
    </p>
   </div>
   <div class='ocr_carea' id='block_1_65' title="bbox 2085 2252 3656 2337">
    <p class='ocr_par' dir='ltr' id='par_1_65' title="bbox 2085 2252 3656 2337">
     <span class='ocr_line' id='line_1_66' title="bbox 2085 2252 3656 2337; baseline 0.011 -34"><span class='ocrx_word' id='word_1_450' title='bbox 2085 2252 2404 2322; x_wconf 81' lang='grc' dir='ltr'>χρημάτων,</span> <span class='ocrx_word' id='word_1_451' title='bbox 2438 2253 2513 2318; x_wconf 84' lang='grc' dir='ltr'>ὡς</span> <span class='ocrx_word' id='word_1_452' title='bbox 2537 2255 2748 2324; x_wconf 75' lang='grc' dir='ltr'>ἔλεγον.</span> <span class='ocrx_word' id='word_1_453' title='bbox 2788 2259 2983 2333; x_wconf 77' lang='grc' dir='ltr'>ἀνέδην</span> <span class='ocrx_word' id='word_1_454' title='bbox 3008 2262 3352 2332; x_wconf 82' lang='grc' dir='ltr'>τελούμενον.</span> <span class='ocrx_word' id='word_1_455' title='bbox 3395 2266 3469 2319; x_wconf 82' lang='grc' dir='ltr'><strong>Τὸ</strong></span> <span class='ocrx_word' id='word_1_456' title='bbox 3497 2268 3543 2320; x_wconf 84' lang='grc' dir='ltr'>δ’</span> <span class='ocrx_word' id='word_1_457' title='bbox 3566 2265 3656 2337; x_wconf 76' lang='grc' dir='ltr'><strong>ἦν,</strong></span> 
     </span>
    </p>
   </div>
   <div class='ocr_carea' id='block_1_66' title="bbox 2084 2401 3659 2494">
    <p class='ocr_par' dir='ltr' id='par_1_66' title="bbox 2084 2401 3659 2494">
     <span class='ocr_line' id='line_1_67' title="bbox 2084 2401 3659 2494; baseline 0.014 -37"><span class='ocrx_word' id='word_1_458' title='bbox 2084 2401 2203 2473; x_wconf 84' lang='lat' dir='ltr'><strong>ejus</strong></span> <span class='ocrx_word' id='word_1_459' title='bbox 2237 2417 2266 2458; x_wconf 82' lang='lat' dir='ltr'><strong>a</strong></span> <span class='ocrx_word' id='word_1_460' title='bbox 2305 2412 2494 2462; x_wconf 87' lang='lat' dir='ltr'><strong>tenore</strong></span> <span class='ocrx_word' id='word_1_461' title='bbox 2522 2407 2789 2466; x_wconf 80' lang='lat' dir='ltr'><strong>dimoveri</strong></span> <span class='ocrx_word' id='word_1_462' title='bbox 2827 2413 3256 2486; x_wconf 74' lang='lat' dir='ltr'><strong>allegationibus</strong></span> <span class='ocrx_word' id='word_1_463' title='bbox 3297 2414 3421 2476; x_wconf 82' lang='lat' dir='ltr'><strong>ullis</strong></span> <span class='ocrx_word' id='word_1_464' title='bbox 3448 2425 3659 2494; x_wconf 84' lang='lat' dir='ltr'><strong>nescia,</strong></span> 
     </span>
    </p>
   </div>
   <div class='ocr_carea' id='block_1_67' title="bbox 2084 2496 3657 2578">
    <p class='ocr_par' dir='ltr' id='par_1_67' title="bbox 2084 2496 3657 2578">
     <span class='ocr_line' id='line_1_68' title="bbox 2084 2496 3657 2578; baseline 0.015 -30"><span class='ocrx_word' id='word_1_465' title='bbox 2084 2496 2325 2566; x_wconf 91' lang='lat' dir='ltr'><strong>buicque</strong></span> <span class='ocrx_word' id='word_1_466' title='bbox 2349 2498 2607 2569; x_wconf 87' lang='lat' dir='ltr'><strong>adjuncta</strong></span> <span class='ocrx_word' id='word_1_467' title='bbox 2645 2505 2905 2574; x_wconf 80' lang='lat' dir='ltr'><strong>segnities</strong></span> <span class='ocrx_word' id='word_1_468' title='bbox 2941 2511 3265 2578; x_wconf 78' lang='lat' dir='ltr'><strong>castigandi,</strong></span> <span class='ocrx_word' id='word_1_469' title='bbox 3313 2519 3488 2572; x_wconf 77' lang='lat' dir='ltr'><strong>noxia:</strong></span> <span class='ocrx_word' id='word_1_470' title='bbox 3519 2521 3657 2574; x_wconf 69' lang='lat' dir='ltr'><strong>leni-</strong></span> 
     </span>
    </p>
   </div>
   <div class='ocr_carea' id='block_1_68' title="bbox 2082 2589 3659 2669">
    <p class='ocr_par' dir='ltr' id='par_1_68' title="bbox 2082 2589 3659 2669">
     <span class='ocr_line' id='line_1_69' title="bbox 2082 2589 3659 2669; baseline 0.015 -25"><span class='ocrx_word' id='word_1_471' title='bbox 2082 2592 2212 2647; x_wconf 86' lang='lat' dir='ltr'><strong>tatis</strong></span> <span class='ocrx_word' id='word_1_472' title='bbox 2255 2589 2592 2664; x_wconf 73' lang='lat' dir='ltr'><strong>indulgentia</strong></span> <span class='ocrx_word' id='word_1_473' title='bbox 2623 2597 2789 2669; x_wconf 74' lang='lat'><strong>209</strong></span> <span class='ocrx_word' id='word_1_474' title='bbox 2830 2598 2999 2659; x_wconf 65' lang='lat' dir='ltr'><strong>fratna</strong></span> <span class='ocrx_word' id='word_1_475' title='bbox 3044 2604 3234 2662; x_wconf 88' lang='lat' dir='ltr'><strong>laxans</strong></span> <span class='ocrx_word' id='word_1_476' title='bbox 3273 2611 3574 2668; x_wconf 89' lang='lat' dir='ltr'><strong>sceleribus</strong></span> <span class='ocrx_word' id='word_1_477' title='bbox 3604 2623 3659 2668; x_wconf 86' lang='lat' dir='ltr'><strong>et</strong></span> 
     </span>
    </p>
   </div>
   <div class='ocr_carea' id='block_1_69' title="bbox 2083 2688 3656 2769">
    <p class='ocr_par' dir='ltr' id='par_1_69' title="bbox 2083 2688 3656 2769">
     <span class='ocr_line' id='line_1_70' title="bbox 2083 2688 3656 2769; baseline 0.016 -33"><span class='ocrx_word' id='word_1_478' title='bbox 2083 2695 2289 2739; x_wconf 89' lang='lat' dir='ltr'><strong>metum</strong></span> <span class='ocrx_word' id='word_1_479' title='bbox 2319 2688 2981 2769; x_wconf 22' lang='lat' dir='ltr'><strong>adimens&#39;peccantibus;</strong></span> <span class='ocrx_word' id='word_1_480' title='bbox 3015 2700 3159 2754; x_wconf 91' lang='lat' dir='ltr'><strong>unde</strong></span> <span class='ocrx_word' id='word_1_481' title='bbox 3188 2702 3389 2756; x_wconf 87' lang='lat' dir='ltr'><strong>malum</strong></span> <span class='ocrx_word' id='word_1_482' title='bbox 3418 2705 3656 2760; x_wconf 67' lang='lat' dir='ltr'><strong>immane</strong></span> 
     </span>
    </p>
   </div>
   <div class='ocr_carea' id='block_1_70' title="bbox 2082 2781 3658 2870">
    <p class='ocr_par' dir='ltr' id='par_1_70' title="bbox 2082 2781 3658 2870">
     <span class='ocr_line' id='line_1_71' title="bbox 2082 2781 3658 2870; baseline 0.015 -39"><span class='ocrx_word' id='word_1_483' title='bbox 2082 2789 2350 2848; x_wconf 89' lang='lat' dir='ltr'><strong>quantum</strong></span> <span class='ocrx_word' id='word_1_484' title='bbox 2401 2781 2596 2854; x_wconf 85' lang='lat' dir='ltr'><strong>ingens</strong></span> <span class='ocrx_word' id='word_1_485' title='bbox 2651 2802 2750 2841; x_wconf 90' lang='lat' dir='ltr'><strong>nec</strong></span> <span class='ocrx_word' id='word_1_486' title='bbox 2793 2787 2906 2857; x_wconf 88' lang='lat' dir='ltr'><strong>jam</strong></span> <span class='ocrx_word' id='word_1_487' title='bbox 2949 2792 3185 2862; x_wconf 88' lang='lat' dir='ltr'><strong>amplius</strong></span> <span class='ocrx_word' id='word_1_488' title='bbox 3229 2795 3508 2854; x_wconf 84' lang='lat' dir='ltr'><strong>tolerabile</strong></span> <span class='ocrx_word' id='word_1_489' title='bbox 3536 2802 3658 2870; x_wconf 77' lang='grc' dir='ltr'>ζορ-</span> 
     </span>
    </p>
   </div>
   <div class='ocr_carea' id='block_1_71' title="bbox 2084 2876 3655 2959">
    <p class='ocr_par' dir='ltr' id='par_1_71' title="bbox 2084 2876 3655 2959">
     <span class='ocr_line' id='line_1_72' title="bbox 2084 2876 3655 2959; baseline 0.017 -35"><span class='ocrx_word' id='word_1_490' title='bbox 2084 2888 2304 2942; x_wconf 74' lang='lat' dir='ltr'><strong>pressos</strong></span> <span class='ocrx_word' id='word_1_491' title='bbox 2353 2876 2421 2930; x_wconf 85' lang='lat' dir='ltr'><strong>ab</strong></span> <span class='ocrx_word' id='word_1_492' title='bbox 2468 2877 2691 2947; x_wconf 87' lang='lat' dir='ltr'><strong>impune</strong></span> <span class='ocrx_word' id='word_1_493' title='bbox 2754 2885 3130 2950; x_wconf 88' lang='lat' dir='ltr'><strong>grassantibus</strong></span> <span class='ocrx_word' id='word_1_494' title='bbox 3197 2890 3448 2959; x_wconf 78' lang='lat' dir='ltr'><strong>urgebat.</strong></span> <span class='ocrx_word' id='word_1_495' title='bbox 3505 2888 3655 2949; x_wconf 77' lang='lat' dir='ltr'><strong>Inter</strong></span> 
     </span>
    </p>
   </div>
   <div class='ocr_carea' id='block_1_72' title="bbox 2083 2959 3654 3056">
    <p class='ocr_par' dir='ltr' id='par_1_72' title="bbox 2083 2959 3654 3056">
     <span class='ocr_line' id='line_1_73' title="bbox 2083 2959 3654 3056; baseline 0.015 -38"><span class='ocrx_word' id='word_1_496' title='bbox 2083 2974 2232 3020; x_wconf 84' lang='lat' dir='ltr'><strong>tanta</strong></span> <span class='ocrx_word' id='word_1_497' title='bbox 2269 2967 2618 3025; x_wconf 86' lang='lat' dir='ltr'><strong>incommoda</strong></span> <span class='ocrx_word' id='word_1_498' title='bbox 2651 2975 2960 3030; x_wconf 87' lang='lat' dir='ltr'><strong>sustinebat</strong></span> <span class='ocrx_word' id='word_1_499' title='bbox 2992 2992 3053 3032; x_wconf 83' lang='lat' dir='ltr'><strong>se</strong></span> <span class='ocrx_word' id='word_1_500' title='bbox 3083 2989 3322 3036; x_wconf 75' lang='lat' dir='ltr'><strong>ercetqu</strong></span> <span class='ocrx_word' id='word_1_501' title='bbox 3369 2959 3654 3056; x_wconf 81' lang='lat' dir='ltr'><strong>utcunque</strong></span> 
     </span>
    </p>
   </div>
   <div class='ocr_carea' id='block_1_73' title="bbox 2081 3063 3654 3149">
    <p class='ocr_par' dir='ltr' id='par_1_73' title="bbox 2081 3063 3654 3149">
     <span class='ocr_line' id='line_1_74' title="bbox 2081 3063 3654 3149; baseline 0.013 -35"><span class='ocrx_word' id='word_1_502' title='bbox 2081 3075 2145 3115; x_wconf 89' lang='lat' dir='ltr'><strong>ac</strong></span> <span class='ocrx_word' id='word_1_503' title='bbox 2177 3063 2376 3116; x_wconf 76' lang='lat' dir='ltr'><strong>stantis</strong></span> <span class='ocrx_word' id='word_1_504' title='bbox 2410 3064 2604 3119; x_wconf 89' lang='lat' dir='ltr'><strong>saltem</strong></span> <span class='ocrx_word' id='word_1_505' title='bbox 2637 3066 2878 3135; x_wconf 89' lang='lat' dir='ltr'><strong>speciem</strong></span> <span class='ocrx_word' id='word_1_506' title='bbox 2917 3077 3206 3127; x_wconf 83' lang='lat' dir='ltr'><strong>ostentans</strong></span> <span class='ocrx_word' id='word_1_507' title='bbox 3246 3088 3448 3145; x_wconf 82' lang='lat' dir='ltr'><strong>corpus</strong></span> <span class='ocrx_word' id='word_1_508' title='bbox 3484 3080 3654 3149; x_wconf 67' lang='lat' dir='ltr'><strong>impe-</strong></span> 
     </span>
    </p>
   </div>
   <div class='ocr_carea' id='block_1_74' title="bbox 2082 3153 3652 3241">
    <p class='ocr_par' dir='ltr' id='par_1_74' title="bbox 2082 3153 3652 3241">
     <span class='ocr_line' id='line_1_75' title="bbox 2082 3153 3652 3241; baseline 0.013 -34"><span class='ocrx_word' id='word_1_509' title='bbox 2082 3153 2171 3219; x_wconf 90' lang='lat' dir='ltr'><strong>rii,</strong></span> <span class='ocrx_word' id='word_1_510' title='bbox 2214 3154 2392 3223; x_wconf 82' lang='lat' dir='ltr'><strong>quoad</strong></span> <span class='ocrx_word' id='word_1_511' title='bbox 2448 3155 2592 3211; x_wconf 88' lang='lat' dir='ltr'><strong>intus</strong></span> <span class='ocrx_word' id='word_1_512' title='bbox 2651 3160 2699 3213; x_wconf 88' lang='lat' dir='ltr'><strong>ei</strong></span> <span class='ocrx_word' id='word_1_513' title='bbox 2771 3176 2876 3215; x_wconf 91' lang='lat' dir='ltr'><strong>non</strong></span> <span class='ocrx_word' id='word_1_514' title='bbox 2930 3161 3102 3218; x_wconf 87' lang='lat' dir='ltr'><strong>defuit</strong></span> <span class='ocrx_word' id='word_1_515' title='bbox 3161 3168 3315 3234; x_wconf 88' lang='lat' dir='ltr'><strong>quasi</strong></span> <span class='ocrx_word' id='word_1_516' title='bbox 3369 3173 3652 3241; x_wconf 77' lang='lat' dir='ltr'><strong>sanguinis</strong></span> 
     </span>
    </p>
   </div>
   <div class='ocr_carea' id='block_1_75' title="bbox 2079 3247 3653 3325">
    <p class='ocr_par' dir='ltr' id='par_1_75' title="bbox 2079 3247 3653 3325">
     <span class='ocr_line' id='line_1_76' title="bbox 2079 3247 3653 3325; baseline 0.012 -24"><span class='ocrx_word' id='word_1_517' title='bbox 2079 3247 2232 3314; x_wconf 80' lang='lat' dir='ltr'><strong>copia</strong></span> <span class='ocrx_word' id='word_1_518' title='bbox 2264 3264 2327 3302; x_wconf 89' lang='lat' dir='ltr'><strong>ac</strong></span> <span class='ocrx_word' id='word_1_519' title='bbox 2371 3251 2521 3304; x_wconf 81' lang='lat' dir='ltr'><strong>nervi</strong></span> <span class='ocrx_word' id='word_1_520' title='bbox 2575 3252 2725 3308; x_wconf 90' lang='lat' dir='ltr'><strong>velut</strong></span> <span class='ocrx_word' id='word_1_521' title='bbox 2772 3254 2998 3324; x_wconf 84' lang='lat' dir='ltr'><strong>quidam</strong></span> <span class='ocrx_word' id='word_1_522' title='bbox 3043 3261 3289 3325; x_wconf 68' lang='lat' dir='ltr'><strong>pecuniae</strong></span> <span class='ocrx_word' id='word_1_523' title='bbox 3320 3262 3653 3320; x_wconf 80' lang='lat' dir='ltr'><strong>abundantis</strong></span> 
     </span>
    </p>
   </div>
   <div class='ocr_carea' id='block_1_76' title="bbox 2077 3341 3656 3424">
    <p class='ocr_par' dir='ltr' id='par_1_76' title="bbox 2077 3341 3656 3424">
     <span class='ocr_line' id='line_1_77' title="bbox 2077 3341 3656 3424; baseline 0.011 -30"><span class='ocrx_word' id='word_1_524' title='bbox 2077 3355 2176 3411; x_wconf 86' lang='lat' dir='ltr'><strong>per</strong></span> <span class='ocrx_word' id='word_1_525' title='bbox 2220 3341 2351 3396; x_wconf 83' lang='lat' dir='ltr'><strong>illud</strong></span> <span class='ocrx_word' id='word_1_526' title='bbox 2387 3355 2791 3413; x_wconf 83' lang='lat' dir='ltr'><strong>commeantes,</strong></span> <span class='ocrx_word' id='word_1_527' title='bbox 2843 3349 2985 3405; x_wconf 92' lang='lat' dir='ltr'><strong>unde</strong></span> <span class='ocrx_word' id='word_1_528' title='bbox 3033 3352 3247 3407; x_wconf 84' lang='lat' dir='ltr'><strong>interim</strong></span> <span class='ocrx_word' id='word_1_529' title='bbox 3303 3357 3656 3424; x_wconf 82' lang='lat' dir='ltr'><strong>regetabatur</strong></span> 
     </span>
    </p>
   </div>
   <div class='ocr_carea' id='block_1_77' title="bbox 2076 3435 3648 3516">
    <p class='ocr_par' dir='ltr' id='par_1_77' title="bbox 2076 3435 3648 3516">
     <span class='ocr_line' id='line_1_78' title="bbox 2076 3435 3648 3516; baseline 0.012 -29"><span class='ocrx_word' id='word_1_530' title='bbox 2076 3448 2141 3488; x_wconf 80' lang='lat' dir='ltr'><strong>ac</strong></span> <span class='ocrx_word' id='word_1_531' title='bbox 2172 3435 2440 3502; x_wconf 89' lang='lat' dir='ltr'><strong>ciebatur,</strong></span> <span class='ocrx_word' id='word_1_532' title='bbox 2485 3438 2627 3499; x_wconf 80' lang='lat' dir='ltr'><strong>haud</strong></span> <span class='ocrx_word' id='word_1_533' title='bbox 2671 3451 2924 3497; x_wconf 86' lang='lat' dir='ltr'><strong>cessante</strong></span> <span class='ocrx_word' id='word_1_534' title='bbox 2953 3481 2966 3506; x_wconf 91' lang='lat'><strong>,</strong></span> <span class='ocrx_word' id='word_1_535' title='bbox 3014 3459 3110 3514; x_wconf 92' lang='lat' dir='ltr'><strong>pro</strong></span> <span class='ocrx_word' id='word_1_536' title='bbox 3154 3461 3255 3500; x_wconf 84' lang='lat' dir='ltr'><strong>sua</strong></span> <span class='ocrx_word' id='word_1_537' title='bbox 3300 3450 3648 3516; x_wconf 84' lang='lat' dir='ltr'><strong>strenuitate,</strong></span> 
     </span>
    </p>
   </div>
   <div class='ocr_carea' id='block_1_78' title="bbox 2073 3527 3646 3605">
    <p class='ocr_par' dir='ltr' id='par_1_78' title="bbox 2073 3527 3646 3605">
     <span class='ocr_line' id='line_1_79' title="bbox 2073 3527 3646 3605; baseline 0.011 -26"><span class='ocrx_word' id='word_1_538' title='bbox 2073 3527 2316 3600; x_wconf 71' lang='lat' dir='ltr'><strong>Augusto</strong></span> <span class='ocrx_word' id='word_1_539' title='bbox 2356 3531 2424 3585; x_wconf 87' lang='lat' dir='ltr'><strong>ad</strong></span> <span class='ocrx_word' id='word_1_540' title='bbox 2480 3533 2666 3586; x_wconf 87' lang='lat' dir='ltr'><strong>omnia</strong></span> <span class='ocrx_word' id='word_1_541' title='bbox 2703 3533 2932 3605; x_wconf 86' lang='lat' dir='ltr'><strong>impigre</strong></span> <span class='ocrx_word' id='word_1_542' title='bbox 2961 3553 3284 3596; x_wconf 75' lang='lat' dir='ltr'><strong>occurrere.</strong></span> <span class='ocrx_word' id='word_1_543' title='bbox 3332 3541 3416 3596; x_wconf 78' lang='lat' dir='ltr'><strong>Ad</strong></span> <span class='ocrx_word' id='word_1_544' title='bbox 3463 3554 3646 3599; x_wconf 80' lang='lat' dir='ltr'><strong>extre.</strong></span> 
     </span>
    </p>
   </div>
   <div class='ocr_carea' id='block_1_79' title="bbox 2075 3622 3645 3696">
    <p class='ocr_par' dir='ltr' id='par_1_79' title="bbox 2075 3622 3645 3696">
     <span class='ocr_line' id='line_1_80' title="bbox 2075 3622 3645 3696; baseline 0.01 -22"><span class='ocrx_word' id='word_1_545' title='bbox 2075 3636 2222 3675; x_wconf 92' lang='lat' dir='ltr'><strong>mum</strong></span> <span class='ocrx_word' id='word_1_546' title='bbox 2266 3622 2396 3692; x_wconf 90' lang='lat' dir='ltr'><strong>quin</strong></span> <span class='ocrx_word' id='word_1_547' title='bbox 2453 3625 2641 3687; x_wconf 87' lang='lat' dir='ltr'><strong>etiam.</strong></span> <span class='ocrx_word' id='word_1_548' title='bbox 2674 3627 2768 3682; x_wconf 91' lang='lat' dir='ltr'><strong>sed</strong></span> <span class='ocrx_word' id='word_1_549' title='bbox 2798 3628 2911 3696; x_wconf 87' lang='lat' dir='ltr'><strong>jam</strong></span> <span class='ocrx_word' id='word_1_550' title='bbox 2945 3645 3091 3696; x_wconf 86' lang='lat' dir='ltr'><strong>sero,</strong></span> <span class='ocrx_word' id='word_1_551' title='bbox 3125 3632 3313 3689; x_wconf 73' lang='lat' dir='ltr'><strong>auctis‘</strong></span> <span class='ocrx_word' id='word_1_552' title='bbox 3343 3636 3548 3690; x_wconf 80' lang='lat' dir='ltr'><strong>sensim</strong></span> <span class='ocrx_word' id='word_1_553' title='bbox 3593 3640 3645 3690; x_wconf 89' lang='lat' dir='ltr'><strong>in</strong></span> 
     </span>
    </p>
   </div>
   <div class='ocr_carea' id='block_1_80' title="bbox 2077 3714 3645 3793">
    <p class='ocr_par' dir='ltr' id='par_1_80' title="bbox 2077 3714 3645 3793">
     <span class='ocr_line' id='line_1_81' title="bbox 2077 3714 3645 3793; baseline 0.013 -27"><span class='ocrx_word' id='word_1_554' title='bbox 2077 3714 2272 3769; x_wconf 88' lang='lat' dir='ltr'><strong>molem</strong></span> <span class='ocrx_word' id='word_1_555' title='bbox 2324 3717 2751 3785; x_wconf 84' lang='lat' dir='ltr'><strong>insuperabilem</strong></span> <span class='ocrx_word' id='word_1_556' title='bbox 2798 3721 2979 3782; x_wconf 87' lang='lat' dir='ltr'><strong>malis.</strong></span> <span class='ocrx_word' id='word_1_557' title='bbox 3030 3739 3307 3793; x_wconf 85' lang='lat' dir='ltr'><strong>opponere</strong></span> <span class='ocrx_word' id='word_1_558' title='bbox 3355 3729 3521 3782; x_wconf 77' lang='lat' dir='ltr'><strong>nimis</strong></span> <span class='ocrx_word' id='word_1_559' title='bbox 3551 3732 3645 3786; x_wconf 93' lang='lat' dir='ltr'><strong>diu</strong></span> 
     </span>
    </p>
   </div>
   <div class='ocr_carea' id='block_1_81' title="bbox 2019 3796 3644 3893">
    <p class='ocr_par' dir='ltr' id='par_1_81' title="bbox 2019 3796 3644 3893">
     <span class='ocr_line' id='line_1_82' title="bbox 2019 3796 3644 3893; baseline 0.012 -37"><span class='ocrx_word' id='word_1_560' title='bbox 2019 3796 2032 3806; x_wconf 73' lang='grc'><em>’</em></span> <span class='ocrx_word' id='word_1_561' title='bbox 2073 3805 2335 3859; x_wconf 81' lang='lat' dir='ltr'><strong>omissam</strong></span> <span class='ocrx_word' id='word_1_562' title='bbox 2374 3808 2724 3863; x_wconf 86' lang='lat' dir='ltr'><strong>severitatem</strong></span> <span class='ocrx_word' id='word_1_563' title='bbox 2778 3821 2861 3866; x_wconf 83' lang='lat' dir='ltr'><strong>est</strong></span> <span class='ocrx_word' id='word_1_564' title='bbox 2893 3822 3145 3883; x_wconf 86' lang='lat' dir='ltr'><strong>conatus,</strong></span> <span class='ocrx_word' id='word_1_565' title='bbox 3198 3825 3252 3870; x_wconf 88' lang='lat' dir='ltr'><strong>et</strong></span> <span class='ocrx_word' id='word_1_566' title='bbox 3293 3818 3509 3888; x_wconf 82' lang='lat' dir='ltr'><strong>publica</strong></span> <span class='ocrx_word' id='word_1_567' title='bbox 3556 3822 3644 3893; x_wconf 76' lang='lat' dir='ltr'><strong>in-</strong></span> 
     </span>
    </p>
   </div>
   <div class='ocr_carea' id='block_1_82' title="bbox 2072 3897 3644 3976">
    <p class='ocr_par' dir='ltr' id='par_1_82' title="bbox 2072 3897 3644 3976">
     <span class='ocr_line' id='line_1_83' title="bbox 2072 3897 3644 3976; baseline 0.013 -26"><span class='ocrx_word' id='word_1_568' title='bbox 2072 3897 2358 3952; x_wconf 80' lang='lat' dir='ltr'><strong>commoda</strong></span> <span class='ocrx_word' id='word_1_569' title='bbox 2403 3907 2722 3972; x_wconf 87' lang='lat' dir='ltr'><strong>retorquere</strong></span> <span class='ocrx_word' id='word_1_570' title='bbox 2758 3904 2810 3957; x_wconf 90' lang='lat' dir='ltr'><strong>in</strong></span> <span class='ocrx_word' id='word_1_571' title='bbox 2861 3906 3042 3975; x_wconf 85' lang='lat' dir='ltr'><strong>capita</strong></span> <span class='ocrx_word' id='word_1_572' title='bbox 3078 3917 3391 3976; x_wconf 83' lang='lat' dir='ltr'><strong>auctorum,</strong></span> <span class='ocrx_word' id='word_1_573' title='bbox 3435 3916 3644 3970; x_wconf 90' lang='lat' dir='ltr'><strong>meritis</strong></span> 
     </span>
    </p>
   </div>
   <div class='ocr_carea' id='block_1_83' title="bbox 2071 3990 3641 4065">
    <p class='ocr_par' dir='ltr' id='par_1_83' title="bbox 2071 3990 3641 4065">
     <span class='ocr_line' id='line_1_84' title="bbox 2071 3990 3641 4065; baseline 0.013 -22"><span class='ocrx_word' id='word_1_574' title='bbox 2071 4004 2167 4044; x_wconf 90' lang='lat' dir='ltr'><strong>eos</strong></span> <span class='ocrx_word' id='word_1_575' title='bbox 2220 3990 2562 4065; x_wconf 68' lang='lat' dir='ltr'><strong>subjicienda</strong></span> <span class='ocrx_word' id='word_1_576' title='bbox 2611 3996 2914 4065; x_wconf 86' lang='lat' dir='ltr'><strong>suppliciis,</strong></span> <span class='ocrx_word' id='word_1_577' title='bbox 2966 4003 3210 4056; x_wconf 86' lang='lat' dir='ltr'><strong>tentavit.</strong></span> <span class='ocrx_word' id='word_1_578' title='bbox 3265 4003 3532 4063; x_wconf 85' lang='lat' dir='ltr'><strong>Utebatnr</strong></span> <span class='ocrx_word' id='word_1_579' title='bbox 3575 4011 3641 4063; x_wconf 77' lang='lat' dir='ltr'><strong>ad</strong></span> 
     </span>
    </p>
   </div>
   <div class='ocr_carea' id='block_1_84' title="bbox 2071 4059 3640 4168">
    <p class='ocr_par' dir='ltr' id='par_1_84' title="bbox 2071 4059 3640 4168">
     <span class='ocr_line' id='line_1_85' title="bbox 2071 4059 3640 4168; baseline 0.014 -32"><span class='ocrx_word' id='word_1_580' title='bbox 2071 4083 2176 4137; x_wconf 90' lang='lat' dir='ltr'><strong>hoc</strong></span> <span class='ocrx_word' id='word_1_581' title='bbox 2209 4099 2331 4137; x_wconf 89' lang='lat' dir='ltr'><strong>cum</strong></span> <span class='ocrx_word' id='word_1_582' title='bbox 2358 4059 2481 4138; x_wconf 74' lang='lat' dir='ltr'><strong>aliis</strong></span> <span class='ocrx_word' id='word_1_583' title='bbox 2510 4100 2644 4155; x_wconf 85' lang='lat' dir='ltr'><strong>quas</strong></span> <span class='ocrx_word' id='word_1_584' title='bbox 2684 4088 2918 4144; x_wconf 80' lang='lat' dir='ltr'><strong>habebat</strong></span> <span class='ocrx_word' id='word_1_585' title='bbox 2953 4091 3020 4146; x_wconf 90' lang='lat' dir='ltr'><strong>ad</strong></span> <span class='ocrx_word' id='word_1_586' title='bbox 3069 4109 3290 4150; x_wconf 90' lang='lat' dir='ltr'><strong>manum</strong></span> <span class='ocrx_word' id='word_1_587' title='bbox 3318 4100 3490 4168; x_wconf 87' lang='lat' dir='ltr'><strong>copiis</strong></span> <span class='ocrx_word' id='word_1_588' title='bbox 3527 4112 3640 4158; x_wconf 88' lang='lat' dir='ltr'><strong>tum</strong></span> 
     </span>
    </p>
   </div>
   <div class='ocr_carea' id='block_1_85' title="bbox 2069 4177 3638 4258">
    <p class='ocr_par' dir='ltr' id='par_1_85' title="bbox 2069 4177 3638 4258">
     <span class='ocr_line' id='line_1_86' title="bbox 2069 4177 3638 4258; baseline 0.014 -30"><span class='ocrx_word' id='word_1_589' title='bbox 2069 4177 2345 4248; x_wconf 56' lang='lat' dir='ltr'><strong>praecipue</strong></span> <span class='ocrx_word' id='word_1_590' title='bbox 2375 4178 2588 4232; x_wconf 86' lang='lat' dir='ltr'><strong>Cretica</strong></span> <span class='ocrx_word' id='word_1_591' title='bbox 2629 4179 2822 4234; x_wconf 89' lang='lat' dir='ltr'><strong>militia</strong></span> <span class='ocrx_word' id='word_1_592' title='bbox 2851 4185 3208 4252; x_wconf 71' lang='lat' dir='ltr'><strong>praesidiariis</strong></span> <span class='ocrx_word' id='word_1_593' title='bbox 3237 4193 3638 4258; x_wconf 83' lang='lat' dir='ltr'><strong>provinciarum</strong></span> 
     </span>
    </p>
   </div>
   <div class='ocr_carea' id='block_1_86' title="bbox 2068 4269 3643 4344">
    <p class='ocr_par' dir='ltr' id='par_1_86' title="bbox 2068 4269 3643 4344">
     <span class='ocr_line' id='line_1_87' title="bbox 2068 4269 3643 4344; baseline 0.013 -21"><span class='ocrx_word' id='word_1_594' title='bbox 2068 4270 2324 4325; x_wconf 83' lang='lat' dir='ltr'><strong>adtnista.</strong></span> <span class='ocrx_word' id='word_1_595' title='bbox 2357 4269 2490 4326; x_wconf 83' lang='lat' dir='ltr'><strong>Nam</strong></span> <span class='ocrx_word' id='word_1_596' title='bbox 2529 4275 2734 4328; x_wconf 85' lang='lat' dir='ltr'><strong>multos</strong></span> <span class='ocrx_word' id='word_1_597' title='bbox 2768 4291 2797 4329; x_wconf 90' lang='lat' dir='ltr'><strong>e</strong></span> <span class='ocrx_word' id='word_1_598' title='bbox 2827 4275 2984 4330; x_wconf 83' lang='lat' dir='ltr'><strong>Creta</strong></span> <span class='ocrx_word' id='word_1_599' title='bbox 3016 4279 3214 4343; x_wconf 87' lang='lat' dir='ltr'><strong>insula.</strong></span> <span class='ocrx_word' id='word_1_600' title='bbox 3259 4286 3462 4340; x_wconf 89' lang='lat' dir='ltr'><strong>servire</strong></span> <span class='ocrx_word' id='word_1_601' title='bbox 3497 4287 3643 4344; x_wconf 86' lang='lat' dir='ltr'><strong>Lati-</strong></span> 
     </span>
    </p>
   </div>
   <div class='ocr_carea' id='block_1_87' title="bbox 2068 4364 3642 4441">
    <p class='ocr_par' dir='ltr' id='par_1_87' title="bbox 2068 4364 3642 4441">
     <span class='ocr_line' id='line_1_88' title="bbox 2068 4364 3642 4441; baseline 0.01 -24"><span class='ocrx_word' id='word_1_602' title='bbox 2068 4364 2298 4419; x_wconf 88' lang='lat' dir='ltr'><strong>nis-illic</strong></span> <span class='ocrx_word' id='word_1_603' title='bbox 2334 4364 2447 4434; x_wconf 85' lang='lat' dir='ltr'><strong>jam</strong></span> <span class='ocrx_word' id='word_1_604' title='bbox 2481 4367 2911 4424; x_wconf 89' lang='lat' dir='ltr'><strong>ineluctabiliter</strong></span> <span class='ocrx_word' id='word_1_605' title='bbox 2938 4374 3362 4441; x_wconf 67' lang='lat' dir='ltr'><strong>praevalentitus</strong></span> <span class='ocrx_word' id='word_1_606' title='bbox 3412 4394 3519 4434; x_wconf 86' lang='lat' dir='ltr'><strong>non</strong></span> <span class='ocrx_word' id='word_1_607' title='bbox 3550 4399 3642 4438; x_wconf 79' lang='lat' dir='ltr'><strong>sn-</strong></span> 
     </span>
    </p>
   </div>
   <div class='ocr_carea' id='block_1_88' title="bbox 2067 4458 3641 4532">
    <p class='ocr_par' dir='ltr' id='par_1_88' title="bbox 2067 4458 3641 4532">
     <span class='ocr_line' id='line_1_89' title="bbox 2067 4458 3641 4532; baseline 0.013 -20"><span class='ocrx_word' id='word_1_608' title='bbox 2067 4459 2337 4514; x_wconf 87' lang='lat' dir='ltr'><strong>stinentes</strong></span> <span class='ocrx_word' id='word_1_609' title='bbox 2359 4499 2374 4524; x_wconf 91' lang='lat'><strong>,</strong></span> <span class='ocrx_word' id='word_1_610' title='bbox 2400 4458 2696 4530; x_wconf 81' lang='lat' dir='ltr'><strong>imperator</strong></span> <span class='ocrx_word' id='word_1_611' title='bbox 2725 4463 2776 4518; x_wconf 91' lang='lat' dir='ltr'><strong>in</strong></span> <span class='ocrx_word' id='word_1_612' title='bbox 2811 4472 3018 4521; x_wconf 88' lang='lat' dir='ltr'><strong>tractus</strong></span> <span class='ocrx_word' id='word_1_613' title='bbox 3041 4466 3345 4525; x_wconf 85' lang='lat' dir='ltr'><strong>Orientales</strong></span> <span class='ocrx_word' id='word_1_614' title='bbox 3385 4471 3641 4532; x_wconf 86' lang='lat' dir='ltr'><strong>invitatos</strong></span> 
     </span>
    </p>
   </div>
   <div class='ocr_carea' id='block_1_89' title="bbox 385 4549 3640 4639">
    <p class='ocr_par' dir='ltr' id='par_1_89' title="bbox 385 4549 3640 4639">
     <span class='ocr_line' id='line_1_90' title="bbox 385 4549 3640 4639; baseline 0 -17"><span class='ocrx_word' id='word_1_615' title='bbox 385 4567 769 4623; x_wconf 70' lang='lat' dir='ltr'><strong>solvmilaruin</strong></span> <span class='ocrx_word' id='word_1_616' title='bbox 812 4579 875 4617; x_wconf 89' lang='lat' dir='ltr'><strong>ex</strong></span> <span class='ocrx_word' id='word_1_617' title='bbox 915 4562 1019 4616; x_wconf 80' lang='lat' dir='ltr'><strong>fide</strong></span> <span class='ocrx_word' id='word_1_618' title='bbox 1068 4559 1420 4632; x_wconf 89' lang='lat' dir='ltr'><strong>pensionum,</strong></span> <span class='ocrx_word' id='word_1_619' title='bbox 1456 4577 1577 4630; x_wconf 72' lang='lat' dir='ltr'><strong>qua:</strong></span> <span class='ocrx_word' id='word_1_620' title='bbox 1604 4562 1959 4632; x_wconf 84' lang='lat' dir='ltr'><strong>praesidiariis</strong></span> <span class='ocrx_word' id='word_1_621' title='bbox 1992 4549 2037 4608; x_wconf 88' lang='lat' dir='ltr'><strong>D</strong></span> <span class='ocrx_word' id='word_1_622' title='bbox 2067 4551 2118 4604; x_wconf 90' lang='lat' dir='ltr'><strong>in</strong></span> <span class='ocrx_word' id='word_1_623' title='bbox 2167 4551 2303 4607; x_wconf 90' lang='lat' dir='ltr'><strong>locis</strong></span> <span class='ocrx_word' id='word_1_624' title='bbox 2360 4568 2473 4608; x_wconf 69' lang='lat' dir='ltr'><strong>suae</strong></span> <span class='ocrx_word' id='word_1_625' title='bbox 2518 4554 2745 4610; x_wconf 87' lang='lat' dir='ltr'><strong>ditionis</strong></span> <span class='ocrx_word' id='word_1_626' title='bbox 2794 4557 3186 4628; x_wconf 83' lang='lat' dir='ltr'><strong>collocaverat,</strong></span> <span class='ocrx_word' id='word_1_627' title='bbox 3238 4566 3640 4639; x_wconf 89' lang='lat' dir='ltr'><strong>pcnsionesque</strong></span> 
     </span>
    </p>
   </div>
   <div class='ocr_carea' id='block_1_90' title="bbox 385 4635 1962 4716">
    <p class='ocr_par' dir='ltr' id='par_1_90' title="bbox 385 4635 1962 4716">
     <span class='ocr_line' id='line_1_91' title="bbox 385 4635 1962 4716; baseline -0.004 0"><span class='ocrx_word' id='word_1_628' title='bbox 385 4660 597 4716; x_wconf 85' lang='lat' dir='ltr'><strong>arcium</strong></span> <span class='ocrx_word' id='word_1_629' title='bbox 649 4659 706 4714; x_wconf 90' lang='lat' dir='ltr'><strong>in</strong></span> <span class='ocrx_word' id='word_1_630' title='bbox 745 4657 1186 4712; x_wconf 84' lang='lat' dir='ltr'><strong>limitesitarum</strong></span> <span class='ocrx_word' id='word_1_631' title='bbox 1220 4635 1611 4710; x_wconf 46' lang='lat' dir='ltr'><strong>oliui-statuta</strong></span> <span class='ocrx_word' id='word_1_632' title='bbox 1652 4655 1871 4711; x_wconf 82' lang='lat' dir='ltr'><strong>fuerant</strong></span> <span class='ocrx_word' id='word_1_633' title='bbox 1905 4656 1962 4710; x_wconf 91' lang='lat' dir='ltr'><strong>in</strong></span> 
     </span>
    </p>
   </div>
   <div class='ocr_carea' id='block_1_91' title="bbox 386 4747 1961 4821">
    <p class='ocr_par' dir='ltr' id='par_1_91' title="bbox 386 4747 1961 4821">
     <span class='ocr_line' id='line_1_92' title="bbox 386 4747 1961 4821; baseline -0.004 -13"><span class='ocrx_word' id='word_1_634' title='bbox 386 4753 699 4809; x_wconf 84' lang='lat' dir='ltr'><strong>mercedem</strong></span> <span class='ocrx_word' id='word_1_635' title='bbox 760 4764 941 4821; x_wconf 70' lang='lat' dir='ltr'><strong>operae</strong></span> <span class='ocrx_word' id='word_1_636' title='bbox 996 4747 1249 4802; x_wconf 86' lang='lat' dir='ltr'><strong>militaris</strong></span> <span class='ocrx_word' id='word_1_637' title='bbox 1298 4748 1435 4803; x_wconf 88' lang='lat' dir='ltr'><strong>adeo</strong></span> <span class='ocrx_word' id='word_1_638' title='bbox 1467 4748 1580 4802; x_wconf 93' lang='lat' dir='ltr'><strong>illic</strong></span> <span class='ocrx_word' id='word_1_639' title='bbox 1613 4747 1678 4802; x_wconf 89' lang='lat' dir='ltr'><strong>ad</strong></span> <span class='ocrx_word' id='word_1_640' title='bbox 1711 4763 1961 4802; x_wconf 84' lang='lat' dir='ltr'><strong>commu-</strong></span> 
     </span>
    </p>
   </div>
   <div class='ocr_carea' id='block_1_92' title="bbox 385 4835 1962 4912">
    <p class='ocr_par' dir='ltr' id='par_1_92' title="bbox 385 4835 1962 4912">
     <span class='ocr_line' id='line_1_93' title="bbox 385 4835 1962 4912; baseline -0.002 -12"><span class='ocrx_word' id='word_1_641' title='bbox 385 4862 509 4902; x_wconf 91' lang='lat' dir='ltr'><strong>nem</strong></span> <span class='ocrx_word' id='word_1_642' title='bbox 543 4845 769 4898; x_wconf 90' lang='lat' dir='ltr'><strong>tutelam</strong></span> <span class='ocrx_word' id='word_1_643' title='bbox 804 4841 1151 4897; x_wconf 69' lang='lat' dir='ltr'><strong>uecessariaa.</strong></span> <span class='ocrx_word' id='word_1_644' title='bbox 1186 4838 1280 4894; x_wconf 62' lang='lat' dir='ltr'><strong>Hae</strong></span> <span class='ocrx_word' id='word_1_645' title='bbox 1307 4835 1550 4912; x_wconf 26' lang='lat' dir='ltr'><strong>‘tnaligne</strong></span> <span class='ocrx_word' id='word_1_646' title='bbox 1583 4857 1730 4898; x_wconf 89' lang='lat' dir='ltr'><strong>nunc</strong></span> <span class='ocrx_word' id='word_1_647' title='bbox 1760 4858 1962 4912; x_wconf 87' lang='lat' dir='ltr'><strong>suppe-</strong></span> 
     </span>
    </p>
   </div>
   <div class='ocr_carea' id='block_1_93' title="bbox 385 4935 2030 5008">
    <p class='ocr_par' dir='ltr' id='par_1_93' title="bbox 385 4935 2030 5008">
     <span class='ocr_line' id='line_1_94' title="bbox 385 4935 2030 5008; baseline -0.002 -15"><span class='ocrx_word' id='word_1_648' title='bbox 385 4942 707 4995; x_wconf 80' lang='lat' dir='ltr'><strong>ditabantur</strong></span> <span class='ocrx_word' id='word_1_649' title='bbox 757 4937 986 4992; x_wconf 73' lang='lat' dir='ltr'><strong>avaritia</strong></span> <span class='ocrx_word' id='word_1_650' title='bbox 1022 4935 1401 5006; x_wconf 68' lang='lat' dir='ltr'><strong>praefectorum</strong></span> <span class='ocrx_word' id='word_1_651' title='bbox 1451 4937 1755 5008; x_wconf 80' lang='lat' dir='ltr'><strong>erogationi</strong></span> <span class='ocrx_word' id='word_1_652' title='bbox 1797 4952 1963 5004; x_wconf 85' lang='lat' dir='ltr'><strong>pecu-</strong></span> <span class='ocrx_word' id='word_1_653' title='bbox 2020 5000 2030 5005; x_wconf 94' lang='lat'><em>_</em></span> 
     </span>
    </p>
   </div>
   <div class='ocr_carea' id='block_1_94' title="bbox 384 5028 1964 5104">
    <p class='ocr_par' dir='ltr' id='par_1_94' title="bbox 384 5028 1964 5104">
     <span class='ocr_line' id='line_1_95' title="bbox 384 5028 1964 5104; baseline -0.004 -15"><span class='ocrx_word' id='word_1_654' title='bbox 384 5035 490 5090; x_wconf 64' lang='lat' dir='ltr'><strong>nias</strong></span> <span class='ocrx_word' id='word_1_655' title='bbox 520 5033 772 5104; x_wconf 62' lang='lat' dir='ltr'><strong>publica,</strong></span> <span class='ocrx_word' id='word_1_656' title='bbox 807 5044 1041 5099; x_wconf 90' lang='lat' dir='ltr'><strong>quorum</strong></span> <span class='ocrx_word' id='word_1_657' title='bbox 1077 5029 1456 5097; x_wconf 88' lang='lat' dir='ltr'><strong>apponebatur</strong></span> <span class='ocrx_word' id='word_1_658' title='bbox 1493 5028 1663 5082; x_wconf 88' lang='lat' dir='ltr'><strong>lucris</strong></span> <span class='ocrx_word' id='word_1_659' title='bbox 1692 5030 1838 5096; x_wconf 85' lang='lat' dir='ltr'><strong>quod</strong></span> <span class='ocrx_word' id='word_1_660' title='bbox 1867 5045 1964 5097; x_wconf 90' lang='lat' dir='ltr'><strong>per</strong></span> 
     </span>
    </p>
   </div>
   <div class='ocr_carea' id='block_1_95' title="bbox 383 5119 1959 5190">
    <p class='ocr_par' dir='ltr' id='par_1_95' title="bbox 383 5119 1959 5190">
     <span class='ocr_line' id='line_1_96' title="bbox 383 5119 1959 5190; baseline -0.006 -6"><span class='ocrx_word' id='word_1_661' title='bbox 383 5137 599 5184; x_wconf 79' lang='lat' dir='ltr'><strong>astutus</strong></span> <span class='ocrx_word' id='word_1_662' title='bbox 642 5124 1060 5178; x_wconf 86' lang='lat' dir='ltr'><strong>frustrationum</strong></span> <span class='ocrx_word' id='word_1_663' title='bbox 1108 5130 1253 5176; x_wconf 88' lang='lat' dir='ltr'><strong>artes</strong></span> <span class='ocrx_word' id='word_1_664' title='bbox 1287 5119 1638 5174; x_wconf 71' lang='lat' dir='ltr'><strong>dilfuudenda</strong></span> <span class='ocrx_word' id='word_1_665' title='bbox 1675 5123 1959 5190; x_wconf 61' lang='lat' dir='ltr'><strong>praetexti-</strong></span> 
     </span>
    </p>
   </div>
   <div class='ocr_carea' id='block_1_96' title="bbox 385 5212 1963 5278">
    <p class='ocr_par' dir='ltr' id='par_1_96' title="bbox 385 5212 1963 5278">
     <span class='ocr_line' id='line_1_97' title="bbox 385 5212 1963 5278; baseline -0.006 0"><span class='ocrx_word' id='word_1_666' title='bbox 385 5223 489 5278; x_wconf 88' lang='lat' dir='ltr'><strong>bus</strong></span> <span class='ocrx_word' id='word_1_667' title='bbox 512 5216 683 5272; x_wconf 82' lang='lat' dir='ltr'><strong>vafris</strong></span> <span class='ocrx_word' id='word_1_668' title='bbox 731 5212 1020 5271; x_wconf 88' lang='lat' dir='ltr'><strong>solutionis</strong></span> <span class='ocrx_word' id='word_1_669' title='bbox 1059 5213 1148 5267; x_wconf 87' lang='lat' dir='ltr'><strong>die</strong></span> <span class='ocrx_word' id='word_1_670' title='bbox 1196 5213 1413 5267; x_wconf 88' lang='lat' dir='ltr'><strong>miseris</strong></span> <span class='ocrx_word' id='word_1_671' title='bbox 1445 5212 1711 5266; x_wconf 88' lang='lat' dir='ltr'><strong>militibus</strong></span> <span class='ocrx_word' id='word_1_672' title='bbox 1746 5214 1963 5270; x_wconf 87' lang='lat' dir='ltr'><strong>subtra-</strong></span> 
     </span>
    </p>
   </div>
   <div class='ocr_carea' id='block_1_97' title="bbox 383 5305 1961 5380">
    <p class='ocr_par' dir='ltr' id='par_1_97' title="bbox 383 5305 1961 5380">
     <span class='ocr_line' id='line_1_98' title="bbox 383 5305 1961 5380; baseline -0.006 -12"><span class='ocrx_word' id='word_1_673' title='bbox 383 5313 617 5368; x_wconf 86' lang='lat' dir='ltr'><strong>hebatur</strong></span> <span class='ocrx_word' id='word_1_674' title='bbox 660 5309 893 5380; x_wconf 85' lang='lat' dir='ltr'><strong>pretium</strong></span> <span class='ocrx_word' id='word_1_675' title='bbox 931 5306 1193 5360; x_wconf 89' lang='lat' dir='ltr'><strong>sudorum</strong></span> <span class='ocrx_word' id='word_1_676' title='bbox 1233 5320 1296 5358; x_wconf 85' lang='lat' dir='ltr'><strong>ac</strong></span> <span class='ocrx_word' id='word_1_677' title='bbox 1333 5305 1641 5375; x_wconf 72' lang='lat' dir='ltr'><strong>sanguinis.</strong></span> <span class='ocrx_word' id='word_1_678' title='bbox 1684 5305 1780 5359; x_wconf 85' lang='lat' dir='ltr'><strong>His</strong></span> <span class='ocrx_word' id='word_1_679' title='bbox 1826 5305 1961 5359; x_wconf 84' lang='lat' dir='ltr'><strong>duo-</strong></span> 
     </span>
    </p>
   </div>
   <div class='ocr_carea' id='block_1_98' title="bbox 379 5397 2023 5473">
    <p class='ocr_par' dir='ltr' id='par_1_98' title="bbox 379 5397 2023 5473">
     <span class='ocr_line' id='line_1_99' title="bbox 379 5397 2023 5473; baseline -0.009 -9"><span class='ocrx_word' id='word_1_680' title='bbox 379 5398 489 5464; x_wconf 75' lang='lat' dir='ltr'><strong>bus</strong></span> <span class='ocrx_word' id='word_1_681' title='bbox 522 5405 789 5470; x_wconf 79' lang='lat' dir='ltr'><strong>malis,ne</strong></span> <span class='ocrx_word' id='word_1_682' title='bbox 820 5403 874 5455; x_wconf 88' lang='lat' dir='ltr'><strong>in</strong></span> <span class='ocrx_word' id='word_1_683' title='bbox 903 5415 1072 5454; x_wconf 89' lang='lat' dir='ltr'><strong>unum</strong></span> <span class='ocrx_word' id='word_1_684' title='bbox 1093 5399 1347 5454; x_wconf 88' lang='lat' dir='ltr'><strong>coeuntia</strong></span> <span class='ocrx_word' id='word_1_685' title='bbox 1375 5397 1720 5452; x_wconf 89' lang='lat' dir='ltr'><strong>exundarent</strong></span> <span class='ocrx_word' id='word_1_686' title='bbox 1745 5397 1796 5450; x_wconf 95' lang='lat' dir='ltr'><strong>in</strong></span> <span class='ocrx_word' id='word_1_687' title='bbox 1832 5412 1958 5467; x_wconf 90' lang='lat' dir='ltr'><strong>per-</strong></span> <span class='ocrx_word' id='word_1_688' title='bbox 2021 5471 2023 5473; x_wconf 87' lang='lat'><em>_</em></span> 
     </span>
    </p>
   </div>
   <div class='ocr_carea' id='block_1_99' title="bbox 382 5486 1958 5567">
    <p class='ocr_par' dir='ltr' id='par_1_99' title="bbox 382 5486 1958 5567">
     <span class='ocr_line' id='line_1_100' title="bbox 382 5486 1958 5567; baseline -0.008 -14"><span class='ocrx_word' id='word_1_689' title='bbox 382 5499 576 5553; x_wconf 87' lang='lat' dir='ltr'><strong>niciem</strong></span> <span class='ocrx_word' id='word_1_690' title='bbox 611 5495 907 5567; x_wconf 85' lang='lat' dir='ltr'><strong>publicam,</strong></span> <span class='ocrx_word' id='word_1_691' title='bbox 947 5506 1114 5546; x_wconf 88' lang='lat' dir='ltr'><strong>unum</strong></span> <span class='ocrx_word' id='word_1_692' title='bbox 1153 5504 1275 5545; x_wconf 89' lang='lat' dir='ltr'><strong>esse</strong></span> <span class='ocrx_word' id='word_1_693' title='bbox 1316 5499 1568 5558; x_wconf 81' lang='lat' dir='ltr'><strong>potuerat</strong></span> <span class='ocrx_word' id='word_1_694' title='bbox 1617 5486 1813 5541; x_wconf 85' lang='lat' dir='ltr'><strong>efficax</strong></span> <span class='ocrx_word' id='word_1_695' title='bbox 1872 5502 1958 5540; x_wconf 91' lang='lat' dir='ltr'><strong>rc-</strong></span> 
     </span>
    </p>
   </div>
   <div class='ocr_carea' id='block_1_100' title="bbox 381 5581 1955 5660">
    <p class='ocr_par' dir='ltr' id='par_1_100' title="bbox 381 5581 1955 5660">
     <span class='ocr_line' id='line_1_101' title="bbox 381 5581 1955 5660; baseline -0.007 -14"><span class='ocrx_word' id='word_1_696' title='bbox 381 5592 624 5648; x_wconf 84' lang='lat' dir='ltr'><strong>medium</strong></span> <span class='ocrx_word' id='word_1_697' title='bbox 671 5590 742 5643; x_wconf 86' lang='lat' dir='ltr'><strong>ab</strong></span> <span class='ocrx_word' id='word_1_698' title='bbox 786 5587 1130 5660; x_wconf 81' lang='lat' dir='ltr'><strong>imperatoris</strong></span> <span class='ocrx_word' id='word_1_699' title='bbox 1162 5584 1493 5638; x_wconf 74' lang='lat' dir='ltr'><strong>auctoritate</strong></span> <span class='ocrx_word' id='word_1_700' title='bbox 1529 5596 1764 5648; x_wconf 83' lang='lat' dir='ltr'><strong>summa,</strong></span> <span class='ocrx_word' id='word_1_701' title='bbox 1807 5581 1851 5635; x_wconf 89' lang='lat' dir='ltr'><strong>si</strong></span> <span class='ocrx_word' id='word_1_702' title='bbox 1907 5581 1955 5635; x_wconf 80' lang='lat' dir='ltr'><strong>is</strong></span> 
     </span>
    </p>
   </div>
   <div class='ocr_carea' id='block_1_101' title="bbox 380 5673 1956 5749">
    <p class='ocr_par' dir='ltr' id='par_1_101' title="bbox 380 5673 1956 5749">
     <span class='ocr_line' id='line_1_102' title="bbox 380 5673 1956 5749; baseline -0.008 -11"><span class='ocrx_word' id='word_1_703' title='bbox 380 5683 565 5742; x_wconf 75' lang='lat' dir='ltr'><strong>delata</strong></span> <span class='ocrx_word' id='word_1_704' title='bbox 597 5679 1038 5749; x_wconf 88' lang='lat' dir='ltr'><strong>corruptelarum</strong></span> <span class='ocrx_word' id='word_1_705' title='bbox 1074 5692 1212 5747; x_wconf 87' lang='lat' dir='ltr'><strong>quas</strong></span> <span class='ocrx_word' id='word_1_706' title='bbox 1264 5676 1694 5728; x_wconf 84' lang='lat' dir='ltr'><strong>memoravimus</strong></span> <span class='ocrx_word' id='word_1_707' title='bbox 1747 5673 1956 5728; x_wconf 84' lang='lat' dir='ltr'><strong>indicio</strong></span> 
     </span>
    </p>
   </div>
   <div class='ocr_carea' id='block_1_102' title="bbox 380 5757 1956 5850">
    <p class='ocr_par' dir='ltr' id='par_1_102' title="bbox 380 5757 1956 5850">
     <span class='ocr_line' id='line_1_103' title="bbox 380 5757 1956 5850; baseline -0.006 -20"><span class='ocrx_word' id='word_1_708' title='bbox 380 5777 446 5830; x_wconf 87' lang='lat' dir='ltr'><strong>ad</strong></span> <span class='ocrx_word' id='word_1_709' title='bbox 483 5772 580 5830; x_wconf 84' lang='lat' dir='ltr'><strong>eas</strong></span> <span class='ocrx_word' id='word_1_710' title='bbox 624 5770 960 5830; x_wconf 80' lang='lat' dir='ltr'><strong>coercendas</strong></span> <span class='ocrx_word' id='word_1_711' title='bbox 1009 5757 1212 5824; x_wconf 84' lang='lat' dir='ltr'><strong>adduci</strong></span> <span class='ocrx_word' id='word_1_712' title='bbox 1265 5765 1558 5836; x_wconf 87' lang='lat' dir='ltr'><strong>potuisset.</strong></span> <span class='ocrx_word' id='word_1_713' title='bbox 1601 5764 1705 5820; x_wconf 90' lang='lat' dir='ltr'><strong>Sed</strong></span> <span class='ocrx_word' id='word_1_714' title='bbox 1755 5781 1820 5820; x_wconf 91' lang='lat' dir='ltr'><strong>ne</strong></span> <span class='ocrx_word' id='word_1_715' title='bbox 1854 5767 1956 5850; x_wconf 81' lang='lat' dir='ltr'><strong>hoc</strong></span> 
     </span>
    </p>
   </div>
   <div class='ocr_carea' id='block_1_103' title="bbox 375 5858 1950 5940">
    <p class='ocr_par' dir='ltr' id='par_1_103' title="bbox 375 5858 1950 5940">
     <span class='ocr_line' id='line_1_104' title="bbox 375 5858 1950 5940; baseline -0.008 -13"><span class='ocrx_word' id='word_1_716' title='bbox 375 5867 720 5940; x_wconf 61' lang='lat' dir='ltr'><strong>contingeret</strong></span> <span class='ocrx_word' id='word_1_717' title='bbox 777 5871 874 5919; x_wconf 85' lang='lat' dir='ltr'><strong>aut</strong></span> <span class='ocrx_word' id='word_1_718' title='bbox 927 5870 1247 5932; x_wconf 82' lang='lat' dir='ltr'><strong>speraretur</strong></span> <span class='ocrx_word' id='word_1_719' title='bbox 1293 5861 1548 5917; x_wconf 85' lang='lat' dir='ltr'><strong>obstabat</strong></span> <span class='ocrx_word' id='word_1_720' title='bbox 1587 5858 1950 5923; x_wconf 75' lang='lat' dir='ltr'><strong>immobilitas</strong></span> 
     </span>
    </p>
   </div>
   <div class='ocr_carea' id='block_1_104' title="bbox 2069 4645 3638 4714">
    <p class='ocr_par' dir='ltr' id='par_1_104' title="bbox 2069 4645 3638 4714">
     <span class='ocr_line' id='line_1_105' title="bbox 2069 4645 3638 4714; baseline 0.01 -15"><span class='ocrx_word' id='word_1_721' title='bbox 2069 4645 2136 4699; x_wconf 93' lang='lat' dir='ltr'><strong>iis</strong></span> <span class='ocrx_word' id='word_1_722' title='bbox 2170 4645 2488 4702; x_wconf 84' lang='lat' dir='ltr'><strong>decreverat</strong></span> <span class='ocrx_word' id='word_1_723' title='bbox 2524 4663 2759 4714; x_wconf 87' lang='lat' dir='ltr'><strong>annuas,</strong></span> <span class='ocrx_word' id='word_1_724' title='bbox 2791 4650 2892 4705; x_wconf 85' lang='lat' dir='ltr'><strong>fida</strong></span> <span class='ocrx_word' id='word_1_725' title='bbox 2928 4652 3142 4708; x_wconf 85' lang='lat' dir='ltr'><strong>illorum</strong></span> <span class='ocrx_word' id='word_1_726' title='bbox 3188 4664 3346 4713; x_wconf 91' lang='lat' dir='ltr'><strong>utens</strong></span> <span class='ocrx_word' id='word_1_727' title='bbox 3390 4662 3443 4713; x_wconf 90' lang='lat' dir='ltr'><strong>in</strong></span> <span class='ocrx_word' id='word_1_728' title='bbox 3483 4660 3638 4714; x_wconf 78' lang='lat' dir='ltr'><strong>bellis</strong></span> 
     </span>
    </p>
   </div>
   <div class='ocr_carea' id='block_1_105' title="bbox 2021 4730 3635 4816">
    <p class='ocr_par' dir='ltr' id='par_1_105' title="bbox 2021 4730 3635 4816">
     <span class='ocr_line' id='line_1_106' title="bbox 2021 4730 3635 4816; baseline 0.009 -25"><span class='ocrx_word' id='word_1_729' title='bbox 2021 4730 2026 4734; x_wconf 77' lang='grc'><em>’</em></span> <span class='ocrx_word' id='word_1_730' title='bbox 2067 4753 2255 4808; x_wconf 79' lang='lat' dir='ltr'><strong>Opera.</strong></span> <span class='ocrx_word' id='word_1_731' title='bbox 2309 4737 2507 4794; x_wconf 85' lang='lat' dir='ltr'><strong>Verum</strong></span> <span class='ocrx_word' id='word_1_732' title='bbox 2557 4750 2615 4796; x_wconf 88' lang='lat' dir='ltr'><strong>ut</strong></span> <span class='ocrx_word' id='word_1_733' title='bbox 2662 4742 2776 4796; x_wconf 71' lang='lat' dir='ltr'><strong>haec</strong></span> <span class='ocrx_word' id='word_1_734' title='bbox 2837 4744 2949 4799; x_wconf 86' lang='lat' dir='ltr'><strong>illis</strong></span> <span class='ocrx_word' id='word_1_735' title='bbox 2994 4747 3269 4816; x_wconf 87' lang='lat' dir='ltr'><strong>stipendia</strong></span> <span class='ocrx_word' id='word_1_736' title='bbox 3299 4766 3543 4807; x_wconf 90' lang='lat' dir='ltr'><strong>summas</strong></span> <span class='ocrx_word' id='word_1_737' title='bbox 3583 4753 3635 4806; x_wconf 91' lang='lat' dir='ltr'><strong>in</strong></span> 
     </span>
    </p>
   </div>
   <div class='ocr_carea' id='block_1_106' title="bbox 2064 4831 3636 4904">
    <p class='ocr_par' dir='ltr' id='par_1_106' title="bbox 2064 4831 3636 4904">
     <span class='ocr_line' id='line_1_107' title="bbox 2064 4831 3636 4904; baseline 0.01 -20"><span class='ocrx_word' id='word_1_738' title='bbox 2064 4831 2329 4888; x_wconf 86' lang='lat' dir='ltr'><strong>iuuuanes</strong></span> <span class='ocrx_word' id='word_1_739' title='bbox 2351 4834 2723 4889; x_wconf 83' lang='lat' dir='ltr'><strong>excrescentia</strong></span> <span class='ocrx_word' id='word_1_740' title='bbox 2750 4837 3176 4904; x_wconf 77' lang='lat' dir='ltr'><strong>conficerentur,</strong></span> <span class='ocrx_word' id='word_1_741' title='bbox 3201 4843 3636 4901; x_wconf 82' lang='lat' dir='ltr'><strong>contributiones</strong></span> 
     </span>
    </p>
   </div>
   <div class='ocr_carea' id='block_1_107' title="bbox 2061 4925 3632 5006">
    <p class='ocr_par' dir='ltr' id='par_1_107' title="bbox 2061 4925 3632 5006">
     <span class='ocr_line' id='line_1_108' title="bbox 2061 4925 3632 5006; baseline 0.01 -29"><span class='ocrx_word' id='word_1_742' title='bbox 2061 4933 2180 4977; x_wconf 87' lang='lat' dir='ltr'><strong>erat</strong></span> <span class='ocrx_word' id='word_1_743' title='bbox 2222 4940 2446 4980; x_wconf 87' lang='lat' dir='ltr'><strong>necesse</strong></span> <span class='ocrx_word' id='word_1_744' title='bbox 2495 4925 2730 4983; x_wconf 81' lang='lat' dir='ltr'><strong>subditis</strong></span> <span class='ocrx_word' id='word_1_745' title='bbox 2776 4929 3167 4985; x_wconf 81' lang='lat' dir='ltr'><strong>acerbissimas</strong></span> <span class='ocrx_word' id='word_1_746' title='bbox 3213 4933 3493 5002; x_wconf 86' lang='lat' dir='ltr'><strong>indicere;</strong></span> <span class='ocrx_word' id='word_1_747' title='bbox 3541 4942 3632 5006; x_wconf 90' lang='lat' dir='ltr'><strong>qui</strong></span> 
     </span>
    </p>
   </div>
   <div class='ocr_carea' id='block_1_108' title="bbox 2062 5021 3637 5096">
    <p class='ocr_par' dir='ltr' id='par_1_108' title="bbox 2062 5021 3637 5096">
     <span class='ocr_line' id='line_1_109' title="bbox 2062 5021 3637 5096; baseline 0.006 -24"><span class='ocrx_word' id='word_1_748' title='bbox 2062 5021 2418 5088; x_wconf 89' lang='lat' dir='ltr'><strong>quantumvis</strong></span> <span class='ocrx_word' id='word_1_749' title='bbox 2455 5036 2559 5075; x_wconf 92' lang='lat' dir='ltr'><strong>non</strong></span> <span class='ocrx_word' id='word_1_750' title='bbox 2612 5021 2749 5077; x_wconf 90' lang='lat' dir='ltr'><strong>falso</strong></span> <span class='ocrx_word' id='word_1_751' title='bbox 2777 5035 3138 5091; x_wconf 86' lang='lat' dir='ltr'><strong>quererentur</strong></span> <span class='ocrx_word' id='word_1_752' title='bbox 3164 5025 3230 5080; x_wconf 82' lang='lat' dir='ltr'><strong>de</strong></span> <span class='ocrx_word' id='word_1_753' title='bbox 3263 5029 3507 5096; x_wconf 74' lang='lat' dir='ltr'><strong>pecunia:</strong></span> <span class='ocrx_word' id='word_1_754' title='bbox 3549 5047 3637 5083; x_wconf 79' lang='lat' dir='ltr'><strong>ra-</strong></span> 
     </span>
    </p>
   </div>
   <div class='ocr_carea' id='block_1_109' title="bbox 2064 5111 3638 5188">
    <p class='ocr_par' dir='ltr' id='par_1_109' title="bbox 2064 5111 3638 5188">
     <span class='ocr_line' id='line_1_110' title="bbox 2064 5111 3638 5188; baseline 0.009 -25"><span class='ocrx_word' id='word_1_755' title='bbox 2064 5112 2225 5166; x_wconf 84' lang='lat' dir='ltr'><strong>ritate</strong></span> <span class='ocrx_word' id='word_1_756' title='bbox 2251 5111 2304 5165; x_wconf 92' lang='lat' dir='ltr'><strong>in</strong></span> <span class='ocrx_word' id='word_1_757' title='bbox 2339 5111 2404 5167; x_wconf 86' lang='lat' dir='ltr'><strong>iis</strong></span> <span class='ocrx_word' id='word_1_758' title='bbox 2433 5115 2677 5181; x_wconf 88' lang='lat' dir='ltr'><strong>partibus</strong></span> <span class='ocrx_word' id='word_1_759' title='bbox 2712 5116 2916 5169; x_wconf 88' lang='lat' dir='ltr'><strong>dudum</strong></span> <span class='ocrx_word' id='word_1_760' title='bbox 2948 5131 3042 5185; x_wconf 86' lang='lat' dir='ltr'><strong>per</strong></span> <span class='ocrx_word' id='word_1_761' title='bbox 3072 5119 3417 5188; x_wconf 83' lang='lat' dir='ltr'><strong>erOgatioues</strong></span> <span class='ocrx_word' id='word_1_762' title='bbox 3444 5121 3638 5176; x_wconf 84' lang='lat' dir='ltr'><strong>inuno-</strong></span> 
     </span>
    </p>
   </div>
   <div class='ocr_carea' id='block_1_110' title="bbox 2021 5195 3631 5274">
    <p class='ocr_par' dir='ltr' id='par_1_110' title="bbox 2021 5195 3631 5274">
     <span class='ocr_line' id='line_1_111' title="bbox 2021 5195 3631 5274; baseline 0.009 -18"><span class='ocrx_word' id='word_1_763' title='bbox 2021 5195 2027 5201; x_wconf 77' lang='grc'><em>’</em></span> <span class='ocrx_word' id='word_1_764' title='bbox 2063 5205 2213 5260; x_wconf 87' lang='lat' dir='ltr'><strong>dicas</strong></span> <span class='ocrx_word' id='word_1_765' title='bbox 2240 5204 2544 5272; x_wconf 81' lang='lat' dir='ltr'><strong>exhaustis,</strong></span> <span class='ocrx_word' id='word_1_766' title='bbox 2580 5214 2759 5262; x_wconf 86' lang='lat' dir='ltr'><strong>tamen</strong></span> <span class='ocrx_word' id='word_1_767' title='bbox 2785 5207 2932 5274; x_wconf 90' lang='lat' dir='ltr'><strong>quod</strong></span> <span class='ocrx_word' id='word_1_768' title='bbox 2978 5209 3184 5262; x_wconf 86' lang='lat' dir='ltr'><strong>nullam</strong></span> <span class='ocrx_word' id='word_1_769' title='bbox 3220 5215 3631 5270; x_wconf 85' lang='lat' dir='ltr'><strong>excusationem</strong></span> 
     </span>
    </p>
   </div>
   <div class='ocr_carea' id='block_1_111' title="bbox 2062 5297 3636 5376">
    <p class='ocr_par' dir='ltr' id='par_1_111' title="bbox 2062 5297 3636 5376">
     <span class='ocr_line' id='line_1_112' title="bbox 2062 5297 3636 5376; baseline 0.008 -26"><span class='ocrx_word' id='word_1_770' title='bbox 2062 5297 2367 5352; x_wconf 84' lang='lat' dir='ltr'><strong>necessitas</strong></span> <span class='ocrx_word' id='word_1_771' title='bbox 2406 5299 2754 5362; x_wconf 68' lang='lat' dir='ltr'><strong>admitteret,</strong></span> <span class='ocrx_word' id='word_1_772' title='bbox 2786 5300 3144 5357; x_wconf 85' lang='lat' dir='ltr'><strong>nihilominus</strong></span> <span class='ocrx_word' id='word_1_773' title='bbox 3195 5305 3432 5372; x_wconf 85' lang='lat' dir='ltr'><strong>pendere</strong></span> <span class='ocrx_word' id='word_1_774' title='bbox 3463 5324 3636 5376; x_wconf 83' lang='lat' dir='ltr'><strong>quan-</strong></span> 
     </span>
    </p>
   </div>
   <div class='ocr_carea' id='block_1_112' title="bbox 2061 5391 3630 5469">
    <p class='ocr_par' dir='ltr' id='par_1_112' title="bbox 2061 5391 3630 5469">
     <span class='ocr_line' id='line_1_113' title="bbox 2061 5391 3630 5469; baseline 0.009 -26"><span class='ocrx_word' id='word_1_775' title='bbox 2061 5397 2174 5443; x_wconf 87' lang='lat' dir='ltr'><strong>tum</strong></span> <span class='ocrx_word' id='word_1_776' title='bbox 2208 5391 2527 5461; x_wconf 75' lang='lat' dir='ltr'><strong>exigebatur</strong></span> <span class='ocrx_word' id='word_1_777' title='bbox 2555 5394 2913 5462; x_wconf 74' lang='lat' dir='ltr'><strong>cogebantur.</strong></span> <span class='ocrx_word' id='word_1_778' title='bbox 2946 5394 3200 5450; x_wconf 86' lang='lat' dir='ltr'><strong>lnstituta</strong></span> <span class='ocrx_word' id='word_1_779' title='bbox 3233 5400 3388 5469; x_wconf 87' lang='lat' dir='ltr'><strong>prius</strong></span> <span class='ocrx_word' id='word_1_780' title='bbox 3431 5403 3630 5468; x_wconf 73' lang='lat' dir='ltr'><strong>fuerat,</strong></span> 
     </span>
    </p>
   </div>
   <div class='ocr_carea' id='block_1_113' title="bbox 2060 5481 3630 5560">
    <p class='ocr_par' dir='ltr' id='par_1_113' title="bbox 2060 5481 3630 5560">
     <span class='ocr_line' id='line_1_114' title="bbox 2060 5481 3630 5560; baseline 0.009 -26"><span class='ocrx_word' id='word_1_781' title='bbox 2060 5489 2120 5534; x_wconf 91' lang='lat' dir='ltr'><strong>ut</strong></span> <span class='ocrx_word' id='word_1_782' title='bbox 2173 5481 2434 5547; x_wconf 87' lang='lat' dir='ltr'><strong>diximus,</strong></span> <span class='ocrx_word' id='word_1_783' title='bbox 2490 5483 2716 5538; x_wconf 89' lang='lat' dir='ltr'><strong>collatio</strong></span> <span class='ocrx_word' id='word_1_784' title='bbox 2775 5484 3110 5541; x_wconf 88' lang='lat' dir='ltr'><strong>decimarum</strong></span> <span class='ocrx_word' id='word_1_785' title='bbox 3157 5503 3187 5542; x_wconf 91' lang='lat' dir='ltr'><strong>e</strong></span> <span class='ocrx_word' id='word_1_786' title='bbox 3234 5491 3630 5560; x_wconf 85' lang='lat' dir='ltr'><strong>pensionibus,</strong></span> 
     </span>
    </p>
   </div>
   <div class='ocr_carea' id='block_1_114' title="bbox 2059 5575 3632 5656">
    <p class='ocr_par' dir='ltr' id='par_1_114' title="bbox 2059 5575 3632 5656">
     <span class='ocr_line' id='line_1_115' title="bbox 2059 5575 3632 5656; baseline 0.008 -29"><span class='ocrx_word' id='word_1_787' title='bbox 2059 5590 2199 5644; x_wconf 88' lang='lat' dir='ltr'><strong>quas</strong></span> <span class='ocrx_word' id='word_1_788' title='bbox 2230 5576 2466 5645; x_wconf 86' lang='lat' dir='ltr'><strong>quisque</strong></span> <span class='ocrx_word' id='word_1_789' title='bbox 2491 5575 2763 5646; x_wconf 88' lang='lat' dir='ltr'><strong>stipendia</strong></span> <span class='ocrx_word' id='word_1_790' title='bbox 2802 5582 3129 5635; x_wconf 79' lang='lat' dir='ltr'><strong>merentium</strong></span> <span class='ocrx_word' id='word_1_791' title='bbox 3163 5592 3257 5636; x_wconf 87' lang='lat' dir='ltr'><strong>aut</strong></span> <span class='ocrx_word' id='word_1_792' title='bbox 3290 5585 3355 5637; x_wconf 83' lang='lat' dir='ltr'><strong>iis</strong></span> <span class='ocrx_word' id='word_1_793' title='bbox 3390 5586 3632 5656; x_wconf 85' lang='lat' dir='ltr'><strong>legitimo</strong></span> 
     </span>
    </p>
   </div>
   <div class='ocr_carea' id='block_1_115' title="bbox 2022 5659 3634 5746">
    <p class='ocr_par' dir='ltr' id='par_1_115' title="bbox 2022 5659 3634 5746">
     <span class='ocr_line' id='line_1_116' title="bbox 2022 5659 3634 5746; baseline 0.007 -25"><span class='ocrx_word' id='word_1_794' title='bbox 2022 5659 2306 5738; x_wconf 82' lang='lat' dir='ltr'><strong>tempore</strong></span> <span class='ocrx_word' id='word_1_795' title='bbox 2359 5670 2519 5725; x_wconf 82' lang='lat' dir='ltr'><strong>factis</strong></span> <span class='ocrx_word' id='word_1_796' title='bbox 2579 5672 2938 5726; x_wconf 75' lang='lat' dir='ltr'><strong>eriteritorum</strong></span> <span class='ocrx_word' id='word_1_797' title='bbox 2993 5677 3280 5746; x_wconf 89' lang='lat' dir='ltr'><strong>percipere</strong></span> <span class='ocrx_word' id='word_1_798' title='bbox 3342 5693 3555 5731; x_wconf 80' lang='lat' dir='ltr'><strong>annuas</strong></span> <span class='ocrx_word' id='word_1_799' title='bbox 3600 5695 3634 5734; x_wconf 73' lang='grc' dir='ltr'><strong>ο</strong></span> 
     </span>
    </p>
   </div>
   <div class='ocr_carea' id='block_1_116' title="bbox 2060 5764 3634 5840">
    <p class='ocr_par' dir='ltr' id='par_1_116' title="bbox 2060 5764 3634 5840">
     <span class='ocr_line' id='line_1_117' title="bbox 2060 5764 3634 5840; baseline 0.005 -24"><span class='ocrx_word' id='word_1_800' title='bbox 2060 5764 2278 5834; x_wconf 89' lang='lat' dir='ltr'><strong>publico</strong></span> <span class='ocrx_word' id='word_1_801' title='bbox 2306 5765 2523 5820; x_wconf 87' lang='lat' dir='ltr'><strong>soleret.</strong></span> <span class='ocrx_word' id='word_1_802' title='bbox 2555 5764 2661 5820; x_wconf 89' lang='lat' dir='ltr'><strong>Sed</strong></span> <span class='ocrx_word' id='word_1_803' title='bbox 2702 5782 2828 5820; x_wconf 90' lang='lat' dir='ltr'><strong>cum</strong></span> <span class='ocrx_word' id='word_1_804' title='bbox 2857 5767 2970 5838; x_wconf 79' lang='lat' dir='ltr'><strong>jam</strong></span> <span class='ocrx_word' id='word_1_805' title='bbox 3020 5769 3179 5840; x_wconf 87' lang='lat' dir='ltr'><strong>longo</strong></span> <span class='ocrx_word' id='word_1_806' title='bbox 3207 5772 3408 5824; x_wconf 85' lang='lat' dir='ltr'><strong>haustu</strong></span> <span class='ocrx_word' id='word_1_807' title='bbox 3443 5773 3634 5826; x_wconf 55' lang='lat' dir='ltr'><strong>cxina-</strong></span> 
     </span>
    </p>
   </div>
   <div class='ocr_carea' id='block_1_117' title="bbox 2061 5859 3622 5935">
    <p class='ocr_par' dir='ltr' id='par_1_117' title="bbox 2061 5859 3622 5935">
     <span class='ocr_line' id='line_1_118' title="bbox 2061 5859 3622 5935; baseline 0.004 -23"><span class='ocrx_word' id='word_1_808' title='bbox 2061 5859 2192 5913; x_wconf 83' lang='lat' dir='ltr'><strong>nitis</strong></span> <span class='ocrx_word' id='word_1_809' title='bbox 2225 5867 2279 5914; x_wconf 89' lang='lat' dir='ltr'><strong>et</strong></span> <span class='ocrx_word' id='word_1_810' title='bbox 2321 5859 2597 5916; x_wconf 78' lang='lat' dir='ltr'><strong>enervatis</strong></span> <span class='ocrx_word' id='word_1_811' title='bbox 2647 5860 2879 5930; x_wconf 89' lang='lat' dir='ltr'><strong>exprimi</strong></span> <span class='ocrx_word' id='word_1_812' title='bbox 2923 5863 3070 5931; x_wconf 89' lang='lat' dir='ltr'><strong>quod</strong></span> <span class='ocrx_word' id='word_1_813' title='bbox 3100 5878 3238 5933; x_wconf 82' lang='lat' dir='ltr'><strong>Opus</strong></span> <span class='ocrx_word' id='word_1_814' title='bbox 3271 5873 3385 5918; x_wconf 87' lang='lat' dir='ltr'><strong>erat</strong></span> <span class='ocrx_word' id='word_1_815' title='bbox 3429 5868 3622 5935; x_wconf 88' lang='lat' dir='ltr'><strong>ncqni-</strong></span> 
     </span>
    </p>
   </div>
  </div>
