4120 6280
370 371 473 437 269

1217 372 1317 434 DE
1357 372 1802 435 ANDRONKCO
1842 373 2304 435 PAL/EOLOGO
2337 373 2488 436 LIB.
2528 373 2652 437 ΠΙ.

3501 381 3612 446 270

365 482 476 538 τῶν
507 481 752 539 σπονδῶν
789 479 1138 553 γενήσεσθαι,
1188 483 1267 547 εἰς
1297 482 1594 538 ἀνανέωσιν
1624 483 1727 554 ήδη
1755 480 1942 553 κειμέ-
1967 484 2018 543 Α
2046 480 2196 552 παρὰ
2233 481 2340 534 τῶν
2377 483 2710 554 σχιζομένων
2738 481 2963 551 ἀφανεῖς
3004 499 3064 537 τε
3091 483 3199 546 καὶ,
3220 483 3464 556 φανερὰς
3493 490 3619 544 ἑπι-

367 591 495 640 νων,
542 573 924 646 ἔξηνυσμένων
969 573 1078 628 τῶν
1105 573 1204 646 τῆς
1244 576 1516 647 προτέρας
1551 577 1772 645 εἰρήνης
1819 592 1944 628 και-

365 667 497 740 ρῶν,
527 670 574 721 ει
603 668 678 738 μὴ
708 666 882 722 ταῦτα
908 668 1142 740 γένοιτο.
1165 667 1426 738 Βασιλεὺς
1455 668 1512 723 δὲ
1537 673 1627 724 καὶ
1657 668 1734 721 ἔτι
1775 667 1943 739 ἀπρὶξ

365 747 544 830 εἷχε-,το
574 759 802 828 τούτων,
840 760 900 814 οὐ
931 761 1070 815 κατά
1102 759 1291 832 χρείαν
1324 761 1526 831 μᾶλλον
1557 760 1589 831 ἢ
1619 759 1717 832 τὴν
1749 759 1842 812 τοῦ
1868 759 1946 813 δι-

365 851 522 906 καίου
563 853 747 925 δόξαν,
780 852 1145 925 ὑπερηφανῶν
1173 853 1308 917 ὂλως
1331 852 1407 918 ὡς
1434 852 1661 906 ἐκείνων
1690 853 1783 906 καὶ
1809 853 1944 923 μᾶλ-

364 945 454 998 λον
504 945 660 1011 αὖθις
711 949 811 1017 τῆς
863 946 1002 1016 πρὸς
1055 945 1364 1016 Ῥωμαίους
1413 944 1830 1016 δεηθησομένων
1867 946 1943 998 εί-

365 1040 552 1109 ρήνης.
1294 1075 1296 1077 >

364 1148 466 1219 κβ’.
498 1148 639 1217 Περὶ
686 1147 793 1203 τοῦ
826 1149 1151 1217 ῥιφθέντος
1196 1148 1378 1218 γόμου
1422 1149 1491 1201 ἐν
1534 1142 1582 1216 ᾧ
1615 1148 1938 1219 ἐγέγραπτο

429 1219 894 1289 κατηγορήματά
923 1236 1077 1286 τινα,
1110 1221 1207 1273 καὶ
1235 1223 1371 1288 περὶ
1402 1219 1513 1290 τῆς
1548 1222 1764 1275 τούτου
1794 1221 1940 1275 ἀπο-

429 1292 647 1359 λογίας
675 1290 783 1345 τοῦ
809 1291 1138 1356 βασιλέως.

429 1403 496 1476 [Ρ
518 1402 778 1477 1661Τῆς
807 1404 907 1474 μὲν
933 1403 1025 1458 τοῦ
1047 1404 1312 1476 βασιλεως
1340 1407 1464 1478 περὶ
1490 1406 1588 1476 τὴν
1612 1408 1940 1478 Ἐκκλησίαν

359 1496 687 1568 κηδεμονίας
733 1497 905 1550 πολλὰ
951 1498 1046 1550 καὶ
1073 1491 1215 1552 ἄλλα
1237 1499 1305 1552 τὰ
1333 1498 1625 1568 δείγματα,
1659 1501 1706 1553 εί
1750 1503 1843 1554 καὶ
1874 1500 1941 1554 τὰ

359 1590 477 1643 κατ’
501 1590 672 1659 αὐτὴν
705 1590 1003 1661 πράγματα
1030 1590 1167 1660 ὕδρα
1204 1609 1285 1654 τις
1307 1590 1373 1662 ἦν
1402 1593 1433 1663 ἡ
1475 1591 1816 1663 μυθευομὲνη
1845 1593 1941 1647 καὶ

361 1680 562 1744 πολλὰς
594 1681 905 1736 σκανδάλων
931 1683 1132 1752 ἀνέφυε
1163 1685 1424 1752 κεφαλάς.
1463 1681 1610 1736 Ἔδει
1640 1684 1697 1736 δὲ
1723 1685 1940 1748 πάντως

358 1776 434 1845 τῷ
477 1777 742 1846 Ἡρακλεῖ
763 1777 1011 1848 τέμνοντι
1042 1779 1135 1830 καὶ
1165 1777 1484 1843 ὲπικάοντος
1528 1778 1753 1832 Ἰολάου.
1796 1778 1938 1832 Ἀλλ’

362 1865 389 1921 δ
420 1869 518 1939 μὲν
565 1869 842 1940 Ἡρακλῆς
893 1865 958 1940 ἦν
1014 1863 1192 1933 οὗτος,
1231 1869 1428 1936 Ἰόλαος
1474 1871 1531 1924 δὲ
1567 1875 1594 1924 ὁ
1641 1872 1736 1925 καὶ
1785 1869 1934 1940 ἄξιος

362 1961 620 2030 συνεργὸς
652 1958 896 2030 ἐζητεῖτο
931 1961 1052 2032 μὲν,
1086 1963 1183 2032 οὐχ
1230 1963 1514 2034 εὑρίσκετο
1543 1962 1621 2019 δέ.
1651 1964 1750 2018 Διὰ
1771 1962 1933 2018 τοῦτο

362 2056 454 2108 καὶ
483 2058 581 2107 οὐκ
607 2050 673 2123 ἦν
701 2053 835 2118 ὅλως
865 2056 1027 2124 μόνον
1062 2055 1158 2118 τὰς
1182 2056 1359 2126 τομὰς
1387 2055 1611 2123 εὐοδεῖν,
1649 2060 1698 2111 εί
1734 2059 1825 2110 καὶ
1856 2057 1934 2129 μὴ

359 2144 416 2196 τὸ
447 2145 601 2215 ξίφος
631 2146 728 2216 τῆς
764 2145 1044 2218 φροντίδος
1080 2146 1409 2218 ἠμϐλύνετο.
1447 2149 1556 2206 Καὶ
1596 2149 1799 2220 ἀφίημι
1834 2151 1931 2215 τὰς

357 2327 524 2393 plli-es
575 2327 842 2396 ipsorum,
896 2345 1035 2397 quos
1093 2338 1397 2400 protegere.
1440 2329 1567 2400 jure
1630 2332 1851 2402 hospitii
1879 2339 1936 2389 et.

359 2418 619 2488 promissi
652 2420 942 2490 patrocinii
981 2421 1085 2477 flde
1121 2421 1451 2488 debuerant,
1507 2420 1833 2479 manifestos
1877 2433 1935 2480 et

353 2512 499 2566 farto
535 2512 835 2581 gloriantes
873 2523 1129 2568 auctores
1183 2513 1236 2566 in
1291 2513 1405 2569 suis
1455 2516 1707 2569 manibus
1740 2529 1804 2570 ac
1834 2531 1934 2586 po-

358 2614 552 2661 testate
585 2605 807 2676 impune
857 2607 1038 2661 vivere
1085 2609 1488 2678 permitterent.
1541 2605 1750 2664 Deinde
1792 2608 1936 2664 bona

355 2689 617 2765 auorum,
660 2715 757 2769 pro
818 2700 986 2754 multa
1064 2701 1268 2755 indicta
1320 2702 1374 2755 in
1426 2702 1932 2772 compensationem

354 2782 540 2845 damni
579 2791 986 2847 combustarum
1037 2794 1270 2858 aedium,
1299 2802 1642 2864 sequestrata
1711 2809 1938 2865 magno-

359 2898 505 2951 pere,
567 2893 624 2936 ut
658 2885 1058 2949 relaxarentur,
1092 2884 1433 2948 institerunt,
1495 2891 1778 2956 negantes,
1826 2882 1934 2939 nisi

359 2976 472 3028 haec
507 2977 720 3041 flerent,
752 2991 811 3030 se
840 2991 1004 3046 posse
1043 2976 1358 3033 consentire
1394 2977 1448 3031 in
1520 2979 1932 3034 renovationem

360 3072 490 3121 olim
523 3070 614 3122 icti
639 3085 763 3124 cum
791 3069 1045 3140 imperio,
1071 3069 1122 3124 in
1154 3077 1364 3126 certum
1397 3075 1742 3143 tempusjam
1776 3087 1934 3142 pror-

351 3175 446 3214 sus
483 3162 752 3230 elapsum.
803 3161 1046 3217 foederis.
1100 3159 1314 3228 Quibus
1365 3162 1568 3216 auditis
1629 3162 1933 3232 imperator

351 3251 669 3307 obiit-mavit
706 3268 764 3309 se
795 3255 850 3308 in
883 3252 1119 3308 consilio
1148 3252 1381 3323 negandi
1420 3252 1567 3323 quod
1617 3253 1929 3323 petebatur,

350 3363 461 3402 non
501 3348 674 3417 magis
701 3358 1026 3418 praesentem
1072 3347 1364 3402 utilitatem
1397 3361 1558 3417 quam
1602 3345 1694 3416 jus
1724 3347 1930 3416 ipsum,

348 3457 462 3510 quo
512 3440 612 3494 niti
666 3455 724 3494 se
773 3443 827 3495 in
886 3444 970 3496 nis
1022 3452 1176 3495 certo
1243 3439 1613 3503 existimabat,
1664 3455 1924 3512 sequens.

347 3541 713 3588 contemnens
769 3545 954 3594 autem
1030 3533 1260 3589 omnino
1317 3531 1651 3586 Venetorum
1705 3534 1924 3600 minas;

347 3639 486 3692 quos
517 3625 730 3694 priores
791 3641 934 3696 opus
967 3624 1254 3682 habituros
1283 3639 1478 3678 rursus
1519 3623 1758 3678 stabilita
1798 3638 1942 3677 cum-

349 3714 614 3773 Rowanis
673 3733 826 3788 pace,
863 3730 911 3772 et
945 3719 1018 3773 ad
1048 3719 1105 3772 id
1133 3713 1312 3788 ipsum
1345 3715 1639 3779 orandum,
1694 3716 1926 3769 rationi-

348 3810 452 3868 bus
489 3811 731 3882 ipsorum
763 3811 1132 3890 adigentibus,
1185 3811 1338 3868 ultro.
1381 3809 1752 3866 descensuros
1791 3822 1924 3866 con-

351 3905 574 3960 fidebat.

349 4021 554 4098 22._D¢
597 4022 746 4090 jacio
777 4032 941 4098 tanta
982 4023 1034 4078 in
1090 4039 1192 4098 quo
1241 4025 1452 4098 scripta:
1506 4029 1924 4098 erantAaccma—

421 4093 586 4147 tiones
633 4095 913 4164 quadam;
953 4103 1004 4148 et
1055 4093 1117 4146 ut"
1149 4094 1211 4147 de
1266 4095 1330 4146 iis
1379 4108 1431 4145 se
1469 4093 1711 4161 purgari!
1763 4107 1922 4160 nupe-

418 4174 588 4217 ratar.

419 4278 594 4343 Quam
637 4277 1000 4332 cordiesseut
1048 4279 1368 4347 imperatori
1411 4293 1496 4333 res
1537 4277 1814 4340 Eccl-size,
1858 4291 1920 4332 ac

347 4385 513 4441 quam
565 4372 803 4427 sollicito
835 4371 925 4426 ille
957 4372 1142 4426 studio
1170 4387 1352 4439 parem
1388 4373 1507 4445 ejus
1551 4374 1919 4443 tranquillita-

347 4475 565 4532 temque
601 4477 943 4533 procuraret,
984 4466 1173 4521 multis
1230 4455 1376 4518 varie
1439 4482 1535 4535 per
1570 4467 1711 4519 hanc
1747 4468 1921 4520 histo-

2048 571 2432 641 τεχνιτεὺοεις,
2466 573 2690 644 ψυχρῶν
2724 574 2962 645 χαρίτων
2999 575 3150 645 παρὰ
3195 576 3406 633 πολλῶν
3452 594 3620 637 κατα-

2043 661 2343 730 τιθεμένων
2376 665 2534 736 αὑτῇ,
2567 665 2643 730 ὠς
2682 667 2984 745 είρηνεύειν
3021 667 3144 739 μὲν,
3198 671 3258 722 οὐ
3298 673 3404 743 μὴν
3433 673 3492 726 δὲ
3525 678 3622 728 καὶ

2046 754 2259 821 παγίως
2311 755 2455 827 ἔχειν
2491 756 2626 828 πρὸς
2674 759 2771 830 τὴν
2819 761 3063 836 εἰρήνην,
3101 762 3214 815 ἀλλ’
3273 765 3618 836 ἁμφικλινῶς

2045 846 2140 898 καὶ
2173 848 2246 911 ὼς
2300 849 2513 922 ἔτυχεν.
2573 851 2713 904 Ἀλλ’
2760 848 2871 906 οἷον
2916 853 2978 906 τὸ
3027 856 3169 909 τότε.
3223 845 3480 924 Φάκελος
3511 861 3620 932 γὰρ

2042 941 2389 1009 γραμμάτων
2418 945 2511 996 καὶ
2563 943 2727 1014 τόμος
2746 984 2762 1010 ,
2791 943 2821 997 ὃ
2847 945 2910 1016 δὴ
2955 945 3173 1017 λέγεται
3208 949 3509 1018 φάμουοος,
3541 955 3622 1017 είς

2043 1031 2231 1100 χεῖρας
2277 1033 2355 1104 τῷ
2388 1033 2598 1104 βασιλεί
2645 1037 2874 1109 γίνεται,
2917 1039 2978 1093 τὸ
3029 1041 3129 1112 μὲν
3158 1041 3290 1096 ὅθεν.
3329 1047 3422 1098 καὶ
3470 1052 3621 1119 παρὰ

2042 1123 2206 1178 τίνων
2236 1126 2336 1181 οὐκ
2387 1122 2524 1193 οἶδα,
2563 1130 2705 1194 τέως
2748 1132 2807 1186 δὲ
2867 1134 3014 1187 πόλλ’
3052 1136 3187 1190 ἄττα
3233 1136 3415 1208 φέρων
3443 1143 3622 1198 αἰτιά-

2047 1233 2210 1281 ματα.
2248 1219 2449 1274 Τοῦτον
2495 1221 2777 1294 βουληθεὶς
2823 1226 3152 1296 ἀνατρέπειν
3182 1230 3213 1280 ὁ
3245 1227 3496 1299 βασιλεὺς
3529 1234 3622 1287 καὶ

2042 1307 2235 1378 λόγους
2261 1312 2447 1383 φέρειν
2471 1316 2799 1383 παλαίοντας
2829 1321 3085 1392 (ἥπτοντο
3108 1323 3215 1394 γὰρ
3242 1327 3501 1391 ἐπιεικῶς
3531 1330 3623 1382 κὰ-

2043 1397 2321 1461 κείνου,τὰ
2354 1406 2678 1480 αίτιάματα)
2711 1409 2768 1463 τὸ
2800 1413 2898 1480 μὲν
2921 1398 3162 1484 γραφαῖς
3181 1418 3280 1486 τὴν
3307 1419 3621 1486 ἀντιλογίαν

2042 1494 2361 1563 ἐπιτρέπειν
2406 1498 2674 1567 γίνεσθαι,
2727 1501 2803 1566 ὡς
2831 1503 2900 1558 ἄν
2947 1483 3009 1573 γε
3042 1509 3181 1562 κατὰ
3216 1483 3368 1581 ρῆμα
3397 1514 3466 1565 τὰ
3519 1483 3618 1584 τῆς

2043 1587 2357 1661 ἀνασκευῆς
2413 1591 2676 1660 γίγνοιτο,
2733 1596 2834 1650 οὐκ
2884 1599 3177 1670 ἐδοκίμαζε
3222 1603 3360 1668 τέως
3411 1607 3622 1661 πολλῶν

2042 1679 2237 1733 αἰτιῶν
2273 1681 2437 1742 ἕνεκα
2464 1701 2480 1718 ο
2531 1686 2695 1750 αὐτὸς
2731 1686 2776 1740 δ’
2803 1688 2946 1756 ἔγνω
2981 1694 3339 1762 προκαθίσας,
3378 1713 3624 1766 συναγω-

2044 1772 2146 1840 γῆς
2171 1774 2362 1843 κοινῆς
2393 1777 2702 1846 γεγονυίας,
2729 1781 2852 1835 καθ’
2879 1781 2939 1834 ἓν
2964 1787 3469 1860 ἁναγινωσκόμενον
3493 1793 3624 1844 ἀνα-

2040 1865 2286 1934 τρέπειν.
2322 1868 2432 1922 Καὶ
2455 1871 2682 1940 γέγονεν
2721 1872 2887 1931 οὕτω.
2923 1878 3033 1932 Καὶ
3065 1879 3130 1950 δὴ
3172 1881 3496 1950 συνάγονται
3522 1887 3621 1956 μὲν
3671 1863 3675 1868 Ι

2037 1957 2336 2025 ἀρχιερεῖς,
2364 1961 2687 2027 συνάγονται
2717 1963 2765 2016 δ’
2811 1965 2861 2018 oi
2898 1965 2993 2021 τοῦ
3031 1967 3232 2040 κλήρου
3269 1972 3622 2046 καὶ-μοναχοὶ

2039 2050 2136 2102 καὶ
2163 2049 2316 2116 λαὸς,
2345 2053 2441 2106 καὶ
2472 2053 2728 2124 βασιλεὺς
2756 2057 2874 2127 ἅμα
2901 2060 3014 2123 τοῖς
3042 2059 3101 2115 ἑν
3149 2063 3296 2117 τέλει
3341 2069 3620 2137 συνεδριά-

2042 2157 2141 2205 σας
2171 2143 2403 2198 ἕκαστον
2445 2147 2747 2216 κεφάλαιον
2784 2152 2894 2205 τῶν
2923 2151 3019 2206 τοῦ
3051 2153 3220 2224 τόμου
3263 2155 3362 2210 οὐκ
3410 2160 3624 2228 ἀτενῶς

2039 2336 2124 2382 est
2154 2327 2459 2400 indignius,
2487 2334 2695 2390 multos
2723 2334 2775 2388 in
2795 2349 2864 2391 eo
2896 2350 3100 2408 passus
3129 2341 3485 2399 adversantes
3514 2346 3621 2401 sit?

2037 2419 2196 2478 Mitto
2239 2424 2606 2482 discissarum
2660 2429 2730 2484 ab
2766 2429 3016 2488 Ecclesia
3081 2440 3277 2505 partim
3331 2440 3617 2495 machina-

2040 2518 2220 2579 tiones
2247 2519 2304 2573 in
2357 2535 2478 2574 eum
2517 2523 2802 2589 subdolas,
2855 2529 3051 2598 partim
3089 2531 3410 2600 eruptiones
3442 2535 3616 2604 palam

2039 2614 2396 2669 vehementes
2421 2630 2435 2666 :
2457 2615 2751 2673 dissimulo
2769 2620 2994 2686 frigidas
3010 2627 3214 2694 gratias
3236 2629 3477 2696 ipsorum
3495 2632 3616 2699 ejus

2037 2704 2201 2779 245
2228 2723 2329 2780 ope
2356 2711 2839 2769 reconciliatorum
2891 2715 3167 2785 Ecclesiae,
3196 2737 3430 2789 quorum
3475 2724 3620 2781 haud

2041 2812 2199 2866 pauet
2234 2800 2319 2854 vel
2349 2815 2457 2855 non
2493 2801 2634 2855 bona
2671 2805 2776 2859 fide
2809 2807 2894 2862 usi
2950 2809 3234 2870 beneflcio.
3273 2818 3355 2869 vel
3391 2832 3495 2871 non
3528 2834 3621 2874 sa-

2040 2890 2113 2946 tis
2141 2903 2304 2962 grato
2334 2893 2522 2949 animo
2558 2896 2801 2951 studium
2848 2914 3000 2969 requa
3033 2907 3386 2974 proportione
3418 2913 3617 2968 merito

2039 2983 2426 3054 rependentes,
2457 2988 2528 3042 ita
2559 2993 2736 3059 pacati
2762 3001 2924 3048 erant
2951 3005 3009 3049 ut
3035 2997 3089 3051 in
3121 3012 3252 3067 pace
3285 3001 3612 3074 titubat-ent,

2039 3079 2282 3150 ambigui
2308 3079 2448 3135 inter
2476 3093 2795 3157 utrumque,
2819 3095 2873 3142 et
2902 3089 2969 3142 ad
3003 3105 3219 3150 omnem
3249 3111 3394 3152 aura.-
3425 3098 3612 3157 {latum

2038 3170 2421 3243 inquietudine
2464 3177 2698 3233 obnoxia
2734 3181 2988 3240 mobiles.
3016 3185 3187 3256 Hujus
3237 3194 3455 3260 generis
3496 3196 3614 3252 cui-

2040 3268 2183 3334 piam
2215 3267 2602 3338 imputaverim
2639 3274 2784 3344 quod
2818 3283 2950 3331 tunc
3009 3281 3240 3351 contigit
3273 3285 3432 3339 modo
3461 3303 3492 3340 a
3526 3305 3613 3344 me

2036 3358 2754 3422 narranduin.'Fasciculus
2784 3367 3102 3422 chartarum
3138 3372 3253 3426 sive
3290 3386 3487 3439 tomus,
3515 3387 3612 3434 aut

2036 3453 2237 3520 potius,
2275 3461 2335 3508 ut
2363 3457 2546 3510 vocari
2579 3459 2741 3519 solet.
2775 3458 3020 3516 famosus
3052 3462 3291 3527 libellus,
3332 3465 3612 3537 in‘manus

2032 3542 2384 3611 imperatoris
2414 3547 2584 3613 venit,
2621 3549 2767 3602 unde
2799 3561 2895 3604 aut
2941 3567 3037 3622 per
3069 3568 3212 3623 quos
3256 3555 3478 3622 allatus,
3515 3574 3609 3614 ne-

2028 3636 2166 3699 scio,
2217 3647 2474 3692 caeterum
2527 3643 2694 3694 multa
2755 3642 3205 3701 criminatiouum
3267 3649 3607 3720 amplectens

2029 3729 2230 3798 capita.
2271 3729 2345 3783 Ea
2386 3729 2637 3787 refellere
2671 3735 2860 3791 volens
2893 3736 3220 3807 imperator,
3251 3749 3304 3796 et
3332 3745 3605 3811 appositis

2028 3820 2448 3879 defensionibus
2481 3824 2692 3881 idoneis
2727 3828 3157 3888 ineluctabiliter
3186 3835 3440 3891 evincere
3468 3838 3606 3893 nihil

2028 3915 2083 3969 in
2126 3917 2193 3972 iis
2222 3917 2327 3972 nisi
2364 3933 2562 3973 vanum
2620 3931 2672 3976 et
2705 3921 3110 3979 calumniosum
3147 3941 3272 3982 esse
3298 3928 3471 4000 (erant
3507 3949 3606 3987 au-

2028 4015 2134 4062 tem
2171 4007 2285 4061 illic
2320 4009 2572 4076 quaedam
2609 4013 2746 4068 satis
2806 4013 3049 4068 aculeata
3091 4017 3144 4070 in
3210 4019 3387 4086 ipsum
3423 4025 3604 4092 Angu-

2024 4107 2195 4165 stum,
2213 4113 2446 4168 quasque
2467 4099 2624 4154 illum
2646 4101 2793 4157 haud
2813 4104 3007 4159 leviter
3031 4110 3354 4180 pungerent)
3395 4115 3606 4184 scripto

2026 4194 2373 4248 committere
2398 4192 2839 4252 confotationem
2883 4199 3079 4254 ordine
3111 4202 3342 4273 singulis
3372 4207 3604 4276 objectis

2024 4300 2378 4340 occursuram
2408 4302 2519 4341 non
2540 4288 2806 4355 judicavit
2837 4303 3225 4363 opportunum,
3255 4298 3502 4366 pluribus
3535 4301 3604 4356 de

2024 4378 2242 4432 causis:
2276 4393 2413 4434 voce
2459 4379 2581 4433 viva
2640 4381 2814 4438 satius
2853 4383 3043 4438 habuit
3092 4401 3205 4440 rem
3253 4392 3500 4460 exsequi,
3550 4405 3607 4449 et

2024 4468 2197 4522 habiti
2236 4485 2346 4540 prae
2371 4471 2550 4526 oculis
2588 4473 2755 4527 libelli
2797 4484 3003 4543 partes,
3054 4488 3174 4548 post
3202 4495 3476 4554 quamque
3520 4502 3605 4543 re-

347 4555 484 4610 riam
535 4557 746 4624 sparsis
805 4557 1032 4628 intelligi
1085 4561 1260 4628 potuit
1304 4558 1590 4630 exemplis.
1646 4557 1914 4614 Cii-terum
1951 4579 1998 4637 ι)
2027 4561 2274 4625 citatam,
2300 4565 2537 4620 dicendo
2565 4574 2814 4621 evertere
2837 4569 3104 4639 singulas.
3137 4569 3193 4626 id
3217 4573 3354 4628 adeo
3380 4578 3432 4629 in
3459 4579 3605 4632 hunc

344 4663 466 4719 quin
506 4657 637 4704 tunc
687 4649 986 4708 Ecclesiain
1043 4653 1343 4707 turbabant
1399 4651 1684 4718 scandala,
1741 4652 1923 4721 hydra:

344 4740 527 4797 instar
562 4742 711 4798 illius
752 4754 1066 4798 memoratae
1099 4745 1150 4798 in
1184 4745 1402 4809 fabulis,
1436 4744 1667 4800 fecundo
1692 4745 1922 4799 subinde

345 4836 688 4890 nascentium
734 4839 972 4906 capitum
1010 4838 1352 4906 pullulabant
1409 4838 1542 4903 fetu,
1569 4838 1769 4907 quibus
1812 4837 1921 4890 uti-

348 4942 452 4996 que
479 4928 766 4982 vincendis
796 4943 934 4996 opus
969 4930 1191 4981 omnino
1224 4937 1340 4980 erat
1387 4929 1642 4989 Hercule.
1698 4938 1920 4982 secante

350 5028 399 5074 et
425 5033 616 5074 urente
633 5018 810 5074 Iolao.
843 5019 1128 5075 Herculem
1165 5022 1225 5073 in.
1252 5022 1580 5089 imperatore
1604 5019 1918 5073 Andronico

346 5128 768 5179 repereramus:
844 5113 938 5182 qui
1017 5115 1066 5166 ei
1139 5127 1444 5184 opportune
1507 5123 1914 5183 cooperarctur,

341 5207 606 5276 quaesitus
635 5208 723 5259 diu
765 5218 870 5270 est,
898 5208 1138 5261 nondum
1171 5217 1354 5274 autem
1390 5207 1670 5269 inventus,
1702 5206 1912 5260 Jolaus.

345 5299 490 5364 Quid
533 5313 663 5367 ergo
719 5300 917 5352 mirum
959 5299 1002 5353 si
1046 5302 1194 5354 solus
1227 5302 1366 5369 ipse.
1421 5301 1547 5353 licet
1580 5313 1758 5364 opera:
1804 5314 1912 5352 non

344 5407 612 5460 parcens,
677 5393 949 5462 negotium
1013 5408 1116 5444 non
1181 5394 1495 5446 absolveret
1547 5391 1799 5447 secando.
1846 5390 1911 5443 ad

344 5483 491 5551 quod
547 5499 832 5552 nunquam
881 5486 1048 5537 hebes
1093 5484 1470 5553 deprehensus
1525 5492 1609 5536 est
1647 5481 1765 5551 ejus
1800 5481 1913 5550 glu-

342 5575 508 5641 dius;
568 5578 803 5646 gladius,
867 5579 1112 5646 inquam,
1171 5579 1416 5646 spiritus,
1458 5580 1558 5630 hoc
1614 5584 1716 5638 est,
1771 5578 1914 5631 acris

343 5684 474 5723 cura
515 5670 569 5727 in
608 5686 825 5724 omnem
856 5671 1066 5725 intenta
1101 5673 1449 5726 Occasionem
1484 5669 1745 5722 Ecclesiae
1780 5684 1913 5738 quo-

335 5763 416 5816 vis
458 5767 620 5818 modo
663 5765 984 5818 consulendi
1040 5765 1331 5819 laboranti.
1400 5765 1467 5817 At
1529 5763 1659 5832 quid
1712 5777 1911 5830 queror

337 5855 644 5924 adjutorem
677 5860 781 5913 hoc
819 5860 998 5930 agenti
1025 5857 1265 5914 defuisse
1298 5858 1565 5930 Augusto,
1592 5872 1735 5921 cum,
1762 5854 1905 5925 quod

2028 4658 2246 4709 modum
2276 4666 2488 4724 gestum
2514 4669 2595 4713 est
2623 4659 3039 4716 :tionvenerant
3071 4664 3122 4718 in
3153 4675 3353 4722 costum
3386 4684 3602 4737 peram-

2027 4745 2178 4814 plum
2213 4748 2482 4819 episcopi,
2518 4751 2721 4814 clerus,
2755 4754 3034 4814 monachi.
3068 4758 3325 4825 populus.
3359 4760 3604 4830 impera-

2027 4847 2114 4893 tor
2145 4855 2429 4906 procerum
2481 4842 2694 4898 medius
2742 4846 3038 4904 considcns
3061 4847 3250 4906 Libelli
3291 4853 3480 4911 [annosi
3514 4871 3602 4909 ρος

2026 4934 2135 5000 pila
2163 4932 2349 4988 omnia
2379 4935 2636 5001 retexuit,
2660 4945 2713 4990 et
2738 4942 3169 5010 unumquodque
3194 4944 3412 5001 illorum
3440 4948 3599 5004 diluit

2022 5023 2232 5078 victrici
2293 5025 2636 5089 defensione,
2697 5030 2874 5099 reipsa
2907 5034 3203 5091 ostendens
3237 5037 3598 5097 eﬂicaciorcm

2023 5129 2144 5169 esse
2183 5117 2234 5170 in
2274 5124 2520 5186 tempore
2554 5133 2615 5173 ac
2646 5136 2754 5173 non
2787 5139 2912 5177 raro
2940 5124 3156 5181 felicius
3187 5129 3436 5185 adhiberi
3467 5149 3598 5190 sua-

2023 5221 2140 5264 ,t‘em
2197 5211 2609 5277 persuasionem
2677 5211 2828 5268 fretae
2907 5217 3216 5276 rationibus
3269 5223 3598 5293 eloquentia!

2020 5314 2183 5367 quam
2217 5301 2570 5369 imperiosam
2599 5303 2706 5356 vim
2734 5316 2955 5361 armata:
2985 5312 3308 5379 majestatis,
3360 5317 3597 5374 maxime

2019 5389 2244 5458 quando
2278 5391 2360 5460 (ut
2394 5409 2542 5448 nunc
2593 5395 2764 5450 rideri
2815 5410 3008 5453 auctor
3053 5405 3238 5471 scripti
3278 5408 3594 5464 clanculaiii

2019 5483 2231 5537 volebat
2264 5484 2380 5552 ipso
2437 5486 2532 5539 illo
2590 5490 2868 5545 malitiose
2921 5495 3008 5547 sui
3067 5497 3280 5551 Celandi
3331 5501 3590 5571 artificio)

2020 5585 2291 5640 metuunt,
2328 5577 2422 5645 qui
2455 5592 2768 5649 queruntur.
2821 5593 2915 5637 aut
2963 5598 3245 5654 accusant,
3296 5605 3366 5646 ne
3418 5592 3509 5660 jus
3540 5609 3595 5647 et

2016 5685 2235 5737 aequum
2287 5685 2510 5733 suarum
2543 5674 2754 5729 scilicet
2795 5677 3182 5747 allegationum
3225 5687 3505 5753 tyrannica
3544 5687 3591 5740 vi
3666 5720 3669 5723 -

2015 5763 2252 5832 quadam
2274 5766 2615 5844 opprimatur
2637 5769 2883 5824 subnixa:
2916 5771 3058 5829 fastu
3090 5780 3374 5844 potestatis
3401 5781 3592 5836 audire

2017 5855 2313 5922 tranquille
2349 5859 2715 5930 dedignantis,
2766 5875 2816 5918 et
2847 5869 3082 5937 superbe
3117 5870 3366 5929 obterere
3389 5887 3590 5945 parata:
