4120 6280
353 379 462 447 273

1212 390 1312 449 DE
1356 390 1809 452 ANDRtu‘iiCO
1854 392 2323 454 P;il..-'EOI.OGO
2364 392 2509 453 LIB.
2551 392 2670 453 ΙΙΙ.

3526 380 3636 446 ετι

356 494 564 567 μητρὸς
593 495 692 565 τῆς
729 494 1057 568 Ἐκκλησίας
1087 498 1326 568 Χριστοῦ
1357 503 1383 553 ό
1407 500 1630 568 Νόσσης
1663 505 1937 570 ἐξηγεῖται
1967 509 2011 560 Α
2045 501 2296 571 βασιλεὺς
2327 499 2731 568 πλατυνομένου
2767 495 2862 551 τοῦ
2899 494 3078 564 λόγου,
3114 492 3206 552 καὶ
3247 493 3322 555 ὡς
3363 490 3512 556 εἰκδς
3541 507 3637 544 πει

354 583 481 648 τηῢς
511 587 799 657 δαίμονας,
831 588 908 653 ὡς
940 590 1006 644 ἂν
1033 591 1098 644 ἐκ
1127 592 1228 661 τῆς
1253 593 1425 663 αὐτῆς
1461 595 1552 646 καὶ
1600 595 1732 663 μιᾶς
1763 593 1935 654 αἰτίας

354 671 414 745 (ἡ
444 674 488 728 δ’
521 675 689 740 ἔστιν,
733 674 916 749 οῐμαι,
952 682 985 750 ἡ
1014 680 1110 734 τοῦ
1149 679 1286 736 Θεοῦ
1344 684 1642 751 ἀγαθότηε,
1675 684 1818 754 ἀρχή
1860 703 1934 746 τις

361 769 634 839 γενομένη
664 774 777 836 τοῖς
809 773 884 844 μὴ
916 767 1070 828 οὖσιν
1101 777 1179 838 εἰς
1211 775 1459 846 ὅντωσιν)
1487 776 1707 840 τούτους
1755 792 1818 830 τε
1847 778 1924 831 κάν

355 866 568 930 κείνους
597 867 672 925 ὡς
707 871 769 922 ἐκ
805 871 897 924 τοῦ
926 873 1093 928 αὑτοῦ
1123 874 1336 944 Πατρὸς
1361 874 1630 946 προῆχθαι
1661 875 1755 930 καὶ
1781 893 1932 944 ποιηο

353 956 450 1010 τοῦ
504 977 524 1011 ι
547 960 719 1014 Τοῦτο
760 963 888 1026 ἴσως
915 965 1008 1020 καὶ
1031 966 1170 1021 κατὰ
1194 968 1250 1019 τὸ
1287 968 1446 1039 τυχὸν
1466 968 1543 1039 τῷ
1566 970 1774 1038 εἰπόντι
1803 987 1914 1040 παρ

354 1050 634 1121 έῤῥιπται,
663 1057 719 1122 ἐξ
757 1058 985 1112 εἰκότων
1025 1059 1081 1113 δὲ
1112 1059 1303 1128 γέγονε
1353 1061 1496 1131 μέγα
1540 1062 1635 1116 καὶ
1667 1065 1744 1126 εἰς
1776 1080 1932 1117 σκαν-

353 1141 513 1196 δάλου
549 1149 824 1217 πρόφασιν
865 1151 1070 1208 ἱκανόν.
1115 1151 1173 1206 ’0
1205 1153 1315 1224 γὰρ
1354 1155 1659 1226 Δυρραχίου
1697 1157 1938 1223 Nutu;

354 1235 447 1287 τὸν
502 1238 667 1305 λόγον
722 1241 962 1306 ἀκούσας
994 1244 1095 1297 οὒκ
1143 1247 1374 1299 ἀνεκτὸν
1416 1246 1607 1312 ἀκοαῖς
1662 1246 1942 1300 εὐσεϐέσιν

358 1330 610 1401 ἡγήσατο
644 1332 894 1404 πάμπαν,
948 1339 995 1390 εἰ
1043 1336 1316 1403 δαιμόνων
1346 1340 1744 1408 ἀντικειμένων
1798 1341 1940 1409 Θεῷ.

357 1422 640 1494 ἄνθρωποι
696 1427 926 1496 ὑπήκοοι
980 1430 1059 1498 τῷ
1112 1430 1334 1502 Χριστῷ
1393 1437 1487 1488 καὶ
1538 1433 1941 1500 υἰοθετηθέντες

353 1514 473 1584 Θεῷ
495 1517 585 1570 διὰ
603 1518 697 1570 τοῦ
713 1519 1114 1590 βαπτίσματος,
1151 1525 1372 1592 ἀδελφοὶ
1401 1525 1664 1592 λέγοιντο.
1694 1529 1942 1595 Γνησίοις

354 1609 488 1677 γοῦν
516 1610 611 1664 διὰ
667 1613 840 1666 ταῦτα
878 1614 968 1668 τὸν
998 1616 1230 1670 εἰπόντι
1278 1616 1497 1688 βλὲπιν
1549 1620 1793 1690 ὄμμασιν
1845 1622 1942 1673 οὐκ

352 1701 639 1772 ἠνέσχετο,
681 1704 816 1757 ἀλλὰ
849 1705 1070 1770 πολλοῖς
1098 1709 1331 1762 διελάλει
1362 1711 1453 1763 τὸν
1487 1711 1647 1778 λόγον
1689 1712 1783 1766 καὶ
1816 1710 1944 1782 βλα-

355 1795 608 1864 σφημίαν
651 1796 844 1850 τοῦτον
892 1800 950 1851 οὐ
985 1801 1215 1873 μετρίαν
1253 1803 1458 1875 ἔκρινε.
1506 1805 1696 1861 Ταῦτα
1727 1807 1943 1871 πολλοῖς

359 1884 464 1952 μὲν
492 1888 652 1958 ἐπῄει
698 1887 982 1958 χλευάζειν
1014 1896 1106 1947 καὶ
1137 1895 1227 1946 τὸν
1266 1895 1422 1964 λόγον
1468 1897 1730 1962 ἐπιεικῶς
1761 1899 1836 1963 ὡς
1875 1899 1950 1954 ἱὸν
1981 1877 2028 1936 Β

361 1981 589 2050 πικρίας
623 1985 718 2036 καὶ
744 1983 922 2053 ὄφεων
950 1987 1396 2058 ἀποστρέφεσθαι
1475 1992 1752 2047 ἐπέπυστο
1781 1992 1837 2046 δὲ
1862 1998 1954 2048 καὶ

363 2160 454 2216 alii
486 2161 592 2217 alia
623 2162 892 2227 dicerent.
918 2177 972 2222 et
1000 2168 1171 2225 variis
1193 2185 1256 2225 ex
1295 2179 1540 2242 tempore
1571 2190 1668 2244 pro
1705 2191 1764 2231 se
1796 2176 1954 2247 quis-

359 2270 471 2326 que
502 2257 805 2328 allegandis
843 2265 1000 2332 quasi
1038 2265 1298 2321 hebetare
1353 2279 1667 2339 satagerent
1700 2272 1950 2328 aculeum

361 2362 477 2420 quo
521 2352 630 2405 alte
671 2353 837 2409 inﬁxo
903 2359 1250 2429 pungebatur
1289 2361 1516 2416 nimium
1575 2374 1760 2421 tenera
1814 2383 1956 2436 pene

372 2445 751 2511 superstitiosi
795 2452 1130 2505 conscientia
1167 2453 1450 2522 principis,
1503 2455 1954 2528 l"hiladelphien-

362 2537 442 2593 sis
479 2534 812 2610 Theoleptus
843 2543 1165 2611 palmarium
1206 2561 1265 2602 se
1312 2551 1520 2618 putavit
1561 2566 1590 2606 e
1622 2554 1798 2611 sacris
1828 2571 1954 2609 ora-

361 2631 508 2688 culis
538 2643 918 2702 argumentum
955 2638 1244 2709 reperi553,
1277 2659 1388 2712 quo
1439 2631 1717 2703 evinceret
1746 2650 1950 2707 licitam

373 2723 571 2791 istam,
605 2743 704 2784 nec.
733 2729 825 2784 ulli
854 2732 1142 2787 obnoxiam
1172 2750 1421 2792 censura:
1449 2739 1635 2797 haberi
1655 2744 1854 2802 debere
1879 2747 1956 2803 lo-

369 2818 581 2887 quendi
612 2836 674 2876 ac
711 2823 988 2879 scribendi
1014 2824 1328 2883 formulam.
1364 2830 1496 2902 Ejus
1525 2833 1626 2889 hoc
1667 2851 1697 2891 e
1727 2839 1954 2894 canoni-

370 2913 454 2967 cis
498 2913 799 2986 Scripturis
837 2928 1086 2974 astruere
1139 2924 1392 2980 conantis
1455 2926 1570 2982 haec
1629 2929 1797 2986 ferme
1854 2933 1954 2989 fuit

367 3006 554 3062 oratio
585 3023 600 3061 :
634 3025 652 3059 ι
689 3007 829 3074 Quid
869 3013 1150 3069 enimvero
1189 3027 1396 3072 tantum
1428 3020 1627 3089 piaculi
1668 3026 1738 3078 sit
1775 3027 1952 3098 Baby-

370 3098 538 3155 lonia!
567 3100 838 3156 sultanem
879 3104 1103 3164 fratrem
1131 3110 1470 3178 nominasse,
1512 3115 1560 3170 si
1595 3130 1785 3177 sancto
1833 3121 1956 3192 Spi-

367 3190 510 3303 ritu,
539 3193 863 3296 qui-sacros
910 3198 1082 3256 libros
1123 3201 1372 3272 dictavit,
1421 3219 1645 3265 auctore
1686 3190 1952 3271 discimus
1979 3239 2024 3303 ρ

373 3283 539 3340 malis
587 3285 724 3357 ipsis
755 3288 1098 3350 daemonibus
1132 3311 1242 3352 non
1290 3305 1506 3354 tantum
1552 3303 1801 3362 homines
1839 3322 1958 3361 om-

373 3393 500 3443 nes,
553 3381 648 3437 sed
694 3384 858 3440 etiam
908 3387 1260 3447 Christianos
1309 3391 1547 3449 fraterna
1579 3399 1815 3467 quadam
1859 3418 1955 3458 ne-

373 3469 716 3529 cessitudine
769 3476 1068 3550 conjungi?
1107 3480 1313 3539 Vincat
1359 3501 1490 3558 ergo
1540 3493 1682 3545 ratio
1735 3491 1955 3551 inanem

375 3572 586 3620 metunt
611 3582 627 3631 ;
655 3573 709 3621 et
753 3582 875 3622 cum
907 3586 994 3626 res
1027 3571 1213 3645 exigat
1255 3579 1542 3634 conveniri
1568 3582 1837 3639 sultanem
1871 3587 1960 3642 lit-

377 3653 540 3719 teris,
583 3664 640 3711 et
666 3658 865 3715 harum
900 3661 1319 3735 inscriptionem
1348 3680 1598 3739 Oporteat
1641 3677 1803 3731 talem
1837 3695 1961 3736 esse

377 3750 563 3821 qualis
587 3749 701 3821 jam
733 3753 859 3809 olim
891 3760 1158 3828 exemplis
1182 3761 1494 3833 principum
1519 3767 1736 3837 piorum
1772 3785 1821 3827 et
1852 3790 1975 3830 usu

377 3843 650 3903 hactenus
681 3849 944 3905 continuo
981 3851 1276 3911 informata
1328 3868 1435 3923 est,
1478 3861 1638 3916 detur
1687 3880 1852 3935 opera
1903 3875 1962 3923 ut

378 3939 528 4008 quod
560 3942 879 4011 necessario
909 3941 1223 4001 faciendum
1246 3958 1352 4016 est,
1387 3953 1503 4007 fieri
1530 3955 1764 4010 libenter
1792 3973 1962 4031 appa-

377 4033 785 4105 reatulioqui
834 4036 990 4092 enim
1019 4054 1129 4096 non
1187 4043 1415 4100 haberet
1471 4049 1700 4119 gratiam
1757 4055 1962 4118 meriti,

382 4126 532 4197 quod
565 4125 616 4180 vi
651 4142 970 4197 expressum
998 4133 1232 4202 quadam
1265 4145 1321 4193 et
1355 4149 1632 4197 extortum
1669 4145 1738 4200 ab
1782 4146 1966 4206 invitis

379 4219 689 4277 videretur.
725 4220 905 4279 Locus
936 4226 1237 4297 Scriptura:
1269 4243 1379 4300 quo
1405 4228 1575 4289 fretus
1599 4237 1716 4293 base
1745 4237 1968 4310 loquor,

383 4312 479 4369 hic
522 4323 627 4371 est.
664 4314 876 4385 Sponsa
915 4319 969 4373 in
1000 4318 1232 4378 Cantico
1271 4325 1353 4380 sic
1380 4323 1457 4379 ait
1496 4342 1512 4381 :
1561 4347 1578 4380 ι
1618 4328 1741 4387 Filii
1775 4335 1970 4392 matris

381 4421 523 4462 meae
582 4421 963 4478 pugnaverunt
1015 4424 1206 4470 contra
1264 4433 1350 4472 me
1386 4421 1424 4475 '.
1475 4440 1493 4474 ›
1549 4421 1625 4478 lbi
1684 4426 1968 4495 Nyssenus

2057 595 2358 665 ριαλγήσας
2409 595 2505 648 καὶ
2561 592 2673 647 τῶν
2721 572 3068 662 πραγμάτων
3123 585 3554 651 καταστενάξας,
3584 585 3634 638 εἰ

2055 689 2131 754 pb
2160 687 2319 757 μόνον
2350 689 2462 752 τοῖς
2499 685 2862 757 σχιζομένοις,
2896 683 3032 749 ἀλλὰ
3077 682 3174 736 καὶ
3205 681 3389 744 αὐτοῖς
3423 681 3488 751 δὴ
3518 680 3637 742 τοῖς

2054 781 2353 850 ἡνωμένοις
2380 781 2448 833 τὰ
2480 780 2586 833 τῶν
2634 779 2780 833 ἰδίων
2814 777 3196 847 χλευάζονται,
3245 773 3464 828 σύνοδον
3501 789 3637 838 συγ-

2053 877 2258 944 κροτεῖ,
2291 877 2384 930 καὶ
2413 873 2655 928 διαλαλεῐ
2682 875 2819 928 πᾶσι
2851 873 2921 926 τὰ
2951 873 3087 934 τέως
3118 869 3399 941 λεχθέντα,
3436 867 3530 921 καί
3561 866 3637 929 ὼς

2051 963 2120 1037 ἦν
2151 968 2290 1020 κατὰ
2325 968 2386 1022 τὸ
2433 967 2582 1031 εἰκὸς
2630 966 2757 1029 τοὺς
2791 965 2984 1033 λόγους
3035 962 3318 1026 διευθετεῖ,
3359 961 3638 1020 ὶκσάλλων
3672 981 3674 983 ν

2054 1058 2290 1127 ὑπωρίαν
2325 1060 2565 1128 ματαίαν
2598 1059 2662 1112 ἐκ
2709 1056 2949 1127 καρδιῶν
2975 1057 3282 1112 ἀκουόντων
3323 1043 3642 1124 ἑνσκιῤῥου-

2057 1151 2223 1220 μένην
2247 1152 2346 1222 ἤδη
2379 1150 2455 1221 τῷ
2490 1151 2810 1221 θεολήπτῳ.
2847 1148 3022 1211 Αὐτὸς
3049 1148 3107 1202 δὲ
3137 1145 3409 1216 πειράσας
3434 1143 3640 1198 κακοῦν

2053 1248 2141 1298 τὸν
2173 1245 2270 1315 τὴν
2309 1244 2404 1300 τοῦ
2439 1245 2740 1300 σκανδάλου
2776 1244 3053 1312 πυρκαϊὰν
3093 1240 3458 1309 ὑπανάψαντα
3503 1238 3645 1294 αἰδοῖ

2055 1337 2144 1388 τοῦ
2175 1336 2366 1408 ἀνδρὸς
2414 1338 2682 1407 εἴργεται,
2717 1338 2778 1390 τὸ
2830 1336 2929 1405 μὲν
2967 1335 3056 1388 διὰ
3084 1336 3183 1402 τὴν
3233 1332 3443 1387 ἐκείνου
3476 1328 3645 1386 κατά-ὲ

2057 1447 2248 1481 στασιν
2280 1425 2368 1500 (ἦν
2400 1430 2509 1501 γὰρ
2533 1432 2654 1492 ταῖς
2692 1429 2971 1498 ἀληθείαις
3008 1426 3244 1494 εὐλαὸὴς
3282 1426 3311 1476 ό
3351 1423 3509 1495 ἀνὴρ,
3546 1422 3645 1475 καὶ

2054 1525 2110 1574 οὐ
2151 1526 2478 1596 κακουργίᾳ,
2527 1522 2644 1577 ἀλλ’
2693 1522 2952 1594 εὐλαϐείᾳ
2995 1519 3454 1592 παρακεκίνητο),
3491 1516 3552 1570 τδ
3587 1515 3646 1568 et

2055 1616 2148 1667 καὶ
2173 1617 2197 1668 δ
2208 1615 2261 1669 ιὰ
2287 1616 2348 1668 τὸ
2379 1617 2611 1686 ἀρθῆναι
2637 1615 2812 1670 θέλειν
2833 1617 2974 1686 μέγα
3005 1613 3066 1668 τὸ
3111 1613 3400 1668 σκάνδαλα.
3455 1614 3519 1665 ὲκ
3548 1609 3644 1664 τοῦ

2053 1708 2143 1761 τὸν
2175 1709 2388 1781 ὑπομνή
2400 1727 2578 1764 σαντα
2600 1710 2965 1765 κινδυνεῦσαι.

2056 1817 2155 1876 κδ’.
2189 1821 2325 1890 Περὶ
2376 1820 2494 1874 τῶν
2533 1822 3016 1891 ἀποτεθειμένων
3052 1824 3310 1892 χαρτὶων
3347 1821 3442 1876 καί
3488 1820 3650 1887 ὅπως

2670 1893 3034 1963 εὑρέθησαν.

2131 1983 2310 2036 Aer/in
2343 1985 2399 2038 δὲ.
2433 1983 2604 2050 πάθος
2638 1985 2890 2040 ἐντεῦθεν
2922 1986 3097 2056 εἰσῄει
3135 1984 3223 2059 [Ρ.
3264 1985 3385 2056 H39}
3418 1986 3509 2040 τὸν
3542 2002 3651 2038 πα·

2057 2165 2163 2220 iem
2197 2166 2300 2237 piis
2329 2167 2556 2224 auribus
2585 2169 2887 2224 orationem
2928 2171 3164 2232 censuit,
3202 2184 3308 2236 qua
3365 2170 3649 2225 rebellium

2058 2259 2169 2315 Deo
2221 2261 2524 2316 dtezuonum
2573 2259 2794 2319 Christo
2842 2261 3072 2328 subjecti
3127 2262 3397 2323 homines,
3463 2278 3490 2316 a
3535 2262 3653 2320 Deo

2059 2368 2154 2422 per
2183 2354 2517 2424 baptismum
2567 2355 2622 2410 in
2660 2354 2797 2412 ﬁlios
2838 2355 3102 2427 adoptati,
3143 2355 3344 2411 fratres
3398 2357 3649 2429 diceren-
3696 2341 3699 2344 ’

2061 2451 2170 2499 tur.
2204 2444 2402 2517 Equis
2430 2447 2596 2520 igitur
2622 2449 2797 2506 oculis
2837 2458 3085 2520 spectare
3119 2452 3200 2506 sic
3251 2450 3494 2505 locutum
3534 2464 3649 2506 non

2059 2540 2324 2597 sustinuit
2349 2538 2371 2597 ι’
2394 2541 2490 2598 sed
2520 2550 2575 2598 et
2596 2543 2782 2600 verbis
2815 2545 3078 2599 continuo
3107 2544 3357 2615 plurimis
3392 2543 3645 2613 impiam,

2060 2644 2117 2688 ut
2148 2634 2394 2705 putabat,
2451 2635 2784 2691 mentionem
2841 2646 3149 2700 aversatus,
3199 2635 3247 2690 ei
3302 2652 3404 2691 suo
3438 2634 3651 2706 judicio

2055 2727 2412 2798 blasphemiae
2442 2745 2550 2785 non
2583 2729 2871 2786 mediocris
2894 2738 3078 2784 notam
3106 2730 3326 2785 inussit.
3358 2731 3511 2786 Ducti
3537 2745 3649 2786 non

2057 2823 2217 2894 pauci
2249 2824 2578 2880 auctoritate
2601 2822 2802 2879 Nicetaa
2833 2825 3036 2878 amaris
3077 2824 3430 2880 irrisionibus
3473 2822 3653 2878 Theo-

2057 2919 2260 2989 lcptum
2290 2907 2675 2990 traducebant,
2701 2919 2936 2994 ejusque
2976 2925 3305 2978 sententiam
3337 2925 3512 2980 nihilo
3536 2937 3654 2979 mo-

2056 3013 2300 3071 deratius
2332 3030 2494 3084 quam
2523 3025 2730 3083 pestem
2776 3022 2828 3069 et
2861 3029 3129 3070 venenum
3161 3015 3466 3083 viperinum
3496 3029 3654 3070 aver-

2057 3109 2343 3166 sabantur.
2376 3110 2646 3164 Caeterum
2677 3109 2978 3179 Augustus,
3007 3107 3105 3179 qui
3136 3110 3416 3165 orationes
3445 3110 3657 3166 utrius-

2057 3216 2166 3270 que
2190 3200 2500 3275 contrarias
2557 3213 2799 3269 pratsens
2855 3199 3014 3268 plene
3074 3199 3303 3254 auribus
3365 3199 3651 3276 hauserat,

2060 3295 2151 3350 ubi
2200 3294 2350 3367 quod
2383 3293 2510 3349 inde
2561 3309 2657 3365 per
2688 3293 2949 3364 populum
3007 3293 3062 3348 in
3104 3291 3646 3371 Philadelphiensem

2059 3405 2312 3446 murmur
2361 3390 2618 3462 glisceret
2647 3397 2836 3462 postea
2895 3399 3170 3461 cognovu,
3228 3403 3393 3461 aegre,
3451 3395 3512 3444 ut
3553 3399 3654 3456 par

2060 3493 2200 3551 erat,
2234 3499 2389 3540 novae
2431 3499 2600 3554 super
2625 3493 2707 3540 tot
2727 3485 2863 3542 alias
2898 3484 3220 3540 offensionis
3271 3493 3521 3540 exortum
3561 3495 3652 3542 tu-

2062 3577 2163 3645 lit!;
2199 3586 2255 3634 et
2295 3567 2588 3635 miseratus
2636 3589 2839 3633 sortem
2876 3578 3176 3649 publicam,
3208 3576 3354 3648 quod
3397 3577 3511 3649 jam
3542 3592 3653 3634 non

2063 3672 2241 3728 olum
2267 3671 2567 3728 schismate
2611 3670 2834 3741 abrupti
2878 3686 3002 3727 cum
3037 3672 3409 3742 perstantibus
3445 3674 3504 3730 in
3554 3673 3670 3729 Ec-.

2064 3765 2246 3822 clesiae
2270 3763 2480 3821 unitate
2512 3765 2928 3830 contenderent,
2976 3764 3074 3820 sed
3112 3765 3164 3819 hi
3205 3782 3428 3836 quoque
3453 3766 3656 3839 jurgiis

2064 3859 2382 3928 mutuisque
2421 3857 2668 3914 ludibriis
2705 3858 3200 3922 committerentur,
3235 3869 3538 3916 convocata
3563 3877 3655 3930 sy-

2067 3951 2211 4006 nodo
2257 3948 2521 4007 disseruit
2574 3949 2643 4004 de
2708 3951 2938 4005 suborto
2977 3945 3456 4022 'Dyrracbiensem
3513 3953 3658 4009 inter

2066 4043 2709 4115 Philadelphiensemque
2755 4042 3083 4108 certamine,
3137 4028 3430 4115 hujusque
3481 4045 3656 4102 verba

2069 4137 2124 4193 in
2159 4139 2484 4194 sententiam
2511 4137 2766 4206 exposuit
2796 4138 3164 4200 commodam,
3212 4152 3430 4193 omnem
3481 4140 3551 4194 ab
3588 4154 3658 4196 eo

2070 4231 2253 4287 minus
2282 4246 2430 4287 sanae
2450 4231 2714 4287 doctrina:
2755 4238 2850 4284 aut
2888 4228 3348 4301 ’reprehensibilis
3396 4232 3658 4304 novitatis

2071 4324 2442 4394 suspicionem
2495 4322 2714 4377 inanem
2776 4322 3068 4388 amoliens,
3134 4321 3245 4378 imo
3301 4323 3499 4380 animis
3540 4325 3656 4398 jam

2073 4418 2373 4471 multorum
2422 4415 2667 4470 inclitam
2715 4410 2967 4483 stirpitus
3003 4414 3267 4469 avellens.
3319 4414 3498 4486 Atque
3544 4413 3658 4481 ille,

385 4499 659 4570 Sponsam
712 4517 834 4571 qua;
902 4505 984 4559 sic
1048 4507 1294 4578 loquitur
1372 4527 1498 4570 esse
1560 4515 1720 4573 docet
1787 4519 2188 4585 Eccle—D‘luo
2217 4508 2495 4564 ferebatur
2527 4524 2693 4564 ruens
2735 4508 2920 4563 studio
2976 4507 3042 4562 ad
3095 4506 3522 4563 exstinctionem
3569 4508 3659 4563 in-

384 4592 526 4647 siam
561 4592 791 4651 Christi.
846 4596 971 4654 Htec
1006 4614 1035 4654 a
1074 4604 1268 4660 matris
1326 4619 1440 4662 suae
1497 4607 1624 4665 ﬁliis
1661 4615 1965 4683 oppugnari

387 4700 451 4740 se
491 4688 766 4755 queritur,
811 4689 913 4746 hoc
963 4702 1066 4758 est,
1103 4695 1294 4751 eodem
1354 4698 1520 4771 248
1567 4703 1888 4775 interprete,
1942 4723 1973 4762 a

387 4778 553 4833 malis
592 4779 961 4852 daemonibus,
998 4790 1091 4857 qui
1125 4790 1319 4846 matris
1350 4792 1525 4864 ipsius
1556 4795 1646 4851 filii
1693 4799 1972 4861 dicuntur.

389 4873 662 4941 quoniam
696 4884 806 4929 tam
856 4876 1103 4936 Ecclesia
1147 4898 1313 4952 quam
1357 4885 1635 4944 daemones
1665 4907 1730 4946 ex
1782 4893 1974 4948 eadem

389 4981 561 5021 causa
603 4975 658 5022 et
687 4968 957 5038 principio
983 4983 1112 5028 sunt
1139 4977 1268 5041 orti,
1310 4978 1496 5034 divina
1526 4983 1786 5038 nimirum
1817 4984 1978 5039 boni-

390 5068 507 5114 tate
552 5061 822 5116 creatrice
875 5064 1284 5132 universorum,
1342 5086 1440 5139 per
1469 5074 1629 5143 cujus
1683 5075 1974 5131 fecundam

399 5151 822 5209 beneficentiam
865 5165 1062 5214 cuncta
1092 5176 1157 5214 ex
1187 5162 1361 5218 nihilo
1393 5166 1444 5219 in
1476 5169 1804 5223 exstantium
1852 5160 1983 5241 pro-

393 5251 568 5299 tracta
599 5254 751 5299 sunt.
788 5245 914 5303 llaec
946 5262 1136 5306 omnes
1169 5251 1346 5310 bonos
1367 5258 1522 5325 juxta
1562 5260 1847 5328 malosque
1880 5276 1979 5314 an-

395 5332 548 5401 gelos
577 5341 673 5386 aut
707 5333 957 5391 homines
989 5353 1100 5392 uno
1134 5343 1334 5417 pariter
1360 5351 1688 5398 cunctorum
1725 5345 1886 5403 Patre
1917 5363 1980 5404 ac

393 5423 695 5480 Couditore
718 5427 922 5497 genuit.
962 5446 982 5499 ρ
1017 5429 1169 5487 Talia
1215 5435 1397 5489 minus
1449 5437 1589 5492 forte
1637 5441 1981 5508 praemedita-

401 5521 494 5569 tus
517 5517 679 5586 quasi
743 5516 1237 5589 Philadelphiensis
1292 5524 1523 5595 projecit
1585 5526 1640 5582 in
1699 5530 1980 5596 medium;

401 5623 526 5678 qua:
557 5609 739 5677 gravis
784 5610 969 5665 statim
1006 5614 1250 5674 scandali
1289 5629 1344 5672 et
1379 5619 1598 5674 invidiae
1630 5620 1682 5674 in
1738 5617 1864 5677 eum
1894 5637 1985 5678 oc-

404 5702 686 5757 casionem
737 5713 868 5758 sunt
933 5706 1046 5762 visa
1102 5711 1404 5779 praebuisse
1456 5713 1821 5783 plausibilem.
1873 5715 1985 5770 lloc

408 5795 551 5848 enim
585 5795 778 5850 audito
820 5796 1235 5869 Dyrrachiensis
1290 5806 1507 5863 Nicetas
1540 5808 1683 5864 haud
1735 5809 1984 5864 tolerabi-

522 5919 537 5950 ¹
572 5917 728 5973 Cant.
763 5934 802 5985 ι,
836 5919 892 5976 5.

2073 4602 2233 4657 vidize
2261 4600 2427 4672 249
2453 4607 2659 4654 temere
2707 4599 2760 4654 in
2801 4597 3468 4669 Theoleptunmmensaa,
3501 4598 3664 4654 facile

2075 4692 2255 4747 obiter
2301 4691 2630 4746 incitaretur
2685 4687 2739 4742 in
2778 4691 3036 4758 impetum
3091 4703 3233 4758 aegre
3295 4690 3536 4744 vicissim
3579 4688 3662 4743 fa-

2076 4785 2252 4840 ciendi
2278 4784 2396 4853 ejus
2427 4781 2807 4854 reprehensori
2839 4779 3065 4846 Nicetes,
3095 4783 3187 4849 qui
3224 4782 3342 4836 face
3369 4796 3502 4852 rogo
3529 4781 3661 4836 sub-

2073 4877 2408 4948 jectacausa
2441 4872 2682 4928 incendii
2721 4871 2934 4936 fuisset,
2983 4873 3092 4928 nisi
3138 4870 3208 4926 ab
3243 4871 3350 4927 isto
3389 4887 3512 4926 eum
3565 4889 3660 4924 cn—

2078 4977 2207 5024 natu
2229 4967 2512 5022 cohiberet
2527 4965 2762 5036 primum
2782 4966 2958 5035 pudor
2987 4964 3086 5019 viri
3109 4966 3280 5018 multa
3308 4967 3578 5035 gravitate
3598 4979 3661 5019 ac

2077 5061 2344 5130 religione
2377 5057 2723 5124 venerabilis,
2759 5071 2862 5112 nec
2886 5065 2999 5125 tam
3030 5057 3083 5112 in
3111 5057 3215 5111 hoc
3250 5058 3370 5126 ipso
3411 5056 3664 5126 maligni-

2082 5162 2192 5208 tate
2228 5153 2333 5208 ulla
2377 5167 2542 5224 quam
2574 5150 2672 5207 zeli
2699 5151 2933 5220 quadam
2984 5151 3350 5220 imprudentia
3397 5150 3662 5220 prolapsi,

2081 5248 2280 5304 deinde
2315 5254 2494 5300 metus
2531 5259 2600 5300 ne
2642 5243 2858 5315 qualem
2891 5259 2956 5299 ex
2997 5244 3339 5299 traductione
3389 5243 3664 5300 Philadel-

2085 5340 2327 5413 phiensis
2389 5339 2744 5396 oﬂ'ensionem
2807 5336 3139 5392 formidarat
3182 5336 3479 5407 publicam,
3537 5339 3662 5392 talis

2086 5444 2371 5505 tantaque,
2401 5447 2464 5487 ac
2492 5446 2598 5488 nec
2651 5431 2834 5485 minus
2866 5431 2948 5486 vel
2999 5429 3303 5500 periculosa
3355 5431 3434 5484 vel
3476 5430 3660 5495 noxia,

2084 5542 2116 5584 e
2144 5522 2560 5598 Dyrrachiensis
2586 5521 3009 5593 impugnatione-
3029 5530 3371 5591 sequeretur.

2087 5638 2178 5692 26.
2220 5635 2300 5687 De
2345 5631 2544 5686 chartis
2586 5627 2639 5684 in
2665 5628 2872 5710 occulto
2909 5629 3217 5695 reconditis,
3265 5639 3315 5683 et
3352 5639 3512 5682 utea:
3558 5631 3662 5682 sint

2753 5711 2996 5757 inveniar.

2162 5801 2273 5858 Sub
2306 5802 2417 5856 haec
2459 5796 2642 5869 gravis
2689 5796 2912 5868 quidam
2971 5797 3145 5854 anxia!
3176 5795 3686 5870 ‘religionisatstusi
