  <div class='ocr_page' id='page_1' title='image "/cluster/home/n/w/nwhite01/storage/ocr_20150623/144/mdp.39015046822246/159.png"; bbox 0 0 4120 6280; ppageno 0'>
   <div class='ocr_carea' id='block_1_1' title="bbox 487 371 595 440">
    <p class='ocr_par' dir='ltr' id='par_1_1' title="bbox 487 371 595 440">
     <span class='ocr_line' id='line_1_1' title="bbox 487 371 595 440; baseline 0.019 -2"><span class='ocrx_word' id='word_1_1' title='bbox 487 371 595 440; x_wconf 69' lang='lat'><strong>275</strong></span> 
     </span>
    </p>
   </div>
   <div class='ocr_carea' id='block_1_2' title="bbox 1675 359 2510 449">
    <p class='ocr_par' dir='ltr' id='par_1_2' title="bbox 1675 359 2510 449">
     <span class='ocr_line' id='line_1_2' title="bbox 1675 359 2510 449; baseline 0.002 -4"><span class='ocrx_word' id='word_1_2' title='bbox 1675 383 2000 446; x_wconf 71' lang='lat' dir='ltr'><strong>usuusu</strong></span> <span class='ocrx_word' id='word_1_3' title='bbox 2034 359 2510 449; x_wconf 73' lang='lat' dir='ltr'><strong>PACHYMEIUE</strong></span> 
     </span>
    </p>
   </div>
   <div class='ocr_carea' id='block_1_3' title="bbox 3627 385 3732 447">
    <p class='ocr_par' dir='ltr' id='par_1_3' title="bbox 3627 385 3732 447">
     <span class='ocr_line' id='line_1_3' title="bbox 3627 385 3732 447; baseline 0 -1"><span class='ocrx_word' id='word_1_4' title='bbox 3627 385 3732 447; x_wconf 72' lang='lat'><strong>276</strong></span> 
     </span>
    </p>
   </div>
   <div class='ocr_carea' id='block_1_4' title="bbox 479 485 3729 568">
    <p class='ocr_par' dir='ltr' id='par_1_4' title="bbox 479 485 3729 568">
     <span class='ocr_line' id='line_1_4' title="bbox 479 485 3729 568; baseline 0.003 -30"><span class='ocrx_word' id='word_1_5' title='bbox 479 485 750 558; x_wconf 75' lang='grc' dir='ltr'>τριάρχην</span> <span class='ocrx_word' id='word_1_6' title='bbox 773 486 1050 562; x_wconf 79' lang='grc' dir='ltr'><strong>Ἰωάννην,</strong></span> <span class='ocrx_word' id='word_1_7' title='bbox 1081 493 1172 547; x_wconf 77' lang='grc' dir='ltr'><strong>καὶ</strong></span> <span class='ocrx_word' id='word_1_8' title='bbox 1203 492 1330 564; x_wconf 69' lang='grc' dir='ltr'>ἤλυε</span> <span class='ocrx_word' id='word_1_9' title='bbox 1361 493 1550 558; x_wconf 83' lang='grc' dir='ltr'><strong>δεινῶς</strong></span> <span class='ocrx_word' id='word_1_10' title='bbox 1578 495 1649 549; x_wconf 87' lang='grc' dir='ltr'><strong>δι’</strong></span> <span class='ocrx_word' id='word_1_11' title='bbox 1669 495 1958 551; x_wconf 67' lang='grc' dir='ltr'>εὐλάϐειαν</span> <span class='ocrx_word' id='word_1_12' title='bbox 1985 492 2045 558; x_wconf 83' lang='grc' dir='ltr'>ἐξ</span> <span class='ocrx_word' id='word_1_13' title='bbox 2075 496 2117 551; x_wconf 70' lang='grc' dir='ltr'>Α</span> <span class='ocrx_word' id='word_1_14' title='bbox 2147 497 2539 568; x_wconf 77' lang='grc' dir='ltr'>παρασυρέντα</span> <span class='ocrx_word' id='word_1_15' title='bbox 2567 493 2690 550; x_wconf 78' lang='grc' dir='ltr'>καθ’</span> <span class='ocrx_word' id='word_1_16' title='bbox 2725 489 2901 568; x_wconf 71' lang='grc' dir='ltr'>οὗπερ</span> <span class='ocrx_word' id='word_1_17' title='bbox 2949 490 3093 567; x_wconf 77' lang='grc' dir='ltr'>ἦσαν</span> <span class='ocrx_word' id='word_1_18' title='bbox 3121 494 3212 549; x_wconf 69' lang='grc' dir='ltr'>καὶ</span> <span class='ocrx_word' id='word_1_19' title='bbox 3238 496 3294 548; x_wconf 72' lang='grc' dir='ltr'>αἱ</span> <span class='ocrx_word' id='word_1_20' title='bbox 3325 494 3479 566; x_wconf 70' lang='grc' dir='ltr'>ἀραί.</span> <span class='ocrx_word' id='word_1_21' title='bbox 3518 494 3630 550; x_wconf 81' lang='grc' dir='ltr'><strong>Καὶ</strong></span> <span class='ocrx_word' id='word_1_22' title='bbox 3664 492 3729 563; x_wconf 77' lang='grc' dir='ltr'>δὴ</span> 
     </span>
    </p>
   </div>
   <div class='ocr_carea' id='block_1_5' title="bbox 481 580 2051 658">
    <p class='ocr_par' dir='ltr' id='par_1_5' title="bbox 481 580 2051 658">
     <span class='ocr_line' id='line_1_5' title="bbox 481 580 2051 658; baseline 0.006 -26"><span class='ocrx_word' id='word_1_23' title='bbox 481 580 662 641; x_wconf 66' lang='lat' dir='ltr'><strong>uitia:</strong></span> <span class='ocrx_word' id='word_1_24' title='bbox 680 583 919 639; x_wconf 76' lang='grc' dir='ltr'>τοιᾶσδε.</span> <span class='ocrx_word' id='word_1_25' title='bbox 952 584 1109 648; x_wconf 81' lang='grc' dir='ltr'>Τινὲς</span> <span class='ocrx_word' id='word_1_26' title='bbox 1142 585 1248 658; x_wconf 84' lang='grc' dir='ltr'><strong>γὰρ</strong></span> <span class='ocrx_word' id='word_1_27' title='bbox 1277 587 1387 642; x_wconf 87' lang='grc' dir='ltr'><strong>τῶν</strong></span> <span class='ocrx_word' id='word_1_28' title='bbox 1412 588 1646 653; x_wconf 75' lang='grc' dir='ltr'>ἐκείνου,</span> <span class='ocrx_word' id='word_1_29' title='bbox 1662 583 1744 654; x_wconf 74' lang='grc' dir='ltr'>οἷς</span> <span class='ocrx_word' id='word_1_30' title='bbox 1765 590 1905 653; x_wconf 77' lang='grc' dir='ltr'>νέοις</span> <span class='ocrx_word' id='word_1_31' title='bbox 1929 587 2051 642; x_wconf 78' lang='grc' dir='ltr'>οὖσι</span> 
     </span>
    </p>
   </div>
   <div class='ocr_carea' id='block_1_6' title="bbox 481 666 2052 749">
    <p class='ocr_par' dir='ltr' id='par_1_6' title="bbox 481 666 2052 749">
     <span class='ocr_line' id='line_1_6' title="bbox 481 666 2052 749; baseline 0.004 -24"><span class='ocrx_word' id='word_1_32' title='bbox 481 666 714 744; x_wconf 77' lang='grc' dir='ltr'>ζὼγρεῖν</span> <span class='ocrx_word' id='word_1_33' title='bbox 742 672 902 745; x_wconf 76' lang='grc' dir='ltr'>ἐπῄει</span> <span class='ocrx_word' id='word_1_34' title='bbox 933 675 1274 746; x_wconf 73' lang='grc' dir='ltr'><strong>περιστερῶν</strong></span> <span class='ocrx_word' id='word_1_35' title='bbox 1302 680 1561 742; x_wconf 83' lang='grc' dir='ltr'>νεοσσοὺς</span> <span class='ocrx_word' id='word_1_36' title='bbox 1583 678 2052 749; x_wconf 69' lang='grc' dir='ltr'>νεοκομουμένους</span> 
     </span>
    </p>
   </div>
   <div class='ocr_carea' id='block_1_7' title="bbox 481 767 2052 843">
    <p class='ocr_par' dir='ltr' id='par_1_7' title="bbox 481 767 2052 843">
     <span class='ocr_line' id='line_1_7' title="bbox 481 767 2052 843; baseline 0.005 -26"><span class='ocrx_word' id='word_1_37' title='bbox 481 767 540 817; x_wconf 78' lang='grc' dir='ltr'><strong>ἐν</strong></span> <span class='ocrx_word' id='word_1_38' title='bbox 566 767 681 829; x_wconf 71' lang='grc' dir='ltr'>τοῖς</span> <span class='ocrx_word' id='word_1_39' title='bbox 738 769 1243 838; x_wconf 76' lang='grc' dir='ltr'>κατηχουμενεεοις,</span> <span class='ocrx_word' id='word_1_40' title='bbox 1301 772 1616 840; x_wconf 69' lang='grc' dir='ltr'><strong>ἐφίστανται</strong></span> <span class='ocrx_word' id='word_1_41' title='bbox 1675 775 1769 826; x_wconf 81' lang='grc' dir='ltr'><strong>καὶ</strong></span> <span class='ocrx_word' id='word_1_42' title='bbox 1806 772 1884 843; x_wconf 83' lang='grc' dir='ltr'><strong>τῷ</strong></span> <span class='ocrx_word' id='word_1_43' title='bbox 1911 773 2052 826; x_wconf 73' lang='grc' dir='ltr'>κίονι</span> 
     </span>
    </p>
   </div>
   <div class='ocr_carea' id='block_1_8' title="bbox 479 855 2051 938">
    <p class='ocr_par' dir='ltr' id='par_1_8' title="bbox 479 855 2051 938">
     <span class='ocr_line' id='line_1_8' title="bbox 479 855 2051 938; baseline 0.004 -27"><span class='ocrx_word' id='word_1_44' title='bbox 479 855 608 912; x_wconf 62' lang='grc' dir='ltr'>ἔνθα</span> <span class='ocrx_word' id='word_1_45' title='bbox 639 860 706 913; x_wconf 81' lang='grc' dir='ltr'>τὰ</span> <span class='ocrx_word' id='word_1_46' title='bbox 759 860 1072 931; x_wconf 77' lang='grc' dir='ltr'>δηλωθέντα</span> <span class='ocrx_word' id='word_1_47' title='bbox 1101 863 1211 918; x_wconf 87' lang='grc' dir='ltr'><strong>τῶν</strong></span> <span class='ocrx_word' id='word_1_48' title='bbox 1247 868 1594 938; x_wconf 80' lang='grc' dir='ltr'><strong>γραμμάτων</strong></span> <span class='ocrx_word' id='word_1_49' title='bbox 1651 866 1957 937; x_wconf 76' lang='grc' dir='ltr'>ἐκπώματα</span> <span class='ocrx_word' id='word_1_50' title='bbox 1989 866 2051 918; x_wconf 79' lang='grc' dir='ltr'><strong>ἐν</strong></span> 
     </span>
    </p>
   </div>
   <div class='ocr_carea' id='block_1_9' title="bbox 478 949 2050 1028">
    <p class='ocr_par' dir='ltr' id='par_1_9' title="bbox 478 949 2050 1028">
     <span class='ocr_line' id='line_1_9' title="bbox 478 949 2050 1028; baseline 0.005 -27"><span class='ocrx_word' id='word_1_51' title='bbox 478 953 662 1024; x_wconf 79' lang='grc' dir='ltr'>κρυφῇ</span> <span class='ocrx_word' id='word_1_52' title='bbox 699 951 927 1016; x_wconf 79' lang='grc' dir='ltr'>κείμενα</span> <span class='ocrx_word' id='word_1_53' title='bbox 955 949 1095 1023; x_wconf 80' lang='grc' dir='ltr'>ἦσαν</span> <span class='ocrx_word' id='word_1_54' title='bbox 1145 954 1482 1028; x_wconf 82' lang='grc' dir='ltr'>(Γαμηλιὼν</span> <span class='ocrx_word' id='word_1_55' title='bbox 1530 957 1577 1010; x_wconf 79' lang='grc' dir='ltr'>δ’</span> <span class='ocrx_word' id='word_1_56' title='bbox 1603 959 1910 1028; x_wconf 74' lang='grc' dir='ltr'><strong>ἐνειστήκει</strong></span> <span class='ocrx_word' id='word_1_57' title='bbox 1943 957 2050 1026; x_wconf 78' lang='grc' dir='ltr'>μὴν</span> 
     </span>
    </p>
   </div>
   <div class='ocr_carea' id='block_1_10' title="bbox 480 1041 2049 1123">
    <p class='ocr_par' dir='ltr' id='par_1_10' title="bbox 480 1041 2049 1123">
     <span class='ocr_line' id='line_1_10' title="bbox 480 1041 2049 1123; baseline 0.005 -29"><span class='ocrx_word' id='word_1_58' title='bbox 480 1041 599 1096; x_wconf 83' lang='grc' dir='ltr'>καθ’</span> <span class='ocrx_word' id='word_1_59' title='bbox 625 1042 685 1097; x_wconf 80' lang='grc' dir='ltr'>ὃν</span> <span class='ocrx_word' id='word_1_60' title='bbox 719 1044 875 1099; x_wconf 77' lang='grc' dir='ltr'>ταῦτ’</span> <span class='ocrx_word' id='word_1_61' title='bbox 898 1047 1231 1120; x_wconf 81' lang='grc' dir='ltr'>ἐπράττετο)</span> <span class='ocrx_word' id='word_1_62' title='bbox 1265 1049 1326 1104; x_wconf 73' lang='grc' dir='ltr'><strong>ἐν</strong></span> <span class='ocrx_word' id='word_1_63' title='bbox 1348 1052 1660 1123; x_wconf 77' lang='grc' dir='ltr'>ἀριστεροῖς</span> <span class='ocrx_word' id='word_1_64' title='bbox 1684 1053 1794 1114; x_wconf 83' lang='grc' dir='ltr'>τοῖς</span> <span class='ocrx_word' id='word_1_65' title='bbox 1817 1050 2049 1104; x_wconf 76' lang='grc' dir='ltr'>εἰσιοῦσι</span> 
     </span>
    </p>
   </div>
   <div class='ocr_carea' id='block_1_11' title="bbox 477 1140 2051 1214">
    <p class='ocr_par' dir='ltr' id='par_1_11' title="bbox 477 1140 2051 1214">
     <span class='ocr_line' id='line_1_11' title="bbox 477 1140 2051 1214; baseline 0.004 -23"><span class='ocrx_word' id='word_1_66' title='bbox 477 1140 954 1212; x_wconf 75' lang='grc' dir='ltr'>κατηχουμενειοις</span> <span class='ocrx_word' id='word_1_67' title='bbox 988 1142 1084 1195; x_wconf 79' lang='grc' dir='ltr'><strong>τοῦ</strong></span> <span class='ocrx_word' id='word_1_68' title='bbox 1107 1147 1455 1214; x_wconf 83' lang='grc' dir='ltr'>περιωνύμου</span> <span class='ocrx_word' id='word_1_69' title='bbox 1490 1145 1640 1200; x_wconf 81' lang='grc' dir='ltr'>ναοῦ.</span> <span class='ocrx_word' id='word_1_70' title='bbox 1674 1147 1781 1199; x_wconf 77' lang='grc' dir='ltr'><strong>Καὶ</strong></span> <span class='ocrx_word' id='word_1_71' title='bbox 1811 1145 1934 1199; x_wconf 71' lang='grc' dir='ltr'>ἐπεὶ</span> <span class='ocrx_word' id='word_1_72' title='bbox 1952 1161 2051 1197; x_wconf 79' lang='grc' dir='ltr'>πε-</span> 
     </span>
    </p>
   </div>
   <div class='ocr_carea' id='block_1_12' title="bbox 476 1229 2044 1307">
    <p class='ocr_par' dir='ltr' id='par_1_12' title="bbox 476 1229 2044 1307">
     <span class='ocr_line' id='line_1_12' title="bbox 476 1229 2044 1307; baseline 0.008 -26"><span class='ocrx_word' id='word_1_73' title='bbox 476 1229 772 1302; x_wconf 73' lang='grc' dir='ltr'>ριστερεὼν</span> <span class='ocrx_word' id='word_1_74' title='bbox 805 1229 872 1304; x_wconf 81' lang='grc' dir='ltr'>ἦν</span> <span class='ocrx_word' id='word_1_75' title='bbox 914 1236 1062 1307; x_wconf 81' lang='grc' dir='ltr'>τῇδε,</span> <span class='ocrx_word' id='word_1_76' title='bbox 1113 1238 1207 1291; x_wconf 80' lang='grc' dir='ltr'><strong>καὶ</strong></span> <span class='ocrx_word' id='word_1_77' title='bbox 1260 1238 1366 1292; x_wconf 70' lang='grc' dir='ltr'>ἔδει</span> <span class='ocrx_word' id='word_1_78' title='bbox 1413 1239 1515 1293; x_wconf 78' lang='grc' dir='ltr'><strong>οὐκ</strong></span> <span class='ocrx_word' id='word_1_79' title='bbox 1574 1238 1705 1304; x_wconf 76' lang='grc' dir='ltr'><strong>ζξοῖς</strong></span> <span class='ocrx_word' id='word_1_80' title='bbox 1733 1242 1826 1292; x_wconf 73' lang='grc' dir='ltr'><strong>καὶ</strong></span> <span class='ocrx_word' id='word_1_81' title='bbox 1855 1238 2044 1304; x_wconf 77' lang='grc' dir='ltr'>λίνοις,</span> 
     </span>
    </p>
   </div>
   <div class='ocr_carea' id='block_1_13' title="bbox 478 1319 2044 1402">
    <p class='ocr_par' dir='ltr' id='par_1_13' title="bbox 478 1319 2044 1402">
     <span class='ocr_line' id='line_1_13' title="bbox 478 1319 2044 1402; baseline 0.007 -30"><span class='ocrx_word' id='word_1_82' title='bbox 478 1319 610 1374; x_wconf 63' lang='grc' dir='ltr'>ἀλλὰ</span> <span class='ocrx_word' id='word_1_83' title='bbox 665 1324 824 1395; x_wconf 77' lang='grc' dir='ltr'>χερσὶ</span> <span class='ocrx_word' id='word_1_84' title='bbox 879 1327 974 1380; x_wconf 75' lang='grc' dir='ltr'><strong>καὶ</strong></span> <span class='ocrx_word' id='word_1_85' title='bbox 1015 1327 1209 1398; x_wconf 82' lang='grc' dir='ltr'>μόναις</span> <span class='ocrx_word' id='word_1_86' title='bbox 1245 1328 1506 1393; x_wconf 79' lang='grc' dir='ltr'>νεοσσοὺς</span> <span class='ocrx_word' id='word_1_87' title='bbox 1561 1331 1811 1400; x_wconf 79' lang='grc' dir='ltr'>ἀπτῆνας</span> <span class='ocrx_word' id='word_1_88' title='bbox 1847 1333 2044 1402; x_wconf 80' lang='grc' dir='ltr'>αἱρεῖν,</span> 
     </span>
    </p>
   </div>
   <div class='ocr_carea' id='block_1_14' title="bbox 477 1412 2046 1486">
    <p class='ocr_par' dir='ltr' id='par_1_14' title="bbox 477 1412 2046 1486">
     <span class='ocr_line' id='line_1_14' title="bbox 477 1412 2046 1486; baseline 0.007 -23"><span class='ocrx_word' id='word_1_89' title='bbox 477 1412 719 1480; x_wconf 82' lang='grc' dir='ltr'>κλιμακά</span> <span class='ocrx_word' id='word_1_90' title='bbox 748 1433 803 1469; x_wconf 89' lang='grc' dir='ltr'><strong>τε</strong></span> <span class='ocrx_word' id='word_1_91' title='bbox 839 1418 1146 1485; x_wconf 75' lang='grc' dir='ltr'>ἐπιτιθετσι,</span> <span class='ocrx_word' id='word_1_92' title='bbox 1174 1419 1267 1473; x_wconf 82' lang='grc' dir='ltr'><strong>καὶ</strong></span> <span class='ocrx_word' id='word_1_93' title='bbox 1291 1415 1371 1486; x_wconf 79' lang='grc' dir='ltr'>εἷς</span> <span class='ocrx_word' id='word_1_94' title='bbox 1395 1420 1605 1485; x_wconf 81' lang='grc' dir='ltr'>ἀναϐὰς</span> <span class='ocrx_word' id='word_1_95' title='bbox 1633 1422 1857 1474; x_wconf 76' lang='grc' dir='ltr'>ἐκείνων</span> <span class='ocrx_word' id='word_1_96' title='bbox 1889 1438 2046 1474; x_wconf 82' lang='grc' dir='ltr'>νεοσ-</span> 
     </span>
    </p>
   </div>
   <div class='ocr_carea' id='block_1_15' title="bbox 475 1505 2045 1583">
    <p class='ocr_par' dir='ltr' id='par_1_15' title="bbox 475 1505 2045 1583">
     <span class='ocr_line' id='line_1_15' title="bbox 475 1505 2045 1583; baseline 0.006 -28"><span class='ocrx_word' id='word_1_97' title='bbox 475 1505 600 1568; x_wconf 79' lang='grc' dir='ltr'>σοὺς</span> <span class='ocrx_word' id='word_1_98' title='bbox 630 1507 730 1576; x_wconf 69' lang='grc' dir='ltr'>μὲν</span> <span class='ocrx_word' id='word_1_99' title='bbox 774 1510 1014 1573; x_wconf 78' lang='grc' dir='ltr'>ἐκείνους</span> <span class='ocrx_word' id='word_1_100' title='bbox 1042 1511 1145 1564; x_wconf 71' lang='grc' dir='ltr'><strong>ὑπὸ</strong></span> <span class='ocrx_word' id='word_1_101' title='bbox 1194 1515 1385 1583; x_wconf 83' lang='grc' dir='ltr'>χεῖρας</span> <span class='ocrx_word' id='word_1_102' title='bbox 1429 1509 1596 1583; x_wconf 78' lang='grc' dir='ltr'>εἶχεν,</span> <span class='ocrx_word' id='word_1_103' title='bbox 1636 1513 1967 1581; x_wconf 74' lang='grc' dir='ltr'>ὑπεφαίνετο</span> <span class='ocrx_word' id='word_1_104' title='bbox 1999 1513 2045 1565; x_wconf 84' lang='grc' dir='ltr'>δ’</span> 
     </span>
    </p>
   </div>
   <div class='ocr_carea' id='block_1_16' title="bbox 473 1595 2047 1676">
    <p class='ocr_par' dir='ltr' id='par_1_16' title="bbox 473 1595 2047 1676">
     <span class='ocr_line' id='line_1_16' title="bbox 473 1595 2047 1676; baseline 0.005 -28"><span class='ocrx_word' id='word_1_105' title='bbox 473 1595 674 1661; x_wconf 77' lang='grc' dir='ltr'>εὐθέως</span> <span class='ocrx_word' id='word_1_106' title='bbox 700 1601 792 1652; x_wconf 81' lang='grc' dir='ltr'>καὶ</span> <span class='ocrx_word' id='word_1_107' title='bbox 826 1601 885 1652; x_wconf 77' lang='grc' dir='ltr'><strong>τὸ</strong></span> <span class='ocrx_word' id='word_1_108' title='bbox 914 1604 974 1656; x_wconf 79' lang='grc' dir='ltr'><strong>ἐν</strong></span> <span class='ocrx_word' id='word_1_109' title='bbox 1029 1603 1186 1674; x_wconf 83' lang='grc' dir='ltr'><strong>μυχῷ</strong></span> <span class='ocrx_word' id='word_1_110' title='bbox 1205 1603 1306 1669; x_wconf 76' lang='grc' dir='ltr'>τῆς</span> <span class='ocrx_word' id='word_1_111' title='bbox 1332 1605 1469 1676; x_wconf 75' lang='grc' dir='ltr'>ὀπῆς</span> <span class='ocrx_word' id='word_1_112' title='bbox 1496 1606 1769 1674; x_wconf 78' lang='grc' dir='ltr'>κείμενον.</span> <span class='ocrx_word' id='word_1_113' title='bbox 1805 1601 1879 1656; x_wconf 76' lang='grc' dir='ltr'><strong>Τὸ</strong></span> <span class='ocrx_word' id='word_1_114' title='bbox 1904 1605 1948 1656; x_wconf 77' lang='grc' dir='ltr'>δ’</span> <span class='ocrx_word' id='word_1_115' title='bbox 1977 1600 2047 1674; x_wconf 75' lang='grc' dir='ltr'>ἦν</span> 
     </span>
    </p>
   </div>
   <div class='ocr_carea' id='block_1_17' title="bbox 474 1683 2046 1770">
    <p class='ocr_par' dir='ltr' id='par_1_17' title="bbox 474 1683 2046 1770">
     <span class='ocr_line' id='line_1_17' title="bbox 474 1683 2046 1770; baseline 0.003 -24"><span class='ocrx_word' id='word_1_116' title='bbox 474 1683 532 1746; x_wconf 76' lang='grc' dir='ltr'>τὸ</span> <span class='ocrx_word' id='word_1_117' title='bbox 565 1697 1006 1768; x_wconf 78' lang='grc' dir='ltr'>συνεπτυγμένον</span> <span class='ocrx_word' id='word_1_118' title='bbox 1034 1699 1143 1752; x_wconf 88' lang='grc' dir='ltr'>τῶν</span> <span class='ocrx_word' id='word_1_119' title='bbox 1176 1699 1329 1769; x_wconf 82' lang='grc' dir='ltr'>ἀρῶν</span> <span class='ocrx_word' id='word_1_120' title='bbox 1359 1699 1647 1770; x_wconf 72' lang='grc' dir='ltr'>ὄστρακον.</span> <span class='ocrx_word' id='word_1_121' title='bbox 1709 1699 1796 1762; x_wconf 78' lang='grc' dir='ltr'>Ὠς</span> <span class='ocrx_word' id='word_1_122' title='bbox 1822 1697 1866 1752; x_wconf 79' lang='grc' dir='ltr'>δ’</span> <span class='ocrx_word' id='word_1_123' title='bbox 1911 1700 2046 1752; x_wconf 64' lang='grc' dir='ltr'>ἀναι-</span> 
     </span>
    </p>
   </div>
   <div class='ocr_carea' id='block_1_18' title="bbox 2156 587 3728 660">
    <p class='ocr_par' dir='ltr' id='par_1_18' title="bbox 2156 587 3728 660">
     <span class='ocr_line' id='line_1_18' title="bbox 2156 587 3728 660; baseline -0.001 -20"><span class='ocrx_word' id='word_1_124' title='bbox 2156 587 2248 641; x_wconf 59' lang='lat' dir='ltr'><strong>rev</strong></span> <span class='ocrx_word' id='word_1_125' title='bbox 2285 588 2514 659; x_wconf 72' lang='grc' dir='ltr'>ἀδελφὸν</span> <span class='ocrx_word' id='word_1_126' title='bbox 2544 587 2768 659; x_wconf 75' lang='grc' dir='ltr'>πέμψας</span> <span class='ocrx_word' id='word_1_127' title='bbox 2795 589 3078 653; x_wconf 82' lang='grc' dir='ltr'>Μεθόδιον,</span> <span class='ocrx_word' id='word_1_128' title='bbox 3103 588 3259 660; x_wconf 75' lang='grc' dir='ltr'>ἠξίου</span> <span class='ocrx_word' id='word_1_129' title='bbox 3293 587 3520 660; x_wconf 72' lang='grc' dir='ltr'>βασιλέα</span> <span class='ocrx_word' id='word_1_130' title='bbox 3552 602 3728 659; x_wconf 82' lang='grc' dir='ltr'>παρα-</span> 
     </span>
    </p>
   </div>
   <div class='ocr_carea' id='block_1_19' title="bbox 2154 681 3727 756">
    <p class='ocr_par' dir='ltr' id='par_1_19' title="bbox 2154 681 3727 756">
     <span class='ocr_line' id='line_1_19' title="bbox 2154 681 3727 756; baseline 0.001 -23"><span class='ocrx_word' id='word_1_131' title='bbox 2154 681 2408 751; x_wconf 79' lang='grc' dir='ltr'>γενέσθαι</span> <span class='ocrx_word' id='word_1_132' title='bbox 2433 684 2484 736; x_wconf 82' lang='lat' dir='ltr'><strong>oi</strong></span> <span class='ocrx_word' id='word_1_133' title='bbox 2504 698 2518 714; x_wconf 88' lang='grc'><strong>·</strong></span> <span class='ocrx_word' id='word_1_134' title='bbox 2560 682 2697 754; x_wconf 81' lang='grc' dir='ltr'><strong>μηδέ</strong></span> <span class='ocrx_word' id='word_1_135' title='bbox 2725 684 2836 754; x_wconf 73' lang='grc' dir='ltr'><strong>γὰρ</strong></span> <span class='ocrx_word' id='word_1_136' title='bbox 2862 682 3009 756; x_wconf 67' lang='grc' dir='ltr'>ἔχειν</span> <span class='ocrx_word' id='word_1_137' title='bbox 3040 683 3290 754; x_wconf 75' lang='grc' dir='ltr'>ἁπαντᾷν</span> <span class='ocrx_word' id='word_1_138' title='bbox 3335 685 3471 752; x_wconf 82' lang='grc' dir='ltr'>παρ’</span> <span class='ocrx_word' id='word_1_139' title='bbox 3500 684 3727 736; x_wconf 79' lang='grc' dir='ltr'>ἐκεῖνον.</span> 
     </span>
    </p>
   </div>
   <div class='ocr_carea' id='block_1_20' title="bbox 2165 771 3730 845">
    <p class='ocr_par' dir='ltr' id='par_1_20' title="bbox 2165 771 3730 845">
     <span class='ocr_line' id='line_1_20' title="bbox 2165 771 3730 845; baseline -0.001 -18"><span class='ocrx_word' id='word_1_140' title='bbox 2165 773 2505 844; x_wconf 81' lang='grc' dir='ltr'>’Δπήγγελλε</span> <span class='ocrx_word' id='word_1_141' title='bbox 2533 774 2592 830; x_wconf 80' lang='grc' dir='ltr'><strong>δέ</strong></span> <span class='ocrx_word' id='word_1_142' title='bbox 2610 775 2707 830; x_wconf 77' lang='grc' dir='ltr'><strong>καὶ</strong></span> <span class='ocrx_word' id='word_1_143' title='bbox 2739 777 2838 845; x_wconf 79' lang='grc' dir='ltr'>τὴν</span> <span class='ocrx_word' id='word_1_144' title='bbox 2867 775 3070 843; x_wconf 79' lang='grc' dir='ltr'>αἰτίαν,</span> <span class='ocrx_word' id='word_1_145' title='bbox 3087 774 3168 839; x_wconf 76' lang='grc' dir='ltr'><strong>ὡς</strong></span> <span class='ocrx_word' id='word_1_146' title='bbox 3197 773 3390 830; x_wconf 70' lang='grc' dir='ltr'>ἔλαθον</span> <span class='ocrx_word' id='word_1_147' title='bbox 3420 774 3512 827; x_wconf 79' lang='grc' dir='ltr'><strong>ἐπὶ</strong></span> <span class='ocrx_word' id='word_1_148' title='bbox 3535 771 3730 827; x_wconf 78' lang='grc' dir='ltr'>τοσοῦ-</span> 
     </span>
    </p>
   </div>
   <div class='ocr_carea' id='block_1_21' title="bbox 2151 863 3731 938">
    <p class='ocr_par' dir='ltr' id='par_1_21' title="bbox 2151 863 3731 938">
     <span class='ocr_line' id='line_1_21' title="bbox 2151 863 3731 938; baseline -0.001 -20"><span class='ocrx_word' id='word_1_149' title='bbox 2151 882 2246 919; x_wconf 87' lang='grc' dir='ltr'><strong>τον</strong></span> <span class='ocrx_word' id='word_1_150' title='bbox 2279 865 2527 938; x_wconf 84' lang='grc' dir='ltr'>φρικτῶν</span> <span class='ocrx_word' id='word_1_151' title='bbox 2551 867 2702 937; x_wconf 81' lang='grc' dir='ltr'>ἀρῶν</span> <span class='ocrx_word' id='word_1_152' title='bbox 2723 866 2981 928; x_wconf 73' lang='grc' dir='ltr'>εὐθύναις</span> <span class='ocrx_word' id='word_1_153' title='bbox 3008 865 3084 930; x_wconf 82' lang='grc' dir='ltr'><strong>ὡς</strong></span> <span class='ocrx_word' id='word_1_154' title='bbox 3113 866 3215 921; x_wconf 79' lang='grc' dir='ltr'><strong>οὐκ</strong></span> <span class='ocrx_word' id='word_1_155' title='bbox 3237 866 3446 920; x_wconf 69' lang='grc' dir='ltr'>οἴδασιν</span> <span class='ocrx_word' id='word_1_156' title='bbox 3475 863 3731 935; x_wconf 70' lang='grc' dir='ltr'>ἐνεχόμε-</span> 
     </span>
    </p>
   </div>
   <div class='ocr_carea' id='block_1_22' title="bbox 2151 955 3729 1032">
    <p class='ocr_par' dir='ltr' id='par_1_22' title="bbox 2151 955 3729 1032">
     <span class='ocr_line' id='line_1_22' title="bbox 2151 955 3729 1032; baseline -0.003 -20"><span class='ocrx_word' id='word_1_157' title='bbox 2151 975 2253 1022; x_wconf 86' lang='grc' dir='ltr'>νοι,</span> <span class='ocrx_word' id='word_1_158' title='bbox 2287 959 2382 1012; x_wconf 74' lang='grc' dir='ltr'><strong>καὶ</strong></span> <span class='ocrx_word' id='word_1_159' title='bbox 2410 959 2486 1022; x_wconf 79' lang='grc' dir='ltr'><strong>ὡς</strong></span> <span class='ocrx_word' id='word_1_160' title='bbox 2505 959 2842 1023; x_wconf 78' lang='grc' dir='ltr'>ἀπεναντιας</span> <span class='ocrx_word' id='word_1_161' title='bbox 2863 960 2962 1028; x_wconf 78' lang='grc' dir='ltr'>τῆς</span> <span class='ocrx_word' id='word_1_162' title='bbox 2989 959 3158 1014; x_wconf 82' lang='grc' dir='ltr'>πάλαι</span> <span class='ocrx_word' id='word_1_163' title='bbox 3190 957 3544 1032; x_wconf 75' lang='grc' dir='ltr'>περιστερᾶς,</span> <span class='ocrx_word' id='word_1_164' title='bbox 3574 955 3729 1010; x_wconf 82' lang='grc' dir='ltr'>λύσιν</span> 
     </span>
    </p>
   </div>
   <div class='ocr_carea' id='block_1_23' title="bbox 2152 1048 3728 1125">
    <p class='ocr_par' dir='ltr' id='par_1_23' title="bbox 2152 1048 3728 1125">
     <span class='ocr_line' id='line_1_23' title="bbox 2152 1048 3728 1125; baseline -0.002 -20"><span class='ocrx_word' id='word_1_165' title='bbox 2152 1050 2655 1125; x_wconf 74' lang='grc' dir='ltr'>εὐαγγελιζομένης</span> <span class='ocrx_word' id='word_1_166' title='bbox 2709 1051 3126 1123; x_wconf 82' lang='grc' dir='ltr'>κατακλυσμοῦ,</span> <span class='ocrx_word' id='word_1_167' title='bbox 3185 1054 3221 1122; x_wconf 81' lang='grc' dir='ltr'><strong>ἡ</strong></span> <span class='ocrx_word' id='word_1_168' title='bbox 3253 1052 3347 1105; x_wconf 77' lang='grc' dir='ltr'><strong>ἐπὶ</strong></span> <span class='ocrx_word' id='word_1_169' title='bbox 3389 1048 3486 1104; x_wconf 82' lang='grc' dir='ltr'>τοῦ</span> <span class='ocrx_word' id='word_1_170' title='bbox 3549 1051 3728 1113; x_wconf 76' lang='grc' dir='ltr'>κίονος</span> 
     </span>
    </p>
   </div>
   <div class='ocr_carea' id='block_1_24' title="bbox 2150 1143 3730 1216">
    <p class='ocr_par' dir='ltr' id='par_1_24' title="bbox 2150 1143 3730 1216">
     <span class='ocr_line' id='line_1_24' title="bbox 2150 1143 3730 1216; baseline -0.002 -20"><span class='ocrx_word' id='word_1_171' title='bbox 2150 1144 2332 1216; x_wconf 76' lang='grc' dir='ltr'>ἐκείνη</span> <span class='ocrx_word' id='word_1_172' title='bbox 2363 1144 2638 1214; x_wconf 78' lang='grc' dir='ltr'>φαίνεται,</span> <span class='ocrx_word' id='word_1_173' title='bbox 2668 1145 2800 1216; x_wconf 82' lang='grc' dir='ltr'>παρ’</span> <span class='ocrx_word' id='word_1_174' title='bbox 2828 1147 2954 1209; x_wconf 83' lang='grc' dir='ltr'>ὅσον</span> <span class='ocrx_word' id='word_1_175' title='bbox 2986 1144 3087 1198; x_wconf 76' lang='grc' dir='ltr'><strong>οὐκ</strong></span> <span class='ocrx_word' id='word_1_176' title='bbox 3118 1145 3397 1215; x_wconf 73' lang='grc' dir='ltr'>εὐλογίας,</span> <span class='ocrx_word' id='word_1_177' title='bbox 3429 1143 3565 1196; x_wconf 68' lang='grc' dir='ltr'>ἀλλὰ</span> <span class='ocrx_word' id='word_1_178' title='bbox 3593 1159 3730 1196; x_wconf 78' lang='grc' dir='ltr'>κατ·</span> 
     </span>
    </p>
   </div>
   <div class='ocr_carea' id='block_1_25' title="bbox 2150 1234 3724 1311">
    <p class='ocr_par' dir='ltr' id='par_1_25' title="bbox 2150 1234 3724 1311">
     <span class='ocr_line' id='line_1_25' title="bbox 2150 1234 3724 1311; baseline -0.004 -19"><span class='ocrx_word' id='word_1_179' title='bbox 2150 1237 2292 1311; x_wconf 81' lang='grc' dir='ltr'>ἀρας</span> <span class='ocrx_word' id='word_1_180' title='bbox 2342 1239 2438 1292; x_wconf 77' lang='grc' dir='ltr'><strong>καὶ</strong></span> <span class='ocrx_word' id='word_1_181' title='bbox 2467 1238 2796 1309; x_wconf 78' lang='grc' dir='ltr'>ἀφορισμῶν</span> <span class='ocrx_word' id='word_1_182' title='bbox 2833 1237 3108 1310; x_wconf 85' lang='grc' dir='ltr'>μηνύτρια</span> <span class='ocrx_word' id='word_1_183' title='bbox 3129 1237 3344 1308; x_wconf 83' lang='grc' dir='ltr'>γέγονε.</span> <span class='ocrx_word' id='word_1_184' title='bbox 3379 1234 3490 1290; x_wconf 71' lang='grc' dir='ltr'><strong>Καὶ</strong></span> <span class='ocrx_word' id='word_1_185' title='bbox 3519 1237 3582 1288; x_wconf 78' lang='grc' dir='ltr'>τὸ</span> <span class='ocrx_word' id='word_1_186' title='bbox 3608 1235 3691 1305; x_wconf 74' lang='grc' dir='ltr'>χεέ</span> <span class='ocrx_word' id='word_1_187' title='bbox 3710 1261 3724 1273; x_wconf 89' lang='lat'><strong><em>-</em></strong></span> 
     </span>
    </p>
   </div>
   <div class='ocr_carea' id='block_1_26' title="bbox 2151 1322 3724 1402">
    <p class='ocr_par' dir='ltr' id='par_1_26' title="bbox 2151 1322 3724 1402">
     <span class='ocr_line' id='line_1_26' title="bbox 2151 1322 3724 1402; baseline -0.004 -18"><span class='ocrx_word' id='word_1_188' title='bbox 2151 1349 2358 1402; x_wconf 73' lang='lat' dir='ltr'><strong>protev,</strong></span> <span class='ocrx_word' id='word_1_189' title='bbox 2388 1332 2463 1393; x_wconf 81' lang='grc' dir='ltr'>ὡς</span> <span class='ocrx_word' id='word_1_190' title='bbox 2489 1331 2614 1385; x_wconf 83' lang='grc' dir='ltr'>τότε</span> <span class='ocrx_word' id='word_1_191' title='bbox 2658 1331 2760 1401; x_wconf 82' lang='grc' dir='ltr'>μὲν</span> <span class='ocrx_word' id='word_1_192' title='bbox 2789 1332 2816 1383; x_wconf 85' lang='grc' dir='ltr'><strong>ό</strong></span> <span class='ocrx_word' id='word_1_193' title='bbox 2852 1331 2987 1384; x_wconf 77' lang='grc' dir='ltr'>δέων</span> <span class='ocrx_word' id='word_1_194' title='bbox 3029 1330 3377 1401; x_wconf 77' lang='grc' dir='ltr'>πατριάρχης</span> <span class='ocrx_word' id='word_1_195' title='bbox 3401 1322 3470 1398; x_wconf 72' lang='grc' dir='ltr'>ἦν</span> <span class='ocrx_word' id='word_1_196' title='bbox 3498 1328 3592 1380; x_wconf 71' lang='grc' dir='ltr'><strong>καλ⁸</strong></span> <span class='ocrx_word' id='word_1_197' title='bbox 3624 1326 3724 1396; x_wconf 79' lang='grc' dir='ltr'>τὴν</span> 
     </span>
    </p>
   </div>
   <div class='ocr_carea' id='block_1_27' title="bbox 2147 1418 3727 1494">
    <p class='ocr_par' dir='ltr' id='par_1_27' title="bbox 2147 1418 3727 1494">
     <span class='ocr_line' id='line_1_27' title="bbox 2147 1418 3727 1494; baseline -0.003 -18"><span class='ocrx_word' id='word_1_198' title='bbox 2147 1425 2238 1478; x_wconf 80' lang='grc' dir='ltr'>τοῦ</span> <span class='ocrx_word' id='word_1_199' title='bbox 2261 1426 2370 1476; x_wconf 85' lang='grc' dir='ltr'>δεῖν</span> <span class='ocrx_word' id='word_1_200' title='bbox 2399 1423 2653 1489; x_wconf 79' lang='grc' dir='ltr'>ἐξουσίαν</span> <span class='ocrx_word' id='word_1_201' title='bbox 2678 1424 2774 1477; x_wconf 76' lang='grc' dir='ltr'><strong>τοῦ</strong></span> <span class='ocrx_word' id='word_1_202' title='bbox 2802 1423 3119 1494; x_wconf 83' lang='grc' dir='ltr'>πνεύματος</span> <span class='ocrx_word' id='word_1_203' title='bbox 3148 1423 3333 1492; x_wconf 74' lang='grc' dir='ltr'>ἔφερε,</span> <span class='ocrx_word' id='word_1_204' title='bbox 3360 1421 3458 1476; x_wconf 76' lang='grc' dir='ltr'>νῦν</span> <span class='ocrx_word' id='word_1_205' title='bbox 3486 1421 3534 1474; x_wconf 81' lang='grc' dir='ltr'>δ’</span> <span class='ocrx_word' id='word_1_206' title='bbox 3565 1421 3596 1475; x_wconf 83' lang='grc' dir='ltr'><strong>ό</strong></span> <span class='ocrx_word' id='word_1_207' title='bbox 3628 1418 3727 1473; x_wconf 69' lang='grc' dir='ltr'><strong>καὶ</strong></span> 
     </span>
    </p>
   </div>
   <div class='ocr_carea' id='block_1_28' title="bbox 2149 1513 3726 1588">
    <p class='ocr_par' dir='ltr' id='par_1_28' title="bbox 2149 1513 3726 1588">
     <span class='ocr_line' id='line_1_28' title="bbox 2149 1513 3726 1588; baseline -0.004 -19"><span class='ocrx_word' id='word_1_208' title='bbox 2149 1518 2279 1579; x_wconf 77' lang='grc' dir='ltr'>ἴσως</span> <span class='ocrx_word' id='word_1_209' title='bbox 2330 1517 2479 1570; x_wconf 80' lang='grc' dir='ltr'>λύειν</span> <span class='ocrx_word' id='word_1_210' title='bbox 2532 1517 2760 1588; x_wconf 79' lang='grc' dir='ltr'>μέλλων,</span> <span class='ocrx_word' id='word_1_211' title='bbox 2812 1519 2861 1571; x_wconf 79' lang='grc' dir='ltr'><strong>ει</strong></span> <span class='ocrx_word' id='word_1_212' title='bbox 2888 1516 3026 1580; x_wconf 79' lang='grc' dir='ltr'>τέως</span> <span class='ocrx_word' id='word_1_213' title='bbox 3063 1515 3159 1570; x_wconf 73' lang='grc' dir='ltr'><strong>καὶ</strong></span> <span class='ocrx_word' id='word_1_214' title='bbox 3187 1514 3340 1578; x_wconf 84' lang='grc' dir='ltr'>λύοι.·</span> <span class='ocrx_word' id='word_1_215' title='bbox 3360 1513 3726 1584; x_wconf 78' lang='grc' dir='ltr'>ἐστερημένος</span> 
     </span>
    </p>
   </div>
   <div class='ocr_carea' id='block_1_29' title="bbox 2145 1601 3726 1680">
    <p class='ocr_par' dir='ltr' id='par_1_29' title="bbox 2145 1601 3726 1680">
     <span class='ocr_line' id='line_1_29' title="bbox 2145 1601 3726 1680; baseline -0.004 -19"><span class='ocrx_word' id='word_1_216' title='bbox 2145 1608 2244 1680; x_wconf 80' lang='grc' dir='ltr'>τῆς</span> <span class='ocrx_word' id='word_1_217' title='bbox 2292 1605 2388 1663; x_wconf 85' lang='grc' dir='ltr'>τοῦ</span> <span class='ocrx_word' id='word_1_218' title='bbox 2439 1608 2590 1662; x_wconf 83' lang='grc' dir='ltr'>λύειν</span> <span class='ocrx_word' id='word_1_219' title='bbox 2639 1608 2888 1675; x_wconf 72' lang='grc' dir='ltr'>ἐξουσίας</span> <span class='ocrx_word' id='word_1_220' title='bbox 2921 1606 3260 1676; x_wconf 72' lang='grc' dir='ltr'>εὑρίσκεται.</span> <span class='ocrx_word' id='word_1_221' title='bbox 3297 1606 3409 1659; x_wconf 74' lang='grc' dir='ltr'><strong>Καὶ</strong></span> <span class='ocrx_word' id='word_1_222' title='bbox 3431 1602 3520 1656; x_wconf 80' lang='grc' dir='ltr'>διὰ</span> <span class='ocrx_word' id='word_1_223' title='bbox 3551 1601 3726 1655; x_wconf 83' lang='grc' dir='ltr'>ταῦτα</span> 
     </span>
    </p>
   </div>
   <div class='ocr_carea' id='block_1_30' title="bbox 2145 1695 3719 1772">
    <p class='ocr_par' dir='ltr' id='par_1_30' title="bbox 2145 1695 3719 1772">
     <span class='ocr_line' id='line_1_30' title="bbox 2145 1695 3719 1772; baseline -0.005 -18"><span class='ocrx_word' id='word_1_224' title='bbox 2145 1701 2220 1764; x_wconf 83' lang='grc' dir='ltr'><strong>ὡς</strong></span> <span class='ocrx_word' id='word_1_225' title='bbox 2255 1699 2454 1770; x_wconf 86' lang='grc' dir='ltr'>πολλῆς</span> <span class='ocrx_word' id='word_1_226' title='bbox 2484 1701 2584 1772; x_wconf 80' lang='grc' dir='ltr'><strong>τῆς</strong></span> <span class='ocrx_word' id='word_1_227' title='bbox 2620 1699 2907 1762; x_wconf 75' lang='grc' dir='ltr'>δυσκολίας</span> <span class='ocrx_word' id='word_1_228' title='bbox 2941 1698 3110 1767; x_wconf 74' lang='grc' dir='ltr'>οὔσης</span> <span class='ocrx_word' id='word_1_229' title='bbox 3147 1698 3256 1770; x_wconf 79' lang='grc' dir='ltr'><strong>χρὴ</strong></span> <span class='ocrx_word' id='word_1_230' title='bbox 3289 1697 3511 1767; x_wconf 73' lang='grc' dir='ltr'>κοπιᾷν,</span> <span class='ocrx_word' id='word_1_231' title='bbox 3544 1695 3719 1762; x_wconf 74' lang='grc' dir='ltr'>ἔλεγε.</span> 
     </span>
    </p>
   </div>
   <div class='ocr_carea' id='block_1_31' title="bbox 476 1788 3725 1866">
    <p class='ocr_par' dir='ltr' id='par_1_31' title="bbox 476 1788 3725 1866">
     <span class='ocr_line' id='line_1_31' title="bbox 476 1788 3725 1866; baseline -0.001 -26"><span class='ocrx_word' id='word_1_232' title='bbox 476 1788 804 1851; x_wconf 76' lang='grc' dir='ltr'>πτύσσοντες</span> <span class='ocrx_word' id='word_1_233' title='bbox 851 1791 1264 1861; x_wconf 77' lang='grc' dir='ltr'>κατεμάνθανον</span> <span class='ocrx_word' id='word_1_234' title='bbox 1313 1793 1342 1845; x_wconf 83' lang='grc' dir='ltr'>ὅ</span> <span class='ocrx_word' id='word_1_235' title='bbox 1392 1809 1446 1845; x_wconf 86' lang='grc' dir='ltr'><strong>τι</strong></span> <span class='ocrx_word' id='word_1_236' title='bbox 1499 1793 1614 1845; x_wconf 86' lang='grc' dir='ltr'>ποτ’</span> <span class='ocrx_word' id='word_1_237' title='bbox 1640 1789 1706 1864; x_wconf 78' lang='grc' dir='ltr'>ἦν</span> <span class='ocrx_word' id='word_1_238' title='bbox 1760 1792 1959 1854; x_wconf 75' lang='grc' dir='ltr'>ἐκεῖνο,</span> <span class='ocrx_word' id='word_1_239' title='bbox 1987 1793 2046 1844; x_wconf 85' lang='grc' dir='ltr'><strong>ἐν</strong></span> <span class='ocrx_word' id='word_1_240' title='bbox 2079 1852 2117 1866; x_wconf 75' lang='lat'>_</span> <span class='ocrx_word' id='word_1_241' title='bbox 2149 1795 2246 1847; x_wconf 73' lang='grc' dir='ltr'><strong>καὶ</strong></span> <span class='ocrx_word' id='word_1_242' title='bbox 2281 1792 2679 1866; x_wconf 77' lang='grc' dir='ltr'>συμϐουλεύειν</span> <span class='ocrx_word' id='word_1_243' title='bbox 2733 1793 2794 1846; x_wconf 76' lang='grc' dir='ltr'>τὸ</span> <span class='ocrx_word' id='word_1_244' title='bbox 2851 1792 3126 1863; x_wconf 82' lang='grc' dir='ltr'>ποιητέον,</span> <span class='ocrx_word' id='word_1_245' title='bbox 3162 1792 3236 1856; x_wconf 83' lang='grc' dir='ltr'>ὡς</span> <span class='ocrx_word' id='word_1_246' title='bbox 3291 1788 3725 1860; x_wconf 56' lang='grc' dir='ltr'>ἐλμσραδύνουσιν</span> 
     </span>
    </p>
   </div>
   <div class='ocr_carea' id='block_1_32' title="bbox 473 1852 3725 1958">
    <p class='ocr_par' dir='ltr' id='par_1_32' title="bbox 473 1852 3725 1958">
     <span class='ocr_line' id='line_1_32' title="bbox 473 1852 3725 1958; baseline -0.005 -9"><span class='ocrx_word' id='word_1_247' title='bbox 473 1880 712 1948; x_wconf 70' lang='grc' dir='ltr'>θαύματι</span> <span class='ocrx_word' id='word_1_248' title='bbox 745 1883 818 1944; x_wconf 76' lang='grc' dir='ltr'>ὡς</span> <span class='ocrx_word' id='word_1_249' title='bbox 853 1852 1002 1949; x_wconf 57' lang='grc' dir='ltr'><strong>εἶκδέ</strong></span> <span class='ocrx_word' id='word_1_250' title='bbox 1023 1878 1162 1956; x_wconf 82' lang='grc' dir='ltr'>ἦσαν</span> <span class='ocrx_word' id='word_1_251' title='bbox 1185 1885 1280 1938; x_wconf 72' lang='grc' dir='ltr'><strong>καὶ</strong></span> <span class='ocrx_word' id='word_1_252' title='bbox 1320 1884 1612 1955; x_wconf 78' lang='grc' dir='ltr'>διηπόρουν</span> <span class='ocrx_word' id='word_1_253' title='bbox 1647 1852 1674 1938; x_wconf 72' lang='grc' dir='ltr'><strong>ό</strong></span> <span class='ocrx_word' id='word_1_254' title='bbox 1704 1903 1755 1938; x_wconf 84' lang='grc' dir='ltr'><strong>τι</strong></span> <span class='ocrx_word' id='word_1_255' title='bbox 1792 1883 1884 1938; x_wconf 72' lang='grc' dir='ltr'><strong>καὶ</strong></span> <span class='ocrx_word' id='word_1_256' title='bbox 1914 1852 2041 1955; x_wconf 73' lang='grc' dir='ltr'>δρᾶ·</span> <span class='ocrx_word' id='word_1_257' title='bbox 2078 1852 2118 1906; x_wconf 72' lang='grc' dir='ltr'><strong>Β</strong></span> <span class='ocrx_word' id='word_1_258' title='bbox 2148 1887 2276 1950; x_wconf 70' lang='grc' dir='ltr'>ἴσως</span> <span class='ocrx_word' id='word_1_259' title='bbox 2307 1852 2384 1958; x_wconf 53' lang='grc' dir='ltr'><strong>μδ)</strong></span> <span class='ocrx_word' id='word_1_260' title='bbox 2418 1865 2601 1954; x_wconf 77' lang='grc' dir='ltr'>σφίσιν</span> <span class='ocrx_word' id='word_1_261' title='bbox 2632 1885 2918 1940; x_wconf 74' lang='grc' dir='ltr'>ἀκίνδυνον</span> <span class='ocrx_word' id='word_1_262' title='bbox 2939 1852 3018 1940; x_wconf 69' lang='grc' dir='ltr'><strong>ὃν.</strong></span> <span class='ocrx_word' id='word_1_263' title='bbox 3051 1852 3234 1938; x_wconf 72' lang='grc' dir='ltr'>Ταῦτα</span> <span class='ocrx_word' id='word_1_264' title='bbox 3276 1852 3534 1953; x_wconf 76' lang='grc' dir='ltr'>βασιλεὺς</span> <span class='ocrx_word' id='word_1_265' title='bbox 3553 1881 3725 1935; x_wconf 74' lang='grc' dir='ltr'>ἁκού-</span> 
     </span>
    </p>
   </div>
   <div class='ocr_carea' id='block_1_33' title="bbox 473 1973 2038 2047">
    <p class='ocr_par' dir='ltr' id='par_1_33' title="bbox 473 1973 2038 2047">
     <span class='ocr_line' id='line_1_33' title="bbox 473 1973 2038 2047; baseline -0.001 -20"><span class='ocrx_word' id='word_1_266' title='bbox 473 1992 650 2030; x_wconf 63' lang='grc' dir='ltr'>σουσι.</span> <span class='ocrx_word' id='word_1_267' title='bbox 671 1975 821 2040; x_wconf 79' lang='grc' dir='ltr'>Τέως</span> <span class='ocrx_word' id='word_1_268' title='bbox 844 1976 890 2030; x_wconf 76' lang='grc' dir='ltr'>δ’</span> <span class='ocrx_word' id='word_1_269' title='bbox 917 1977 1286 2046; x_wconf 77' lang='grc' dir='ltr'>ἀπαγγέλλειν</span> <span class='ocrx_word' id='word_1_270' title='bbox 1313 1977 1412 2047; x_wconf 78' lang='grc' dir='ltr'>μὲν</span> <span class='ocrx_word' id='word_1_271' title='bbox 1443 1982 1780 2047; x_wconf 78' lang='grc' dir='ltr'>πατριάρχῃ,</span> <span class='ocrx_word' id='word_1_272' title='bbox 1804 1977 1886 2047; x_wconf 69' lang='grc' dir='ltr'><strong>[Ρ.</strong></span> <span class='ocrx_word' id='word_1_273' title='bbox 1913 1973 2038 2047; x_wconf 73' lang='lat' dir='ltr'><strong>HO]</strong></span> 
     </span>
    </p>
   </div>
   <div class='ocr_carea' id='block_1_34' title="bbox 470 2067 2039 2141">
    <p class='ocr_par' dir='ltr' id='par_1_34' title="bbox 470 2067 2039 2141">
     <span class='ocr_line' id='line_1_34' title="bbox 470 2067 2039 2141; baseline 0.001 -20"><span class='ocrx_word' id='word_1_274' title='bbox 470 2067 800 2137; x_wconf 66' lang='grc' dir='ltr'><strong>Ξγχειρίζέιν</strong></span> <span class='ocrx_word' id='word_1_275' title='bbox 821 2068 877 2123; x_wconf 79' lang='grc' dir='ltr'>δὲ</span> <span class='ocrx_word' id='word_1_276' title='bbox 907 2069 1001 2123; x_wconf 76' lang='grc' dir='ltr'><strong>καὶ</strong></span> <span class='ocrx_word' id='word_1_277' title='bbox 1023 2069 1231 2140; x_wconf 83' lang='grc' dir='ltr'>χάρτας</span> <span class='ocrx_word' id='word_1_278' title='bbox 1250 2070 1342 2124; x_wconf 78' lang='grc' dir='ltr'><strong>καὶ</strong></span> <span class='ocrx_word' id='word_1_279' title='bbox 1376 2069 1619 2141; x_wconf 78' lang='grc' dir='ltr'>όστρακα</span> <span class='ocrx_word' id='word_1_280' title='bbox 1651 2068 1920 2139; x_wconf 65' lang='grc' dir='ltr'>ἔγνωσαν.</span> <span class='ocrx_word' id='word_1_281' title='bbox 1953 2069 2039 2132; x_wconf 77' lang='grc' dir='ltr'>Ὠς</span> 
     </span>
    </p>
   </div>
   <div class='ocr_carea' id='block_1_35' title="bbox 471 2157 2043 2232">
    <p class='ocr_par' dir='ltr' id='par_1_35' title="bbox 471 2157 2043 2232">
     <span class='ocr_line' id='line_1_35' title="bbox 471 2157 2043 2232; baseline 0 -20"><span class='ocrx_word' id='word_1_282' title='bbox 471 2158 601 2228; x_wconf 75' lang='grc' dir='ltr'>γοῦν</span> <span class='ocrx_word' id='word_1_283' title='bbox 627 2162 704 2225; x_wconf 71' lang='grc' dir='ltr'><strong>εἰς</strong></span> <span class='ocrx_word' id='word_1_284' title='bbox 727 2164 917 2232; x_wconf 74' lang='grc' dir='ltr'>χεῖρας</span> <span class='ocrx_word' id='word_1_285' title='bbox 950 2162 977 2214; x_wconf 78' lang='grc' dir='ltr'><strong>ὁ</strong></span> <span class='ocrx_word' id='word_1_286' title='bbox 1006 2164 1354 2232; x_wconf 77' lang='grc' dir='ltr'>πατριάρχης</span> <span class='ocrx_word' id='word_1_287' title='bbox 1407 2157 1519 2232; x_wconf 72' lang='grc' dir='ltr'>εἶχε</span> <span class='ocrx_word' id='word_1_288' title='bbox 1571 2163 1663 2219; x_wconf 72' lang='grc' dir='ltr'><strong>καὶ</strong></span> <span class='ocrx_word' id='word_1_289' title='bbox 1706 2158 1953 2215; x_wconf 78' lang='grc' dir='ltr'>κατενόει</span> <span class='ocrx_word' id='word_1_290' title='bbox 1981 2159 2043 2213; x_wconf 77' lang='grc' dir='ltr'><strong>τὸ</strong></span> 
     </span>
    </p>
   </div>
   <div class='ocr_carea' id='block_1_36' title="bbox 469 2248 2096 2322">
    <p class='ocr_par' dir='ltr' id='par_1_36' title="bbox 469 2248 2096 2322">
     <span class='ocr_line' id='line_1_36' title="bbox 469 2248 2096 2322; baseline 0 -18"><span class='ocrx_word' id='word_1_291' title='bbox 469 2250 672 2321; x_wconf 75' lang='grc' dir='ltr'>δρᾶμα,</span> <span class='ocrx_word' id='word_1_292' title='bbox 715 2250 1160 2322; x_wconf 80' lang='grc' dir='ltr'>προσαναφέρειν,</span> <span class='ocrx_word' id='word_1_293' title='bbox 1216 2250 1356 2319; x_wconf 70' lang='grc' dir='ltr'>ἔγνω</span> <span class='ocrx_word' id='word_1_294' title='bbox 1405 2253 1473 2306; x_wconf 81' lang='grc' dir='ltr'>τὰ</span> <span class='ocrx_word' id='word_1_295' title='bbox 1523 2251 1651 2322; x_wconf 71' lang='grc' dir='ltr'>περὶ</span> <span class='ocrx_word' id='word_1_296' title='bbox 1699 2249 1891 2304; x_wconf 83' lang='grc' dir='ltr'>τούτου</span> <span class='ocrx_word' id='word_1_297' title='bbox 1947 2248 2042 2304; x_wconf 72' lang='grc' dir='ltr'><strong>καὶ</strong></span> <span class='ocrx_word' id='word_1_298' title='bbox 2093 2317 2096 2320; x_wconf 20' lang='grc'><strong><em>,</em></strong></span> 
     </span>
    </p>
   </div>
   <div class='ocr_carea' id='block_1_37' title="bbox 470 2334 2041 2414">
    <p class='ocr_par' dir='ltr' id='par_1_37' title="bbox 470 2334 2041 2414">
     <span class='ocr_line' id='line_1_37' title="bbox 470 2334 2041 2414; baseline -0.003 -16"><span class='ocrx_word' id='word_1_299' title='bbox 470 2343 703 2414; x_wconf 81' lang='grc' dir='ltr'>βασιλεῖ,</span> <span class='ocrx_word' id='word_1_300' title='bbox 759 2343 843 2398; x_wconf 81' lang='grc' dir='ltr'>ὃτι</span> <span class='ocrx_word' id='word_1_301' title='bbox 872 2334 966 2402; x_wconf 81' lang='grc' dir='ltr'><strong>καὶ</strong></span> <span class='ocrx_word' id='word_1_302' title='bbox 1011 2343 1208 2398; x_wconf 66' lang='grc' dir='ltr'>οὐδένα</span> <span class='ocrx_word' id='word_1_303' title='bbox 1241 2343 1402 2398; x_wconf 73' lang='grc' dir='ltr'>ἄλλον</span> <span class='ocrx_word' id='word_1_304' title='bbox 1443 2343 1477 2414; x_wconf 76' lang='grc' dir='ltr'>ἢ</span> <span class='ocrx_word' id='word_1_305' title='bbox 1509 2342 1672 2398; x_wconf 80' lang='grc' dir='ltr'>αὑτὸν</span> <span class='ocrx_word' id='word_1_306' title='bbox 1701 2341 1917 2397; x_wconf 79' lang='grc' dir='ltr'>ὑπενόει</span> <span class='ocrx_word' id='word_1_307' title='bbox 1949 2340 2041 2394; x_wconf 81' lang='grc' dir='ltr'><strong>τὸν</strong></span> 
     </span>
    </p>
   </div>
   <div class='ocr_carea' id='block_1_38' title="bbox 471 2521 2044 2596">
    <p class='ocr_par' dir='ltr' id='par_1_38' title="bbox 471 2521 2044 2596">
     <span class='ocr_line' id='line_1_38' title="bbox 471 2521 2044 2596; baseline 0.006 -25"><span class='ocrx_word' id='word_1_308' title='bbox 471 2522 820 2578; x_wconf 71' lang='lat' dir='ltr'><strong>vehementer</strong></span> <span class='ocrx_word' id='word_1_309' title='bbox 858 2522 1088 2595; x_wconf 75' lang='lat' dir='ltr'><strong>agitavit</strong></span> <span class='ocrx_word' id='word_1_310' title='bbox 1136 2522 1380 2578; x_wconf 86' lang='lat' dir='ltr'><strong>animum</strong></span> <span class='ocrx_word' id='word_1_311' title='bbox 1436 2521 1665 2580; x_wconf 80' lang='lat' dir='ltr'><strong>Joannis</strong></span> <span class='ocrx_word' id='word_1_312' title='bbox 1715 2523 2044 2596; x_wconf 61' lang='lat' dir='ltr'><strong>patriarchae</strong></span> 
     </span>
    </p>
   </div>
   <div class='ocr_carea' id='block_1_39' title="bbox 468 2616 2040 2687">
    <p class='ocr_par' dir='ltr' id='par_1_39' title="bbox 468 2616 2040 2687">
     <span class='ocr_line' id='line_1_39' title="bbox 468 2616 2040 2687; baseline 0.003 -17"><span class='ocrx_word' id='word_1_313' title='bbox 468 2617 755 2671; x_wconf 82' lang='lat' dir='ltr'><strong>occasione</strong></span> <span class='ocrx_word' id='word_1_314' title='bbox 807 2631 968 2687; x_wconf 89' lang='lat' dir='ltr'><strong>quam</strong></span> <span class='ocrx_word' id='word_1_315' title='bbox 1028 2616 1117 2671; x_wconf 82' lang='lat' dir='ltr'><strong>hic</strong></span> <span class='ocrx_word' id='word_1_316' title='bbox 1171 2617 1428 2672; x_wconf 78' lang='lat' dir='ltr'><strong>referam.</strong></span> <span class='ocrx_word' id='word_1_317' title='bbox 1485 2616 1715 2684; x_wconf 81' lang='lat' dir='ltr'><strong>Quidam</strong></span> <span class='ocrx_word' id='word_1_318' title='bbox 1757 2633 1789 2673; x_wconf 90' lang='lat' dir='ltr'><strong>e</strong></span> <span class='ocrx_word' id='word_1_319' title='bbox 1833 2617 2040 2674; x_wconf 80' lang='lat' dir='ltr'><strong>familia</strong></span> 
     </span>
    </p>
   </div>
   <div class='ocr_carea' id='block_1_40' title="bbox 467 2709 2041 2782">
    <p class='ocr_par' dir='ltr' id='par_1_40' title="bbox 467 2709 2041 2782">
     <span class='ocr_line' id='line_1_40' title="bbox 467 2709 2041 2782; baseline -0.001 -16"><span class='ocrx_word' id='word_1_320' title='bbox 467 2712 620 2767; x_wconf 84' lang='lat' dir='ltr'><strong>illius</strong></span> <span class='ocrx_word' id='word_1_321' title='bbox 646 2712 1040 2778; x_wconf 73' lang='lat' dir='ltr'><strong>adolescentes,</strong></span> <span class='ocrx_word' id='word_1_322' title='bbox 1072 2709 1377 2782; x_wconf 85' lang='lat' dir='ltr'><strong>Septembri</strong></span> <span class='ocrx_word' id='word_1_323' title='bbox 1410 2726 1619 2775; x_wconf 84' lang='lat' dir='ltr'><strong>mense.</strong></span> <span class='ocrx_word' id='word_1_324' title='bbox 1647 2710 1918 2782; x_wconf 83' lang='lat' dir='ltr'><strong>pullorum</strong></span> <span class='ocrx_word' id='word_1_325' title='bbox 1949 2726 2041 2766; x_wconf 85' lang='lat' dir='ltr'><strong>co-</strong></span> 
     </span>
    </p>
   </div>
   <div class='ocr_carea' id='block_1_41' title="bbox 466 2803 2039 2874">
    <p class='ocr_par' dir='ltr' id='par_1_41' title="bbox 466 2803 2039 2874">
     <span class='ocr_line' id='line_1_41' title="bbox 466 2803 2039 2874; baseline -0.001 -16"><span class='ocrx_word' id='word_1_326' title='bbox 466 2806 835 2861; x_wconf 86' lang='lat' dir='ltr'><strong>luntbinorum</strong></span> <span class='ocrx_word' id='word_1_327' title='bbox 897 2805 954 2860; x_wconf 92' lang='lat' dir='ltr'><strong>in</strong></span> <span class='ocrx_word' id='word_1_328' title='bbox 1037 2803 1180 2860; x_wconf 88' lang='lat' dir='ltr'><strong>nidis</strong></span> <span class='ocrx_word' id='word_1_329' title='bbox 1252 2803 1643 2874; x_wconf 74' lang='lat' dir='ltr'><strong>capiendorum</strong></span> <span class='ocrx_word' id='word_1_330' title='bbox 1704 2803 2039 2874; x_wconf 70' lang='lat' dir='ltr'><strong>cupiditate,</strong></span> 
     </span>
    </p>
   </div>
   <div class='ocr_carea' id='block_1_42' title="bbox 374 2892 2040 2967">
    <p class='ocr_par' dir='ltr' id='par_1_42' title="bbox 374 2892 2040 2967">
     <span class='ocr_line' id='line_1_42' title="bbox 374 2892 2040 2967; baseline -0.001 -15"><span class='ocrx_word' id='word_1_331' title='bbox 374 2892 376 2895; x_wconf 75' lang='grc'><em>’</em></span> <span class='ocrx_word' id='word_1_332' title='bbox 465 2909 629 2967; x_wconf 85' lang='lat' dir='ltr'><strong>prout</strong></span> <span class='ocrx_word' id='word_1_333' title='bbox 661 2899 749 2953; x_wconf 89' lang='lat' dir='ltr'><strong>illa</strong></span> <span class='ocrx_word' id='word_1_334' title='bbox 809 2898 912 2952; x_wconf 91' lang='lat' dir='ltr'><strong>fert</strong></span> <span class='ocrx_word' id='word_1_335' title='bbox 941 2907 1096 2963; x_wconf 67' lang='lat' dir='ltr'><strong>artas,</strong></span> <span class='ocrx_word' id='word_1_336' title='bbox 1128 2897 1372 2953; x_wconf 82' lang='lat' dir='ltr'><strong>instincti</strong></span> <span class='ocrx_word' id='word_1_337' title='bbox 1421 2895 1846 2954; x_wconf 79' lang='lat' dir='ltr'><strong>catechumenea</strong></span> <span class='ocrx_word' id='word_1_338' title='bbox 1882 2911 2040 2954; x_wconf 84' lang='lat' dir='ltr'><strong>scru-</strong></span> 
     </span>
    </p>
   </div>
   <div class='ocr_carea' id='block_1_43' title="bbox 462 2990 2044 3064">
    <p class='ocr_par' dir='ltr' id='par_1_43' title="bbox 462 2990 2044 3064">
     <span class='ocr_line' id='line_1_43' title="bbox 462 2990 2044 3064; baseline -0.001 -17"><span class='ocrx_word' id='word_1_339' title='bbox 462 2994 742 3058; x_wconf 79' lang='lat' dir='ltr'><strong>tabantur,</strong></span> <span class='ocrx_word' id='word_1_340' title='bbox 772 2992 954 3048; x_wconf 83' lang='lat' dir='ltr'><strong>locum</strong></span> <span class='ocrx_word' id='word_1_341' title='bbox 1008 2992 1064 3047; x_wconf 92' lang='lat' dir='ltr'><strong>in</strong></span> <span class='ocrx_word' id='word_1_342' title='bbox 1097 2991 1283 3061; x_wconf 87' lang='lat' dir='ltr'><strong>templi</strong></span> <span class='ocrx_word' id='word_1_343' title='bbox 1341 2990 1520 3061; x_wconf 68' lang='lat' dir='ltr'><strong>magni</strong></span> <span class='ocrx_word' id='word_1_344' title='bbox 1571 2996 1725 3064; x_wconf 78' lang='lat' dir='ltr'><strong>parte</strong></span> <span class='ocrx_word' id='word_1_345' title='bbox 1760 2991 2044 3060; x_wconf 86' lang='lat' dir='ltr'><strong>superiore</strong></span> 
     </span>
    </p>
   </div>
   <div class='ocr_carea' id='block_1_44' title="bbox 464 3081 2038 3163">
    <p class='ocr_par' dir='ltr' id='par_1_44' title="bbox 464 3081 2038 3163">
     <span class='ocr_line' id='line_1_44' title="bbox 464 3081 2038 3163; baseline -0.001 -25"><span class='ocrx_word' id='word_1_346' title='bbox 464 3085 533 3139; x_wconf 89' lang='lat' dir='ltr'><strong>ad</strong></span> <span class='ocrx_word' id='word_1_347' title='bbox 561 3086 745 3139; x_wconf 82' lang='lat' dir='ltr'><strong>laevam</strong></span> <span class='ocrx_word' id='word_1_348' title='bbox 797 3081 1247 3152; x_wconf 73' lang='lat' dir='ltr'><strong>ingredientibus,</strong></span> <span class='ocrx_word' id='word_1_349' title='bbox 1288 3082 1439 3137; x_wconf 81' lang='lat' dir='ltr'><strong>cavis</strong></span> <span class='ocrx_word' id='word_1_350' title='bbox 1467 3098 1565 3163; x_wconf 88' lang='lat' dir='ltr'><strong>per</strong></span> <span class='ocrx_word' id='word_1_351' title='bbox 1603 3097 1791 3138; x_wconf 86' lang='lat' dir='ltr'><strong>muros</strong></span> <span class='ocrx_word' id='word_1_352' title='bbox 1839 3084 2038 3152; x_wconf 86' lang='lat' dir='ltr'><strong>passim</strong></span> 
     </span>
    </p>
   </div>
   <div class='ocr_carea' id='block_1_45' title="bbox 2145 1973 3724 2050">
    <p class='ocr_par' dir='ltr' id='par_1_45' title="bbox 2145 1973 3724 2050">
     <span class='ocr_line' id='line_1_45' title="bbox 2145 1973 3724 2050; baseline -0.006 -17"><span class='ocrx_word' id='word_1_353' title='bbox 2145 1997 2243 2042; x_wconf 89' lang='grc' dir='ltr'><strong>σας</strong></span> <span class='ocrx_word' id='word_1_354' title='bbox 2272 1977 2602 2050; x_wconf 79' lang='grc' dir='ltr'>διευλαὸήθη</span> <span class='ocrx_word' id='word_1_355' title='bbox 2627 1978 2766 2043; x_wconf 80' lang='grc' dir='ltr'>τέως</span> <span class='ocrx_word' id='word_1_356' title='bbox 2795 1979 2894 2048; x_wconf 84' lang='grc' dir='ltr'>τὴν</span> <span class='ocrx_word' id='word_1_357' title='bbox 2925 1977 3124 2047; x_wconf 74' lang='grc' dir='ltr'>πρᾶξιν</span> <span class='ocrx_word' id='word_1_358' title='bbox 3160 1976 3255 2030; x_wconf 80' lang='grc' dir='ltr'><strong>καὶ</strong></span> <span class='ocrx_word' id='word_1_359' title='bbox 3283 1975 3422 2046; x_wconf 69' lang='grc' dir='ltr'>πρὸς</span> <span class='ocrx_word' id='word_1_360' title='bbox 3445 1976 3535 2026; x_wconf 74' lang='grc' dir='ltr'><strong>τὸν</strong></span> <span class='ocrx_word' id='word_1_361' title='bbox 3564 1973 3724 2040; x_wconf 78' lang='grc' dir='ltr'>λόγον</span> 
     </span>
    </p>
   </div>
   <div class='ocr_carea' id='block_1_46' title="bbox 2143 2065 3723 2144">
    <p class='ocr_par' dir='ltr' id='par_1_46' title="bbox 2143 2065 3723 2144">
     <span class='ocr_line' id='line_1_46' title="bbox 2143 2065 3723 2144; baseline -0.005 -18"><span class='ocrx_word' id='word_1_362' title='bbox 2143 2071 2472 2144; x_wconf 77' lang='grc' dir='ltr'>ἐθορυϐήθη,</span> <span class='ocrx_word' id='word_1_363' title='bbox 2504 2071 2600 2124; x_wconf 73' lang='grc' dir='ltr'><strong>καὶ</strong></span> <span class='ocrx_word' id='word_1_364' title='bbox 2625 2071 2700 2133; x_wconf 85' lang='grc' dir='ltr'>ὡς</span> <span class='ocrx_word' id='word_1_365' title='bbox 2728 2065 2876 2140; x_wconf 76' lang='grc' dir='ltr'>εἶχεν</span> <span class='ocrx_word' id='word_1_366' title='bbox 2907 2070 3111 2132; x_wconf 76' lang='grc' dir='ltr'>εὐθέως</span> <span class='ocrx_word' id='word_1_367' title='bbox 3146 2068 3296 2140; x_wconf 85' lang='grc' dir='ltr'>παρὰ</span> <span class='ocrx_word' id='word_1_368' title='bbox 3323 2068 3417 2122; x_wconf 68' lang='grc' dir='ltr'><strong>τόν</strong></span> <span class='ocrx_word' id='word_1_369' title='bbox 3450 2067 3723 2136; x_wconf 82' lang='grc' dir='ltr'>πατριάρ-</span> 
     </span>
    </p>
   </div>
   <div class='ocr_carea' id='block_1_47' title="bbox 2144 2157 3721 2237">
    <p class='ocr_par' dir='ltr' id='par_1_47' title="bbox 2144 2157 3721 2237">
     <span class='ocr_line' id='line_1_47' title="bbox 2144 2157 3721 2237; baseline -0.008 -16"><span class='ocrx_word' id='word_1_370' title='bbox 2144 2181 2248 2237; x_wconf 80' lang='grc' dir='ltr'>χην</span> <span class='ocrx_word' id='word_1_371' title='bbox 2270 2165 2503 2233; x_wconf 79' lang='grc' dir='ltr'>γίνεται.</span> <span class='ocrx_word' id='word_1_372' title='bbox 2543 2164 2630 2227; x_wconf 82' lang='grc' dir='ltr'>Ὧς</span> <span class='ocrx_word' id='word_1_373' title='bbox 2650 2164 2706 2217; x_wconf 78' lang='grc' dir='ltr'>δὲ</span> <span class='ocrx_word' id='word_1_374' title='bbox 2736 2163 2806 2217; x_wconf 76' lang='grc' dir='ltr'><strong>τὰ</strong></span> <span class='ocrx_word' id='word_1_375' title='bbox 2830 2164 3137 2234; x_wconf 66' lang='grc' dir='ltr'>γράμματα</span> <span class='ocrx_word' id='word_1_376' title='bbox 3165 2157 3296 2226; x_wconf 70' lang='grc' dir='ltr'>εἶδε,</span> <span class='ocrx_word' id='word_1_377' title='bbox 3327 2160 3424 2214; x_wconf 76' lang='grc' dir='ltr'><strong>καὶ</strong></span> <span class='ocrx_word' id='word_1_378' title='bbox 3442 2160 3577 2213; x_wconf 77' lang='grc' dir='ltr'>ὅπου</span> <span class='ocrx_word' id='word_1_379' title='bbox 3608 2158 3721 2211; x_wconf 77' lang='grc' dir='ltr'>κεί-</span> 
     </span>
    </p>
   </div>
   <div class='ocr_carea' id='block_1_48' title="bbox 2146 2249 3722 2327">
    <p class='ocr_par' dir='ltr' id='par_1_48' title="bbox 2146 2249 3722 2327">
     <span class='ocr_line' id='line_1_48' title="bbox 2146 2249 3722 2327; baseline -0.006 -16"><span class='ocrx_word' id='word_1_380' title='bbox 2146 2271 2288 2326; x_wconf 80' lang='grc' dir='ltr'>μενα</span> <span class='ocrx_word' id='word_1_381' title='bbox 2317 2257 2412 2311; x_wconf 75' lang='grc' dir='ltr'><strong>καὶ</strong></span> <span class='ocrx_word' id='word_1_382' title='bbox 2445 2255 2596 2320; x_wconf 86' lang='grc' dir='ltr'>ὅπως</span> <span class='ocrx_word' id='word_1_383' title='bbox 2640 2255 2947 2327; x_wconf 81' lang='grc' dir='ltr'>εὑρέθησαν</span> <span class='ocrx_word' id='word_1_384' title='bbox 3003 2253 3260 2308; x_wconf 79' lang='grc' dir='ltr'>πέπυστο</span> <span class='ocrx_word' id='word_1_385' title='bbox 3281 2295 3295 2318; x_wconf 85' lang='grc'><strong><em>,</em></strong></span> <span class='ocrx_word' id='word_1_386' title='bbox 3336 2255 3398 2307; x_wconf 78' lang='grc' dir='ltr'>ὲν</span> <span class='ocrx_word' id='word_1_387' title='bbox 3430 2252 3620 2324; x_wconf 71' lang='grc' dir='ltr'>ἀπόρῳ</span> <span class='ocrx_word' id='word_1_388' title='bbox 3652 2249 3722 2324; x_wconf 79' lang='grc' dir='ltr'>ἦν</span> 
     </span>
    </p>
   </div>
   <div class='ocr_carea' id='block_1_49' title="bbox 2143 2343 3722 2419">
    <p class='ocr_par' dir='ltr' id='par_1_49' title="bbox 2143 2343 3722 2419">
     <span class='ocr_line' id='line_1_49' title="bbox 2143 2343 3722 2419; baseline -0.003 -17"><span class='ocrx_word' id='word_1_389' title='bbox 2143 2345 2238 2402; x_wconf 77' lang='grc' dir='ltr'><strong>καὶ</strong></span> <span class='ocrx_word' id='word_1_390' title='bbox 2268 2350 2328 2401; x_wconf 74' lang='grc' dir='ltr'>τὸ</span> <span class='ocrx_word' id='word_1_391' title='bbox 2361 2347 2615 2419; x_wconf 76' lang='grc' dir='ltr'>ποιητέον</span> <span class='ocrx_word' id='word_1_392' title='bbox 2636 2348 2898 2400; x_wconf 82' lang='grc' dir='ltr'>ἐσκόπει·</span> <span class='ocrx_word' id='word_1_393' title='bbox 2933 2346 2993 2400; x_wconf 77' lang='grc' dir='ltr'>τὸ</span> <span class='ocrx_word' id='word_1_394' title='bbox 3025 2346 3134 2416; x_wconf 75' lang='grc' dir='ltr'><strong>γὰρ</strong></span> <span class='ocrx_word' id='word_1_395' title='bbox 3169 2344 3522 2414; x_wconf 77' lang='grc' dir='ltr'>πατριάρχην</span> <span class='ocrx_word' id='word_1_396' title='bbox 3565 2343 3722 2398; x_wconf 75' lang='grc' dir='ltr'><strong>Ἀθα-</strong></span> 
     </span>
    </p>
   </div>
   <div class='ocr_carea' id='block_1_50' title="bbox 2144 2523 3722 2598">
    <p class='ocr_par' dir='ltr' id='par_1_50' title="bbox 2144 2523 3722 2598">
     <span class='ocr_line' id='line_1_50' title="bbox 2144 2523 3722 2598; baseline -0.004 -15"><span class='ocrx_word' id='word_1_397' title='bbox 2144 2525 2266 2583; x_wconf 89' lang='lat' dir='ltr'><strong>dem</strong></span> <span class='ocrx_word' id='word_1_398' title='bbox 2315 2525 2671 2598; x_wconf 86' lang='lat' dir='ltr'><strong>insuperabili</strong></span> <span class='ocrx_word' id='word_1_399' title='bbox 2709 2524 2997 2580; x_wconf 85' lang='lat' dir='ltr'><strong>obstaculo</strong></span> <span class='ocrx_word' id='word_1_400' title='bbox 3038 2524 3446 2593; x_wconf 82' lang='lat' dir='ltr'><strong>prohiberetur.</strong></span> <span class='ocrx_word' id='word_1_401' title='bbox 3492 2523 3722 2581; x_wconf 75' lang='lat' dir='ltr'><strong>haberet</strong></span> 
     </span>
    </p>
   </div>
   <div class='ocr_carea' id='block_1_51' title="bbox 2143 2617 3718 2687">
    <p class='ocr_par' dir='ltr' id='par_1_51' title="bbox 2143 2617 3718 2687">
     <span class='ocr_line' id='line_1_51' title="bbox 2143 2617 3718 2687; baseline -0.001 -13"><span class='ocrx_word' id='word_1_402' title='bbox 2143 2630 2326 2676; x_wconf 85' lang='lat' dir='ltr'><strong>autem</strong></span> <span class='ocrx_word' id='word_1_403' title='bbox 2380 2635 2502 2687; x_wconf 63' lang='lat' dir='ltr'><strong>quae</strong></span> <span class='ocrx_word' id='word_1_404' title='bbox 2552 2635 2674 2675; x_wconf 87' lang='lat' dir='ltr'><strong>cum</strong></span> <span class='ocrx_word' id='word_1_405' title='bbox 2716 2619 2836 2686; x_wconf 84' lang='lat' dir='ltr'><strong>ejus</strong></span> <span class='ocrx_word' id='word_1_406' title='bbox 2872 2617 3156 2687; x_wconf 81' lang='lat' dir='ltr'><strong>majestate</strong></span> <span class='ocrx_word' id='word_1_407' title='bbox 3215 2633 3398 2675; x_wconf 88' lang='lat' dir='ltr'><strong>coram</strong></span> <span class='ocrx_word' id='word_1_408' title='bbox 3445 2627 3500 2675; x_wconf 83' lang='lat' dir='ltr'><strong>et</strong></span> <span class='ocrx_word' id='word_1_409' title='bbox 3534 2620 3718 2675; x_wconf 78' lang='lat' dir='ltr'><strong>statim</strong></span> 
     </span>
    </p>
   </div>
   <div class='ocr_carea' id='block_1_52' title="bbox 2145 2700 3723 2785">
    <p class='ocr_par' dir='ltr' id='par_1_52' title="bbox 2145 2700 3723 2785">
     <span class='ocr_line' id='line_1_52' title="bbox 2145 2700 3723 2785; baseline -0.002 -17"><span class='ocrx_word' id='word_1_410' title='bbox 2145 2714 2367 2768; x_wconf 83' lang='lat' dir='ltr'><strong>tractari</strong></span> <span class='ocrx_word' id='word_1_411' title='bbox 2395 2721 2694 2783; x_wconf 70' lang='lat' dir='ltr'><strong>oporteret,</strong></span> <span class='ocrx_word' id='word_1_412' title='bbox 2721 2726 2914 2785; x_wconf 81' lang='lat' dir='ltr'><strong>nempe</strong></span> <span class='ocrx_word' id='word_1_413' title='bbox 2945 2719 3006 2766; x_wconf 86' lang='lat' dir='ltr'><strong>ut</strong></span> <span class='ocrx_word' id='word_1_414' title='bbox 3037 2712 3442 2782; x_wconf 85' lang='lat' dir='ltr'><strong>quamprimum</strong></span> <span class='ocrx_word' id='word_1_415' title='bbox 3471 2700 3723 2767; x_wconf 59' lang='lat' dir='ltr'><strong>commu—</strong></span> 
     </span>
    </p>
   </div>
   <div class='ocr_carea' id='block_1_53' title="bbox 2143 2804 3718 2876">
    <p class='ocr_par' dir='ltr' id='par_1_53' title="bbox 2143 2804 3718 2876">
     <span class='ocr_line' id='line_1_53' title="bbox 2143 2804 3718 2876; baseline -0.002 -14"><span class='ocrx_word' id='word_1_416' title='bbox 2143 2810 2287 2862; x_wconf 89' lang='lat' dir='ltr'><strong>niter</strong></span> <span class='ocrx_word' id='word_1_417' title='bbox 2321 2807 2567 2862; x_wconf 86' lang='lat' dir='ltr'><strong>viderent</strong></span> <span class='ocrx_word' id='word_1_418' title='bbox 2600 2821 2708 2876; x_wconf 88' lang='lat' dir='ltr'><strong>quo</strong></span> <span class='ocrx_word' id='word_1_419' title='bbox 2743 2820 2802 2860; x_wconf 84' lang='lat' dir='ltr'><strong>se</strong></span> <span class='ocrx_word' id='word_1_420' title='bbox 2835 2814 3059 2875; x_wconf 84' lang='lat' dir='ltr'><strong>possent</strong></span> <span class='ocrx_word' id='word_1_421' title='bbox 3089 2813 3247 2874; x_wconf 80' lang='lat' dir='ltr'><strong>pacto</strong></span> <span class='ocrx_word' id='word_1_422' title='bbox 3271 2804 3533 2874; x_wconf 80' lang='lat' dir='ltr'><strong>expedire</strong></span> <span class='ocrx_word' id='word_1_423' title='bbox 3582 2804 3718 2860; x_wconf 83' lang='lat' dir='ltr'><strong>diris</strong></span> 
     </span>
    </p>
   </div>
   <div class='ocr_carea' id='block_1_54' title="bbox 2145 2899 3722 2969">
    <p class='ocr_par' dir='ltr' id='par_1_54' title="bbox 2145 2899 3722 2969">
     <span class='ocr_line' id='line_1_54' title="bbox 2145 2899 3722 2969; baseline 0 -16"><span class='ocrx_word' id='word_1_424' title='bbox 2145 2901 2384 2958; x_wconf 76' lang='lat' dir='ltr'><strong>vinculis</strong></span> <span class='ocrx_word' id='word_1_425' title='bbox 2427 2901 2831 2958; x_wconf 84' lang='lat' dir='ltr'><strong>borrendorum</strong></span> <span class='ocrx_word' id='word_1_426' title='bbox 2883 2901 3317 2964; x_wconf 83' lang='lat' dir='ltr'><strong>anathematttm,</strong></span> <span class='ocrx_word' id='word_1_427' title='bbox 3374 2899 3576 2969; x_wconf 79' lang='lat' dir='ltr'><strong>quibus</strong></span> <span class='ocrx_word' id='word_1_428' title='bbox 3627 2900 3722 2953; x_wconf 85' lang='lat' dir='ltr'><strong>lta-</strong></span> 
     </span>
    </p>
   </div>
   <div class='ocr_carea' id='block_1_55' title="bbox 2145 2991 3722 3076">
    <p class='ocr_par' dir='ltr' id='par_1_55' title="bbox 2145 2991 3722 3076">
     <span class='ocr_line' id='line_1_55' title="bbox 2145 2991 3722 3076; baseline -0.004 -24"><span class='ocrx_word' id='word_1_429' title='bbox 2145 3006 2344 3052; x_wconf 85' lang='lat' dir='ltr'><strong>ctenus</strong></span> <span class='ocrx_word' id='word_1_430' title='bbox 2397 2996 2746 3076; x_wconf 61' lang='lat' dir='ltr'><strong>ignorassent</strong></span> <span class='ocrx_word' id='word_1_431' title='bbox 2781 3007 2840 3049; x_wconf 92' lang='lat' dir='ltr'><strong>se</strong></span> <span class='ocrx_word' id='word_1_432' title='bbox 2869 2997 3042 3049; x_wconf 84' lang='lat' dir='ltr'><strong>teneri</strong></span> <span class='ocrx_word' id='word_1_433' title='bbox 3072 2992 3424 3048; x_wconf 81' lang='lat' dir='ltr'><strong>constrictos.</strong></span> <span class='ocrx_word' id='word_1_434' title='bbox 3462 2991 3722 3048; x_wconf 82' lang='lat' dir='ltr'><strong>Declara-</strong></span> 
     </span>
    </p>
   </div>
   <div class='ocr_carea' id='block_1_56' title="bbox 2147 3084 3723 3161">
    <p class='ocr_par' dir='ltr' id='par_1_56' title="bbox 2147 3084 3723 3161">
     <span class='ocr_line' id='line_1_56' title="bbox 2147 3084 3723 3161; baseline -0.003 -16"><span class='ocrx_word' id='word_1_435' title='bbox 2147 3099 2259 3145; x_wconf 89' lang='lat' dir='ltr'><strong>tum</strong></span> <span class='ocrx_word' id='word_1_436' title='bbox 2300 3097 2479 3144; x_wconf 85' lang='lat' dir='ltr'><strong>autem</strong></span> <span class='ocrx_word' id='word_1_437' title='bbox 2515 3087 2615 3142; x_wconf 86' lang='lat' dir='ltr'><strong>hoc</strong></span> <span class='ocrx_word' id='word_1_438' title='bbox 2650 3100 2799 3141; x_wconf 89' lang='lat' dir='ltr'><strong>nunc</strong></span> <span class='ocrx_word' id='word_1_439' title='bbox 2847 3084 2981 3158; x_wconf 78' lang='lat' dir='ltr'><strong>ipsis</strong></span> <span class='ocrx_word' id='word_1_440' title='bbox 3029 3085 3234 3161; x_wconf 84' lang='lat' dir='ltr'><strong>indicio</strong></span> <span class='ocrx_word' id='word_1_441' title='bbox 3274 3085 3564 3146; x_wconf 61' lang='lat' dir='ltr'><strong>columbas.</strong></span> <span class='ocrx_word' id='word_1_442' title='bbox 3598 3099 3723 3155; x_wconf 68' lang='lat' dir='ltr'><strong>qua</strong></span> 
     </span>
    </p>
   </div>
   <div class='ocr_carea' id='block_1_57' title="bbox 462 3173 3721 3253">
    <p class='ocr_par' dir='ltr' id='par_1_57' title="bbox 462 3173 3721 3253">
     <span class='ocr_line' id='line_1_57' title="bbox 462 3173 3721 3253; baseline 0.001 -23"><span class='ocrx_word' id='word_1_443' title='bbox 462 3177 744 3231; x_wconf 79' lang='lat' dir='ltr'><strong>hiantibus</strong></span> <span class='ocrx_word' id='word_1_444' title='bbox 781 3184 1089 3245; x_wconf 81' lang='lat' dir='ltr'><strong>pertusum,</strong></span> <span class='ocrx_word' id='word_1_445' title='bbox 1118 3189 1290 3245; x_wconf 85' lang='lat' dir='ltr'><strong>eoque</strong></span> <span class='ocrx_word' id='word_1_446' title='bbox 1335 3190 1460 3230; x_wconf 89' lang='lat' dir='ltr'><strong>cum</strong></span> <span class='ocrx_word' id='word_1_447' title='bbox 1498 3175 1731 3231; x_wconf 85' lang='lat' dir='ltr'><strong>istarum</strong></span> <span class='ocrx_word' id='word_1_448' title='bbox 1783 3173 2032 3230; x_wconf 79' lang='lat' dir='ltr'><strong>nidiﬁcio</strong></span> <span class='ocrx_word' id='word_1_449' title='bbox 2060 3188 2107 3252; x_wconf 76' lang='grc' dir='ltr'><em>ς,</em></span> <span class='ocrx_word' id='word_1_450' title='bbox 2141 3183 2297 3253; x_wconf 75' lang='lat' dir='ltr'><strong>longe</strong></span> <span class='ocrx_word' id='word_1_451' title='bbox 2330 3181 2546 3236; x_wconf 76' lang='lat' dir='ltr'><strong>diverso</strong></span> <span class='ocrx_word' id='word_1_452' title='bbox 2579 3194 2608 3234; x_wconf 86' lang='lat' dir='ltr'><strong>a</strong></span> <span class='ocrx_word' id='word_1_453' title='bbox 2641 3179 2810 3235; x_wconf 85' lang='lat' dir='ltr'><strong>sacris</strong></span> <span class='ocrx_word' id='word_1_454' title='bbox 2850 3177 3124 3234; x_wconf 86' lang='lat' dir='ltr'><strong>celebrata</strong></span> <span class='ocrx_word' id='word_1_455' title='bbox 3156 3177 3381 3234; x_wconf 75' lang='lat' dir='ltr'><strong>Litteris</strong></span> <span class='ocrx_word' id='word_1_456' title='bbox 3410 3178 3599 3234; x_wconf 85' lang='lat' dir='ltr'><strong>nuntia</strong></span> <span class='ocrx_word' id='word_1_457' title='bbox 3638 3178 3721 3234; x_wconf 87' lang='lat' dir='ltr'><strong>di-</strong></span> 
     </span>
    </p>
   </div>
   <div class='ocr_carea' id='block_1_58' title="bbox 463 3266 2036 3339">
    <p class='ocr_par' dir='ltr' id='par_1_58' title="bbox 463 3266 2036 3339">
     <span class='ocr_line' id='line_1_58' title="bbox 463 3266 2036 3339; baseline -0.001 -17"><span class='ocrx_word' id='word_1_458' title='bbox 463 3271 746 3324; x_wconf 80' lang='lat' dir='ltr'><strong>volucrum</strong></span> <span class='ocrx_word' id='word_1_459' title='bbox 808 3277 922 3322; x_wconf 86' lang='lat' dir='ltr'><strong>tum</strong></span> <span class='ocrx_word' id='word_1_460' title='bbox 982 3268 1192 3323; x_wconf 86' lang='lat' dir='ltr'><strong>ludicro</strong></span> <span class='ocrx_word' id='word_1_461' title='bbox 1244 3268 1479 3339; x_wconf 86' lang='lat' dir='ltr'><strong>aucupio</strong></span> <span class='ocrx_word' id='word_1_462' title='bbox 1511 3266 1821 3322; x_wconf 84' lang='lat' dir='ltr'><strong>vacantium</strong></span> <span class='ocrx_word' id='word_1_463' title='bbox 1872 3281 2036 3335; x_wconf 91' lang='lat' dir='ltr'><strong>opere</strong></span> 
     </span>
    </p>
   </div>
   <div class='ocr_carea' id='block_1_59' title="bbox 465 3361 2037 3435">
    <p class='ocr_par' dir='ltr' id='par_1_59' title="bbox 465 3361 2037 3435">
     <span class='ocr_line' id='line_1_59' title="bbox 465 3361 2037 3435; baseline 0 -18"><span class='ocrx_word' id='word_1_464' title='bbox 465 3363 760 3435; x_wconf 76' lang='lat' dir='ltr'><strong>nrgentiori</strong></span> <span class='ocrx_word' id='word_1_465' title='bbox 796 3378 1091 3435; x_wconf 85' lang='lat' dir='ltr'><strong>puerorum</strong></span> <span class='ocrx_word' id='word_1_466' title='bbox 1119 3370 1508 3432; x_wconf 86' lang='lat' dir='ltr'><strong>opportunum,</strong></span> <span class='ocrx_word' id='word_1_467' title='bbox 1543 3364 1744 3433; x_wconf 86' lang='lat' dir='ltr'><strong>quippe</strong></span> <span class='ocrx_word' id='word_1_468' title='bbox 1777 3362 1890 3425; x_wconf 85' lang='lat' dir='ltr'><strong>ubi.</strong></span> <span class='ocrx_word' id='word_1_469' title='bbox 1917 3361 2037 3418; x_wconf 85' lang='lat' dir='ltr'><strong>sine</strong></span> 
     </span>
    </p>
   </div>
   <div class='ocr_carea' id='block_1_60' title="bbox 463 3453 2033 3529">
    <p class='ocr_par' dir='ltr' id='par_1_60' title="bbox 463 3453 2033 3529">
     <span class='ocr_line' id='line_1_60' title="bbox 463 3453 2033 3529; baseline -0.001 -17"><span class='ocrx_word' id='word_1_470' title='bbox 463 3457 730 3514; x_wconf 85' lang='lat' dir='ltr'><strong>lacinioso</strong></span> <span class='ocrx_word' id='word_1_471' title='bbox 764 3464 1031 3529; x_wconf 86' lang='lat' dir='ltr'><strong>apparatu</strong></span> <span class='ocrx_word' id='word_1_472' title='bbox 1068 3456 1369 3514; x_wconf 67' lang='lat' dir='ltr'><strong>venatoria</strong></span> <span class='ocrx_word' id='word_1_473' title='bbox 1420 3453 1800 3526; x_wconf 87' lang='lat' dir='ltr'><strong>supellectilis,</strong></span> <span class='ocrx_word' id='word_1_474' title='bbox 1834 3455 2033 3511; x_wconf 89' lang='lat' dir='ltr'><strong>retium</strong></span> 
     </span>
    </p>
   </div>
   <div class='ocr_carea' id='block_1_61' title="bbox 463 3549 2037 3620">
    <p class='ocr_par' dir='ltr' id='par_1_61' title="bbox 463 3549 2037 3620">
     <span class='ocr_line' id='line_1_61' title="bbox 463 3549 2037 3620; baseline -0.001 -12"><span class='ocrx_word' id='word_1_475' title='bbox 463 3553 573 3609; x_wconf 81' lang='lat' dir='ltr'><strong>aut</strong></span> <span class='ocrx_word' id='word_1_476' title='bbox 610 3551 942 3610; x_wconf 80' lang='lat' dir='ltr'><strong>calamorum</strong></span> <span class='ocrx_word' id='word_1_477' title='bbox 974 3549 1128 3607; x_wconf 80' lang='lat' dir='ltr'><strong>visco</strong></span> <span class='ocrx_word' id='word_1_478' title='bbox 1173 3549 1518 3620; x_wconf 83' lang='lat' dir='ltr'><strong>perlitorum,</strong></span> <span class='ocrx_word' id='word_1_479' title='bbox 1568 3564 1733 3606; x_wconf 83' lang='lat' dir='ltr'><strong>manu</strong></span> <span class='ocrx_word' id='word_1_480' title='bbox 1784 3550 2037 3606; x_wconf 86' lang='lat' dir='ltr'><strong>cominus</strong></span> 
     </span>
    </p>
   </div>
   <div class='ocr_carea' id='block_1_62' title="bbox 461 3643 2033 3713">
    <p class='ocr_par' dir='ltr' id='par_1_62' title="bbox 461 3643 2033 3713">
     <span class='ocr_line' id='line_1_62' title="bbox 461 3643 2033 3713; baseline -0.001 -14"><span class='ocrx_word' id='word_1_481' title='bbox 461 3646 606 3699; x_wconf 88' lang='lat' dir='ltr'><strong>nuda</strong></span> <span class='ocrx_word' id='word_1_482' title='bbox 641 3644 981 3699; x_wconf 82' lang='lat' dir='ltr'><strong>eolumbulos</strong></span> <span class='ocrx_word' id='word_1_483' title='bbox 1013 3644 1198 3700; x_wconf 82' lang='lat' dir='ltr'><strong>adhuc</strong></span> <span class='ocrx_word' id='word_1_484' title='bbox 1231 3643 1521 3713; x_wconf 89' lang='lat' dir='ltr'><strong>implumes</strong></span> <span class='ocrx_word' id='word_1_485' title='bbox 1555 3644 1608 3697; x_wconf 92' lang='lat' dir='ltr'><strong>in</strong></span> <span class='ocrx_word' id='word_1_486' title='bbox 1640 3644 1836 3699; x_wconf 83' lang='lat' dir='ltr'><strong>nativis</strong></span> <span class='ocrx_word' id='word_1_487' title='bbox 1885 3643 2033 3698; x_wconf 75' lang='lat' dir='ltr'><strong>culti-</strong></span> 
     </span>
    </p>
   </div>
   <div class='ocr_carea' id='block_1_63' title="bbox 462 3736 2040 3807">
    <p class='ocr_par' dir='ltr' id='par_1_63' title="bbox 462 3736 2040 3807">
     <span class='ocr_line' id='line_1_63' title="bbox 462 3736 2040 3807; baseline -0.002 -15"><span class='ocrx_word' id='word_1_488' title='bbox 462 3738 608 3794; x_wconf 84' lang='lat' dir='ltr'><strong>libus</strong></span> <span class='ocrx_word' id='word_1_489' title='bbox 640 3738 1060 3807; x_wconf 82' lang='lat' dir='ltr'><strong>prehenderem.</strong></span> <span class='ocrx_word' id='word_1_490' title='bbox 1089 3737 1224 3793; x_wconf 92' lang='lat' dir='ltr'><strong>Dum</strong></span> <span class='ocrx_word' id='word_1_491' title='bbox 1254 3738 1384 3796; x_wconf 73' lang='lat' dir='ltr'><strong>huic</strong></span> <span class='ocrx_word' id='word_1_492' title='bbox 1415 3737 1692 3792; x_wconf 89' lang='lat' dir='ltr'><strong>inhianter</strong></span> <span class='ocrx_word' id='word_1_493' title='bbox 1728 3736 1911 3792; x_wconf 90' lang='lat' dir='ltr'><strong>studio</strong></span> <span class='ocrx_word' id='word_1_494' title='bbox 1955 3737 2040 3792; x_wconf 87' lang='lat' dir='ltr'><strong>in-</strong></span> 
     </span>
    </p>
   </div>
   <div class='ocr_carea' id='block_1_64' title="bbox 461 3827 2036 3898">
    <p class='ocr_par' dir='ltr' id='par_1_64' title="bbox 461 3827 2036 3898">
     <span class='ocr_line' id='line_1_64' title="bbox 461 3827 2036 3898; baseline 0 -13"><span class='ocrx_word' id='word_1_495' title='bbox 461 3835 595 3887; x_wconf 84' lang='lat' dir='ltr'><strong>tenti</strong></span> <span class='ocrx_word' id='word_1_496' title='bbox 627 3841 821 3888; x_wconf 88' lang='lat' dir='ltr'><strong>cuncta</strong></span> <span class='ocrx_word' id='word_1_497' title='bbox 853 3832 963 3889; x_wconf 89' lang='lat' dir='ltr'><strong>illic</strong></span> <span class='ocrx_word' id='word_1_498' title='bbox 995 3831 1272 3887; x_wconf 86' lang='lat' dir='ltr'><strong>foramina</strong></span> <span class='ocrx_word' id='word_1_499' title='bbox 1307 3831 1597 3895; x_wconf 85' lang='lat' dir='ltr'><strong>rimantur,</strong></span> <span class='ocrx_word' id='word_1_500' title='bbox 1632 3844 1777 3884; x_wconf 88' lang='lat' dir='ltr'><strong>unus</strong></span> <span class='ocrx_word' id='word_1_501' title='bbox 1801 3845 1865 3883; x_wconf 80' lang='lat' dir='ltr'><strong>ex</strong></span> <span class='ocrx_word' id='word_1_502' title='bbox 1901 3827 2036 3898; x_wconf 88' lang='lat' dir='ltr'><strong>ipsis</strong></span> 
     </span>
    </p>
   </div>
   <div class='ocr_carea' id='block_1_65' title="bbox 461 3922 2038 3993">
    <p class='ocr_par' dir='ltr' id='par_1_65' title="bbox 461 3922 2038 3993">
     <span class='ocr_line' id='line_1_65' title="bbox 461 3922 2038 3993; baseline -0.003 -12"><span class='ocrx_word' id='word_1_503' title='bbox 461 3926 752 3982; x_wconf 83' lang='lat' dir='ltr'><strong>observato</strong></span> <span class='ocrx_word' id='word_1_504' title='bbox 793 3938 959 3993; x_wconf 80' lang='lat' dir='ltr'><strong>supra</strong></span> <span class='ocrx_word' id='word_1_505' title='bbox 1010 3923 1319 3978; x_wconf 84' lang='lat' dir='ltr'><strong>columnam</strong></span> <span class='ocrx_word' id='word_1_506' title='bbox 1379 3922 1628 3977; x_wconf 83' lang='lat' dir='ltr'><strong>altiorem</strong></span> <span class='ocrx_word' id='word_1_507' title='bbox 1682 3936 1837 3989; x_wconf 86' lang='lat' dir='ltr'><strong>cavo,</strong></span> <span class='ocrx_word' id='word_1_508' title='bbox 1876 3922 2038 3978; x_wconf 82' lang='lat' dir='ltr'><strong>scalis</strong></span> 
     </span>
    </p>
   </div>
   <div class='ocr_carea' id='block_1_66' title="bbox 462 4017 2032 4086">
    <p class='ocr_par' dir='ltr' id='par_1_66' title="bbox 462 4017 2032 4086">
     <span class='ocr_line' id='line_1_66' title="bbox 462 4017 2032 4086; baseline -0.004 -10"><span class='ocrx_word' id='word_1_509' title='bbox 462 4022 594 4076; x_wconf 90' lang='lat' dir='ltr'><strong>illuc</strong></span> <span class='ocrx_word' id='word_1_510' title='bbox 637 4021 869 4075; x_wconf 80' lang='lat' dir='ltr'><strong>admotis</strong></span> <span class='ocrx_word' id='word_1_511' title='bbox 924 4025 1145 4074; x_wconf 87' lang='lat' dir='ltr'><strong>evectus</strong></span> <span class='ocrx_word' id='word_1_512' title='bbox 1200 4017 1384 4085; x_wconf 89' lang='lat' dir='ltr'><strong>pullos</strong></span> <span class='ocrx_word' id='word_1_513' title='bbox 1411 4017 1657 4086; x_wconf 83' lang='lat' dir='ltr'><strong>quidem,</strong></span> <span class='ocrx_word' id='word_1_514' title='bbox 1699 4027 1756 4071; x_wconf 90' lang='lat' dir='ltr'><strong>ut</strong></span> <span class='ocrx_word' id='word_1_515' title='bbox 1793 4017 2032 4082; x_wconf 78' lang='lat' dir='ltr'><strong>volebat,</strong></span> 
     </span>
    </p>
   </div>
   <div class='ocr_carea' id='block_1_67' title="bbox 460 4111 2039 4188">
    <p class='ocr_par' dir='ltr' id='par_1_67' title="bbox 460 4111 2039 4188">
     <span class='ocr_line' id='line_1_67' title="bbox 460 4111 2039 4188; baseline -0.003 -19"><span class='ocrx_word' id='word_1_516' title='bbox 460 4115 663 4185; x_wconf 86' lang='lat' dir='ltr'><strong>reperit</strong></span> <span class='ocrx_word' id='word_1_517' title='bbox 685 4123 739 4168; x_wconf 89' lang='lat' dir='ltr'><strong>et</strong></span> <span class='ocrx_word' id='word_1_518' title='bbox 767 4114 908 4185; x_wconf 80' lang='lat' dir='ltr'><strong>cepit</strong></span> <span class='ocrx_word' id='word_1_519' title='bbox 940 4131 952 4166; x_wconf 92' lang='lat'>:</span> <span class='ocrx_word' id='word_1_520' title='bbox 985 4112 1079 4168; x_wconf 86' lang='lat' dir='ltr'><strong>sed</strong></span> <span class='ocrx_word' id='word_1_521' title='bbox 1127 4112 1267 4166; x_wconf 90' lang='lat' dir='ltr'><strong>idem</strong></span> <span class='ocrx_word' id='word_1_522' title='bbox 1311 4111 1541 4166; x_wconf 86' lang='lat' dir='ltr'><strong>ulterius</strong></span> <span class='ocrx_word' id='word_1_523' title='bbox 1574 4126 1791 4182; x_wconf 87' lang='lat' dir='ltr'><strong>quoque</strong></span> <span class='ocrx_word' id='word_1_524' title='bbox 1814 4113 2039 4188; x_wconf 69' lang='lat' dir='ltr'><strong>conspi-</strong></span> 
     </span>
    </p>
   </div>
   <div class='ocr_carea' id='block_1_68' title="bbox 461 4203 2035 4276">
    <p class='ocr_par' dir='ltr' id='par_1_68' title="bbox 461 4203 2035 4276">
     <span class='ocr_line' id='line_1_68' title="bbox 461 4203 2035 4276; baseline -0.004 -12"><span class='ocrx_word' id='word_1_525' title='bbox 461 4219 616 4264; x_wconf 81' lang='lat' dir='ltr'><strong>catus</strong></span> <span class='ocrx_word' id='word_1_526' title='bbox 673 4206 857 4262; x_wconf 85' lang='lat' dir='ltr'><strong>nescio</strong></span> <span class='ocrx_word' id='word_1_527' title='bbox 915 4205 1045 4276; x_wconf 87' lang='lat' dir='ltr'><strong>quid</strong></span> <span class='ocrx_word' id='word_1_528' title='bbox 1104 4203 1304 4260; x_wconf 86' lang='lat' dir='ltr'><strong>ibidem</strong></span> <span class='ocrx_word' id='word_1_529' title='bbox 1359 4203 1686 4274; x_wconf 76' lang='lat' dir='ltr'><strong>profundius</strong></span> <span class='ocrx_word' id='word_1_530' title='bbox 1732 4213 2035 4274; x_wconf 85' lang='lat' dir='ltr'><strong>repostum,</strong></span> 
     </span>
    </p>
   </div>
   <div class='ocr_carea' id='block_1_69' title="bbox 460 4297 2036 4357">
    <p class='ocr_par' dir='ltr' id='par_1_69' title="bbox 460 4297 2036 4357">
     <span class='ocr_line' id='line_1_69' title="bbox 460 4297 2036 4357; baseline -0.004 0"><span class='ocrx_word' id='word_1_531' title='bbox 460 4317 624 4357; x_wconf 85' lang='lat' dir='ltr'><strong>manu</strong></span> <span class='ocrx_word' id='word_1_532' title='bbox 657 4301 880 4355; x_wconf 79' lang='lat' dir='ltr'><strong>attraxit</strong></span> <span class='ocrx_word' id='word_1_533' title='bbox 919 4313 1046 4354; x_wconf 80' lang='lat' dir='ltr'><strong>vasa</strong></span> <span class='ocrx_word' id='word_1_534' title='bbox 1081 4297 1193 4354; x_wconf 89' lang='lat' dir='ltr'><strong>duo</strong></span> <span class='ocrx_word' id='word_1_535' title='bbox 1237 4303 1404 4352; x_wconf 89' lang='lat' dir='ltr'><strong>testea</strong></span> <span class='ocrx_word' id='word_1_536' title='bbox 1452 4297 1744 4351; x_wconf 87' lang='lat' dir='ltr'><strong>commissa</strong></span> <span class='ocrx_word' id='word_1_537' title='bbox 1780 4297 2036 4352; x_wconf 80' lang='lat' dir='ltr'><strong>invicem.</strong></span> 
     </span>
    </p>
   </div>
   <div class='ocr_carea' id='block_1_70' title="bbox 462 4387 2032 4460">
    <p class='ocr_par' dir='ltr' id='par_1_70' title="bbox 462 4387 2032 4460">
     <span class='ocr_line' id='line_1_70' title="bbox 462 4387 2032 4460; baseline -0.001 -14"><span class='ocrx_word' id='word_1_538' title='bbox 462 4390 597 4446; x_wconf 89' lang='lat' dir='ltr'><strong>Tum</strong></span> <span class='ocrx_word' id='word_1_539' title='bbox 622 4391 951 4447; x_wconf 87' lang='lat' dir='ltr'><strong>curiositate</strong></span> <span class='ocrx_word' id='word_1_540' title='bbox 973 4389 1168 4460; x_wconf 88' lang='lat' dir='ltr'><strong>puerili</strong></span> <span class='ocrx_word' id='word_1_541' title='bbox 1198 4388 1328 4459; x_wconf 89' lang='lat' dir='ltr'><strong>quid</strong></span> <span class='ocrx_word' id='word_1_542' title='bbox 1371 4387 1479 4440; x_wconf 86' lang='lat' dir='ltr'><strong>illic</strong></span> <span class='ocrx_word' id='word_1_543' title='bbox 1515 4389 1712 4442; x_wconf 88' lang='lat' dir='ltr'><strong>lateret</strong></span> <span class='ocrx_word' id='word_1_544' title='bbox 1751 4397 2032 4453; x_wconf 87' lang='lat' dir='ltr'><strong>scrutans,</strong></span> 
     </span>
    </p>
   </div>
   <div class='ocr_carea' id='block_1_71' title="bbox 460 4479 2033 4553">
    <p class='ocr_par' dir='ltr' id='par_1_71' title="bbox 460 4479 2033 4553">
     <span class='ocr_line' id='line_1_71' title="bbox 460 4479 2033 4553; baseline -0.006 -9"><span class='ocrx_word' id='word_1_545' title='bbox 460 4486 680 4544; x_wconf 80' lang='lat' dir='ltr'><strong>chartas</strong></span> <span class='ocrx_word' id='word_1_546' title='bbox 721 4493 967 4553; x_wconf 90' lang='lat' dir='ltr'><strong>repertas</strong></span> <span class='ocrx_word' id='word_1_547' title='bbox 995 4490 1048 4536; x_wconf 87' lang='lat' dir='ltr'><strong>et</strong></span> <span class='ocrx_word' id='word_1_548' title='bbox 1107 4483 1224 4551; x_wconf 90' lang='lat' dir='ltr'><strong>ipse</strong></span> <span class='ocrx_word' id='word_1_549' title='bbox 1273 4479 1402 4549; x_wconf 72' lang='lat' dir='ltr'><strong>legit</strong></span> <span class='ocrx_word' id='word_1_550' title='bbox 1455 4489 1508 4534; x_wconf 89' lang='lat' dir='ltr'><strong>et</strong></span> <span class='ocrx_word' id='word_1_551' title='bbox 1552 4480 1719 4536; x_wconf 88' lang='lat' dir='ltr'><strong>sociis</strong></span> <span class='ocrx_word' id='word_1_552' title='bbox 1771 4479 2033 4535; x_wconf 82' lang='lat' dir='ltr'><strong>ostendit.</strong></span> 
     </span>
    </p>
   </div>
   <div class='ocr_carea' id='block_1_72' title="bbox 459 4557 2111 4647">
    <p class='ocr_par' dir='ltr' id='par_1_72' title="bbox 459 4557 2111 4647">
     <span class='ocr_line' id='line_1_72' title="bbox 459 4557 2111 4647; baseline -0.004 -14"><span class='ocrx_word' id='word_1_553' title='bbox 459 4581 630 4633; x_wconf 83' lang='lat' dir='ltr'><strong>Erant</strong></span> <span class='ocrx_word' id='word_1_554' title='bbox 653 4593 729 4633; x_wconf 65' lang='lat' dir='ltr'><strong>eae</strong></span> <span class='ocrx_word' id='word_1_555' title='bbox 764 4591 901 4647; x_wconf 85' lang='lat' dir='ltr'><strong>quas</strong></span> <span class='ocrx_word' id='word_1_556' title='bbox 932 4573 1174 4631; x_wconf 78' lang='lat' dir='ltr'><strong>diximus</strong></span> <span class='ocrx_word' id='word_1_557' title='bbox 1208 4574 1295 4627; x_wconf 88' lang='lat' dir='ltr'><strong>tali</strong></span> <span class='ocrx_word' id='word_1_558' title='bbox 1334 4572 1456 4627; x_wconf 90' lang='lat' dir='ltr'><strong>loco</strong></span> <span class='ocrx_word' id='word_1_559' title='bbox 1502 4572 1569 4627; x_wconf 87' lang='lat' dir='ltr'><strong>ab</strong></span> <span class='ocrx_word' id='word_1_560' title='bbox 1611 4571 1912 4627; x_wconf 83' lang='lat' dir='ltr'><strong>Athanasio</strong></span> <span class='ocrx_word' id='word_1_561' title='bbox 1938 4573 2034 4628; x_wconf 90' lang='lat' dir='ltr'><strong>ab-</strong></span> <span class='ocrx_word' id='word_1_562' title='bbox 2068 4557 2111 4613; x_wconf 71' lang='grc' dir='ltr'><strong>ί)</strong></span> 
     </span>
    </p>
   </div>
   <div class='ocr_carea' id='block_1_73' title="bbox 459 4667 2041 4739">
    <p class='ocr_par' dir='ltr' id='par_1_73' title="bbox 459 4667 2041 4739">
     <span class='ocr_line' id='line_1_73' title="bbox 459 4667 2041 4739; baseline -0.005 -11"><span class='ocrx_word' id='word_1_563' title='bbox 459 4672 788 4728; x_wconf 78' lang='lat' dir='ltr'><strong>dicationem</strong></span> <span class='ocrx_word' id='word_1_564' title='bbox 822 4668 1222 4739; x_wconf 80' lang='lat' dir='ltr'><strong>patriarcltatus</strong></span> <span class='ocrx_word' id='word_1_565' title='bbox 1247 4667 1541 4722; x_wconf 85' lang='lat' dir='ltr'><strong>meditante</strong></span> <span class='ocrx_word' id='word_1_566' title='bbox 1563 4667 1878 4733; x_wconf 87' lang='lat' dir='ltr'><strong>abstrusas;</strong></span> <span class='ocrx_word' id='word_1_567' title='bbox 1915 4667 2041 4737; x_wconf 83' lang='lat' dir='ltr'><strong>qui-</strong></span> 
     </span>
    </p>
   </div>
   <div class='ocr_carea' id='block_1_74' title="bbox 459 4760 2042 4832">
    <p class='ocr_par' dir='ltr' id='par_1_74' title="bbox 459 4760 2042 4832">
     <span class='ocr_line' id='line_1_74' title="bbox 459 4760 2042 4832; baseline -0.006 -12"><span class='ocrx_word' id='word_1_568' title='bbox 459 4767 562 4820; x_wconf 85' lang='lat' dir='ltr'><strong>bus</strong></span> <span class='ocrx_word' id='word_1_569' title='bbox 595 4764 758 4819; x_wconf 88' lang='lat' dir='ltr'><strong>simul</strong></span> <span class='ocrx_word' id='word_1_570' title='bbox 783 4779 904 4832; x_wconf 66' lang='lat' dir='ltr'><strong>quae</strong></span> <span class='ocrx_word' id='word_1_571' title='bbox 942 4761 1152 4817; x_wconf 87' lang='lat' dir='ltr'><strong>inarata</strong></span> <span class='ocrx_word' id='word_1_572' title='bbox 1185 4761 1402 4816; x_wconf 79' lang='lat' dir='ltr'><strong>fuerant</strong></span> <span class='ocrx_word' id='word_1_573' title='bbox 1439 4761 1685 4815; x_wconf 85' lang='lat' dir='ltr'><strong>dirarum</strong></span> <span class='ocrx_word' id='word_1_574' title='bbox 1721 4760 2042 4815; x_wconf 81' lang='lat' dir='ltr'><strong>anathema-</strong></span> 
     </span>
    </p>
   </div>
   <div class='ocr_carea' id='block_1_75' title="bbox 459 4851 2038 4926">
    <p class='ocr_par' dir='ltr' id='par_1_75' title="bbox 459 4851 2038 4926">
     <span class='ocr_line' id='line_1_75' title="bbox 459 4851 2038 4926; baseline -0.005 -14"><span class='ocrx_word' id='word_1_575' title='bbox 459 4867 689 4926; x_wconf 81' lang='lat' dir='ltr'><strong>tumque</strong></span> <span class='ocrx_word' id='word_1_576' title='bbox 727 4852 985 4909; x_wconf 89' lang='lat' dir='ltr'><strong>terricula</strong></span> <span class='ocrx_word' id='word_1_577' title='bbox 1020 4868 1127 4909; x_wconf 89' lang='lat' dir='ltr'><strong>non</strong></span> <span class='ocrx_word' id='word_1_578' title='bbox 1172 4851 1290 4916; x_wconf 85' lang='lat' dir='ltr'><strong>sine</strong></span> <span class='ocrx_word' id='word_1_579' title='bbox 1337 4851 1570 4908; x_wconf 87' lang='lat' dir='ltr'><strong>horrore</strong></span> <span class='ocrx_word' id='word_1_580' title='bbox 1607 4851 1846 4922; x_wconf 87' lang='lat' dir='ltr'><strong>quodam</strong></span> <span class='ocrx_word' id='word_1_581' title='bbox 1887 4851 2038 4919; x_wconf 89' lang='lat' dir='ltr'><strong>pueri</strong></span> 
     </span>
    </p>
   </div>
   <div class='ocr_carea' id='block_1_76' title="bbox 461 4945 2040 5016">
    <p class='ocr_par' dir='ltr' id='par_1_76' title="bbox 461 4945 2040 5016">
     <span class='ocr_line' id='line_1_76' title="bbox 461 4945 2040 5016; baseline -0.001 -14"><span class='ocrx_word' id='word_1_582' title='bbox 461 4951 737 5013; x_wconf 89' lang='lat' dir='ltr'><strong>viderunt,</strong></span> <span class='ocrx_word' id='word_1_583' title='bbox 781 4947 1102 5003; x_wconf 85' lang='lat' dir='ltr'><strong>dubitantes</strong></span> <span class='ocrx_word' id='word_1_584' title='bbox 1154 4945 1287 5015; x_wconf 91' lang='lat' dir='ltr'><strong>quid</strong></span> <span class='ocrx_word' id='word_1_585' title='bbox 1330 4945 1398 5000; x_wconf 87' lang='lat' dir='ltr'><strong>iis</strong></span> <span class='ocrx_word' id='word_1_586' title='bbox 1427 4945 1694 5008; x_wconf 84' lang='lat' dir='ltr'><strong>facerent.</strong></span> <span class='ocrx_word' id='word_1_587' title='bbox 1721 4945 1885 5016; x_wconf 63' lang='lat'><strong>350</strong></span> <span class='ocrx_word' id='word_1_588' title='bbox 1917 4953 2040 5015; x_wconf 90' lang='lat' dir='ltr'><strong>post</strong></span> 
     </span>
    </p>
   </div>
   <div class='ocr_carea' id='block_1_77' title="bbox 459 5037 2040 5112">
    <p class='ocr_par' dir='ltr' id='par_1_77' title="bbox 459 5037 2040 5112">
     <span class='ocr_line' id='line_1_77' title="bbox 459 5037 2040 5112; baseline -0.004 -15"><span class='ocrx_word' id='word_1_589' title='bbox 459 5042 698 5112; x_wconf 84' lang='lat' dir='ltr'><strong>aliquam</strong></span> <span class='ocrx_word' id='word_1_590' title='bbox 730 5038 1184 5094; x_wconf 84' lang='lat' dir='ltr'><strong>deliberationem</strong></span> <span class='ocrx_word' id='word_1_591' title='bbox 1221 5048 1621 5093; x_wconf 84' lang='lat' dir='ltr'><strong>consenserunt</strong></span> <span class='ocrx_word' id='word_1_592' title='bbox 1656 5037 1953 5094; x_wconf 84' lang='lat' dir='ltr'><strong>deferenda</strong></span> <span class='ocrx_word' id='word_1_593' title='bbox 1983 5047 2040 5091; x_wconf 88' lang='lat' dir='ltr'><strong>ttt</strong></span> 
     </span>
    </p>
   </div>
   <div class='ocr_carea' id='block_1_78' title="bbox 460 5130 2035 5204">
    <p class='ocr_par' dir='ltr' id='par_1_78' title="bbox 460 5130 2035 5204">
     <span class='ocr_line' id='line_1_78' title="bbox 460 5130 2035 5204; baseline -0.003 -13"><span class='ocrx_word' id='word_1_594' title='bbox 460 5142 616 5191; x_wconf 86' lang='lat' dir='ltr'><strong>erant</strong></span> <span class='ocrx_word' id='word_1_595' title='bbox 645 5135 708 5188; x_wconf 85' lang='lat' dir='ltr'><strong>ad</strong></span> <span class='ocrx_word' id='word_1_596' title='bbox 746 5134 1112 5204; x_wconf 78' lang='lat' dir='ltr'><strong>patriarcltam</strong></span> <span class='ocrx_word' id='word_1_597' title='bbox 1148 5145 1370 5185; x_wconf 83' lang='lat' dir='ltr'><strong>cuncta.</strong></span> <span class='ocrx_word' id='word_1_598' title='bbox 1401 5130 1630 5199; x_wconf 78' lang='lat' dir='ltr'><strong>Moxque</strong></span> <span class='ocrx_word' id='word_1_599' title='bbox 1665 5148 1721 5186; x_wconf 89' lang='lat' dir='ltr'><strong>re</strong></span> <span class='ocrx_word' id='word_1_600' title='bbox 1747 5131 1842 5188; x_wconf 82' lang='lat' dir='ltr'><strong>illi.</strong></span> <span class='ocrx_word' id='word_1_601' title='bbox 1879 5140 2035 5200; x_wconf 88' lang='lat' dir='ltr'><strong>prout</strong></span> 
     </span>
    </p>
   </div>
   <div class='ocr_carea' id='block_1_79' title="bbox 463 5223 2042 5298">
    <p class='ocr_par' dir='ltr' id='par_1_79' title="bbox 463 5223 2042 5298">
     <span class='ocr_line' id='line_1_79' title="bbox 463 5223 2042 5298; baseline -0.004 -13"><span class='ocrx_word' id='word_1_602' title='bbox 463 5230 792 5298; x_wconf 75' lang='lat' dir='ltr'><strong>contigerat,</strong></span> <span class='ocrx_word' id='word_1_603' title='bbox 855 5233 1096 5290; x_wconf 87' lang='lat' dir='ltr'><strong>narrata,</strong></span> <span class='ocrx_word' id='word_1_604' title='bbox 1147 5223 1336 5278; x_wconf 83' lang='lat' dir='ltr'><strong>fictilia</strong></span> <span class='ocrx_word' id='word_1_605' title='bbox 1375 5239 1501 5278; x_wconf 86' lang='lat' dir='ltr'><strong>cum</strong></span> <span class='ocrx_word' id='word_1_606' title='bbox 1553 5223 1780 5277; x_wconf 81' lang='lat' dir='ltr'><strong>inclusis</strong></span> <span class='ocrx_word' id='word_1_607' title='bbox 1834 5223 2042 5279; x_wconf 73' lang='lat' dir='ltr'><strong>chartis</strong></span> 
     </span>
    </p>
   </div>
   <div class='ocr_carea' id='block_1_80' title="bbox 463 5317 2043 5387">
    <p class='ocr_par' dir='ltr' id='par_1_80' title="bbox 463 5317 2043 5387">
     <span class='ocr_line' id='line_1_80' title="bbox 463 5317 2043 5387; baseline -0.006 -10"><span class='ocrx_word' id='word_1_608' title='bbox 463 5322 802 5377; x_wconf 84' lang='lat' dir='ltr'><strong>obtulerunt.</strong></span> <span class='ocrx_word' id='word_1_609' title='bbox 841 5317 937 5373; x_wconf 75' lang='lat' dir='ltr'><strong>His</strong></span> <span class='ocrx_word' id='word_1_610' title='bbox 984 5318 1295 5387; x_wconf 72' lang='lat' dir='ltr'><strong>patriarcha</strong></span> <span class='ocrx_word' id='word_1_611' title='bbox 1355 5317 1410 5371; x_wconf 91' lang='lat' dir='ltr'><strong>in</strong></span> <span class='ocrx_word' id='word_1_612' title='bbox 1454 5331 1647 5370; x_wconf 83' lang='lat' dir='ltr'><strong>manus</strong></span> <span class='ocrx_word' id='word_1_613' title='bbox 1691 5317 1925 5384; x_wconf 81' lang='lat' dir='ltr'><strong>sumptis</strong></span> <span class='ocrx_word' id='word_1_614' title='bbox 1963 5327 2043 5369; x_wconf 86' lang='lat' dir='ltr'><strong>at-</strong></span> 
     </span>
    </p>
   </div>
   <div class='ocr_carea' id='block_1_81' title="bbox 466 5405 2038 5481">
    <p class='ocr_par' dir='ltr' id='par_1_81' title="bbox 466 5405 2038 5481">
     <span class='ocr_line' id='line_1_81' title="bbox 466 5405 2038 5481; baseline -0.005 -13"><span class='ocrx_word' id='word_1_615' title='bbox 466 5422 722 5481; x_wconf 80' lang='lat' dir='ltr'><strong>tenteque</strong></span> <span class='ocrx_word' id='word_1_616' title='bbox 772 5410 1051 5476; x_wconf 75' lang='lat' dir='ltr'><strong>perlectis,</strong></span> <span class='ocrx_word' id='word_1_617' title='bbox 1106 5408 1265 5478; x_wconf 80' lang='lat' dir='ltr'><strong>plane</strong></span> <span class='ocrx_word' id='word_1_618' title='bbox 1309 5405 1640 5460; x_wconf 87' lang='lat' dir='ltr'><strong>intellectam</strong></span> <span class='ocrx_word' id='word_1_619' title='bbox 1701 5421 1810 5459; x_wconf 88' lang='lat' dir='ltr'><strong>rem</strong></span> <span class='ocrx_word' id='word_1_620' title='bbox 1872 5413 2038 5460; x_wconf 87' lang='lat' dir='ltr'><strong>tutant</strong></span> 
     </span>
    </p>
   </div>
   <div class='ocr_carea' id='block_1_82' title="bbox 461 5498 2041 5571">
    <p class='ocr_par' dir='ltr' id='par_1_82' title="bbox 461 5498 2041 5571">
     <span class='ocr_line' id='line_1_82' title="bbox 461 5498 2041 5571; baseline -0.005 -11"><span class='ocrx_word' id='word_1_621' title='bbox 461 5506 665 5560; x_wconf 80' lang='lat' dir='ltr'><strong>referre</strong></span> <span class='ocrx_word' id='word_1_622' title='bbox 715 5504 781 5556; x_wconf 82' lang='lat' dir='ltr'><strong>ad</strong></span> <span class='ocrx_word' id='word_1_623' title='bbox 834 5505 1218 5571; x_wconf 81' lang='lat' dir='ltr'><strong>imperatorem</strong></span> <span class='ocrx_word' id='word_1_624' title='bbox 1281 5501 1574 5565; x_wconf 82' lang='lat' dir='ltr'><strong>statuit.,iu</strong></span> <span class='ocrx_word' id='word_1_625' title='bbox 1607 5515 1768 5568; x_wconf 86' lang='lat' dir='ltr'><strong>quem</strong></span> <span class='ocrx_word' id='word_1_626' title='bbox 1821 5498 2041 5568; x_wconf 63' lang='lat' dir='ltr'><strong>potissi-</strong></span> 
     </span>
    </p>
   </div>
   <div class='ocr_carea' id='block_1_83' title="bbox 461 5590 2034 5661">
    <p class='ocr_par' dir='ltr' id='par_1_83' title="bbox 461 5590 2034 5661">
     <span class='ocr_line' id='line_1_83' title="bbox 461 5590 2034 5661; baseline -0.003 -11"><span class='ocrx_word' id='word_1_627' title='bbox 461 5613 610 5650; x_wconf 86' lang='lat' dir='ltr'><strong>mum</strong></span> <span class='ocrx_word' id='word_1_628' title='bbox 638 5597 842 5650; x_wconf 89' lang='lat' dir='ltr'><strong>intenta</strong></span> <span class='ocrx_word' id='word_1_629' title='bbox 895 5593 1208 5661; x_wconf 81' lang='lat' dir='ltr'><strong>intortaque</strong></span> <span class='ocrx_word' id='word_1_630' title='bbox 1241 5592 1328 5644; x_wconf 75' lang='lat' dir='ltr'><strong>illa</strong></span> <span class='ocrx_word' id='word_1_631' title='bbox 1366 5592 1823 5657; x_wconf 86' lang='lat' dir='ltr'><strong>imprecationum</strong></span> <span class='ocrx_word' id='word_1_632' title='bbox 1859 5590 2034 5645; x_wconf 82' lang='lat' dir='ltr'><strong>borri-</strong></span> 
     </span>
    </p>
   </div>
   <div class='ocr_carea' id='block_1_84' title="bbox 468 5667 2037 5754">
    <p class='ocr_par' dir='ltr' id='par_1_84' title="bbox 468 5667 2037 5754">
     <span class='ocr_line' id='line_1_84' title="bbox 468 5667 2037 5754; baseline -0.003 -11"><span class='ocrx_word' id='word_1_633' title='bbox 468 5691 656 5743; x_wconf 76' lang='lat' dir='ltr'><strong>ltilium</strong></span> <span class='ocrx_word' id='word_1_634' title='bbox 705 5688 930 5742; x_wconf 86' lang='lat' dir='ltr'><strong>fulmina</strong></span> <span class='ocrx_word' id='word_1_635' title='bbox 968 5686 1339 5740; x_wconf 76' lang='lat' dir='ltr'><strong>existimabat.</strong></span> <span class='ocrx_word' id='word_1_636' title='bbox 1399 5667 1566 5739; x_wconf 79' lang='lat' dir='ltr'><strong>Misso</strong></span> <span class='ocrx_word' id='word_1_637' title='bbox 1598 5685 1762 5754; x_wconf 78' lang='lat' dir='ltr'><strong>igitur</strong></span> <span class='ocrx_word' id='word_1_638' title='bbox 1811 5685 1876 5738; x_wconf 82' lang='lat' dir='ltr'><strong>ad</strong></span> <span class='ocrx_word' id='word_1_639' title='bbox 1911 5699 2037 5739; x_wconf 90' lang='lat' dir='ltr'><strong>enm</strong></span> 
     </span>
    </p>
   </div>
   <div class='ocr_carea' id='block_1_85' title="bbox 469 5779 2037 5848">
    <p class='ocr_par' dir='ltr' id='par_1_85' title="bbox 469 5779 2037 5848">
     <span class='ocr_line' id='line_1_85' title="bbox 469 5779 2037 5848; baseline -0.001 -13"><span class='ocrx_word' id='word_1_640' title='bbox 469 5798 568 5836; x_wconf 76' lang='lat' dir='ltr'><strong>suo</strong></span> <span class='ocrx_word' id='word_1_641' title='bbox 593 5782 762 5836; x_wconf 76' lang='lat' dir='ltr'><strong>fratre</strong></span> <span class='ocrx_word' id='word_1_642' title='bbox 790 5781 1085 5846; x_wconf 64' lang='lat' dir='ltr'><strong>lletltudio,</strong></span> <span class='ocrx_word' id='word_1_643' title='bbox 1132 5779 1343 5848; x_wconf 81' lang='lat' dir='ltr'><strong>rogavit</strong></span> <span class='ocrx_word' id='word_1_644' title='bbox 1393 5793 1460 5832; x_wconf 89' lang='lat' dir='ltr'><strong>ne</strong></span> <span class='ocrx_word' id='word_1_645' title='bbox 1505 5790 1826 5848; x_wconf 73' lang='lat' dir='ltr'><strong>gravaretur</strong></span> <span class='ocrx_word' id='word_1_646' title='bbox 1854 5779 2037 5834; x_wconf 85' lang='lat' dir='ltr'><strong>venire</strong></span> 
     </span>
    </p>
   </div>
   <div class='ocr_carea' id='block_1_86' title="bbox 468 5875 2040 5950">
    <p class='ocr_par' dir='ltr' id='par_1_86' title="bbox 468 5875 2040 5950">
     <span class='ocr_line' id='line_1_86' title="bbox 468 5875 2040 5950; baseline -0.002 -18"><span class='ocrx_word' id='word_1_647' title='bbox 468 5882 534 5932; x_wconf 83' lang='lat' dir='ltr'><strong>al</strong></span> <span class='ocrx_word' id='word_1_648' title='bbox 565 5896 643 5945; x_wconf 86' lang='lat' dir='ltr'><strong>se,</strong></span> <span class='ocrx_word' id='word_1_649' title='bbox 683 5880 941 5950; x_wconf 79' lang='lat' dir='ltr'><strong>quoniam</strong></span> <span class='ocrx_word' id='word_1_650' title='bbox 976 5878 1090 5949; x_wconf 70' lang='lat' dir='ltr'><strong>ipso</strong></span> <span class='ocrx_word' id='word_1_651' title='bbox 1117 5877 1181 5929; x_wconf 65' lang='lat' dir='ltr'><strong>atl</strong></span> <span class='ocrx_word' id='word_1_652' title='bbox 1219 5876 1475 5946; x_wconf 83' lang='lat' dir='ltr'><strong>palatium</strong></span> <span class='ocrx_word' id='word_1_653' title='bbox 1502 5875 1722 5944; x_wconf 75' lang='lat' dir='ltr'><strong>tendere</strong></span> <span class='ocrx_word' id='word_1_654' title='bbox 1757 5885 1886 5929; x_wconf 89' lang='lat' dir='ltr'><strong>tunc</strong></span> <span class='ocrx_word' id='word_1_655' title='bbox 1919 5876 2040 5945; x_wconf 87' lang='lat' dir='ltr'><strong>qui-</strong></span> 
     </span>
    </p>
   </div>
   <div class='ocr_carea' id='block_1_87' title="bbox 2139 3270 3722 3342">
    <p class='ocr_par' dir='ltr' id='par_1_87' title="bbox 2139 3270 3722 3342">
     <span class='ocr_line' id='line_1_87' title="bbox 2139 3270 3722 3342; baseline -0.003 -12"><span class='ocrx_word' id='word_1_656' title='bbox 2139 3275 2273 3332; x_wconf 81' lang='lat' dir='ltr'><strong>invii</strong></span> <span class='ocrx_word' id='word_1_657' title='bbox 2302 3273 2579 3330; x_wconf 81' lang='lat' dir='ltr'><strong>cessantis</strong></span> <span class='ocrx_word' id='word_1_658' title='bbox 2607 3272 2860 3342; x_wconf 79' lang='lat' dir='ltr'><strong>augurio,</strong></span> <span class='ocrx_word' id='word_1_659' title='bbox 2896 3287 3005 3326; x_wconf 86' lang='lat' dir='ltr'><strong>non</strong></span> <span class='ocrx_word' id='word_1_660' title='bbox 3055 3284 3240 3340; x_wconf 83' lang='lat' dir='ltr'><strong>pacem</strong></span> <span class='ocrx_word' id='word_1_661' title='bbox 3288 3284 3354 3326; x_wconf 86' lang='lat' dir='ltr'><strong>ac</strong></span> <span class='ocrx_word' id='word_1_662' title='bbox 3386 3270 3722 3327; x_wconf 80' lang='lat' dir='ltr'><strong>benedictio-</strong></span> 
     </span>
    </p>
   </div>
   <div class='ocr_carea' id='block_1_88' title="bbox 2140 3355 3722 3434">
    <p class='ocr_par' dir='ltr' id='par_1_88' title="bbox 2140 3355 3722 3434">
     <span class='ocr_line' id='line_1_88' title="bbox 2140 3355 3722 3434; baseline -0.003 -11"><span class='ocrx_word' id='word_1_663' title='bbox 2140 3384 2264 3423; x_wconf 89' lang='lat' dir='ltr'><strong>nem</strong></span> <span class='ocrx_word' id='word_1_664' title='bbox 2317 3375 2377 3422; x_wconf 92' lang='lat' dir='ltr'><strong>ut</strong></span> <span class='ocrx_word' id='word_1_665' title='bbox 2405 3366 2522 3430; x_wconf 85' lang='lat' dir='ltr'><strong>illa,</strong></span> <span class='ocrx_word' id='word_1_666' title='bbox 2555 3364 2648 3420; x_wconf 89' lang='lat' dir='ltr'><strong>sed</strong></span> <span class='ocrx_word' id='word_1_667' title='bbox 2699 3364 3008 3434; x_wconf 88' lang='lat' dir='ltr'><strong>piaculares</strong></span> <span class='ocrx_word' id='word_1_668' title='bbox 3040 3362 3221 3419; x_wconf 82' lang='lat' dir='ltr'><strong>nodos</strong></span> <span class='ocrx_word' id='word_1_669' title='bbox 3272 3355 3599 3419; x_wconf 81' lang='lat' dir='ltr'><strong>terribilium</strong></span> <span class='ocrx_word' id='word_1_670' title='bbox 3628 3380 3722 3418; x_wconf 80' lang='lat' dir='ltr'><strong>ex-</strong></span> 
     </span>
    </p>
   </div>
   <div class='ocr_carea' id='block_1_89' title="bbox 2140 3456 3723 3528">
    <p class='ocr_par' dir='ltr' id='par_1_89' title="bbox 2140 3456 3723 3528">
     <span class='ocr_line' id='line_1_89' title="bbox 2140 3456 3723 3528; baseline -0.001 -12"><span class='ocrx_word' id='word_1_671' title='bbox 2140 3457 2715 3516; x_wconf 87' lang='lat' dir='ltr'><strong>comutunicatlonum</strong></span> <span class='ocrx_word' id='word_1_672' title='bbox 2748 3472 2780 3513; x_wconf 93' lang='lat' dir='ltr'><strong>e</strong></span> <span class='ocrx_word' id='word_1_673' title='bbox 2812 3457 3085 3513; x_wconf 80' lang='lat' dir='ltr'><strong>columna:</strong></span> <span class='ocrx_word' id='word_1_674' title='bbox 3109 3456 3334 3528; x_wconf 65' lang='lat' dir='ltr'><strong>fastigio</strong></span> <span class='ocrx_word' id='word_1_675' title='bbox 3360 3459 3611 3514; x_wconf 86' lang='lat' dir='ltr'><strong>eminens</strong></span> <span class='ocrx_word' id='word_1_676' title='bbox 3629 3459 3723 3514; x_wconf 83' lang='lat' dir='ltr'><strong>de-</strong></span> 
     </span>
    </p>
   </div>
   <div class='ocr_carea' id='block_1_90' title="bbox 2139 3549 3722 3621">
    <p class='ocr_par' dir='ltr' id='par_1_90' title="bbox 2139 3549 3722 3621">
     <span class='ocr_line' id='line_1_90' title="bbox 2139 3549 3722 3621; baseline -0.003 -13"><span class='ocrx_word' id='word_1_677' title='bbox 2139 3552 2439 3616; x_wconf 82' lang='lat' dir='ltr'><strong>nuntiaret.</strong></span> <span class='ocrx_word' id='word_1_678' title='bbox 2475 3562 2640 3621; x_wconf 89' lang='lat' dir='ltr'><strong>atque</strong></span> <span class='ocrx_word' id='word_1_679' title='bbox 2689 3550 2763 3605; x_wconf 89' lang='lat' dir='ltr'><strong>ita</strong></span> <span class='ocrx_word' id='word_1_680' title='bbox 2789 3549 3012 3620; x_wconf 88' lang='lat' dir='ltr'><strong>quidem</strong></span> <span class='ocrx_word' id='word_1_681' title='bbox 3040 3549 3207 3620; x_wconf 87' lang='lat' dir='ltr'><strong>(quod</strong></span> <span class='ocrx_word' id='word_1_682' title='bbox 3237 3559 3357 3605; x_wconf 82' lang='lat' dir='ltr'><strong>erat</strong></span> <span class='ocrx_word' id='word_1_683' title='bbox 3406 3550 3722 3620; x_wconf 68' lang='lat' dir='ltr'><strong>pessimum)</strong></span> 
     </span>
    </p>
   </div>
   <div class='ocr_carea' id='block_1_91' title="bbox 2142 3641 3724 3712">
    <p class='ocr_par' dir='ltr' id='par_1_91' title="bbox 2142 3641 3724 3712">
     <span class='ocr_line' id='line_1_91' title="bbox 2142 3641 3724 3712; baseline -0.003 -12"><span class='ocrx_word' id='word_1_684' title='bbox 2142 3654 2202 3700; x_wconf 91' lang='lat' dir='ltr'><strong>ut</strong></span> <span class='ocrx_word' id='word_1_685' title='bbox 2243 3645 2405 3700; x_wconf 88' lang='lat' dir='ltr'><strong>simul</strong></span> <span class='ocrx_word' id='word_1_686' title='bbox 2448 3644 2674 3700; x_wconf 87' lang='lat' dir='ltr'><strong>doceret</strong></span> <span class='ocrx_word' id='word_1_687' title='bbox 2731 3658 2855 3698; x_wconf 88' lang='lat' dir='ltr'><strong>cum</strong></span> <span class='ocrx_word' id='word_1_688' title='bbox 2903 3643 2997 3710; x_wconf 86' lang='lat' dir='ltr'><strong>qui</strong></span> <span class='ocrx_word' id='word_1_689' title='bbox 3046 3641 3272 3712; x_wconf 82' lang='lat' dir='ltr'><strong>laqueos</strong></span> <span class='ocrx_word' id='word_1_690' title='bbox 3322 3642 3458 3698; x_wconf 85' lang='lat' dir='ltr'><strong>istos</strong></span> <span class='ocrx_word' id='word_1_691' title='bbox 3509 3651 3724 3696; x_wconf 78' lang='lat' dir='ltr'><strong>atroces</strong></span> 
     </span>
    </p>
   </div>
   <div class='ocr_carea' id='block_1_92' title="bbox 2141 3735 3725 3805">
    <p class='ocr_par' dir='ltr' id='par_1_92' title="bbox 2141 3735 3725 3805">
     <span class='ocr_line' id='line_1_92' title="bbox 2141 3735 3725 3805; baseline -0.001 -12"><span class='ocrx_word' id='word_1_692' title='bbox 2141 3745 2406 3793; x_wconf 74' lang='lat' dir='ltr'><strong>nexuerat</strong></span> <span class='ocrx_word' id='word_1_693' title='bbox 2442 3747 2498 3794; x_wconf 92' lang='lat' dir='ltr'><strong>et</strong></span> <span class='ocrx_word' id='word_1_694' title='bbox 2558 3737 2892 3802; x_wconf 79' lang='lat' dir='ltr'><strong>intenderat,</strong></span> <span class='ocrx_word' id='word_1_695' title='bbox 2929 3744 3064 3790; x_wconf 82' lang='lat' dir='ltr'><strong>tunc</strong></span> <span class='ocrx_word' id='word_1_696' title='bbox 3119 3750 3244 3789; x_wconf 84' lang='lat' dir='ltr'><strong>cum</strong></span> <span class='ocrx_word' id='word_1_697' title='bbox 3299 3735 3354 3790; x_wconf 87' lang='lat' dir='ltr'><strong>ld</strong></span> <span class='ocrx_word' id='word_1_698' title='bbox 3402 3736 3514 3805; x_wconf 78' lang='lat' dir='ltr'><strong>egit</strong></span> <span class='ocrx_word' id='word_1_699' title='bbox 3553 3735 3725 3792; x_wconf 79' lang='lat' dir='ltr'><strong>fuisse</strong></span> 
     </span>
    </p>
   </div>
   <div class='ocr_carea' id='block_1_93' title="bbox 2144 3826 3727 3900">
    <p class='ocr_par' dir='ltr' id='par_1_93' title="bbox 2144 3826 3727 3900">
     <span class='ocr_line' id='line_1_93' title="bbox 2144 3826 3727 3900; baseline -0.003 -17"><span class='ocrx_word' id='word_1_700' title='bbox 2144 3829 2542 3900; x_wconf 84' lang='lat' dir='ltr'><strong>patriarcltatn,</strong></span> <span class='ocrx_word' id='word_1_701' title='bbox 2587 3827 2692 3883; x_wconf 86' lang='lat' dir='ltr'><strong>hoc</strong></span> <span class='ocrx_word' id='word_1_702' title='bbox 2722 3835 2805 3884; x_wconf 90' lang='lat' dir='ltr'><strong>est</strong></span> <span class='ocrx_word' id='word_1_703' title='bbox 2846 3827 3071 3882; x_wconf 88' lang='lat' dir='ltr'><strong>minime</strong></span> <span class='ocrx_word' id='word_1_704' title='bbox 3112 3826 3333 3881; x_wconf 85' lang='lat' dir='ltr'><strong>dubiam</strong></span> <span class='ocrx_word' id='word_1_705' title='bbox 3375 3826 3578 3898; x_wconf 73' lang='lat' dir='ltr'><strong>ligandi</strong></span> <span class='ocrx_word' id='word_1_706' title='bbox 3629 3827 3727 3887; x_wconf 77' lang='lat' dir='ltr'><strong>ba-</strong></span> 
     </span>
    </p>
   </div>
   <div class='ocr_carea' id='block_1_94' title="bbox 2142 3919 3723 3992">
    <p class='ocr_par' dir='ltr' id='par_1_94' title="bbox 2142 3919 3723 3992">
     <span class='ocr_line' id='line_1_94' title="bbox 2142 3919 3723 3992; baseline -0.003 -14"><span class='ocrx_word' id='word_1_707' title='bbox 2142 3923 2331 3978; x_wconf 84' lang='lat' dir='ltr'><strong>buisse</strong></span> <span class='ocrx_word' id='word_1_708' title='bbox 2362 3929 2685 3992; x_wconf 87' lang='lat' dir='ltr'><strong>potestatem</strong></span> <span class='ocrx_word' id='word_1_709' title='bbox 2721 3937 2735 3974; x_wconf 90' lang='lat'><strong>:</strong></span> <span class='ocrx_word' id='word_1_710' title='bbox 2769 3936 2920 3976; x_wconf 83' lang='lat' dir='ltr'><strong>nunc</strong></span> <span class='ocrx_word' id='word_1_711' title='bbox 2961 3927 3144 3976; x_wconf 83' lang='lat' dir='ltr'><strong>autem</strong></span> <span class='ocrx_word' id='word_1_712' title='bbox 3197 3919 3468 3990; x_wconf 80' lang='lat' dir='ltr'><strong>privatum</strong></span> <span class='ocrx_word' id='word_1_713' title='bbox 3503 3921 3723 3989; x_wconf 76' lang='lat' dir='ltr'><strong>degere.</strong></span> 
     </span>
    </p>
   </div>
   <div class='ocr_carea' id='block_1_95' title="bbox 2140 4011 3722 4084">
    <p class='ocr_par' dir='ltr' id='par_1_95' title="bbox 2140 4011 3722 4084">
     <span class='ocr_line' id='line_1_95' title="bbox 2140 4011 3722 4084; baseline -0.003 -15"><span class='ocrx_word' id='word_1_714' title='bbox 2140 4029 2244 4069; x_wconf 86' lang='lat' dir='ltr'><strong>nec</strong></span> <span class='ocrx_word' id='word_1_715' title='bbox 2295 4012 2503 4069; x_wconf 87' lang='lat' dir='ltr'><strong>clavem</strong></span> <span class='ocrx_word' id='word_1_716' title='bbox 2537 4012 2771 4083; x_wconf 81' lang='lat' dir='ltr'><strong>amplius</strong></span> <span class='ocrx_word' id='word_1_717' title='bbox 2806 4025 2990 4068; x_wconf 84' lang='lat' dir='ltr'><strong>tenere</strong></span> <span class='ocrx_word' id='word_1_718' title='bbox 3042 4027 3148 4084; x_wconf 75' lang='lat' dir='ltr'><strong>qua</strong></span> <span class='ocrx_word' id='word_1_719' title='bbox 3209 4011 3384 4084; x_wconf 86' lang='lat' dir='ltr'><strong>possit</strong></span> <span class='ocrx_word' id='word_1_720' title='bbox 3436 4027 3722 4069; x_wconf 78' lang='lat' dir='ltr'><strong>carcerem</strong></span> 
     </span>
    </p>
   </div>
   <div class='ocr_carea' id='block_1_96' title="bbox 2141 4107 3722 4178">
    <p class='ocr_par' dir='ltr' id='par_1_96' title="bbox 2141 4107 3722 4178">
     <span class='ocr_line' id='line_1_96' title="bbox 2141 4107 3722 4178; baseline 0.001 -17"><span class='ocrx_word' id='word_1_721' title='bbox 2141 4108 2380 4177; x_wconf 87' lang='lat' dir='ltr'><strong>pandere</strong></span> <span class='ocrx_word' id='word_1_722' title='bbox 2416 4107 2472 4161; x_wconf 87' lang='lat' dir='ltr'><strong>in</strong></span> <span class='ocrx_word' id='word_1_723' title='bbox 2504 4122 2664 4178; x_wconf 87' lang='lat' dir='ltr'><strong>quem</strong></span> <span class='ocrx_word' id='word_1_724' title='bbox 2703 4107 2854 4177; x_wconf 88' lang='lat' dir='ltr'><strong>ipsos</strong></span> <span class='ocrx_word' id='word_1_725' title='bbox 2905 4117 3066 4164; x_wconf 78' lang='lat' dir='ltr'><strong>antea</strong></span> <span class='ocrx_word' id='word_1_726' title='bbox 3095 4107 3381 4178; x_wconf 76' lang='lat' dir='ltr'><strong>coniectos</strong></span> <span class='ocrx_word' id='word_1_727' title='bbox 3415 4107 3722 4163; x_wconf 86' lang='lat' dir='ltr'><strong>incluserit.</strong></span> 
     </span>
    </p>
   </div>
   <div class='ocr_carea' id='block_1_97' title="bbox 2139 4199 3722 4270">
    <p class='ocr_par' dir='ltr' id='par_1_97' title="bbox 2139 4199 3722 4270">
     <span class='ocr_line' id='line_1_97' title="bbox 2139 4199 3722 4270; baseline 0 -14"><span class='ocrx_word' id='word_1_728' title='bbox 2139 4201 2272 4269; x_wconf 63' lang='lat' dir='ltr'><strong>Qum</strong></span> <span class='ocrx_word' id='word_1_729' title='bbox 2321 4217 2443 4258; x_wconf 90' lang='lat' dir='ltr'><strong>cum</strong></span> <span class='ocrx_word' id='word_1_730' title='bbox 2497 4200 2572 4255; x_wconf 89' lang='lat' dir='ltr'><strong>ita</strong></span> <span class='ocrx_word' id='word_1_731' title='bbox 2613 4199 2746 4267; x_wconf 87' lang='lat' dir='ltr'><strong>sint,</strong></span> <span class='ocrx_word' id='word_1_732' title='bbox 2781 4199 2894 4255; x_wconf 88' lang='lat' dir='ltr'><strong>aeri</strong></span> <span class='ocrx_word' id='word_1_733' title='bbox 2947 4215 3087 4270; x_wconf 81' lang='lat' dir='ltr'><strong>opus</strong></span> <span class='ocrx_word' id='word_1_734' title='bbox 3135 4215 3260 4256; x_wconf 83' lang='lat' dir='ltr'><strong>esse</strong></span> <span class='ocrx_word' id='word_1_735' title='bbox 3306 4199 3722 4268; x_wconf 83' lang='lat' dir='ltr'><strong>deliberatione,</strong></span> 
     </span>
    </p>
   </div>
   <div class='ocr_carea' id='block_1_98' title="bbox 2141 4292 3723 4364">
    <p class='ocr_par' dir='ltr' id='par_1_98' title="bbox 2141 4292 3723 4364">
     <span class='ocr_line' id='line_1_98' title="bbox 2141 4292 3723 4364; baseline 0 -16"><span class='ocrx_word' id='word_1_736' title='bbox 2141 4310 2262 4364; x_wconf 64' lang='lat' dir='ltr'><strong>quae</strong></span> <span class='ocrx_word' id='word_1_737' title='bbox 2291 4295 2408 4350; x_wconf 84' lang='lat' dir='ltr'><strong>vias</strong></span> <span class='ocrx_word' id='word_1_738' title='bbox 2446 4303 2662 4350; x_wconf 86' lang='lat' dir='ltr'><strong>mature</strong></span> <span class='ocrx_word' id='word_1_739' title='bbox 2703 4292 3000 4362; x_wconf 76' lang='lat' dir='ltr'><strong>investiget</strong></span> <span class='ocrx_word' id='word_1_740' title='bbox 3068 4292 3407 4350; x_wconf 76' lang='lat' dir='ltr'><strong>extricandte</strong></span> <span class='ocrx_word' id='word_1_741' title='bbox 3445 4293 3723 4363; x_wconf 73' lang='lat' dir='ltr'><strong>perplexi-</strong></span> 
     </span>
    </p>
   </div>
   <div class='ocr_carea' id='block_1_99' title="bbox 2142 4385 3733 4456">
    <p class='ocr_par' dir='ltr' id='par_1_99' title="bbox 2142 4385 3733 4456">
     <span class='ocr_line' id='line_1_99' title="bbox 2142 4385 3733 4456; baseline 0 -14"><span class='ocrx_word' id='word_1_742' title='bbox 2142 4390 2237 4443; x_wconf 91' lang='lat' dir='ltr'><strong>tati</strong></span> <span class='ocrx_word' id='word_1_743' title='bbox 2285 4389 2566 4446; x_wconf 82' lang='lat' dir='ltr'><strong>letltalium</strong></span> <span class='ocrx_word' id='word_1_744' title='bbox 2617 4394 2672 4444; x_wconf 84' lang='lat' dir='ltr'><strong>et</strong></span> <span class='ocrx_word' id='word_1_745' title='bbox 2717 4385 2910 4442; x_wconf 79' lang='lat' dir='ltr'><strong>fauces</strong></span> <span class='ocrx_word' id='word_1_746' title='bbox 2967 4385 3360 4455; x_wconf 77' lang='lat' dir='ltr'><strong>stringentium</strong></span> <span class='ocrx_word' id='word_1_747' title='bbox 3425 4387 3733 4456; x_wconf 82' lang='lat' dir='ltr'><strong>ttodorum._</strong></span> 
     </span>
    </p>
   </div>
   <div class='ocr_carea' id='block_1_100' title="bbox 2142 4477 3726 4554">
    <p class='ocr_par' dir='ltr' id='par_1_100' title="bbox 2142 4477 3726 4554">
     <span class='ocr_line' id='line_1_100' title="bbox 2142 4477 3726 4554; baseline -0.001 -17"><span class='ocrx_word' id='word_1_748' title='bbox 2142 4498 2375 4554; x_wconf 87' lang='lat' dir='ltr'><strong>quorum</strong></span> <span class='ocrx_word' id='word_1_749' title='bbox 2412 4480 2662 4536; x_wconf 85' lang='lat' dir='ltr'><strong>cassibus</strong></span> <span class='ocrx_word' id='word_1_750' title='bbox 2700 4477 2909 4535; x_wconf 73' lang='lat' dir='ltr'><strong>inurere</strong></span> <span class='ocrx_word' id='word_1_751' title='bbox 2944 4479 3243 4547; x_wconf 86' lang='lat' dir='ltr'><strong>implicitus</strong></span> <span class='ocrx_word' id='word_1_752' title='bbox 3276 4495 3342 4534; x_wconf 91' lang='lat' dir='ltr'><strong>ne</strong></span> <span class='ocrx_word' id='word_1_753' title='bbox 3369 4479 3436 4534; x_wconf 91' lang='lat' dir='ltr'><strong>ad</strong></span> <span class='ocrx_word' id='word_1_754' title='bbox 3478 4494 3726 4536; x_wconf 80' lang='lat' dir='ltr'><strong>momen-</strong></span> 
     </span>
    </p>
   </div>
   <div class='ocr_carea' id='block_1_101' title="bbox 2141 4571 3729 4644">
    <p class='ocr_par' dir='ltr' id='par_1_101' title="bbox 2141 4571 3729 4644">
     <span class='ocr_line' id='line_1_101' title="bbox 2141 4571 3729 4644; baseline -0.001 -16"><span class='ocrx_word' id='word_1_755' title='bbox 2141 4588 2253 4630; x_wconf 87' lang='lat' dir='ltr'><strong>tum</strong></span> <span class='ocrx_word' id='word_1_756' title='bbox 2289 4574 2508 4644; x_wconf 90' lang='lat' dir='ltr'><strong>quidem</strong></span> <span class='ocrx_word' id='word_1_757' title='bbox 2543 4573 2819 4628; x_wconf 86' lang='lat' dir='ltr'><strong>sustineat</strong></span> <span class='ocrx_word' id='word_1_758' title='bbox 2859 4571 2953 4641; x_wconf 88' lang='lat' dir='ltr'><strong>qui</strong></span> <span class='ocrx_word' id='word_1_759' title='bbox 2987 4572 3329 4644; x_wconf 72' lang='lat' dir='ltr'><strong>gravitatem</strong></span> <span class='ocrx_word' id='word_1_760' title='bbox 3358 4572 3586 4640; x_wconf 86' lang='lat' dir='ltr'><strong>periculi</strong></span> <span class='ocrx_word' id='word_1_761' title='bbox 3635 4587 3729 4627; x_wconf 83' lang='lat' dir='ltr'><strong>ur-</strong></span> 
     </span>
    </p>
   </div>
   <div class='ocr_carea' id='block_1_102' title="bbox 2143 4664 3726 4739">
    <p class='ocr_par' dir='ltr' id='par_1_102' title="bbox 2143 4664 3726 4739">
     <span class='ocr_line' id='line_1_102' title="bbox 2143 4664 3726 4739; baseline -0.002 -17"><span class='ocrx_word' id='word_1_762' title='bbox 2143 4667 2322 4739; x_wconf 75' lang='lat' dir='ltr'><strong>gentis</strong></span> <span class='ocrx_word' id='word_1_763' title='bbox 2353 4675 2445 4720; x_wconf 86' lang='lat' dir='ltr'><strong>aut</strong></span> <span class='ocrx_word' id='word_1_764' title='bbox 2477 4665 2663 4734; x_wconf 84' lang='lat' dir='ltr'><strong>potius</strong></span> <span class='ocrx_word' id='word_1_765' title='bbox 2705 4665 2993 4735; x_wconf 64' lang='lat' dir='ltr'><strong>praesentis</strong></span> <span class='ocrx_word' id='word_1_766' title='bbox 3017 4664 3169 4719; x_wconf 79' lang='lat' dir='ltr'><strong>exitii</strong></span> <span class='ocrx_word' id='word_1_767' title='bbox 3203 4664 3503 4734; x_wconf 80' lang='lat' dir='ltr'><strong>perniciem</strong></span> <span class='ocrx_word' id='word_1_768' title='bbox 3531 4680 3594 4720; x_wconf 87' lang='lat' dir='ltr'><strong>ea</strong></span> <span class='ocrx_word' id='word_1_769' title='bbox 3625 4680 3726 4720; x_wconf 81' lang='lat' dir='ltr'><strong>ex-</strong></span> 
     </span>
    </p>
   </div>
   <div class='ocr_carea' id='block_1_103' title="bbox 2143 4758 3726 4833">
    <p class='ocr_par' dir='ltr' id='par_1_103' title="bbox 2143 4758 3726 4833">
     <span class='ocr_line' id='line_1_103' title="bbox 2143 4758 3726 4833; baseline -0.002 -17"><span class='ocrx_word' id='word_1_770' title='bbox 2143 4761 2341 4833; x_wconf 88' lang='lat' dir='ltr'><strong>pendat</strong></span> <span class='ocrx_word' id='word_1_771' title='bbox 2376 4760 2696 4816; x_wconf 69' lang='lat' dir='ltr'><strong>cltristiana:</strong></span> <span class='ocrx_word' id='word_1_772' title='bbox 2724 4758 3031 4830; x_wconf 77' lang='lat' dir='ltr'><strong>prudentia:</strong></span> <span class='ocrx_word' id='word_1_773' title='bbox 3063 4759 3289 4824; x_wconf 82' lang='lat' dir='ltr'><strong>trutina.</strong></span> <span class='ocrx_word' id='word_1_774' title='bbox 3323 4773 3429 4829; x_wconf 84' lang='lat' dir='ltr'><strong>qna</strong></span> <span class='ocrx_word' id='word_1_775' title='bbox 3486 4758 3726 4829; x_wconf 80' lang='lat' dir='ltr'><strong>quisque</strong></span> 
     </span>
    </p>
   </div>
   <div class='ocr_carea' id='block_1_104' title="bbox 2143 4836 3725 4925">
    <p class='ocr_par' dir='ltr' id='par_1_104' title="bbox 2143 4836 3725 4925">
     <span class='ocr_line' id='line_1_104' title="bbox 2143 4836 3725 4925; baseline -0.001 -18"><span class='ocrx_word' id='word_1_776' title='bbox 2143 4855 2458 4925; x_wconf 69' lang='lat' dir='ltr'><strong>prmltaltere</strong></span> <span class='ocrx_word' id='word_1_777' title='bbox 2481 4852 2816 4922; x_wconf 81' lang='lat' dir='ltr'><strong>quibuslibet</strong></span> <span class='ocrx_word' id='word_1_778' title='bbox 2848 4852 3013 4906; x_wconf 86' lang='lat' dir='ltr'><strong>rebus</strong></span> <span class='ocrx_word' id='word_1_779' title='bbox 3062 4851 3253 4907; x_wconf 83' lang='lat' dir='ltr'><strong>debeat</strong></span> <span class='ocrx_word' id='word_1_780' title='bbox 3287 4860 3489 4906; x_wconf 88' lang='lat' dir='ltr'><strong>statum</strong></span> <span class='ocrx_word' id='word_1_781' title='bbox 3523 4836 3725 4906; x_wconf 70' lang='lat' dir='ltr'><strong>anima:</strong></span> 
     </span>
    </p>
   </div>
   <div class='ocr_carea' id='block_1_105' title="bbox 2143 4941 3725 5013">
    <p class='ocr_par' dir='ltr' id='par_1_105' title="bbox 2143 4941 3725 5013">
     <span class='ocr_line' id='line_1_105' title="bbox 2143 4941 3725 5013; baseline -0.001 -14"><span class='ocrx_word' id='word_1_782' title='bbox 2143 4960 2206 5001; x_wconf 88' lang='lat' dir='ltr'><strong>ac</strong></span> <span class='ocrx_word' id='word_1_783' title='bbox 2232 4945 2427 5000; x_wconf 85' lang='lat' dir='ltr'><strong>salutis</strong></span> <span class='ocrx_word' id='word_1_784' title='bbox 2459 4954 2678 5000; x_wconf 66' lang='lat' dir='ltr'><strong>atternte</strong></span> <span class='ocrx_word' id='word_1_785' title='bbox 2726 4945 2989 4999; x_wconf 88' lang='lat' dir='ltr'><strong>rationes.</strong></span> <span class='ocrx_word' id='word_1_786' title='bbox 3027 4941 3122 4996; x_wconf 81' lang='lat' dir='ltr'><strong>His</strong></span> <span class='ocrx_word' id='word_1_787' title='bbox 3168 4943 3472 5013; x_wconf 85' lang='lat' dir='ltr'><strong>imperator</strong></span> <span class='ocrx_word' id='word_1_788' title='bbox 3520 4943 3725 4998; x_wconf 78' lang='lat' dir='ltr'><strong>auditis</strong></span> 
     </span>
    </p>
   </div>
   <div class='ocr_carea' id='block_1_106' title="bbox 2143 5035 3722 5108">
    <p class='ocr_par' dir='ltr' id='par_1_106' title="bbox 2143 5035 3722 5108">
     <span class='ocr_line' id='line_1_106' title="bbox 2143 5035 3722 5108; baseline -0.001 -16"><span class='ocrx_word' id='word_1_789' title='bbox 2143 5039 2284 5092; x_wconf 81' lang='lat' dir='ltr'><strong>haud</strong></span> <span class='ocrx_word' id='word_1_790' title='bbox 2311 5054 2498 5108; x_wconf 81' lang='lat' dir='ltr'><strong>parum</strong></span> <span class='ocrx_word' id='word_1_791' title='bbox 2532 5039 2893 5092; x_wconf 87' lang='lat' dir='ltr'><strong>conturbatus</strong></span> <span class='ocrx_word' id='word_1_792' title='bbox 2938 5036 3006 5090; x_wconf 85' lang='lat' dir='ltr'><strong>ad</strong></span> <span class='ocrx_word' id='word_1_793' title='bbox 3038 5035 3412 5104; x_wconf 87' lang='lat' dir='ltr'><strong>patriarcbam</strong></span> <span class='ocrx_word' id='word_1_794' title='bbox 3461 5037 3722 5105; x_wconf 83' lang='lat' dir='ltr'><strong>accurrit,</strong></span> 
     </span>
    </p>
   </div>
   <div class='ocr_carea' id='block_1_107' title="bbox 2144 5129 3723 5203">
    <p class='ocr_par' dir='ltr' id='par_1_107' title="bbox 2144 5129 3723 5203">
     <span class='ocr_line' id='line_1_107' title="bbox 2144 5129 3723 5203; baseline -0.002 -16"><span class='ocrx_word' id='word_1_795' title='bbox 2144 5133 2302 5203; x_wconf 79' lang='lat'><strong>251</strong></span> <span class='ocrx_word' id='word_1_796' title='bbox 2344 5132 2610 5200; x_wconf 86' lang='lat' dir='ltr'><strong>lectisque</strong></span> <span class='ocrx_word' id='word_1_797' title='bbox 2644 5131 2862 5196; x_wconf 87' lang='lat' dir='ltr'><strong>libellis,</strong></span> <span class='ocrx_word' id='word_1_798' title='bbox 2892 5139 2946 5186; x_wconf 91' lang='lat' dir='ltr'><strong>et</strong></span> <span class='ocrx_word' id='word_1_799' title='bbox 2996 5131 3087 5185; x_wconf 87' lang='lat' dir='ltr'><strong>ubi</strong></span> <span class='ocrx_word' id='word_1_800' title='bbox 3121 5144 3302 5197; x_wconf 86' lang='lat' dir='ltr'><strong>quove</strong></span> <span class='ocrx_word' id='word_1_801' title='bbox 3349 5145 3480 5184; x_wconf 86' lang='lat' dir='ltr'><strong>casu</strong></span> <span class='ocrx_word' id='word_1_802' title='bbox 3519 5129 3723 5199; x_wconf 88' lang='lat' dir='ltr'><strong>reperti</strong></span> 
     </span>
    </p>
   </div>
   <div class='ocr_carea' id='block_1_108' title="bbox 2147 5221 3726 5295">
    <p class='ocr_par' dir='ltr' id='par_1_108' title="bbox 2147 5221 3726 5295">
     <span class='ocr_line' id='line_1_108' title="bbox 2147 5221 3726 5295; baseline -0.004 -15"><span class='ocrx_word' id='word_1_803' title='bbox 2147 5228 2380 5282; x_wconf 79' lang='lat' dir='ltr'><strong>fuissent</strong></span> <span class='ocrx_word' id='word_1_804' title='bbox 2405 5226 2651 5295; x_wconf 77' lang='lat' dir='ltr'><strong>cognito,</strong></span> <span class='ocrx_word' id='word_1_805' title='bbox 2681 5223 3210 5294; x_wconf 80' lang='lat' dir='ltr'><strong>disquirebatanxio</strong></span> <span class='ocrx_word' id='word_1_806' title='bbox 3237 5221 3562 5290; x_wconf 82' lang='lat' dir='ltr'><strong>incertoque</strong></span> <span class='ocrx_word' id='word_1_807' title='bbox 3588 5237 3726 5275; x_wconf 83' lang='lat' dir='ltr'><strong>con-</strong></span> 
     </span>
    </p>
   </div>
   <div class='ocr_carea' id='block_1_109' title="bbox 2143 5314 3725 5387">
    <p class='ocr_par' dir='ltr' id='par_1_109' title="bbox 2143 5314 3725 5387">
     <span class='ocr_line' id='line_1_109' title="bbox 2143 5314 3725 5387; baseline 0 -17"><span class='ocrx_word' id='word_1_808' title='bbox 2143 5318 2248 5370; x_wconf 77' lang='lat' dir='ltr'><strong>silii</strong></span> <span class='ocrx_word' id='word_1_809' title='bbox 2287 5321 2470 5371; x_wconf 87' lang='lat' dir='ltr'><strong>aninto</strong></span> <span class='ocrx_word' id='word_1_810' title='bbox 2505 5333 2668 5387; x_wconf 89' lang='lat' dir='ltr'><strong>quem</strong></span> <span class='ocrx_word' id='word_1_811' title='bbox 2711 5317 2876 5377; x_wconf 79' lang='lat' dir='ltr'><strong>iniret</strong></span> <span class='ocrx_word' id='word_1_812' title='bbox 2917 5318 3140 5370; x_wconf 90' lang='lat' dir='ltr'><strong>modum</strong></span> <span class='ocrx_word' id='word_1_813' title='bbox 3168 5315 3256 5374; x_wconf 86' lang='lat' dir='ltr'><strong>Itis</strong></span> <span class='ocrx_word' id='word_1_814' title='bbox 3288 5330 3413 5372; x_wconf 85' lang='lat' dir='ltr'><strong>sese</strong></span> <span class='ocrx_word' id='word_1_815' title='bbox 3449 5314 3725 5385; x_wconf 69' lang='lat' dir='ltr'><strong>angustiis</strong></span> 
     </span>
    </p>
   </div>
   <div class='ocr_carea' id='block_1_110' title="bbox 2143 5409 3728 5483">
    <p class='ocr_par' dir='ltr' id='par_1_110' title="bbox 2143 5409 3728 5483">
     <span class='ocr_line' id='line_1_110' title="bbox 2143 5409 3728 5483; baseline -0.003 -15"><span class='ocrx_word' id='word_1_816' title='bbox 2143 5413 2477 5483; x_wconf 81' lang='lat' dir='ltr'><strong>explicandi.</strong></span> <span class='ocrx_word' id='word_1_817' title='bbox 2529 5409 2663 5466; x_wconf 83' lang='lat' dir='ltr'><strong>Nam</strong></span> <span class='ocrx_word' id='word_1_818' title='bbox 2724 5425 3010 5467; x_wconf 84' lang='lat' dir='ltr'><strong>recurrere</strong></span> <span class='ocrx_word' id='word_1_819' title='bbox 3055 5411 3120 5464; x_wconf 87' lang='lat' dir='ltr'><strong>ad</strong></span> <span class='ocrx_word' id='word_1_820' title='bbox 3177 5409 3616 5480; x_wconf 70' lang='lat' dir='ltr'><strong>expatriarcham</strong></span> <span class='ocrx_word' id='word_1_821' title='bbox 3670 5418 3728 5463; x_wconf 87' lang='lat' dir='ltr'><strong>et</strong></span> 
     </span>
    </p>
   </div>
   <div class='ocr_carea' id='block_1_111' title="bbox 2145 5502 3723 5563">
    <p class='ocr_par' dir='ltr' id='par_1_111' title="bbox 2145 5502 3723 5563">
     <span class='ocr_line' id='line_1_111' title="bbox 2145 5502 3723 5563; baseline -0.004 -4"><span class='ocrx_word' id='word_1_822' title='bbox 2145 5519 2357 5559; x_wconf 89' lang='lat' dir='ltr'><strong>merum</strong></span> <span class='ocrx_word' id='word_1_823' title='bbox 2395 5520 2540 5558; x_wconf 88' lang='lat' dir='ltr'><strong>nunc</strong></span> <span class='ocrx_word' id='word_1_824' title='bbox 2579 5504 2910 5559; x_wconf 84' lang='lat' dir='ltr'><strong>monachum</strong></span> <span class='ocrx_word' id='word_1_825' title='bbox 2950 5502 3336 5563; x_wconf 80' lang='lat' dir='ltr'><strong>Athanasium.</strong></span> <span class='ocrx_word' id='word_1_826' title='bbox 3377 5509 3437 5558; x_wconf 88' lang='lat' dir='ltr'><strong>ut</strong></span> <span class='ocrx_word' id='word_1_827' title='bbox 3485 5502 3723 5556; x_wconf 71' lang='lat' dir='ltr'><strong>solveret</strong></span> 
     </span>
    </p>
   </div>
   <div class='ocr_carea' id='block_1_112' title="bbox 2145 5595 3726 5667">
    <p class='ocr_par' dir='ltr' id='par_1_112' title="bbox 2145 5595 3726 5667">
     <span class='ocr_line' id='line_1_112' title="bbox 2145 5595 3726 5667; baseline -0.001 -17"><span class='ocrx_word' id='word_1_828' title='bbox 2145 5598 2290 5667; x_wconf 88' lang='lat' dir='ltr'><strong>quod</strong></span> <span class='ocrx_word' id='word_1_829' title='bbox 2323 5598 2437 5667; x_wconf 87' lang='lat' dir='ltr'><strong>ipse</strong></span> <span class='ocrx_word' id='word_1_830' title='bbox 2471 5598 2602 5652; x_wconf 89' lang='lat' dir='ltr'><strong>dum</strong></span> <span class='ocrx_word' id='word_1_831' title='bbox 2637 5608 2782 5654; x_wconf 82' lang='lat' dir='ltr'><strong>esset</strong></span> <span class='ocrx_word' id='word_1_832' title='bbox 2829 5599 2887 5652; x_wconf 85' lang='lat' dir='ltr'><strong>in</strong></span> <span class='ocrx_word' id='word_1_833' title='bbox 2916 5598 3185 5667; x_wconf 77' lang='lat' dir='ltr'><strong>dignitate</strong></span> <span class='ocrx_word' id='word_1_834' title='bbox 3218 5595 3548 5655; x_wconf 86' lang='lat' dir='ltr'><strong>nodaverat.</strong></span> <span class='ocrx_word' id='word_1_835' title='bbox 3581 5608 3726 5665; x_wconf 74' lang='lat' dir='ltr'><strong>prta-</strong></span> 
     </span>
    </p>
   </div>
   <div class='ocr_carea' id='block_1_113' title="bbox 2146 5687 3727 5760">
    <p class='ocr_par' dir='ltr' id='par_1_113' title="bbox 2146 5687 3727 5760">
     <span class='ocr_line' id='line_1_113' title="bbox 2146 5687 3727 5760; baseline -0.003 -17"><span class='ocrx_word' id='word_1_836' title='bbox 2146 5697 2228 5745; x_wconf 90' lang='lat' dir='ltr'><strong>ter</strong></span> <span class='ocrx_word' id='word_1_837' title='bbox 2268 5689 2519 5745; x_wconf 66' lang='lat' dir='ltr'><strong>cmterani</strong></span> <span class='ocrx_word' id='word_1_838' title='bbox 2560 5690 3142 5760; x_wconf 85' lang='lat' dir='ltr'><strong>intetnpestivitatem,</strong></span> <span class='ocrx_word' id='word_1_839' title='bbox 3185 5689 3352 5744; x_wconf 86' lang='lat' dir='ltr'><strong>etiam</strong></span> <span class='ocrx_word' id='word_1_840' title='bbox 3399 5687 3599 5742; x_wconf 81' lang='lat' dir='ltr'><strong>inutile</strong></span> <span class='ocrx_word' id='word_1_841' title='bbox 3629 5699 3727 5739; x_wconf 75' lang='lat' dir='ltr'><strong>va-</strong></span> 
     </span>
    </p>
   </div>
   <div class='ocr_carea' id='block_1_114' title="bbox 2146 5776 3720 5850">
    <p class='ocr_par' dir='ltr' id='par_1_114' title="bbox 2146 5776 3720 5850">
     <span class='ocr_line' id='line_1_114' title="bbox 2146 5776 3720 5850; baseline -0.002 -15"><span class='ocrx_word' id='word_1_842' title='bbox 2146 5796 2386 5850; x_wconf 89' lang='lat' dir='ltr'><strong>numque</strong></span> <span class='ocrx_word' id='word_1_843' title='bbox 2420 5780 2731 5843; x_wconf 80' lang='lat' dir='ltr'><strong>videbatur,</strong></span> <span class='ocrx_word' id='word_1_844' title='bbox 2763 5779 3055 5835; x_wconf 85' lang='lat' dir='ltr'><strong>deficiente</strong></span> <span class='ocrx_word' id='word_1_845' title='bbox 3090 5781 3204 5850; x_wconf 76' lang='lat' dir='ltr'><strong>jam</strong></span> <span class='ocrx_word' id='word_1_846' title='bbox 3243 5779 3295 5834; x_wconf 85' lang='lat' dir='ltr'><strong>in</strong></span> <span class='ocrx_word' id='word_1_847' title='bbox 3333 5781 3453 5850; x_wconf 84' lang='lat' dir='ltr'><strong>ipso</strong></span> <span class='ocrx_word' id='word_1_848' title='bbox 3478 5777 3544 5834; x_wconf 85' lang='lat' dir='ltr'><strong>ad</strong></span> <span class='ocrx_word' id='word_1_849' title='bbox 3572 5776 3720 5833; x_wconf 78' lang='lat' dir='ltr'><strong>istud</strong></span> 
     </span>
    </p>
   </div>
   <div class='ocr_carea' id='block_1_115' title="bbox 2146 5869 3722 5942">
    <p class='ocr_par' dir='ltr' id='par_1_115' title="bbox 2146 5869 3722 5942">
     <span class='ocr_line' id='line_1_115' title="bbox 2146 5869 3722 5942; baseline -0.002 -16"><span class='ocrx_word' id='word_1_850' title='bbox 2146 5880 2434 5942; x_wconf 83' lang='lat' dir='ltr'><strong>potestate.</strong></span> <span class='ocrx_word' id='word_1_851' title='bbox 2483 5872 2799 5927; x_wconf 76' lang='lat' dir='ltr'><strong>Accersitus</strong></span> <span class='ocrx_word' id='word_1_852' title='bbox 2839 5887 2970 5942; x_wconf 76' lang='lat' dir='ltr'><strong>ergo</strong></span> <span class='ocrx_word' id='word_1_853' title='bbox 3018 5871 3179 5942; x_wconf 87' lang='lat' dir='ltr'><strong>jussu</strong></span> <span class='ocrx_word' id='word_1_854' title='bbox 3223 5870 3459 5942; x_wconf 77' lang='lat' dir='ltr'><strong>Augusti</strong></span> <span class='ocrx_word' id='word_1_855' title='bbox 3520 5869 3722 5940; x_wconf 85' lang='lat' dir='ltr'><strong>raptim</strong></span> 
     </span>
    </p>
   </div>
  </div>
