4120 6280
298 364 398 430 2‘77

1155 375 1255 436 DE
1298 375 1738 447 ANDRONICO
1776 384 2243 452 ΡΑιΙεοιοοο
2264 384 2409 449 LIB.
2450 384 2569 448 ΠΙ.

3425 367 3533 435 ΞΤΒ

297 483 478 537 νάσιον
517 482 708 540 δέοντα
740 487 926 558 ἀξιοῦν
980 489 1371 548 ίδιωτεύσαντα
1401 495 1551 549 λύειν
1581 496 1679 568 οὐχ
1717 496 1867 569 εὖρι-
1894 500 1941 558 Δ
1965 499 2059 554 τὸν
2091 503 2300 557 ἐκεῖνον
2351 501 2790 572 καταγινώσκειν
2849 499 2951 570 τῆς
3018 491 3293 567 πράξεως·
3347 480 3456 552 Ἦς
3490 486 3555 555 δὴ

298 577 425 629 σκον
460 574 758 650 αὔταρκες.
794 576 958 636 Ὅθεν
988 584 1082 638 καὶ
1106 584 1427 658 συνέρχεται
1464 587 1562 658 μὲν
1593 588 1777 657 σφίσιν
1807 592 1873 643 ὲκ

298 668 620 740 προσταγῆς
672 664 703 724 ὖ
775 671 1205 746 Ἆλεξανδρείας,
1248 680 1573 751 συνέρχεται
1604 677 1662 735 δὲ
1693 680 1722 733 ὁ
1774 680 1875 751 τῆς

308 756 535 827 Ἐφέσου
584 758 861 838 Ἰωάννης,
926 762 1104 835 οὕτως
1137 772 1323 843 ἀργῶς
1375 773 1474 843 τῆς
1510 774 1677 844 τιμῆς
1708 772 1873 846 ἔχων,

296 852 539 925 συνῆσαν
575 856 631 911 δὲ
665 861 757 913 καὶ
792 860 901 916 τῶν
958 858 1261 933 ἀρχιερέων
1312 865 1362 917 οἱ
1413 865 1871 935 παρευρεθὲντες,

294 952 389 1002 καὶ
423 952 583 1021 κοινῇ
639 951 830 1023 σκέψει
864 953 925 1007 τδ
962 954 1196 1026 πρᾶγμα
1243 956 1510 1011 ἐδίδοσαν.
1537 958 1750 1019 Κοινῶς
1781 956 1875 1011 οὖν

295 1043 670 1111 κατεστύγουν
688 1044 951 1110 ἅπαντες.
972 1046 1069 1102 καὶ
1090 1044 1188 1120 τῆς
1206 1042 1460 1119 πράξεως
1480 1049 1572 1103 τὸν
1592 1048 1875 1119 πράξαντα

294 1134 354 1187 ὲν
378 1135 440 1187 ού
478 1134 677 1201 καλαῖς
716 1136 999 1202 ὑπονοίαις
1029 1135 1164 1212 ἦγον
1187 1155 1203 1172 ο
1251 1140 1312 1194 ού
1344 1141 1453 1210 γὰρ
1487 1141 1616 1196 ἄλλο
1649 1158 1726 1206 τι,
1759 1140 1875 1196 ἀλλ’

296 1226 479 1299 ἑαυτῷ
531 1229 627 1283 καὶ
682 1229 846 1286 πάλιν
898 1235 1203 1302 περιποιεῖν
1250 1233 1349 1305 τὴν
1398 1233 1583 1306 τιμὴν,
1615 1234 1874 1301 ἀφύκτως

294 1311 439 1375 otto)
473 1320 569 1375 καὶ
599 1323 773 1377 ταῦτα
818 1320 877 1377 ὃν
927 1326 1028 1379 οὐκ
1059 1324 1227 1397 ἐχρῆν
1276 1325 1604 1397 δεσμοῦντα.
1636 1324 1785 1387 Τέως
1812 1343 1875 1396 γε

300 1411 485 1481 μέντοι
516 1412 628 1479 τοῖς
658 1415 758 1485 μὲν
806 1413 982 1472 ἐδόκει
1030 1418 1192 1473 αὐτὸν
1247 1417 1433 1485 ἀξιοῦν
1460 1418 1633 1484 λύειν,
1668 1421 1783 1482 τοῖς
1818 1414 1875 1473 st

296 1503 412 1560 ἀλλ’
440 1506 680 1563 ἀδύνατα
710 1508 894 1578 ἀξιοῦν
924 1514 1017 1566 καὶ
1056 1512 1233 1578 ἄλλως
1284 1514 1559 1585 ἀπᾴδοντα
1605 1514 1877 1583 κατεφαί-

297 1616 442 1666 νετο,
474 1596 637 1673 εἴπερ
666 1598 883 1675 ἰδιώτης
906 1604 983 1659 ὢν
1005 1606 1099 1660 καὶ
1124 1604 1227 1676 τῆς
1271 1607 1547 1677 ίερατείας
1581 1623 1875 1677 γεγυμνω-

303 1692 465 1761 μένος
491 1693 663 1749 ἀλυτα
696 1697 851 1750 λύοι·
884 1694 979 1750 τοῦ
1014 1696 1125 1769 γὰρ
1157 1691 1301 1751 εἶναι
1329 1700 1422 1752 καὶ
1451 1699 1511 1772 τὸ
1546 1698 1771 1769 σκέμμα
1796 1696 1875 1770 τῷ

1977 595 2457 667 καταγνωσθείσης
2489 594 2580 669 [Ρ.
2608 592 2733 668 Nl]
2765 591 2860 647 καὶ
2887 588 3027 661 παρτ
3050 586 3279 651 ἐκείνου,
3297 594 3540 653 προκατ-

1974 687 2322 757 εγνωσμένον
2369 687 2587 755 πάντως
2611 689 2704 742 καὶ
2720 686 2831 747 τοῖς
2848 682 2948 754 τῆς
2964 677 3293 750 Ἐκκλησίας
3312 671 3528 738 κανόσι,

1964 778 2053 850 -μὴ
2078 778 2236 833 λύσιν
2262 780 2429 853 ἄλλην
2453 781 2669 852 ζητεῖνο
2696 771 2765 835 τά
2789 777 2899 849 γὰρ
2928 775 3156 836 δικαίως
3184 770 3280 828 καὶ
3303 768 3408 823 ύπδ
3439 783 3538 821 κα-

1975 872 2093 925 νόσι
2129 871 2413 943 δεδεμένα,
2465 871 2650 928 ἐκεῖνα
2696 872 2790 926 καὶ
2842 867 3065 925 λύεσθαι
3105 862 3243 921 εἶναι
3276 858 3551 929 ἀνάγκηνς

1974 963 2043 1019 τά
2073 964 2121 1017 δ’
2144 964 2204 1030 ἐξ
2231 965 2410 1037 ἀρχῆς
2442 966 2795 1020 ἀνυπόστατα
2849 960 3051 1034 μόχθον
3087 954 3343 1027 περιττὸν
3379 952 3570 1015 ἄλλως

1975 1052 2114 1110 ιῐναι
2140 1057 2234 1110 καὶ
2264 1052 2449 1128 ζητεῖν
2481 1056 2731 1113 λύεσθαι.
2762 1056 2827 1111 El
2860 1054 2906 1109 δ’
2933 1051 3048 1119 οὖν,
3081 1050 3195 1104 ἀλλ’
3226 1047 3428 1102 αὐτίκα
3459 1045 3559 1099 καὶ
3642 1100 3647 1105 ,

1978 1149 2327 1220 πατριάρχην
2357 1143 2499 1204 εἶναι
2529 1149 2623 1202 καὶ
2656 1148 2871 1202 σύνοδον
2896 1147 2975 1208 εἰς
2997 1142 3153 1197 λύσιν
3181 1143 3282 1213 τὴν
3308 1140 3416 1196 ἀπὸ
3442 1136 3553 1191 τῶν

1975 1242 2220 1296 κανόνων
2251 1242 2470 1296 δικαίαν
2507 1240 2881 1309 ἀξιοπίστους.
2938 1237 3115 1294 Αὑτὸν
3142 1232 3200 1290 δί
3228 1235 3325 1289 καὶ
3354 1231 3559 1305 μᾶλλον

1978 1332 2071 1418 ὑπ’
2109 1332 2294 1399 αἰτίας
2341 1332 2556 1398 δικαίας
2589 1332 2827 1404 ἀχθέντα
2872 1328 3176 1390 κανονικῶς
3204 1318 3560 1418 εὐθύνεσθαι.

1976 1413 2049 1478 Τδ
2072 1426 2177 1495 γὰρ
2211 1425 2405 1479 ἑαυτὸν
2429 1424 2684 1496 συνιστᾷν
2715 1420 3087 1492 ύπονοηθέντα
3122 1418 3189 1472 τὰ
3214 1415 3468 1487 χείριστα
3500 1413 3566 1466 ἐν

1976 1515 2157 1587 ὅρκοις
2182 1533 2241 1568 τι,
2268 1514 2361 1569 καὶ
2392 1517 2551 1586 ἀραῖς
2575 1517 2693 1580 ταῖς
2714 1513 2834 1568 καθ’
2854 1510 3047 1576 αὑτοῦ,
3063 1511 3185 1563 τίνα
3210 1508 3367 1577 λόγον
3391 1505 3561 1576 ἔχεινι

1976 1607 2134 1683 αἵπερ
2180 1609 2273 1661 καὶ
2295 1607 2441 1661 τοῦθ’
2468 1606 2653 1662 ίκανδν
2672 1607 2752 1670 είς
2779 1604 2992 1661 τελείαν
3021 1604 3128 1657 τῶν
3170 1600 3336 1670 ἐγκλη
3373 1598 3562 1668 μάτων

1978 1699 2299 1770 ἀποφυγήνς
2336 1699 2449 1754 υύκ
2475 1698 2698 1771 ὀμνύειν
2727 1698 2856 1769 γὰρ,
2883 1697 2996 1751 ἀλλ’
3030 1692 3427 1767 ἀποτρίὸεσθαι
3461 1690 3562 1759 τὴν

300 1787 639 1857 πεπραγότι.
696 1788 797 1843 Διά
846 1788 1016 1845 ταῦτα
1045 1791 1259 1862 ἑτέροις
1292 1792 1493 1855 ἐδόκει,
1548 1795 1643 1847 καὶ
1677 1791 1876 1865 μᾶλλον
1912 1854 1949 1865 _
1980 1792 2317 1861 κατηγορίαν
2354 1791 2444 1847 διὰ
2476 1790 2685 1845 πιστῶν
2714 1790 3115 1862 παραστάσεων
3136 1788 3377 1855 εῠὶογον.
3415 1784 3487 1838 Τὸ
3505 1782 3562 1837 δὲ

297 1854 723 1948 τοῖς-ἀκριϐέσι,
756 1878 900 1951 7μηδ’
953 1854 1313 1947 ἀξιοῦν-ὅλως,
1355 1854 1497 1936 κατά
1532 1854 1708 1949 λύσιν,
1740 1882 1875 1938 ἀλλά
1910 1854 1951 1910 Β
1974 1854 2483 1947 τοὺς-κατειπόντας
2512 1882 2544 1954 ἢ
2569 1867 2695 1946 τοὺς
2724 1854 3208 1953 συναρπασθέντας
3236 1854 3396 1948 ἀραῖς
3427 1877 3564 1929 ὑπο-

300 1970 515 2042 κρίνειν
547 1971 698 2035 ὅπως
732 1972 790 2025 ὲν
822 1970 1003 2046 ἀδήλῳ
1037 1975 1106 2029 τὰ
1138 1973 1343 2047 φρικτὰ
1378 1976 1629 2046 πράξειε,
1662 1977 1757 2032 καλ⁸
1796 1979 1877 2040 είς
1977 1973 2190 2028 ϐάλλειν
2214 1974 2317 2028 ποῦ
2342 1974 2551 2029 δίκαιον
2567 1974 2659 2028 καὶ
2681 1976 2816 2035 ὅλως
2834 1971 3116 2027 κανονικδν
3140 1972 3232 2025 καί
3252 1970 3362 2023 τῶν
3384 1968 3565 2037 νόμων

299 2052 602 2129 ἀπολογίαν
630 2055 890 2132 καθιστᾷν
928 2062 1033 2116 ὑπὸ
1080 2062 1378 2134 Ῥωμαίοις
1407 2065 1574 2117 πᾶσιν
1596 2064 1746 2127 ὅπως
1785 2061 1880 2117 καὶ
1977 2070 2075 2139 τῆς
2114 2068 2472 2139 Ἐκκλησίας;
2509 2067 2769 2131 Βασιλεὺς
2810 2065 2865 2120 δὲ
2916 2063 3223 2135 σοφώτερόν
3269 2080 3321 2118 τι
3369 2059 3563 2121 ποιῶν.

302 2155 499 2218 ποίοις
529 2154 754 2209 κανόσιν
809 2156 1075 2226 ἑπόμενος
1128 2155 1452 2230 ἀνθρώπους
1516 2156 1907 2229 Χριστιανοὺς.
1979 2159 2055 2225 ὡς
2109 2159 2287 2215 ὲδόκει
2353 2161 2446 2214 καὶ
2502 2160 2589 2214 ἀεὶ
2645 2162 2745 2225 τάς
2804 2160 2863 2223 ὲς
2924 2157 3151 2229 εἰρήνην
3218 2153 3563 2225 αἱρούμενος.

302 2245 587 2320 ἀφορίσειε
617 2249 788 2321 μηδὲν
810 2249 1201 2320 γινώσκοντας,
1230 2250 1324 2306 καὶ
1352 2249 1498 2307 οὕτω
1532 2250 1761 2324 συνελᾷν
1783 2251 1883 2305 αύ-
1982 2251 2331 2308 συνεσούλευε
2378 2253 2621 2324 πέμπειν
2674 2252 2769 2307 καὶ
2808 2252 3020 2324 ἐρωτᾷν
3066 2244 3410 2316 ’Δθανάσιον,
3460 2248 3562 2300 καὶ

305 2426 820 2484 εειᾹΙειεηάτίηιιε
843 2429 1193 2498 Patriam“;
1226 2438 1455 2489 νοωιυε
1478 2431 1685 2503 Pariter
1706 2430 1885 2503 Ερίιε-
1982 2437 2620 2497 excommunicationum
2695 2434 2854 2501 diris,
2934 2433 3274 2488 clanculario
3341 2430 3550 2501 scripto

303 2522 462 2576 ίὶηυε
493 2518 758 2588 Joannes.
788 2523 916 2577 licet
944 2523 1081 2578 Citra
1112 2538 1272 2580 "sum
1305 2523 1636 2595 pontiﬁcalis
1674 2525 1730 2579 in
1761 2540 1880 2580 eam
1985 2524 2322 2589 tentaverit?
2344 2529 2566 2587 Auditis
2596 2527 2792 2585 deinde
2819 2543 2939 2598 quze
2970 2528 3059 2582 ille
3103 2522 3475 2596 respondebit,
3508 2531 3565 2578 ct

305 2608 611 2669 Ec‘clesiain
644 2615 1021 2680 auctoritatis,
1049 2613 1209 2671 titulo
1242 2614 1508 2672 duntaxat
1541 2628 1701 2674 tenus
1735 2626 1882 2674 esset
1985 2625 2129 2698 quod
2158 2624 2392 2693 allegare
2417 2622 2552 2678 nihil
2578 2622 2681 2677 nisi
2709 2616 2973 2675 frivolum
2992 2620 3211 2690 poterit,
3242 2610 3404 2673 facile
3436 2630 3563 2671 mox
3591 2643 3593 2645 ι

309 2707 636 2777 episcopus.
670 2707 868 2763 Ceteri
902 2723 1144 2780 quoque,
1179 2712 1450 2781 quotquot
1484 2710 1627 2767 forte
1661 2719 1795 2767 tunc
1828 2710 1884 2766 in

308 2794 450 2855 urbe
481 2801 898 2869 reperiebantur
926 2802 1232 2869 antistites,
1263 2803 1436 2875 rogati
1468 2805 1726 2859 similiter
1749 2819 1885 2861 con-

308 2894 639 2947 currerunt.
668 2890 729 2944 lii
756 2891 1152 2959 deliberatittne
1178 2893 1544 2950 cummuniter
1567 2894 1701 2950 inita
1724 2911 1887 2965 super

308 2986 537 3056 negatio
570 2988 856 3056 proposito
897 2987 1134 3059 primum
1170 3002 1367 3058 magno
1399 3003 1672 3044 consensu
1734 2989 1888 3044 dete-

306 3079 602 3135 stabantur
632 3074 859 3142 factum.
898 3087 953 3135 et
990 3078 1120 3135 facti
1151 3088 1435 3137 auctorem
1467 3080 1706 3152 graviter
1733 3081 1889 3136 incu—

1988 2717 2298 2787 redargutis
2329 2732 2393 2772 ac
2417 2716 2712 2782 convictis,
2743 2715 2850 2769 rite
2879 2713 3058 2784 ipsum
3079 2709 3559 2766 condemnandum

1989 2807 2058 2864 ad
2097 2806 2380 2864 latendum
2419 2806 2475 2861 in
2511 2803 2732 2875 publico
2771 2812 3042 2859 conventu
3081 2797 3450 2856 Romanorum
3497 2814 3566 2857 se

1988 2915 2273 2974 perperam
2320 2906 2377 2954 et
2420 2899 2563 2953 ultra
2601 2912 2762 2969 quam
2826 2896 3101 2952 debuerat
3144 2902 3238 2950 aut
3287 2901 3563 2965 potuerat,

1990 2993 2121 3048 dum
2153 2992 2247 3049 illa
2292 2990 2578 3055 scriberet,
2635 2989 2838 3061 egisse.
2874 2987 3015 3043 Hine
3055 3001 3247 3043 omnes
3273 3000 3370 3057 pro
3404 2986 3570 3056 plane

1990 3086 2298 3142 frustraneo
2328 3094 2382 3141 et
2403 3084 2608 3140 nullius
2640 3082 2858 3139 roboris
2889 3081 3166 3138 habebunt
3198 3079 3250 3135 id
3272 3079 3415 3152 quod
3450 3078 3567 3152 ipse

309 3170 535 3235 Sabant,
587 3172 744 3227 malae
795 3171 993 3228 mentis
1039 3171 1315 3229 exstantia
1370 3173 1440 3228 iis
1489 3170 1803 3230 scribendis
1832 3178 1958 3267 etc
1993 3180 2085 3251 qui
2135 3179 2287 3244 fecit,
2340 3192 2399 3234 se
2447 3186 2639 3234 contra
2690 3175 2797 3243 fas,
2841 3175 2960 3232 sine
3002 3171 3241 3246 legitima
3295 3182 3565 3244 potestate

310 3262 725 3320 abscondendis
756 3262 965 3319 chartis
986 3263 1193 3319 indicia
1222 3265 1509 3320 trahentes
1540 3265 1605 3320 ad
1636 3267 1796 3320 latras
1818 3264 1886 3321 de

309 3357 436 3428 ipso
480 3357 856 3428 suspiciones,
889 3356 1046 3428 Quasi
1082 3356 1321 3413 artiﬁcio
1355 3356 1464 3413 isto
1510 3350 1714 3428 ligandi
1766 3373 1891 3430 quas

288 3466 477 3507 nemo
510 3456 711 3522 praeter
738 3452 915 3521 ipsum
951 3461 1136 3520 posset
1168 3452 1401 3516 solvere,
1431 3452 1715 3506 ambitioni
1758 3451 1892 3507 veli-

307 3543 509 3601 ﬁcatus
543 3546 799 3616 proprias,
838 3544 1225 3600 necessitatem
1272 3543 1553 3612 imponere
1584 3543 1893 3600 studuisset

310 3640 402 3696 sui.
448 3638 774 3696 restituendi
811 3639 865 3696 in
909 3656 1033 3695 eum
1074 3639 1220 3697 unde
1257 3639 1468 3695 invitus
1516 3640 1893 3697 descendisset

313 3734 598 3790 thronum.
635 3732 794 3790 Circa
822 3733 1199 3790 deﬁnitionem
1236 3735 1359 3804 ejus
1395 3736 1537 3803 quod
1569 3733 1713 3790 facto
1746 3743 1891 3792 esset

309 3828 582 3900 Optimum
606 3820 700 3881 illo
718 3824 952 3884 articulo
978 3842 1183 3892 rerum,
1204 3828 1425 3898 quidam
1453 3821 1891 3898 defungebantttt'

313 3922 657 3977 consulendo
721 3931 781 3978 ut
846 3922 1183 3978 Athanasius
1277 3922 1586 3979 libellorum
1656 3925 1893 3992 scriptor

320 4015 589 4079 adiretur,
621 4014 691 4069 ab
719 4029 895 4085 eoque
914 4023 1195 4086 peteretur
1228 4015 1501 4072 absolutio
1532 4022 1891 4071 eensurarum

321 4105 377 4161 in
432 4097 502 4162 iis
560 4104 915 4162 iuﬂLctarum.
961 4104 1059 4160 His
1110 4104 1202 4159 alii
1243 4106 1621 4178 repugnabant
1664 4111 1892 4160 conten-

316 4200 528 4264 dentes,
571 4209 939 4269 prmterquam
978 4198 1269 4267 absonum,
1328 4199 1495 4254 etiam
1557 4198 1772 4253 irritum
1835 4198 1891 4254 id

316 4290 437 4349 fore
467 4311 482 4349 :
514 4307 639 4347 nam
672 4298 729 4347 et
752 4307 877 4349 esse
908 4292 1306 4348 inconveniens
1332 4292 1643 4348 insidiatori
1680 4300 1887 4359 astuto,

314 4396 611 4460 postquam
654 4388 775 4457 ejus
828 4386 988 4443 dolos
1035 4386 1483 4457 deprehenderis,
1518 4386 1711 4442 fraude
1744 4402 1895 4458 quaa-

315 4483 484 4536 situm
514 4480 658 4535 ultro
693 4480 936 4535 tribuere
978 4495 1297 4537 successum
1324 4496 1338 4547 ;
1377 4479 1521 4551 quod
1554 4479 1706 4536 tieret
1739 4495 1887 4536 nunc

1993 3280 2295 3328 attentasse
2332 3270 2621 3328 confessus
2670 3270 2847 3341 palam
2900 3267 3089 3323 fuerit.
3140 3263 3298 3323 Unde
3351 3264 3565 3321 cunctis

1992 3365 2277 3438 apparebit
2298 3378 2406 3420 non
2434 3378 2554 3420 esse
2582 3379 2722 3435 opus
2750 3362 3096 3419 absolutione
3120 3361 3252 3428 ulla,
3288 3360 3561 3431 siquidem

1991 3476 2055 3515 ea
2100 3468 2312 3513 tantum
2363 3457 2630 3513 canonica
2663 3455 2936 3511 solutione
2984 3453 3252 3525 indigent,
3309 3468 3429 3523 quae
3463 3451 3565 3507 rite

1992 3565 2057 3607 ac
2081 3548 2348 3605 canonica
2403 3548 2729 3622 auctoritate
2766 3553 2892 3604 sunt
2933 3545 3114 3616 ligata.
3176 3544 3231 3601 Si
3272 3558 3377 3614 qua
3427 3558 3567 3615 prae-

1993 3640 2249 3697 damnata
2301 3640 2605 3696 canonihus
2656 3647 2709 3694 et
2757 3638 2825 3694 ab
2881 3632 3038 3693 initio
3092 3651 3251 3693 cassa
3298 3635 3579 3707 irritaque

1991 3733 2167 3789 fuisse
2199 3740 2438 3799 constat,
2473 3746 2536 3786 ea
2563 3746 2808 3801 quaerere
2840 3729 3298 3802 quemadmodum
3342 3729 3565 3784 solvano

1991 3835 2104 3889 tur,
2134 3839 2580 3895 supervacaneus
2610 3824 2683 3879 sit
2721 3824 2893 3879 labor.
2933 3821 3077 3889 Quin
3110 3825 3190 3877 vel
3234 3824 3277 3878 si
3329 3818 3566 3893 ﬁngatur

1992 3919 2295 3989 periculum
2329 3918 2559 3974 subesse
2593 3917 2889 3987 quodpiam
2930 3932 2998 3973 ne
3028 3917 3210 3971 valida
3250 3916 3323 3973 sit
3355 3922 3409 3972 et
3440 3929 3568 3970 vero

1993 4012 2124 4083 liget
2155 4010 2658 4067 cxcommunicatio
2690 4010 2771 4067 sic
2804 4011 2938 4075 lata,
2973 4025 3075 4065 nec
3107 4010 3185 4065 sic
3216 4016 3399 4064 tamen
3424 4023 3564 4080 opus

1992 4105 2158 4161 fuerit
2174 4104 2240 4161 ad
2262 4120 2382 4160 eum
2403 4118 2688 4162 recurrere
2707 4104 2800 4173 qui
2823 4104 3030 4171 tulerit,
3057 4106 3315 4175 quoniam
3342 4103 3567 4175 quando

1993 4199 2302 4268 patriarcha
2344 4209 2535 4255 contra
2590 4213 2829 4255 canones
2880 4206 3094 4269 peccat,
3141 4198 3581 4269 patriarchalemn

1993 4290 2258 4346 adversus
2319 4305 2443 4345 eum
2497 4298 2821 4360 potestatem
2884 4292 3125 4363 synodus
3177 4291 3410 4357 obtinet,
3472 4292 3571 4348 cui

1990 4388 2276 4456 propterea
2309 4383 2401 4455 jus
2451 4384 2674 4456 plenum
2707 4384 2971 4454 competit
3012 4392 3126 4438 tum
3165 4384 3483 4441 absolvendi
3530 4399 3578 4441 ae

1992 4477 2240 4533 censuris
2261 4488 2465 4533 temere
2498 4477 2647 4532 abeo
2684 4477 2826 4543 latis,
2863 4487 2976 4531 tum
3015 4477 3177 4531 etiam
3204 4478 3355 4531 illum
3384 4477 3455 4532 ob
3504 4477 3573 4534 id-

314 4570 698 4629 conveniendo
725 4572 1049 4639 Athanasio,
1083 4587 1242 4640 quem
1278 4573 1399 4626 ideo
1432 4572 1568 4627 clam
1599 4572 1891 4643 scripsisse
1922 4570 1966 4626 ι)
1995 4570 2173 4641 ipsum
2219 4570 2483 4625 canonice
2535 4567 2818 4639 iudicandi
2876 4578 2930 4625 et
2991 4570 3167 4641 poenis
3229 4571 3577 4641 subjiciendi

310 4665 419 4722 bos
465 4666 677 4721 libellos
724 4660 1110 4737 intelligimus,
1173 4677 1234 4719 ut
1262 4664 1443 4721 redire
1494 4680 1594 4721 nos
1641 4668 1707 4721 ad
1768 4681 1892 4722 sese

312 4767 561 4828 cogeret.
613 4768 667 4814 et
726 4759 810 4813 vel
863 4758 909 4812 si
959 4764 1229 4813 annueret
1282 4756 1330 4812 is
1377 4758 1525 4828 quod
1577 4765 1887 4828 rogaretur,

312 4848 525 4908 frustra
558 4851 648 4906 ille
687 4858 944 4915 tentaret,
981 4859 1082 4905 nos
1118 4865 1255 4905 vane
1284 4854 1669 4920 'speraremus,
1702 4850 1891 4920 utique

312 4962 441 5005 cum
496 4949 572 5004 sit
627 4947 993 5003 indubitatum
1050 4946 1260 5001 homini
1323 4946 1625 5016 pontiﬁcali
1686 4957 1891 5001 nueato

311 5050 614 5113 potestate,
643 5042 871 5112 jamque
901 5055 1066 5111 supra
1099 5042 1373 5111 privatum
1406 5038 1709 5110 quemlibet
1750 5038 1886 5094 nihil

314 5134 567 5198 habenti,
615 5129 935 5189 facultatem
974 5148 1083 5189 non
1134 5134 1316 5190 inesse
1345 5134 1729 5188 solvendorum
1758 5146 1892 5185 ana-

314 5218 579 5283 thematis
604 5241 871 5282 nexuum.
901 5224 1131 5296 Propter
1156 5226 1270 5281 haec
1291 5226 1549 5289 aliorum,
1584 5234 1637 5281 et
1666 5226 1888 5296 quidem

313 5334 505 5376 eorum
543 5318 660 5374 fere
711 5320 803 5391 qui
830 5319 974 5391 juris
1007 5321 1261 5377 canonici
1302 5320 1673 5376 consultiores
1736 5327 1893 5388 puta-

312 5414 535 5478 bantur,
584 5410 704 5467 ltzec
733 5418 852 5467 erat
910 5410 1209 5477 sententia,
1261 5403 1395 5466 nihil
1446 5412 1500 5465 in
1549 5425 1791 5480 praesens
1824 5411 1891 5465 de

315 5502 595 5561 solutione
627 5501 993 5558 anathematis
1018 5502 1348 5568 curandum,
1386 5502 1480 5556 sed
1508 5500 1788 5557 citandunt
1823 5499 1888 5554 ad

315 5595 561 5651 tribunal
634 5586 893 5651 Ecclesia:
961 5590 1342 5659 Athanasium,
1406 5593 1591 5662 ibique
1657 5592 1725 5647 ab
1796 5593 1889 5647 illo

314 5683 713 5761 exquirendum
757 5678 918 5759 252
954 5696 1091 5756 quas
1121 5686 1192 5742 ob
1224 5699 1445 5751 causas,
1480 5684 1711 5754 etjuxta
1749 5699 1889 5754 quos

318 5794 582 5851 canones,
622 5780 959 5840 christianos
1007 5780 1261 5837 homines
1292 5778 1455 5835 nullis
1492 5778 1653 5835 minis
1675 5780 1891 5849 praeviis

306 5872 626 5931 admonitos
659 5881 715 5929 et
750 5870 1001 5927 funditus
1042 5870 1264 5943 ignaros
1307 5869 1517 5940 illigare
1552 5870 1889 5925 horribiliter

1994 4661 2225 4717 meritis.
2261 4663 2443 4733 Neque
2476 4663 2529 4717 in
2569 4664 2817 4732 subjecto
2850 4678 2979 4717 casu
3022 4662 3318 4734 quidquam
3368 4664 3567 4720 suifra-

1992 4753 2108 4822 gari
2142 4752 2446 4807 Athanasio
2477 4768 2641 4823 posse
2670 4753 2734 4807 ad
2768 4752 3109 4808 amoliendas
3136 4769 3164 4807 a
3212 4769 3290 4819 se,
3325 4770 3577 4825 quarum

1995 4859 2214 4901 causam
2239 4846 2439 4915 praebet
2462 4845 2692 4913 justam,
2717 4845 3060 4914 suspiciones
3096 4846 3384 4915 pessimus,
3416 4848 3569 4916 quod

1992 4936 2097 4992 sibi
2132 4937 2423 5002 horrenda,
2468 4939 2514 4993 si
2552 4938 2726 5002 fallat,
2764 4940 3074 5009 imprecans
3108 4940 3345 4997 alienum
3392 4957 3451 4997 se
3494 4941 3567 4997 ab

1992 5031 2139 5084 omni
2182 5031 2412 5086 crimine
2456 5030 2663 5101 deierat
2715 5050 2729 5086 :
2781 5048 2890 5086 non
2942 5034 3084 5088 enim
3127 5034 3458 5104 iuramentis
3509 5042 3565 5089 et

1993 5123 2469 5178 exsecrationibus
2498 5123 2834 5188 istiusmodi,
2864 5125 2958 5181 sed
2983 5124 3196 5182 idoneis
3214 5126 3563 5199 argumentis

1992 5228 2057 5270 ac
2097 5214 2432 5272 testimoniis
2482 5217 2902 5273 criminationes
2949 5218 3199 5289 impacta;
3254 5229 3380 5276 sunt
3427 5234 3577 5291 pur-—

1991 5307 2181 5379 ganda:
2207 5308 2359 5378 juxta
2390 5319 2665 5380 receptum
2691 5320 2746 5366 et
2770 5313 2964 5368 rationi
2993 5328 3295 5369 consonum
3326 5329 3559 5370 morem.

1993 5398 2162 5455 Multo
2192 5408 2371 5456 autem
2407 5416 2533 5459 esse
2565 5403 2768 5474 pejoris
2810 5406 3065 5476 exempli,
3100 5410 3297 5477 quippe
3324 5406 3585 5462 aesacrisr

1993 5495 2197 5564 regulis
2244 5504 2299 5550 et
2348 5496 2557 5564 legibus
2592 5497 2850 5553 Ecclesia
2879 5498 3300 5557 intolerabiliter
3330 5498 3555 5555 exorbi-

1993 5598 2134 5654 tans,
2162 5587 2309 5657 quod
2336 5587 2422 5641 hic
2448 5587 2956 5658 fecitAthanasius,
2979 5591 3113 5646 diris
3148 5591 3573 5647 anathematum-

1993 5680 2047 5735 in
2076 5680 2220 5734 solos
2256 5679 2361 5733 rite
2408 5682 2726 5750 torquendis
2767 5685 3008 5739 scienter
3034 5692 3323 5754 peccantes
3348 5693 3401 5738 et
3432 5700 3559 5755 pro-2

1994 5782 2141 5828 terve
2174 5782 2549 5839 contumaces,
2586 5774 2856 5845 subjicere
2887 5791 2945 5831 se
2975 5778 3125 5833 aiens
3149 5778 3310 5833 etiam
3337 5792 3430 5833 eos
3462 5776 3556 5847 qui

1992 5866 2203 5937 abrepti
2241 5865 2417 5920 aliena
2459 5863 2779 5924 seductione
2814 5869 3165 5943 prolapsiqne
3211 5886 3305 5943 per
3348 5870 3565 5941 impru-
