4120 6280
417 440 525 506 285

1370 453 1472 515 DE
1505 455 1954 519 ANDRONlCO
1999 460 2458 523 PAL£OLOGO
2481 463 2629 526 LIB.
2670 463 2786 524 III.

3559 463 3667 526 986

414 552 597 611 πᾶσαν
644 555 878 628 σπουδὴν
912 557 1249 615 ἒνδείκνυται
1302 565 1571 636 καθιστᾷν
1614 568 1713 637 μὲν
1758 568 1828 620 τὰ
1859 572 1983 641 τῇδε
2013 575 2064 635 Α
2094 590 2222 638 orn;
2247 573 2675 642 ἀγανακτήσεως
2695 569 2789 646 ἦν,
2819 574 2914 630 καὶ
2941 572 3203 640 πολλάκις
3234 576 3665 647 προσαναφέρων

416 648 581 719 μέρη,
640 647 968 720 θεραπεύειν
1017 651 1074 707 δὲ
1104 653 1199 707 καὶ
1231 650 1461 726 βασιλέα
1490 659 1611 722 ταῖς
1657 659 1783 712 καθ’
1820 661 1982 716 αὐτὸν

413 742 505 793 ἐπὶ
558 745 671 806 τοῖς
720 734 1043 815 πράγμασιν
1098 749 1436 820 οἰκονομίαις
1485 752 1579 805 καὶ
1627 750 1978 825 διοικήσεσιν.

426 831 640 901 Ἐπειδὴ
674 833 784 904 γὰρ
808 835 857 887 οἱ
890 836 987 905 μὲν
1023 836 1210 890 πολλοί⁵
1248 839 1355 893 τῶν
1395 844 1743 913 στρατιωτῶν
1775 846 1983 914 καιρῶν

411 925 674 989 πολλάκις
702 927 993 997 λαϐόμενοι
1020 932 1116 986 καὶ
1144 934 1458 1005 προσηῦξον
1480 936 1580 1001 τὰς
1609 939 1815 1003 οἰκείας
1846 957 1985 1011 προ-

407 1022 560 1085 νοίας
593 1024 685 1077 καὶ
709 1024 893 1094 ἀργῶς
925 1023 1072 1098 εἶχον
1112 1030 1175 1082 ὲκ
1202 1028 1295 1082 τοῦ
1330 1030 1522 1101 δώροις
1551 1034 1644 1085 καὶ
1670 1032 1983 1097 δεξιώσεσιν

409 1111 744 1182 ὑπέρχεσθαι
793 1120 919 1180 τοὺς
951 1120 1402 1189 ήγεμονεύοντας,
1459 1125 1607 1179 ἄλλοι
1635 1125 1692 1180 δὲ
1722 1126 1984 1190 πολλάκις

408 1205 505 1258 καὶ
537 1209 689 1273 σφῶν
735 1209 1019 1283 ἀξιώτεροι
1085 1214 1473 1271 ὲκλελοιπυιῶν
1522 1221 1634 1271 τῶν
1667 1220 1809 1273 κατὰ
1842 1222 1985 1287 σφᾶς

407 1300 729 1370 οξκονομιῶν
761 1304 859 1373 τὴν
884 1306 1118 1375 ἀπορίαν
1147 1303 1292 1377 εἶχον
1323 1311 1417 1363 καὶ
1438 1312 1860 1382 προαιρούμενοι
1886 1311 1981 1366 τοῦ

408 1396 798 1464 στρατεύεσθαι
819 1398 1067 1479 κῴλυμα.
1099 1405 1192 1455 καὶ
1219 1400 1288 1476 ἦν
1318 1406 1707 1475 ἀμφοτέρωθεν
1726 1405 1800 1476 τῷ
1819 1403 1983 1476 κοινῷ

408 1484 602 1555 ζημία,
631 1492 782 1560 καὶὴ
816 1494 1066 1565 ἀνισότης
1098 1494 1235 1565 αὕτη
1266 1498 1439 1551 ἐδέετο
1462 1497 1788 1563 ἐξισώσεως.
1823 1500 1983 1562 αὐτὸς

406 1582 476 1635 τὰ
530 1582 761 1651 μεγάλα¹
780 1586 1020 1659 θαρρῶν,
1059 1588 1132 1653 ὡς
1192 1595 1358 1663 πιστῇ
1387 1590 1580 1663 γνώμῃ
1644 1594 1735 1646 καὶ
1765 1593 1985 1665 καθαρᾷ

407 1675 545 1741 πρὸς
578 1675 805 1747 βασιλέα
829 1680 1122 1748 πράττοντι
1150 1684 1303 1737 οὐδὲν
1330 1684 1395 1738 ἂν
1429 1686 1731 1756 προσσταίη
1756 1687 1861 1738 τῶν
1883 1686 1983 1739 ὅσα

404 1770 501 1821 καὶ
560 1770 639 1834 είς
675 1772 928 1840 ἐμπόδιον
985 1776 1094 1845 εἴη,
1161 1779 1515 1847 μεταγγίςειν
1575 1779 1715 1849 ἔγνω
1753 1779 1887 1851 πρὸς
1915 1780 1982 1833 τὰ

2087 665 2299 737 βασιλεῖ
2329 665 2797 739 προσωνειόίζετο,
2829 667 2884 720 εί
2914 685 2977 736 γε
3030 666 3169 739 ἀνὴρ
3205 670 3536 739 στρατηγοίη
3566 670 3668 740 οὐχ

2083 759 2230 823 ὅπως
2254 759 2421 831 μηδὲν
2441 759 2596 827 εἰδὼς
2619 778 2669 813 τι
2678 762 2784 831 μᾷν
2801 760 3155 833 Ἐκκλησίαν,
3176 760 3315 816 ἀλλὰ
3335 762 3432 817 καὶ
3451 759 3669 823 πολλαῖς

2082 851 2210 916 τοὺς
2224 851 2396 921 αὐτῆς
2414 852 2625 906 πλύνων
2643 850 2857 924 ὕϐρεσι.
2875 853 3135 917 Βασιλεὺς
3148 853 3203 908 δὲ
3224 857 3289 926 τῇ
3308 853 3438 923 παρ’
3456 853 3666 909 ἐκείνου

2084 939 2353 1014 θεραπείᾳ
2376 942 2789 1013 ὲνειλημμὲνος,
2811 943 2887 1007 ὡς
2932 945 2989 997 αἱ
3040 946 3232 1016 συχναὶ
3261 943 3472 1007 πίστεις
3497 937 3664 1015 εἶχον,

2081 1032 2326 1107 λογισμῷ
2345 1035 2520 1099 διδοὺς
2547 1036 2709 1089 πλέον
2733 1035 2765 1107 ἢ
2793 1037 2932 1107 ὀργῇ
2954 1035 3044 1089 διὰ
3065 1036 3171 1107 τὴν
3186 1040 3250 1089 ἐκ
3275 1035 3370 1091 τοῦ
3395 1034 3669 1108 πατιρὰρ-

2083 1144 2181 1199 χου
2208 1127 2507 1200 ἀναφορὰν,
2538 1130 2691 1183 οὐδὲν
2719 1130 3001 1202 περαίνειν
3031 1131 3155 1185 κατ’
3201 1126 3408 1185 ἐκείνου
3436 1130 3666 1199 παρεῖχε

2082 1219 2209 1283 τοὺς
2226 1218 2347 1272 κατ’
2377 1220 2591 1275 ἐκείνου
2606 1210 2892 1291 λέγοντας,
2915 1219 3053 1276 ἀλλὰ
3074 1224 3170 1277 καὶ
3193 1221 3508 1294 προσάντως
3531 1221 3669 1290 μᾶλ-
3700 1230 3707 1237 ’

2083 1304 2174 1365 λον
2194 1314 2409 1385 ἐδέχετο
2426 1315 2522 1378 τὰς
2540 1315 2880 1385 ὑπομνήσεις
2898 1312 2997 1388 τὴν
3024 1316 3118 1369 ἐπὶ
3134 1317 3246 1379 τοῖς
3271 1313 3663 1386 πραττομένοις

2087 1405 2465 1479 σταθηρὸτητα
2491 1406 2577 1478 ιι).
2613 1406 2742 1481 176]
2770 1408 3207 1480 βασιλικωτέραν
3232 1407 3435 1479 κρίνων
3465 1406 3669 1477 παλιμ-

2085 1498 2269 1563 ϐολίας
2283 1502 2378 1554 καὶ
2394 1497 2657 1564 ἁστασίας
2684 1501 2775 1556 ἐπὶ
2805 1503 2918 1566 τοῖς
2946 1500 3153 1567 δόξασι.
3185 1502 3333 1572 Πλὴν
3372 1500 3509 1571 μετά
3537 1518 3665 1553 και-

2086 1591 2295 1663 ρὸν,ὼς
2317 1594 2579 1665 ἁρμόζειν
2612 1595 2813 1649 αὐτίκα
2837 1594 3041 1663 λέγειν,
3070 1595 3406 1649 ἐπιτίθενταί
3435 1594 3485 1647 oi.
3516 1595 3664 1655 τινὲς

2084 1681 2193 1737 τῶν
2207 1685 2321 1739 ὅσοι
2352 1689 2447 1741 καὶ
2471 1687 2581 1741 τῶν
2610 1689 2932 1757 οἰκονομιῶν
2950 1689 3010 1741 τὸ
3039 1688 3289 1742 πλεῖστον
3310 1688 3667 1758 προταφῃρέ-

2086 1777 2285 1851 θησαν,
2310 1780 2580 1849 προφάσει
2604 1781 2701 1850 μὲν
2729 1783 2795 1853 τῇ
2818 1781 2894 1843 εἰς
2916 1780 3141 1851 βασιλέα
3168 1780 3351 1834 πίστει
3380 1780 3666 1851 χρησάμε-

404 1862 559 1917 statvi
581 1863 651 1917 τὰ
677 1864 779 1936 πλη
791 1868 1025 1937 ρέστατα
1058 1869 1155 1923 καὶ
1186 1869 1354 1934 οὕτως
1390 1870 1604 1935 ὲξισοῦν
1631 1876 1739 1935 τοῖς
1756 1873 1982 1942 ἀνδράσι
2014 1936 2051 1945 _
2087 1890 2165 1925 νοι
2187 1890 2199 1902 ·
2238 1873 2390 1927 οὐδὲν
2414 1873 2469 1926 δὲ
2499 1868 2663 1945 ἦττον
2705 1875 2940 1937 ἑαυτοῖς·
2965 1874 3199 1944 ἀμύνειν
3227 1872 3441 1945 ἤθελον,
3481 1890 3664 1942 παρα-

402 1958 498 2009 κιὶ
536 1957 632 2020 τὰς
665 1960 862 2029 ὁρμὰς,
909 1960 1106 2025 ἐξισῶν
1162 1964 1273 2025 τοῖς
1306 1966 1649 2036 πράγμασιν.
1698 1936 1981 2021 Ἐντεύθεν
2013 1936 2054 1989 Β
2081 1959 2449 2033 λελυπημένοι
2488 1936 2569 2028 οῗς
2599 1936 3048 2036 προσαφήρηντὸ-
3110 1964 3220 2017 καὶ
3250 1936 3334 2034 ,τῷ
3368 1936 3663 2033 amuli”?

402 2052 498 2102 aut
534 2053 763 2121 στρατὸν
812 2053 911 2122 μὲν
955 2053 1183 2108 συνίστα
1234 2054 1418 2123 πλέον,
1450 2060 1584 2129 νῆας
1621 2059 1666 2111 δ’
1688 2059 1979 2130 ἐξητοιμὰ-

403 2139 552 2204 ζετο,
578 2144 670 2195 καὶ
695 2142 850 2198 διττά
877 2147 1127 2218 στρέφων
1157 2146 1309 2202 ἐνθεν
1337 2151 1436 2222 μὲν
1463 2153 1606 2205 κατὰ
1627 2151 1752 2224 γῆν,
1772 2152 1980 2206 ἐκεῖθεν

403 2232 460 2287 δὲ
485 2237 629 2288 κατὰ
662 2236 935 2291 θάλατταν
982 2240 1334 2311 διηυμάριζε,
1391 2243 1487 2297 καὶ
1518 2243 1699 2310 καλῶς
1748 2244 1982 2316 ἠκούετο

405 2326 688 2397 πράττων,
723 2332 817 2384 καὶ
852 2329 1067 2401 βασιλεῖ
1095 2334 1397 2398 ἀπόδεκτος
1432 2329 1523 2409 ἦν,
1557 2339 1606 2391 εί
1640 2339 1734 2392 καὶ
1764 2337 1841 2407 τῷ
1875 2357 1978 2392 πα-

400 2421 758 2490 τριαρχοῦντι
788 2421 1016 2498 Ἰωάννῃ
1056 2427 1090 2497 η
1139 2428 1351 2485 ἐκείνου
1380 2430 1684 2500 στρατηγία
1715 2429 1800 2485 διὰ
1829 2433 1983 2502 μεγί-

402 2605 760 2662 restituendis
810 2606 920 2664 illis
954 2610 1156 2667 misere
1201 2610 1399 2668 aﬂictis
1446 2612 1718 2685 partibus.
1757 2624 1871 2671 tum
1923 2614 1978 2671 in

402 2701 738 2759 demerendo
772 2702 1126 2775 imperatore,
1171 2709 1367 2776 suique
1400 2709 1543 2777 apud
1577 2723 1701 2764 eum
1742 2709 1979 2781 antiquis

400 2796 817 2866 suspicionibus
859 2800 1163 2871 purgandis
1202 2800 1378 2857 solida
1422 2801 1757 2858 exhibitione
1794 2812 1982 2873 grato-

402 2890 524 2940 rum
554 2886 660 2957 ipsi
706 2886 1120 2957 obsequiorum,
1172 2890 1276 2945 lida
1320 2892 1691 2961 prudentique
1744 2893 1980 2948 admini-

401 2977 673 3035 stratione
716 2981 1000 3036 commissi
1046 2984 1149 3039 sibi
1182 2985 1448 3050 muneris,
1506 3001 1612 3055 qua
1660 3000 1720 3043 se
1754 2986 1979 3059 dignum

357 3130 363 3135 ,
398 3070 662 3141 probaret
706 3071 916 3129 honore
941 3089 1005 3130 ac
1040 3075 1323 3133 beneficiis
1371 3078 1613 3135 collatis.
1657 3077 1796 3135 Hinc
1840 3095 1982 3150 quo-

398 3162 546 3216 niam
590 3162 828 3218 militum
873 3161 1143 3235 plurimos
1177 3166 1399 3224 videbat
1442 3168 1702 3234 corrasis,
1753 3184 1850 3240 per
1879 3185 1979 3241 op-

2081 2052 2464 2125 Φιλαδελφείας
2485 2053 2878 2126 προσελθόντος
2904 2054 3000 2119 τὰς
3031 2054 3166 2123 πρὸς
3198 2052 3422 2125 βασιλέα
3451 2053 3665 2113 πίστεις

2082 2150 2411 2222 ηθετηκέναι
2443 2149 2537 2204 τὸν
2574 2149 2830 2220 Ἰωάννην
2853 2147 3065 2218 ἔλεγον,
3091 2149 3188 2203 καὶ
3215 2148 3374 2216 δῆλον
3406 2143 3569 2201 εἶναι.
3602 2144 3664 2211 ἐξ

2080 2236 2155 2298 ὧν
2184 2260 2249 2311 γε
2284 2241 2381 2296 καὶ
2438 2234 2690 2313 πράττοι,
2740 2241 2832 2296 τὸν
2876 2242 2976 2312 τῆς
3034 2239 3460 2310 ἀποστατήσεως
3495 2238 3663 2294 κύϐον

2080 2333 2442 2405 ἀναρρίπτειν
2500 2320 2827 2404 ἀρξάμενον.
2886 2328 3073 2387 Ταῦτα
3123 2333 3375 2399 λέγοντες
3416 2331 3661 2398 ἔπειθον,

2083 2428 2178 2481 καὶ
2215 2425 2417 2498 μᾶλλον
2452 2427 2663 2497 sic-rbi:
2696 2425 2819 2482 κατ’
2874 2427 3085 2483 ἐκείνου
3131 2421 3433 2498 ἀπέχθειαν
3468 2425 3663 2496 ὡρμη-

2081 2609 2350 2683 marique,
2376 2624 2489 2668 rem
2520 2622 2629 2666 non
2659 2608 2888 2680 impigre
2912 2609 3088 2664 solum
3119 2620 3184 2664 ac
3228 2600 3524 2680 prudenter
3560 2609 3656 2663 sed

2084 2703 2313 2762 feliciter
2340 2704 2505 2760 etlam
2539 2716 2728 2777 gerere
2757 2702 2868 2758 cito
2891 2701 3112 2756 auditus
3146 2709 3251 2769 est,
3276 2703 3656 2765 successibus.

2080 2795 2539 2869 quemadmodum
2580 2793 2695 2851 fere
2724 2793 2806 2860 ﬁt,
2858 2793 3095 2849 fortunae
3148 2794 3427 2863 sapientia:
3471 2796 3658 2850 consi-

2080 2889 2277 2946 liorum
2314 2886 2793 2959 respondentibus.
2824 2883 2964 2941 Hinc
2990 2883 3188 2941 faustis
3227 2885 3295 2941 de
3350 2885 3451 2942 illo
3481 2886 3664 2942 incre-

2077 2981 2433 3038 bescentibus
2462 2980 2673 3035 nuntiis
2702 2979 2879 3051 magis
2912 2979 3196 3048 magisque
3223 2978 3663 3036 confirmabatur

2080 3075 2136 3133 in
2168 3092 2267 3132 suo
2292 3074 2359 3132 de
2380 3090 2446 3130 eo
2484 3073 2695 3145 judicio
2747 3073 3069 3141 imperator,
3126 3071 3543 3143 impensiusque
3581 3071 3667 3129 fa-

2078 3183 2207 3226 vere
2239 3168 2490 3224 ministro
2516 3179 2627 3221 tam
2662 3166 2779 3221 utili
2821 3166 3119 3238 pergebat;
3166 3181 3343 3230 eoque
3403 3166 3664 3221 obﬁrma-

397 3251 773 3338 portunitates
812 3254 866 3309 in
929 3270 1069 3327 quas
1113 3258 1271 3315 avide
1333 3259 1717 3326 imminebant,
1772 3260 2049 3357 divitiisC
2083 3261 2192 3317 tius
2228 3260 2518 3331 rejiciebat
2574 3258 2861 3315 continuas
2915 3259 3183 3316 adversus
3229 3257 3654 3315 Tarchaniotam

305 3374 308 3375 ν
396 3347 657 3402 maximis
687 3347 814 3403 inde
837 3350 1118 3421 segniores
1143 3353 1209 3407 ad
1242 3352 1486 3409 laborem
1525 3352 1663 3421 fieri,
1689 3364 1975 3424 propterea

396 3437 571 3507 quod,
605 3438 905 3508 quamlibet
947 3452 1235 3499 cessarent
1269 3453 1318 3501 et
1350 3442 1528 3500 ofﬁcio
1574 3443 1849 3511 deessent,
1874 3446 1978 3500 im-

396 3543 544 3600 pune
568 3545 628 3587 se
654 3532 865 3586 laturos
890 3534 1226 3591 confiderent
1248 3537 1317 3593 ob
1346 3535 1453 3593 sibi
1488 3545 1735 3609 paratam
1766 3538 1977 3597 crebris

397 3626 746 3692 muneribus,
785 3636 944 3696 prout
980 3626 1086 3682 illis
1130 3638 1249 3684 erat
1284 3628 1337 3682 in
1365 3637 1475 3683 tam
1525 3629 1708 3701 pingui
1752 3614 1975 3685 fortuna

395 3715 580 3780 facile,
603 3720 802 3774 ducum
829 3733 1053 3774 suorum
1076 3719 1333 3791 gratiam,
1357 3722 1578 3777 aliunde
1599 3733 1783 3777 autem
1804 3720 1978 3779 fortes

394 3809 715 3875 bellatOres,
762 3812 907 3881 quod
952 3815 1135 3871 minus
1175 3817 1367 3870 attenti
1406 3816 1471 3871 ad
1514 3816 1727 3871 lucrum
1773 3813 1975 3879 forent,

393 3920 505 3960 non
547 3904 840 3973 superﬂuis
884 3907 1071 3977 modo,
1121 3925 1242 3978 quae
1282 3910 1665 3983 impenderent
1706 3913 1761 3966 in
1808 3910 1974 3978 dona,

392 3996 488 4052 sed
543 3999 710 4053 etiam
784 4001 1159 4067 necessariis,
1217 4001 1359 4057 unde
1413 4001 1516 4058 sibi
1577 4003 1973 4066 consulerent,

395 4098 654 4144 carentes
718 4104 785 4145 eo
834 4090 954 4161 ipso
1018 4092 1292 4149 tardiores
1338 4094 1406 4149 ad
1451 4084 1794 4148 militandum
1850 4096 1976 4149 red-

390 4183 693 4252 debantur,
738 4186 920 4257 in0pia
976 4187 1347 4257 insuperabile
1398 4188 1712 4244 Strenuitati
1781 4201 1976 4259 quam-

387 4276 519 4331 libet
548 4278 689 4334 bene
722 4281 983 4335 animata:
1010 4281 1355 4337 obstaculum
1388 4280 1717 4351 obiectante,
1766 4284 1976 4339 incom-

386 4373 551 4427 modo
601 4374 878 4443 utrimque
924 4375 980 4431 in
1034 4375 1297 4431 damnum
1355 4378 1584 4447 publicae
1635 4378 1714 4433 rei
1770 4378 1972 4431 redun-

384 4461 549 4518 dante
568 4463 733 4535 259
757 4466 1017 4532 maximo,
1051 4467 1448 4537 inaequalitates
1484 4468 1618 4523 istas
1647 4469 1777 4533 sibi,
1814 4476 1973 4540 preut

381 4564 509 4611 erat
562 4566 692 4610 ante
744 4559 927 4612 omnia
973 4568 1238 4621 necesse,
1285 4568 1471 4614 mutua
1521 4560 1971 4630 compensatione

2080 3352 2545 3427 expostulationes
2564 3352 2892 3423 patriarchae
2916 3351 3167 3422 Joannis,
3194 3350 3289 3424 qui
3312 3366 3660 3422 concoquere

2080 3446 2225 3501 baud
2255 3459 2496 3518 unquam
2543 3446 2734 3501 valens
2763 3446 3023 3503 honorari
3055 3444 3374 3518 praefectura
3427 3446 3523 3500 tali
3556 3446 3660 3501 ho-

2082 3535 2284 3593 minem
2344 3536 2482 3594 adeo
2538 3552 2647 3594 non
2667 3536 3112 3596 tbeneaﬂectutn
3164 3550 3293 3609 erga
3325 3536 3654 3604 Ecclesium,

2080 3642 2141 3687 ut
2173 3632 2461 3704 plerosque
2497 3631 2995 3689 ecclesiasticarum
3045 3632 3265 3702 probris
3296 3631 3685 3693 conscindere

2078 3736 2190 3778 non
2215 3722 2526 3788 desisteret,
2557 3723 2796 3793 querelis
2826 3738 2891 3779 ea
2920 3722 2989 3778 de
3034 3737 3092 3778 re
3121 3716 3362 3779 assiduis
3408 3736 3509 3778 nec
3540 3722 3661 3779 sine

2080 3814 2367 3871 stomacho
2397 3816 2700 3887 Augustum
2759 3814 3127 3885 inquietabat;
3162 3813 3256 3885 qui
3280 3820 3461 3869 tamen
3510 3813 3650 3869 nihil

2079 3907 2168 3963 bis
2190 3916 2391 3972 motus,
2420 3908 2566 3984 quod
2614 3908 2973 3978 prasentibus
3008 3907 3188 3979 iisque
3222 3906 3403 3963 .certis
3443 3907 3662 3977 experi-

2077 4001 2279 4057 mentis
2309 4000 2484 4056 ﬁdelis
2509 3999 2772 4069 utilisque
2819 4000 2923 4056 sibi
2976 3996 3359 4055 Tarcbaniotae
3406 3999 3658 4071 obsequii

2076 4092 2203 4165 plus
2225 4090 2476 4164 quotidie
2517 4092 2751 4164 plusque
2785 4093 3017 4164 obligari
3045 4108 3103 4148 se
3136 4092 3363 4149 sentiret
3395 4094 3463 4151 ad
3498 4095 3661 4150 bene-

2077 4186 2257 4241 volam
2284 4185 2341 4240 in
2366 4200 2493 4242 eum
2524 4196 2849 4258 gratamque
2880 4187 3235 4249 voluntatem,
3269 4186 3348 4242 sic
3380 4176 3539 4241 aures
3562 4200 3659 4241 ne~

2077 4276 2372 4347 quidquam
2413 4278 2696 4333 accusanti
2732 4277 3058 4348 patriarchae
3086 4278 3269 4341 dabat,
3299 4284 3358 4333 ut
3410 4276 3653 4331 animum

2076 4385 2170 4427 reo
2204 4379 2467 4436 servaret,
2530 4370 2841 4440 rationique
2906 4369 3141 4440 amplius
3194 4384 3362 4441 quam
3417 4369 3513 4425 irae
3560 4370 3658 4424 tri-

2075 4462 2252 4520 buens
2283 4462 2475 4518 irritos
2518 4462 2781 4517 reddebat
2817 4476 3010 4517 omnes
3040 4462 3140 4533 ipsi
3176 4475 3377 4518 nocere
3403 4472 3659 4534 satagen-

2079 4556 2213 4609 tium
2242 4561 2495 4615 conatus,
2522 4553 2756 4608 libenter
2782 4560 2973 4606 contra
2997 4552 3342 4622 benigneque
3368 4552 3655 4623 excipiens

383 4643 632 4700 decrevit
658 4646 1042 4717 exaequandas,
1074 4648 1144 4701 ita
1183 4657 1240 4701 ut
1277 4664 1341 4702 ex
1389 4648 1724 4703 abundantia
1771 4663 1965 4716 super-
1996 4651 2042 4709 ο
2071 4642 2336 4714 quidquid
2382 4643 2452 4697 ab
2490 4642 2538 4698 ei
2592 4643 2905 4699 faventibus
2951 4652 3361 4715 suggereretur,
3411 4644 3657 4713 denique

380 4735 491 4793 line
515 4737 899 4807 opulentorum
954 4738 1359 4801 transferendo.
1414 4743 1559 4810 quod
1615 4740 1751 4794 satis
1797 4748 1963 4807 esset,

382 4827 436 4885 in
461 4839 735 4902 egestates
765 4833 1013 4901 inepum.
1052 4848 1152 4887 nec
1205 4832 1279 4886 illi
1304 4826 1640 4888 redundanti
1664 4834 1817 4902 cepia
1856 4845 1964 4886 tor-

380 4935 598 5004 perent,
636 4940 734 4979 nec
764 4923 814 4978 hi
850 4926 1177 4980 necessariis
1201 4925 1443 4980 destituti
1469 4926 1729 4994 languere
1754 4914 1818 4980 at:
1864 4924 1966 4980 mi-

378 5018 553 5073 litiam
597 5018 849 5088 refugere
915 5027 1260 5089 cogerentur.
1325 5017 1513 5073 Tanta:
1570 5019 1697 5074 huic
1725 5035 1789 5074 ac
1849 5029 1956 5073 tam

380 5110 599 5165 cunctis
638 5110 1028 5181 praevertenda:
1067 5111 1144 5164 rei
1168 5121 1279 5166 tum
1311 5112 1671 5181 suscipiendae
1706 5112 1958 5166 iiduciatn

379 5211 493 5257 tum
546 5202 911 5273 exsequenda:
962 5202 1271 5259 facultatem
1330 5203 1559 5273 prmbuit
1619 5204 1958 5259 conscientia

378 5298 654 5369 praecipue
690 5298 865 5353 fidelis
895 5315 1020 5369 erga
1057 5299 1443 5369 imperatorem
1494 5300 1658 5353 studii
1694 5309 1748 5353 ct
1799 5301 1961 5369 hujus

374 5402 537 5448 certae
568 5389 672 5446 sibi
703 5390 1093 5446 benevolentiae
1133 5391 1331 5447 iidncia
1361 5404 1574 5445 secura.
1611 5389 1738 5446 inde
1771 5404 1957 5461 porro.

372 5482 515 5552 quod
549 5479 876 5553 palmarium
902 5478 1005 5534 fuit
1030 5479 1097 5536 ad
1152 5491 1474 5550 praesentem
1531 5498 1711 5547 usam,
1769 5481 1819 5536 id
1872 5493 1957 5537 est

368 5573 521 5632 brevi
553 5584 915 5637 consecutus,
952 5582 1011 5629 ut
1036 5575 1339 5630 exercitum
1383 5573 1649 5631 conflaret
1680 5574 1815 5629 satis
1848 5590 1955 5628 nuo

368 5684 648 5725 merosnm
683 5667 749 5723 ad
783 5670 1011 5723 classem
1054 5668 1215 5722 simul
1252 5668 1525 5723 maritima
1580 5669 1771 5724 militia
1799 5682 1955 5725 com-

364 5756 623 5829 ptendam
652 5746 945 5828 castraque
976 5757 1334 5813 terreStribus
1376 5758 1592 5815 abunde
1631 5760 1954 5817 instruenda

363 5849 572 5916 copiis;
604 5864 713 5920 qua
746 5860 978 5921 utraque
1028 5848 1200 5906 fretus
1244 5850 1509 5921 potentia,
1569 5853 1801 5908 navibus
1844 5866 1954 5909 uno

366 5952 612 6014 tempore
647 5940 835 6000 multis
864 5942 1083 6015 egregie
1110 5944 1357 6009 annalis,
1390 5952 1536 6001 terra
1574 5958 1685 6002 uno
1716 5944 1950 6003 consilio

2066 4736 2325 4806 judicans
2349 4734 2400 4789 id
2437 4734 2707 4803 ejusmodi
2730 4750 2851 4790 esse
2886 4737 3191 4806 negotium,
3221 4735 3275 4790 in
3317 4748 3428 4806 quo
3480 4738 3654 4806 magis

2069 4830 2456 4899 imperatorem
2494 4826 2637 4897 regia
2689 4826 2944 4883 insistere
2995 4828 3308 4882 constantia
3338 4830 3507 4884 semel
3536 4842 3652 4885 cae-

2070 4925 2197 4993 ptis.
2232 4935 2393 4990 qttam
2428 4920 2670 4975 instabili
2703 4920 3115 4989 desultoriaque
3164 4922 3326 4976 motio
3382 4923 3649 4977 aientium

2070 5030 2196 5069 mox
2228 5016 2542 5085 negantium
2571 5012 2926 5067 consiliorum
2955 5013 3173 5067 levitate
3193 5012 3650 5085 anuctuare

2066 5109 2351 5178 perforet.
2405 5106 2672 5161 Caeterum
2733 5107 3072 5178 periclitatus
3129 5109 3218 5163 hic
3270 5109 3568 5180 aliquando
3609 5123 3645 5164 a

2066 5203 2182 5258 suis
2218 5200 2689 5271 nppugttatoribus
2755 5197 2891 5267 fuit;
2947 5200 3093 5271 quod
3142 5200 3245 5256 etsi
3302 5200 3485 5255 evenit
3540 5196 3645 5255 alio
3697 5249 3700 5253 .

2063 5305 2331 5368 quantum
2371 5302 2491 5364 post
2518 5293 2623 5348 boc
2651 5302 2867 5362 tempus
2922 5293 2977 5349 in
3012 5310 3118 5365 quo
3149 5295 3426 5350 narrando
3456 5308 3647 5352 versa-

2064 5402 2207 5451 mur,
2238 5394 2419 5442 tamen
2456 5386 2541 5441 hic
2573 5396 2795 5455 prepter
2824 5390 3080 5443 materias
3112 5388 3514 5445 connexionem
3552 5398 3646 5445 re-

2062 5478 2207 5533 ferre
2239 5476 2539 5546 occupabo.
2570 5476 2813 5531 Conﬂata
2851 5478 2905 5532 in
2932 5492 3055 5533 eum
3082 5487 3167 5533 est
3198 5477 3369 5534 factio
3397 5477 3636 5535 militum

2060 5586 2251 5628 eorum
2276 5583 2441 5642 quos,
2475 5577 2533 5624 ut
2559 5570 2767 5625 dictum
2805 5578 2914 5635 est,
2942 5570 3453 5642 superflueidivltes
3485 5582 3643 5643 parte

2058 5666 2222 5736 opum
2246 5661 2590 5719 redundante
2619 5663 2966 5729 multaverat,
3022 5678 3125 5734 qua
3169 5652 3475 5737 indigentes
3528 5646 3638 5722 ce-

2057 5764 2204 5811 teros
2251 5753 2491 5824 iuvaret.
2527 5752 2590 5807 lii
2640 5753 2826 5810 studio
2881 5754 3197 5812 sineerssin
3250 5756 3633 5827 imperatorem

2057 5847 2183 5903 fidei
2211 5847 2415 5902 moveri
2445 5862 2505 5903 se
2536 5848 2883 5914 simulantes,
2942 5860 3069 5904 cum
3133 5861 3335 5903 revertr
3378 5849 3630 5906 concita-

2057 5950 2244 5999 rentur
2268 5940 2779 5999 dolorcimminutre
2835 5940 2970 6012 ipsis
3002 5943 3266 6008 pecuniae,
3328 5942 3393 6000 ad
3451 5942 3629 6015 impo-
