4120 6280
518 349 631 419 287

1725 353 2049 417 GEORGII
2091 353 2574 431 met-tritam

3663 343 3771 412 288

522 469 683 540 μένον
710 465 878 522 πάλαι
934 465 1031 523 ἅτε
1078 468 1168 523 καὶ
1228 469 1393 525 αὐτὸν
1427 469 1548 525 κατ’
1583 473 1793 528 ἐκείνου
1824 475 1893 528 τὰ
1923 472 2092 527 πολλὰ
2124 481 2162 535 Α
2196 474 2472 545 λοιδοριῶν
2522 473 2596 537 ὡς
2626 471 2851 537 δικαίως
2902 471 3232 540 ἐπεςιοῦσιν.
3288 470 3348 527 ’0
3373 456 3416 524 δ⁴
3441 467 3650 525 ἔνδοθεν
3679 462 3771 532 ἀφ’

521 559 904 630 μωμούμενον.
932 559 1044 616 Καὶ
1067 561 1166 617 σὺν
1199 562 1350 632 σφίσι
1386 565 1487 632 τὴν
1512 566 1649 635 πρὸς
1685 566 1895 620 Exsich
1917 562 2094 637 (ἧν’δ⁹

521 651 615 704 ἐπὶ
637 647 732 703 τοῦ
759 651 995 725 πυργίον
1034 648 1194 724 τότε)
1252 653 1595 722 ὴπείγοντο.·
1636 655 1777 723 Ὀλδζ
1824 657 2092 730 προγνοὺς

522 742 621 813 τὴν
650 742 757 796 τῶν
774 744 1046 797 ἐπιόντων
1070 744 1281 814 ἔφοδον,
1306 747 1401 800 καὶ
1416 740 1493 811 ὡς
1517 748 1609 801 ἐπὶ
1630 752 1772 821 κακῇ
1806 754 2025 822 προῦπη
2036 767 2095 821 ρ-

522 835 693 906 γμὲνῃ
752 828 930 907 φήμῃ.
990 838 1039 890 el
1091 837 1182 891 καὶ
1230 837 1431 910 ψευδὴς
1462 834 1552 912 ἦν,
1606 829 1920 896 ἀπαντῶσιν
1966 841 2089 913 ἤδη,

523 926 783 991 Θραύεται
810 931 909 997 τὴν
935 930 1133 1006 ὁρμὴν,
1169 931 1260 985 καὶ
1290 928 1560 985 εἰσελθὼν
1582 925 1680 1006 τὴν
1717 935 1898 989 Excisa
1922 934 2092 1007 μονὴν

522 1024 615 1076 τοῦ
649 1024 704 1077 ὲν
738 1024 977 1097 μάρτυσι
1023 1027 1281 1097 μεγίστου
1352 1029 1644 1099 Γεωργίου,
1689 1030 1790 1096 τὴν
1844 1029 1939 1082 τοῦ
1970 1026 2092 1091 Διὸς

526 1115 670 1187 ἱεροῦ
695 1117 886 1186 πάλαι,
921 1120 1013 1173 τοῦ
1046 1119 1323 1187 ἀσφαλοῦς
1359 1120 1534 1191 ἑαυτῷ
1591 1104 1863 1192 προύνὸει.
1907 1122 2016 1177 Καὶ
2042 1122 2091 1175 οἱ

524 1209 627 1279 μὲν
649 1210 966 1274 ἐπιστάντες
995 1212 1195 1283 ἔξωθεν
1244 1213 1691 1281 ὲπιζυγωθεισῶν
1748 1212 1857 1268 τῶν
1905 1213 2089 1291 ττυλῶν

521 1304 619 1375 τῆς
650 1304 820 1374 μονῆς
874 1306 1329 1376 ἔσπουδασμένως
1388 1309 1457 1363 τὰ
1509 1308 1607 1379 τῆς
1634 1308 1823 1377 κωφῆς
1877 1308 2093 1389 ἐκείνης

520 1397 853 1468 κατηγορίας
882 1398 1231 1465 συνέπλεκον,
1255 1401 1350 1453 καὶ
1384 1401 1484 1453 οὑκ
1528 1400 1595 1454 ἂν
1624 1400 1810 1470 ελεγον
1835 1401 2090 1472 Ἰωάννην

522 1491 835 1561 περαιτέρω
858 1491 969 1543 τῶν
996 1491 1225 1545 ἐντολῶν
1253 1493 1361 1547 τῶν
1390 1495 1538 1564 παρὰ
1572 1492 1831 1564 βασιλέως
1860 1494 2094 1564 προελη-

521 1580 740 1637 λυθέναι
773 1581 868 1652 (τὸ
900 1584 946 1638 δ’
994 1579 1064 1655 ἦν
1088 1584 1148 1638 τὸ
1175 1587 1273 1657 τὴν
1312 1586 1493 1641 αὐτῶν
1525 1587 1889 1643 ὑπαλλάττειν
1924 1604 2093 1659 στρα-

521 1674 721 1741 τείαν),
741 1677 788 1728 εἰ
824 1677 897 1748 μή
933 1694 996 1745 γε
1018 1677 1117 1731 καὶ
1140 1679 1241 1748 ’τῆς
1268 1680 1348 1741 εἰς
1378 1678 1602 1750 βασιλέα
1633 1681 2093 1752 καταφρονήσεως

521 1767 715 1838 ἄρχειν
745 1768 1003 1837 ἐγνώκει.
1023 1771 1097 1824 Τὸ
1126 1772 1171 1826 δ’
1199 1768 1268 1842 ἦν
1293 1772 1552 1842 ἄντικρυς
1593 1774 2092 1844 καταδημαγωγία,

519 1860 555 1918 si
575 1878 602 1924 ;
628 1862 879 1918 ἐντεῦθεν
908 1863 1007 1936 τὴν
1035 1865 1154 1918 κατ’
1203 1864 1367 1921 αὐτοῦ
1403 1868 1552 1936 σφῶν
1599 1867 1808 1940 ἰσχύειν
1828 1858 2094 1933 ἐπίθεσιν,

526 1953 620 2009 ml.
649 1954 940 2029 πρὸὁλημα
972 1953 1039 2029 ἦν
1072 1958 1252 2025 αὐτοῖς
1285 1960 1508 2031 ἰσχυρὸν
1560 1961 1669 2015 τῶν
1722 1960 1847 2016 κατ’
1885 1961 2095 2016 ἐκείνου

522 2141 1104 2212 tentem'eupiditatem
1139 2140 1439 2199 ulciscendi
1474 2142 1713 2201 moleStze
1739 2145 1897 2215 ipsis,
1923 2161 2099 2218 quan-

528 2236 732 2296 tumvis
764 2251 933 2307 :cquse
984 2252 1047 2292 ac
1083 2237 1297 2306 publice
1377 2239 1638 2296 salutaris
1694 2241 2097 2300 distributionis

508 2312 845 2392 auctorem,
891 2326 1251 2402 Theoleptum
1304 2330 1832 2405 Philadelphiensem
1893 2352 2095 2393 convc-

530 2414 695 2471 niunt
721 2407 1071 2499 episcopum,
1119 2422 1280 2492 eique
1310 2422 1565 2480 deferunt
1611 2428 1965 2483 manifestum
2016 2431 2091 2483 vi-

478 2501 482 2504 i
527 2508 643 2565 deri
677 2526 743 2566 ex
774 2512 842 2567 iis
876 2528 998 2581 quae
1029 2511 1388 2569 Tarehaniota
1426 2528 1635 2588 ageret.
1674 2518 1924 2575 meditari
1973 2535 2095 2577 eum

521 2602 888 2662 defectionem
920 2605 989 2661 ab
1014 2607 1365 2678 imperatore,
1392 2610 1686 2682 omniaque
1717 2611 1909 2667 sedqu
1945 2629 2097 2665 eam.

525 2711 718 2768 parare
754 2707 817 2751 ut
840 2712 963 2753 mox
999 2710 1188 2755 contra
1224 2700 1377 2754 illum
1413 2703 1589 2772 palam
1638 2702 1963 2775 insurgeret.
2000 2704 2098 2760 Fa-

523 2789 628 2844 cile
652 2789 701 2845 id
739 2790 815 2845 illi
850 2802 1248 2860 persuaserunt
1292 2794 1550 2855 antistiti.
1611 2795 1753 2850 male
1778 2796 1889 2867 jam
1939 2808 2095 2853 antea

513 2878 581 2933 .in
621 2876 1054 2936 Tarcbaniotam
1091 2881 1305 2949 aﬂeeto,
1360 2884 1562 2955 quippe
1600 2902 1629 2939 a
1671 2876 1785 2957 quo
1813 2898 2098 2945 contented

524 2973 663 3027 liose
707 2990 765 3029 se
811 2989 1031 3046 quoque
1086 2978 1401 3033 traductum
1433 2989 1484 3033 ct
1540 2981 1757 3034 irrisum
1800 2982 2098 3053 reprehen-

523 3080 759 3134 sumque
794 3066 1158 3123 meminisset.
1189 3068 1332 3141 Ergo
1367 3077 1421 3124 et
1468 3070 1558 3126 hic
1597 3071 1829 3130 ducibus
1866 3072 2094 3129 seditio-

2203 567 2373 637 ὕψους
2403 565 2498 621 τοῦ
2522 565 2738 637 τείχους
2775 566 3086 638 ἑωραμένος
3120 565 3253 637 πρὸς
3274 565 3393 632 τὴν
3439 563 3773 632 κατηγορίαν

2200 656 2457 725 ἀσφαλῶς
2511 655 2720 722 ἵστατο,
2774 656 2871 710 καὶ
2928 654 3006 726 τῷ
3034 657 3287 729 ἀρχιερεῖ
3328 652 3770 725 προσωνείδιζεν,

2201 746 2391 810 ἀνοίας
2413 746 2639 822 κρίνων,
2670 749 2720 801 εί
2752 734 3236 820 συμπεπεισμένος
3257 750 3519 813 τοιούτοις
3548 748 3771 820 ἀνδράσι

2203 839 2379 892 ποιεῖν
2417 839 2486 893 τὰ
2517 840 2681 909 ὃμοια
2706 907 2709 911 ι
2730 840 2872 911 ἔγνω
2905 842 3301 914 παραγεγονὼς
3318 843 3409 898 τὸν
3441 844 3576 915 μηδὲ
3617 844 3773 899 σκιὰν

2201 930 2459 994 ἀπιστίας
2494 930 2695 987 εἰδότα.
2724 934 2948 987 Βασιλεῖ
2969 935 3076 1007 γὰρ
3107 938 3203 992 καὶ
3255 934 3457 1007 μᾶλλον
3486 936 3773 1008 φυλάττειν

2201 1018 2386 1071 πίστιν
2441 1019 2537 1074 καὶ
2575 1019 2801 1091 βεϐαίαν
2827 1008 3015 1096 φέρειν
3062 1009 3448 1096 τῆνίεῦνοιαν,
3514 1026 3663 1097 αὐτῷ
3716 1025 3772 1079 δὲ

2199 1111 2518 1167 τούντεῦθεν
2542 1114 2636 1167 καὶ
2665 1114 2868 1184 μᾶλλον
2895 1120 3023 1189 μηδτ
3066 1118 3142 1182 ὡς
3173 1120 3427 1192 ἀρχιερεῖ
3456 1120 3769 1192 προσέχειν,

2198 1204 2247 1256 εἰ
2277 1204 2376 1274 τὴν
2410 1206 2545 1278 προς
2593 1205 2777 1261 αὐτὸν
2809 1209 2900 1265 διὰ
2958 1209 3056 1282 τὴν
3087 1198 3184 1265 τοῦ
3246 1211 3543 1284 σχίσματας
3594 1213 3772 1266 αἰτίαν

2187 1296 2525 1368 ἀπέχθειαν,
2560 1299 2588 1353 ὃ
2609 1299 2673 1371 δὴ
2698 1304 2793 1355 καὶ
2832 1301 3087 1373 βασιλεὺς
3114 1301 3221 1358 οἶδε
3252 1306 3345 1359 καὶ
3379 1309 3651 1377 συγχωρεῖ
3679 1309 3743 1360 αὐ

2199 1391 2312 1453 τδς.
2348 1395 2463 1456 τοῖς
2489 1394 2672 1448 οὐκέτ’
2701 1393 2821 1451 οὖσι
2844 1395 3280 1470 κατὰβασιλέως
3312 1400 3604 1472 αἰτιάματι
3636 1420 3760 1473 συμ·

2202 1484 2425 1539 πλέκειν
2469 1488 2642 1541 ἐθέλοι
2673 1492 2769 1543 καὶ
2815 1494 2930 1557 τοῖς
2961 1492 3175 1547 ἐπιοῦσι
3207 1496 3590 1564 συμπράττειν
3616 1497 3765 1565 φόνι).

2206 1578 2375 1646 μηδὲν
2428 1566 2725 1651 προσῆκον
2757 1582 2844 1638 διὰ
2873 1583 2972 1653 τὴν
3001 1588 3101 1655 τῆς
3151 1578 3511 1659 συνειδήσεως
3539 1589 3765 1660 καθαρί-

2199 1682 2359 1737 τητας
2413 1672 2605 1728 Ταῦτα
2649 1673 2824 1744 λέγων
2848 1677 3208 1749 ἀντετεχνᾶτο
3249 1682 3523 1747 κάκεῖνος,
3554 1681 3649 1735 καὶ
3677 1684 3774 1755 τὴν

2199 1762 2386 1823 εἰκόνα
2416 1764 2512 1819 τοῦ
2569 1768 2851 1839 μάρτυρος
2898 1770 3079 1838 φέρων
3117 1772 3430 1843 ἐπευφήμει
3461 1776 3587 1839 τοὺς
3629 1776 3773 1838 βασι·

2199 1855 2333 1915 λείς.
2363 1858 2476 1913 Καὶ
2505 1857 2696 1912 λοιπὸν
2730 1861 3013 1932 ἄπρακτον
3050 1865 3152 1929 μὲν
3201 1861 3271 1935 ἦν
3294 1850 3491 1932 αὐτοῖς
3519 1869 3579 1920 τὸ
3604 1872 3773 1939 ἐγχεῖ-

2203 1970 2373 2025 ρηξια,
2409 1951 2500 2028 [Ρ.
2523 1954 2646 2030 177]
2675 1958 2915 2013 συνεῖναι
2963 1957 3010 2012 δ’
3038 1950 3271 2024 ἐκείνοις
3306 1960 3507 2031 ἣκιστα
3536 1964 3771 2041 ἀσφαλὲς

2200 2136 2453 2207 pessimis
2507 2138 2753 2204 armatis,
2819 2138 3058 2195 haberet
3098 2142 3395 2213 perduellis
3432 2144 3499 2199 ad
3560 2162 3775 2202 manum

2200 2245 2432 2299 quorum
2467 2230 2691 2286 lacertis
2740 2247 2805 2287 ac
2855 2234 3212 2292 mucronibus
3257 2237 3564 2306 Augustum
3601 2254 3774 2310 Oppu-

2199 2330 2418 2393 guaret,
2451 2324 2721 2395 Augusto,
2756 2326 2848 2396 qui
2877 2328 3057 2397 ipsum
3088 2326 3463 2396 defenderent,
3499 2332 3773 2388 deessent.

2200 2413 2329 2470 Inde
2355 2415 2493 2470 adeo
2524 2430 2682 2472 suam
2723 2418 2885 2480 hanc.
2937 2408 3123 2489 quam
3171 2422 3509 2479 intentarent
3566 2425 3772 2492 rebelli,

2201 2507 2348 2562 haud
2373 2522 2497 2562 esse
2536 2507 2793 2585 injustam
2828 2513 2959 2567 vim.
2995 2510 3094 2588 Pia
3124 2515 3426 2586 sanctaque
3456 2516 3510 2572 in
3563 2516 3775 2585 hostem

2198 2601 2387 2668 patriae
2423 2614 2542 2655 sese
2568 2614 2720 2654 arma
2757 2602 3043 2670 induisse;
3076 2620 3175 2660 nec
3199 2603 3307 2673 jam
3339 2608 3575 2675 privatas
3605 2608 3776 2664 ultum

2200 2690 2279 2747 ire
2303 2695 2688 2759 contumelias,
2722 2711 2865 2765 quas
2891 2694 3027 2752 sint"
3058 2697 3125 2752 ab
3182 2698 3299 2765 ipso
3349 2700 3617 2770 perpessi,
3682 2700 3776 2757 sed

2199 2791 2493 2856 tyrannum
2528 2790 2918 2843 exsecrabilem
2942 2788 3092 2859 justo
3112 2789 3267 2867 bello
3310 2792 3590 2863 persequi.
3623 2793 3778 2847 Talia

2200 2879 2493 2935 seditiosos
2532 2883 2908 2938 vociferantes
2940 2876 3271 2953 despectans
3298 2900 3327 2939 e
3367 2887 3599 2942 summis
3624 2888 3776 2941 muri

2201 2971 2387 3039 pinnis
2418 2971 2807 3041 Tarebaniota,
2844 2991 2958 3031 suae
3004 2977 3393 3034 defensionem
3450 2980 3778 3035 innocentiae

2201 3080 2324 3119 cum
2360 3067 2605 3135 ipsorum
2657 3068 3013 3145 neeusatioue
3053 3060 3363 3127 inSolentiae
3424 3072 3774 3141 coniunctam

526 3158 615 3211 nis
674 3156 951 3227 immistus
974 3146 1175 3231 infesto
1208 3176 1332 3216 cum
1387 3162 1494 3217 illis
1528 3163 1733 3232 impetu
1766 3164 1831 3219 ad
1860 3163 2095 3221 Tarcha.
2126 3168 2169 3225 c
2201 3172 2267 3213 ex
2300 3167 2417 3213 tuto
2445 3158 2689 3239 disertus
2730 3161 3041 3232 perorabat,
3087 3162 3251 3218 etiam
3302 3158 3451 3220 ultro
3502 3162 3778 3222 Philadel-

526 3248 758 3316 niotam,
788 3253 865 3307 uti
907 3252 1051 3309 haud
1086 3253 1248 3310 dubie
1282 3255 1631 3312 rebellionem
1671 3262 2095 3329 machinantem,

525 3346 893 3401 coercendum
948 3358 1059 3403 aut.
1105 3350 1675 3421 comprehendendum
1735 3354 1905 3410 vadit.
1970 3353 2099 3412 Erat

526 3450 661 3493 tunc
695 3440 741 3495 is
770 3440 825 3496 in
859 3443 993 3495 turri
1022 3443 1278 3512 quadam,
1332 3444 1424 3499 ubi
1456 3444 1525 3500 de
1574 3446 1813 3502 coitione
1866 3434 2097 3518 prsimo—

526 3536 678 3589 nitus
706 3545 759 3591 et
786 3534 1049 3604 imparem
1087 3552 1164 3602 se,
1202 3538 1321 3592 loco
1350 3538 1466 3602 tali,
1537 3547 1707 3602 tanta:
1762 3541 2099 3597 sustinendae

526 3630 874 3704 impressioni
906 3637 1083 3696 ratus,
1117 3630 1268 3685 illinc
1312 3646 1371 3687 se
1401 3633 1714 3701 proripiens
1769 3634 1824 3689 in
1862 3635 2097 3690 vicinum

524 3724 750 3779 maximi
824 3725 1082 3795 martyris
1157 3726 1375 3797 Georgii
1448 3728 1839 3783 monasterium
1916 3728 2097 3801 fugit,

526 3817 756 3887 ejusque
786 3816 995 3872 foribus
1027 3818 1268 3874 occlusis
1296 3819 1407 3874 vim
1446 3835 1633 3875 eorum
1666 3820 1811 3877 fama
1846 3838 2099 3893 praenun-

526 3907 715 3962 tiatam
749 3912 1055 3979 opperitur.
1085 3908 1285 3966 Fuerat
1322 3911 1431 3965 illic
1457 3911 1777 3969 olimJovis
1808 3917 2099 3986 templum,

527 3999 836 4056 christiano
906 3999 1104 4057 deinde
1159 4002 1264 4057 ritu
1317 4003 1591 4073 expiatum
1640 4018 1698 4060 et
1745 4006 1799 4060 in
1838 4008 2099 4063 honorem

527 4094 703 4148 sancti
754 4094 1014 4166 martyris
1058 4093 1273 4167 Georgii
1307 4095 1644 4154 dedicatum.
1682 4098 1760 4155 Eo
1793 4100 2099 4172 ingressum

528 4182 715 4254 ibique
736 4184 988 4243 obductis
1021 4202 1209 4244 secure
1242 4188 1656 4246 foribus'tutum
1690 4193 1939 4249 seditiosi
1971 4194 2104 4249 Tar-

535 4276 851 4335 ehaniotam
886 4280 1172 4337 audientes
1202 4282 1372 4337 nihilo
1400 4284 1581 4340 secius
1610 4283 1753 4355 facta
1790 4302 1951 4341 manu
1980 4302 2105 4344 'mo-

530 4371 775 4427 nasterio
801 4386 860 4427 se
892 4372 1203 4443 admovent,
1221 4385 1273 4429 et
1300 4382 1473 4441 extra,
1502 4384 1559 4429 ut
1582 4383 1757 4442 erant,
1782 4377 1993 4445 magnis
2015 4392 2110 4433 vo-

526 4462 683 4518 cibus
705 4463 885 4519 fictam
912 4466 1059 4519 illam
1093 4467 1336 4539 cogitatae
1360 4467 1751 4537 perduellionis
1773 4468 2102 4524 calumniam

480 4578 486 4584 ·
527 4547 822 4626 oggerunt,
856 4556 990 4610 falso
1012 4558 1160 4612 illum
1186 4557 1427 4627 iactasse
1454 4558 1816 4616 vociferantes
1851 4574 1931 4624 se,
1972 4560 2100 4617 dum
2133 4527 2187 4588 Β

531 4648 686 4719 ipsos
709 4648 991 4719 spoliaret,
1028 4650 1255 4720 Augusti
1320 4652 1591 4708 mandatis
1623 4653 1877 4725 obsequi.
1915 4654 2102 4727 Longe

530 4741 736 4819 quippe
763 4728 902 4796 ultra
931 4744 1263 4800 voluntatem
1311 4759 1376 4800 ac
1408 4746 1830 4804 destinationem
1870 4737 2104 4804 omnem

532 4835 947 4892 clementissimi
984 4836 1243 4906 principis
1269 4838 1426 4893 istam
1458 4838 1576 4906 ejus
1606 4839 1880 4910 perﬁdiosi
1905 4856 1970 4896 ac
2009 4857 2104 4896 ra-

532 4929 812 5001 pacissimi
879 4930 1113 4985 ministri
1166 4930 1460 4987 violentam
1492 4931 1546 4985 in
1577 4932 1735 5004 261
1780 4948 1841 4991 se
1884 4950 2106 5004 grassa-

536 5023 1134 5093 tionemproressissc.
1171 5022 1278 5079 Nec
1322 5022 1547 5078 dubium
1576 5025 1765 5093 [videri
1810 5026 1941 5097 quin
2002 5027 2105 5083 hoc

533 5111 653 5182 ipse
678 5112 733 5169 id
765 5113 974 5184 agendo
1009 5125 1328 5183 spectasset,
1360 5122 1418 5170 ut
1447 5130 1505 5170 se
1529 5129 1560 5171 ιι
1589 5114 1783 5170 militia
1815 5130 1911 5185 per
1943 5116 2102 5175 istam

535 5204 935 5261 intolerabilem
962 5206 1311 5277 spoliationis
1346 5207 1600 5273 iniuriam
1633 5208 1897 5279 depulsis,
1924 5209 2103 5279 praeda

536 5299 669 5368 ipsis
702 5308 912 5353 extorta
941 5299 1233 5355 Seditiosos
1267 5310 1604 5367 auetoraret,
1636 5316 1868 5371 quorum
1900 5301 2000 5356 sibi
2025 5302 2104 5355 sic

534 5390 897 5445 οιιιυκίοτιιιιι
930 5390 1033 5447 fida
1079 5406 1245 5460 opera
1301 5400 1548 5447 uteretur
1593 5392 1661 5448 ad
1724 5393 2101 5457 rebellionem,

533 5502 697 5555 quam
732 5486 1038 5551 moliretur,
1067 5485 1123 5541 in
1156 5489 1539 5557 imperatorem
1565 5490 1992 5559 exsequendam.
2026 5489 2106 5544 Ad

535 5579 645 5635 hoc
668 5578 823 5649 plane
854 5580 1181 5648 pertinuisse
1214 5580 1360 5633 illam
1414 5580 1675 5635 allectata:
1724 5570 2105 5651 popularitatis

535 5672 802 5739 speciem,
838 5671 957 5726 illas
990 5685 1054 5726 ex
1088 5670 1266 5739 alieno
1299 5670 1639 5741 largitiones,
1701 5672 1825 5731 illas
1884 5670 2105 5725 eﬂ'usio-

536 5779 636 5817 Ιιῦθι
671 5762 721 5817 in
757 5764 1079 5820 vilissimum
1114 5780 1385 5834 quemque
1444 5767 1689 5833 pecunia:
1722 5764 1939 5833 injuriis
1972 5781 2107 5820 eou-

532 5851 693 5917 ﬂataa.
751 5857 955 5923 rapinis
981 5864 1247 5922 extortae,
1290 5870 1347 5910 ut
1407 5854 1723 5912 melioribus
1788 5852 2106 5923 debilitatis,

2203 3244 2482 3317 pltiensem
2526 3252 2841 3325 increpans,
2880 3254 3024 3325 quod
3055 3270 3178 3312 eum
3236 3251 3344 3312 non
3399 3257 3634 3327 puderet
3685 3272 3778 3315 sa-

2202 3354 2493 3401 crosancta
2520 3346 2800 3417 insignem
2833 3347 3104 3419 dignitate
3131 3351 3499 3420 sanguinariis
3524 3366 3583 3407 se
3608 3352 3779 3419 latro-

2202 3438 2367 3493 nibus
2396 3438 2591 3496 ducem
2623 3440 2690 3495 ad
2715 3442 2897 3497 scelus
2931 3434 3072 3497 ferre
3100 3436 3116 3498 έ
3150 3462 3170 3496 ι
3207 3442 3474 3515 Omittite,
3503 3446 3638 3502 heus
3659 3438 3775 3511 vos,

2203 3532 2502 3603 inquiebat,
2534 3535 2581 3591 si
2607 3535 2732 3607 quis
2775 3536 2951 3607 pudor
2985 3546 3093 3600 est.
3148 3539 3470 3596 mendacem
3521 3540 3777 3610 jactatio-

2205 3639 2329 3679 nem
2359 3635 2553 3681 vestrze
2576 3618 2634 3682 in
2666 3629 2973 3699 Augustum
3000 3630 3145 3695 ﬁdei,
3181 3636 3271 3701 qui
3300 3649 3410 3688 non
3437 3633 3620 3690 studio
3652 3619 3778 3705 erga

2204 3717 2504 3788 principem
2557 3720 2915 3783 sineero,scd
2969 3721 3096 3777 odio
3145 3726 3407 3780 adversus
3459 3723 3777 3780 fidissimum

2206 3808 2309 3880 ipsi
2338 3811 2675 3874 ministrum,
2708 3812 2901 3869 ducem
2932 3824 3198 3881 vestrum,
3256 3832 3402 3872 saevo
3456 3818 3780 3887 nefarieque

2203 3902 2581 3958 concitantini.
2628 3903 2969 3963 Rebellionis
3017 3922 3182 3979 quam
3234 3908 3434 3977 ﬁngitis
3466 3926 3531 3965 ne
3588 3912 3778 3966 umbra

2205 3997 2422 4066 quidem
2462 4007 2556 4052 aut
2581 3999 2757 4069 prima
2782 4000 3043 4073 cegitatio
3064 3994 3459 4057 conscientiam
3484 4002 3782 4059 maculavit

2206 4106 2406 4149 meam.
2468 4090 2654 4147 Fidem
2706 4094 3019 4165 imperatori
3071 4106 3231 4150 servo
3298 4095 3565 4167 integram
3630 4112 3783 4155 nunc

2208 4185 2481 4250 maxime;
2513 4184 2567 4239 in
2594 4185 2753 4257 cujus
2796 4187 3121 4259 obsequium
3180 4187 3378 4247 aﬁ'cctu
3426 4190 3783 4247 devotissimo

2207 4271 2411 4327 nemini
2440 4259 2833 4332 icoucedo.'Te
2874 4293 3028 4344 vero,
3069 4295 3086 4329 ι
3126 4276 3481 4349 Tlteolcptum
3538 4280 3781 4350 intuens,

2215 4383 2233 4415 ι
2269 4380 2547 4435 nunquam
2583 4368 2847 4439 cpiscOpi,
2877 4370 3022 4438 quod
3056 4369 3198 4426 falso
3240 4374 3405 4445 geris,
3439 4374 3783 4443 compellabo

2212 4458 2451 4524 nomine,
2497 4469 2591 4515 aut
2630 4461 2813 4517 debita
2847 4462 2940 4518 isti
2983 4463 3173 4533 gradui
3202 4465 3784 4546 venerationelprose-

2211 4554 2505 4624 quar.lsta
2553 4553 2757 4611 dudum
2815 4561 3146 4614 commercia
3205 4559 3348 4615 inter
3410 4544 3522 4618 nos
3564 4562 3786 4633 abrupit

2210 4651 2369 4699 vetus
2399 4645 2467 4700 de
2494 4646 2757 4716 religione
2808 4646 3119 4702 discidium.
3160 4646 3375 4703 Dudum
3403 4659 3490 4704 est
3545 4664 3669 4704 cum
3722 4659 3781 4707 tu

2207 4755 2295 4795 me
2324 4741 2757 4809 schismaticum,
2808 4757 2909 4813 ego
2957 4752 3008 4798 te
3052 4740 3340 4823 profanum
3389 4760 3612 4801 censeo.
3655 4744 3785 4803 Haec

2209 4840 2314 4887 tuae
2337 4848 2365 4887 a
2399 4844 2506 4899 me,
2531 4849 2697 4903 quam
2733 4835 2867 4890 nihil
2894 4851 3098 4898 moror,
3125 4836 3432 4893 aversionis
3467 4853 3595 4893 vera
3617 4854 3782 4895 causa

2206 4936 2308 4982 est.
2354 4910 2452 4983 nec
2483 4928 2582 4985 ista
2629 4928 2813 4997 ignota
2868 4929 3124 4998 principi,
3156 4928 3313 4998 cujus
3345 4937 3398 4985 te
3429 4929 3547 4985 zelo
3600 4930 3786 5003 digni-

2210 5021 2338 5076 tatis
2367 5030 2424 5075 et
2458 5021 2750 5076 formidine
2780 5022 3009 5090 periculi
3046 5021 3259 5077 moveri
3298 5023 3568 5093 mentiris.
3624 5022 3784 5081 Tolle

2209 5112 2451 5179 fraudes,
2482 5128 2676 5168 amove
2709 5113 3094 5170 confictionem
3161 5115 3443 5170 vanissimi
3494 5115 3781 5172 criminis:

2209 5206 2380 5263 fatere
2417 5215 2468 5263 te
2500 5206 2691 5263 contra
2723 5207 2959 5263 ofﬁcium
2997 5207 3387 5265 ecclesiastica
3411 5205 3676 5274 leuitatis,
3709 5209 3787 5265 si-

2210 5301 2431 5354 tientem
2452 5292 2568 5354 ’mei
2597 5301 2903 5369 sanguinis,
2935 5300 3004 5354 ab
3036 5300 3387 5369 iniquissima
3446 5299 3782 5370 minimeque

2209 5392 2491 5447 verisimili
2548 5392 2862 5458 suspicione
2917 5400 3024 5446 tute
3060 5391 3286 5447 immani
3335 5394 3646 5451 crudelitati
3683 5393 3786 5451 ob—

2212 5493 2421 5538 tentum
2459 5488 2749 5553 (interere,
2787 5484 3006 5538 interim
3057 5483 3211 5550 dum,
3271 5486 3417 5555 quod
3473 5492 3810 5543 monstrum~

2210 5576 2266 5631 in
2293 5578 2578 5632 sacerdote
2625 5577 2717 5643 sit,
2778 5576 3022 5631 cruentis
3083 5585 3136 5631 te
3176 5576 3392 5632 sicariis
3441 5576 3781 5645 immiscens,

2209 5684 2472 5743 quantum
2518 5680 2715 5742 potes,
2773 5669 3085 5740 cooperaris
3141 5669 3211 5728 ad
3260 5669 3462 5725 caedem
3519 5670 3783 5736 hominis.

2208 5777 2358 5833 purae
2386 5766 2530 5820 omni
2563 5765 2684 5820 labe
2700 5765 2861 5843 262
2887 5756 3234 5819 conscientiae.
3261 5765 3436 5848 veraci
3466 5763 3786 5845 testimonio

2211 5856 2676 5915 innocentissimi.
2718 5874 2734 5908 ι
2768 5854 3194 5922 ΤιιΙίιι-Ιυςιιιυε,
3231 5854 3525 5912 utiufesns
3570 5856 3784 5913 machi-
