4120 6280
444 386 552 453 293

1409 386 1504 447 DE
1549 386 1989 446 ANDRONICO
2030 383 2491 445 PALAEOLDGO
2532 384 2677 448 LIB.
2726 382 2842 442 III.

3621 380 3730 445 294

444 501 670 569 ὕστερον
706 496 985 562 Ἰουδαίοις
1026 496 1326 569 ὑπηρέταις
1364 499 1457 551 καὶ
1483 493 1564 562 οἷς
1609 499 1687 561 είς
1719 496 1786 550 τὰ
1814 495 2034 551 τοιαῦτα
2064 518 2105 568 Α
2137 497 2203 566 τῇ
2232 495 2325 549 τοῦ
2355 493 2623 565 Xylin-(ou
2650 492 2866 563 συζύγῳ
2915 490 3269 563 προσϐάλλει.
3322 490 3591 563 Σμίλτζου
3626 493 3725 548 τοῦ
3754 504 3758 507 ‘

446 590 668 660 ἔθάῤῥει
720 589 1100 659 χρησάμενος,
1154 589 1444 658 ἀποπνίγει
1481 588 1892 657 κεκλεισμένον,
1933 590 2029 641 καὶ

441 682 535 735 τὸν
570 682 698 752 τῇδε
729 681 1170 752 πατριαρχοῦντα
1198 681 1455 753 Ὶωακεὶμ
1488 682 1928 751 κατεκρήμνισεν
1951 676 2027 740 ὡς

443 774 585 841 σφᾶς
618 771 917 841 προδοῦναι
955 771 1221 843 Τοχάροις
1280 772 1344 824 τὸ
1389 771 1556 825 πάλαι
1589 768 2024 834 ὑποπτευθέντα,

442 867 534 919 καὶ⁵
561 864 733 930 οὕτως
759 865 819 933 ἐξ
843 865 1173 935 ἀλαστορίας
1196 862 1490 934 τόσηςιτῶν
1517 862 1656 918 ὅλων
1681 860 1870 931 κύριος
1888 860 2028 929 γίνε.

440 977 551 1013 ται.
587 960 696 1013 Καὶ
728 958 850 1013 κατ’
880 957 1061 1027 ὀλίγον
1091 950 1401 1029 προϐαίνων
1430 951 1810 1025 κραταιοῧται,
1848 954 1896 1006 εί
1923 952 2021 1007 καὶ

443 1053 651 1121 φθάσας
682 1052 710 1105 ὁ
736 1049 988 1121 βασιλεὺς
1017 1050 1124 1120 πρὸ
1148 1048 1242 1102 τοῦ
1268 1032 1476 1103 ἐκεῖνον
1507 1046 1646 1110 ὅλως
1681 1043 2033 1117 κραταιωθῆο

440 1162 547 1209 ναι,
580 1142 691 1196 τῶν
719 1142 1048 1213 Βουλγάρων
1079 1139 1409 1213 πεμψάντων
1437 1139 1531 1192 καὶ
1556 1138 1649 1190 τὸν
1670 1139 1733 1190 ἐκ
1749 1136 1844 1191 τοῦ
1873 1138 2031 1191 Κων-

443 1236 724 1290 σταντίνου
761 1235 877 1289 υἱὸν
906 1215 1007 1303 τῆς
1051 1232 1271 1303 Μαρίας
1323 1230 1634 1301 ζητούντων
1669 1230 1750 1293 είς
1802 1228 2029 1299 βασιλέα

440 1328 526 1381 διὰ
562 1328 623 1380 τὸν
660 1327 902 1393 ὲξὰντεις
945 1326 1045 1397 ἤδη
1104 1323 1365 1394 φανείσης
1417 1322 1728 1395 Τοχαρικῆς
1778 1318 2026 1386 ἐξουσίας
2065 1348 2071 1353 ι

440 1419 687 1490 γίνεσθαι
720 1418 1027 1491 βούλεσθαι,
1073 1415 1393 1481 ἀποστέλλει
1422 1416 1513 1468 τὸν
1552 1412 1791 1484 Μιχαὴλ,
1838 1412 1899 1477 ὃς
1932 1410 2027 1467 καὶ

330 1504 333 1505 ν
441 1514 595 1567 οὐδὲν
616 1514 775 1566 πλέον
800 1512 925 1583 ἔσχε
946 1510 1279 1583 Βουλγάροις
1328 1508 1555 1569 ὶπιστὰς
1587 1507 1620 1579 ἢ
1658 1507 1720 1561 τὸ
1752 1506 1857 1573 ἔξω
1882 1507 2025 1572 Τερ-

442 1605 597 1660 νόϐου
622 1602 1058 1677 περιπλανᾶσθαι
1089 1602 1181 1656 καὶ
1236 1600 1348 1673 βίον
1377 1599 1585 1673 τρίϐειν
1622 1597 1891 1657 ἰδιωτικοῦ
1929 1596 2027 1667 μὲν

442 1699 505 1757 οὐ
535 1698 745 1772 πάρῤω,
777 1696 910 1758 τέως
939 1694 998 1748 δὲ
1031 1692 1281 1767 βασιλείᾳ
1306 1693 1513 1764 ἣκιστα
1536 1691 1847 1762 πρέποντα.
1880 1688 2024 1743 Ἀλλ’

442 1793 583 1848 οὕτω
619 1790 720 1862 μὲν
744 1786 1256 1858 Ὀσφεντίσθλασος,
1286 1786 1344 1850 ὃς
1374 1786 1470 1839 καὶ
1502 1784 1641 1857 μετὰ
1668 1785 1899 1855 χρόνους
1928 1780 2023 1835 τοῦ

2102 628 2105 631 -
2133 588 2238 659 πρὸ
2264 588 2447 657 ὀλίγου
2478 592 2569 646 καὶ
2614 587 2780 641 αὐτοῦ
2817 586 3150 667 Βουλγάρων
3182 585 3444 660 ἄρξαντος
3474 584 3726 659 βουλήσει

2116 682 2290 751 Νογᾶ
2320 682 2655 749 ἀποδράντος
2684 679 2777 734 τοῦ
2829 681 2875 733 Τ
2878 680 3098 757 ερτερῆ,
3125 683 3181 737 ει
3209 682 3300 736 καὶ
3339 681 3478 752 μετὰ
3529 682 3728 752 μικρὸν

2130 777 2220 831 διὰ
2266 775 2327 829 τὸ
2382 777 2545 846 κῆδος
2600 776 2696 828 καὶ
2742 773 2835 827 τὸν
2890 773 3112 839 Τζακᾶν
3168 771 3599 844 προτιμηθέντος
3630 773 3725 829 τοῦ

2148 866 2636 936 ’θσφεντισθλάϐου
2672 866 2809 937 μετὰ
2846 866 2937 919 τὸν
2980 866 3201 930 Τζακᾶν
3238 864 3469 938 φροῦδος
3498 868 3528 921 ὁ
3562 865 3725 936 Σμίλα

2135 959 2265 1024 τζος
2318 960 2549 1027 γίνεται.
2595 958 2743 1015 Τότε,
2787 960 2968 1011 τοίνυν
3007 959 3071 1013 ἐκ
3121 957 3526 1029 Θεσσαλονίκης
3572 957 3727 1032 παρὰ

2132 1050 2396 1121 βασιλέως
2450 1052 2849 1115 ἀποσταλέντες
2900 1052 2949 1103 οί
2986 1052 3117 1122 περὶ
3173 1052 3264 1105 τὸν
3307 1052 3717 1120 Ῥαδοσθλάϐιὶν¹

2134 1148 2234 1201 σὺν
2261 1147 2374 1210 τοῖς
2424 1148 2721 1217 μεγιστᾶσι
2765 1146 2856 1201 τοῦ
2905 1144 3199 1217 βασιλέως,
3243 1146 3577 1217 Βουλγάροις
3613 1150 3728 1212 τοῖς

2129 1242 2261 1310 περὶ
2284 1241 2383 1309 τὸν
2408 1238 2714 1310 Ἐλτιμηρῆ
2746 1239 3150 1310 προσϐάλλουσι
3179 1240 3322 1293 κατὰ
3348 1240 3441 1292 τὸν
3479 1241 3724 1310 Κρουνδν

2132 1330 2277 1395 ἰδίως
2309 1330 2582 1401 ᾶρχοντα·
2620 1328 2741 1383 καθ’
2787 1324 3056 1394 ὧνάὐτδς
3099 1330 3455 1403 ἀριστεύσας,
3494 1332 3589 1386 τὸν
3624 1331 3743 1400 μὲν

2131 1406 2613 1495 σεδαστοκράτορα
2666 1420 3027 1491 ὲκτυφλώσας
3059 1422 3271 1475 στέλλει
3306 1424 3457 1492 παρὰ
3493 1422 3723 1493 βασιλέα

2130 1515 2268 1586 πρὸς
2295 1514 2395 1583 τὴν
2416 1514 2623 1569 οίκείαν
2650 1513 2815 1569 αὐτοῦ
2851 1515 3103 1586 σύζυγον,
3129 1516 3255 1579 τοὺς
3282 1516 3337 1570 δέ
3367 1532 3428 1583 γε
3467 1516 3729 1585 its-{tard-

2130 1622 2231 1671 νας
2270 1605 2561 1676 Ῥωμαίων
2583 1606 3063 1679 Ὀσφεντισθλὰὃῳ
3102 1608 3337 1678 πέμπει,
3398 1606 3490 1672 οὓς
3520 1608 3585 1678 δὴ
3628 1606 3726 1660 καὶ

2129 1699 2381 1769 κατέχων
2425 1699 2631 1763 ὲκείνας
2684 1700 2745 1754 οὐ
2792 1701 3059 1771 πρᾶτερον
3086 1701 3322 1772 διαφῆκε
3352 1702 3483 1771 πρὶν
3534 1700 3601 1755 ἂν
3629 1701 3722 1758 τοῦ

2128 1790 2336 1860 πατρὸς
2350 1789 2594 1862 Τερτερῆ
2625 1791 2776 1862 παρὰ
2800 1781 3066 1861 βασιλέως
3089 1792 3383 1863 ἠμείψατο.
3413 1793 3521 1845 Καὶ
3546 1792 3722 1857 οὕτως

449 1885 578 1939 ίδίου
606 1881 811 1953 πατρὸς
837 1877 1080 1951 Τερτερῆ
1112 1877 1338 1942 πολλοὺς
1363 1877 1473 1930 τῶν
1492 1875 1586 1929 τοῦ
1605 1876 1868 1930 παλατίου
1900 1874 2027 1929 ἀντ·
2057 1885 2098 1936 Β
2131 1882 2248 1953 ἅμα
2284 1883 2381 1954 μιν
2406 1883 2656 1938 ἐντεῦθεν
2678 1886 2706 1938 ο
2741 1884 3039 1956 Τερτερῆς,
3064 1885 3182 1954 ἅμα
3220 1886 3264 1940 δ·
3298 1886 3508 1941 ἐκεῖθεν
3540 1888 3589 1940 οξ
3620 1903 3719 1955 με..

444 1973 692 2047 ήλλαξεν.
746 1971 835 2045 [Ρ.
868 1969 997 2043 180]
1041 1970 1099 2024 '0
1128 1968 1239 2041 γὰρ
1268 1969 1377 2023 τῶν
1406 1967 1736 2037 Βουλγὰρων
1768 1962 2026 2019 σεὸαστοο

446 2069 668 2140 κράτωρ
734 2063 1120 2128 Ῥαδοσθλάϐος
1172 2062 1381 2134 βασιλεὶ
1440 2060 1875 2132 προσχωρήσας,
1933 2057 2028 2114 καὶ

445 2163 573 2236 παρ’
598 2158 766 2216 αὐτοῦ
790 2158 855 2231 δὴ
882 2158 958 2222 είς
978 2157 1040 2211 τὸ
1066 2156 1165 2227 τῆς
1196 2154 1761 2229 σεῦαστοκρατορείας
1786 2152 2025 2223 βεϐαιω-

446 2257 558 2318 Osi;
584 2254 830 2324 ἀξίωμα,
857 2252 1047 2321 γένους
1087 2250 1165 2304 ὢν
1196 2248 1290 2303 τοῦ
1328 2249 1637 2320 πρωτίστου
1672 2247 1827 2319 παρὰ
1855 2243 2026 2299 Βουλ-

446 2348 632 2419 γᾲροις
677 2347 777 2417 (τῷ
821 2346 929 2416 γὰρ
977 2341 1226 2414 Σμίλτζῳ
1272 2339 1369 2395 καὶ
1404 2336 1759 2412 ὼμαιμὸνει),
1808 2335 2029 2404 σύναμα

447 2442 718 2503 πλείστοις
742 2437 1041 2507 Ἐλτιμηρῇ
1068 2435 1210 2487 κατὰ
1237 2434 1328 2486 τὸν
1354 2432 1593 2503 Κρουνὸν
1619 2429 1910 2500 δεσποτεία
1930 2444 2023 2481 τε·

447 2533 755 2610 τιμημὲνῳ,
786 2528 1001 2603 ἁδελφῷ
1029 2544 1093 2598 γε
1114 2528 1228 2586 δντι
1256 2526 1350 2580 τοῦ
1377 2525 1648 2599 Τερτερῆ,
1676 2523 1771 2578 καὶ
1798 2522 1941 2599 αὐτῇ
1961 2520 2027 2593 δὴ

449 2717 747 2788 imperator
767 2711 1017 2779 studens.
1042 2716 1266 2783 arrepta
1292 2709 1525 2764 libenter
1548 2706 1846 2763 occasione
1874 2687 2027 2777 lega-

448 2808 615 2865 tionis
653 2806 722 2862 ad
749 2820 809 2863 se
838 2804 1025 2859 missa:
1055 2802 1421 2871 quorumdam
1459 2802 1840 2874 Bulgarorum,
1875 2799 2024 2855 Con-

334 2927 343 2935 -
448 2900 675 2965 stantini
724 2898 1003 2970 quondam
1058 2885 1306 2967 ipsorum
1359 2896 1591 2966 regisex
1641 2893 1807 2949 Maria
1855 2894 2023 2948 lilium

446 2994 500 3049 in
522 3006 705 3063 regem
728 2989 1098 3062 poscentium,
1123 2997 1176 3043 et
1193 2986 1359 3060 266
1379 2985 1594 3058 te'mpus
1614 2996 1800 3057 aptum
1836 2983 2027 3042 existi-

447 3084 716 3149 mantium
756 3080 1097 3148 restituendo
1145 3080 1275 3135 huic
1328 3081 1385 3135 in
1432 3088 1722 3154 paternum
1769 3092 2022 3148 regnum,

448 3179 669 3251 quando
692 3193 786 3237 res
806 3177 1186 3237 Tocharorum
1214 3175 1558 3231 infensorum
1593 3172 1698 3245 ipsi
1729 3171 2025 3227 confirma-

448 3281 515 3326 tae
535 3271 777 3328 nondum
799 3278 957 3327 erant
980 3271 1035 3328 in
1062 3258 1280 3341 plenum
1300 3267 1475 3324 robur
1500 3282 1563 3321 ex
1601 3280 1873 3321 concussu
1894 3263 2023 3319 belli

448 3363 779 3421 atrocissimi
817 3360 1018 3428 civilis,
1071 3363 1232 3432 cujus
1277 3369 1555 3430 utcunque
1583 3359 1761 3414 victor
1800 3354 2027 3411 Tuctais

449 3467 502 3515 et
524 3458 729 3513 multos
760 3458 1019 3512 amiserat
1042 3469 1291 3519 suorum,
1319 3458 1374 3508 et
1393 3450 1546 3525 regio
1563 3465 1728 3521 quam
1753 3446 2029 3504 vincendo

450 3549 786 3622 acquisierat
834 3556 1049 3603 vastata
1101 3546 1457 3613 desolataque
1483 3543 1539 3598 in
1585 3542 1810 3611 longum
1849 3539 2027 3595 adhuc

452 3653 665 3715 tempus
706 3651 943 3704 erat,—
971 3639 1152 3709 hujus,
1206 3638 1458 3708 inquam,
1507 3634 1835 3693 invitatione
1880 3632 2026 3703 lega-

453 3738 617 3791 tionis
668 3734 989 3790 Michaelem
1043 3731 1111 3787 ad
1154 3730 1450 3800 Bulgaros,
1496 3738 1658 3799 prout
1701 3725 2024 3798 poscebant,

450 3830 620 3886 misit.
657 3827 722 3881 Et
766 3825 1015 3898 pervenit
1041 3825 1134 3881 ille
1182 3824 1405 3894 quidem
1456 3822 1510 3875 in
1546 3819 1894 3891 Bulgariam:
1927 3832 2031 3873 cae-

451 3932 628 3977 terum
670 3921 813 3977 haud
856 3922 1079 3991 paratas
1112 3918 1226 3973 illic
1259 3932 1360 3989 pro
1392 3924 1520 3970 voto
1544 3929 1631 3969 res
1678 3912 1902 3983 reperit,
1941 3912 2026 3967 fa-

450 4017 632 4071 ctione
654 4023 777 4085 qute
802 4013 955 4068 illum
997 4011 1331 4068 accersierat
1364 4023 1475 4064 non
1503 4006 1717 4062 valente
1749 4008 1802 4061 in
1835 4006 2029 4061 urbem

451 4110 657 4179 regiam
686 4121 812 4164 eum
860 4103 1242 4162 introducere.
1295 4101 1477 4169 Quare
1516 4099 1743 4154 Michael
1786 4109 2028 4153 tantum-

451 4204 614 4259 modo
670 4216 874 4272 vagans
916 4210 1074 4256 extra
1106 4198 1417 4255 Tcrnobum
1461 4197 1627 4253 vitam
1676 4195 1868 4267 agebat
1912 4209 2027 4251 non

453 4296 685 4350 multum
712 4296 921 4367 privata
953 4293 1267 4356 clariorem,
1299 4300 1448 4347 certe
1476 4305 1505 4343 a
1532 4286 1848 4360 principalis
1879 4283 2028 4339 fasti-

452 4389 526 4461 gii
570 4388 866 4460 splendore
913 4386 1211 4454 plurimum
1261 4383 1606 4444 deficientem
1655 4396 1721 4437 ac
1752 4378 2026 4450 maiestati

451 4482 613 4551 regite
649 4480 873 4536 minime
919 4479 1205 4542 decoram,
1252 4492 1439 4532 rerum
1491 4477 1601 4532 illic
1635 4473 1808 4530 nihilo
1845 4473 2027 4530 secius

2106 1977 2383 2049 'ytc‘rdvt;
2426 1974 2718 2046 Ῥωμαίων
2750 1977 2833 2039 εἰς
2876 1976 3007 2031 δέκα
3042 1977 3138 2032 καὶ
3181 1977 3333 2046 τρεῖς
3387 1977 3717 2048 ποσούμενοι

2126 2066 2451 2125 ἀπελύοντο.
2474 2067 2549 2122 Οὐ
2596 2069 2702 2139 μὴν
2720 2067 2777 2120 δὲ
2801 2069 2911 2123 καὶ
2929 2068 3221 2124 ἀπολαϐὼν
3250 2069 3343 2125 τὸν
3366 2072 3583 2141 πατέρα
3606 2070 3633 2122 δ
3658 2069 3718 2136 ἐξ
3811 2078 3817 2088 ·

2126 2158 2294 2216 αὐτοῦ
2323 2158 2602 2232 βασιλικῆς
2633 2158 2808 2227 ἀξίας,
2826 2161 3119 2233 hunc“,
3150 2160 3286 2219 ἀλλὰ
3322 2164 3425 2234 μιᾷ
3446 2162 3562 2216 τῶν
3591 2160 3717 2216 καθ’

2125 2252 2289 2307 αὐτὸν
2313 2253 2523 2307 πόλεων
2552 2253 2931 2325 περικλείσας,
2966 2253 3042 2317 ὡς
3087 2249 3223 2327 ἧκεν
3272 2255 3405 2326 ἡμῖν
3442 2256 3476 2329 ἡ
3510 2256 3717 2320 πίστις,

2125 2345 2497 2414 ἀπραγμόνως
2549 2343 2651 2417 ζῇν
2694 2346 2754 2401 ὲν
2803 2348 3036 2416 τρυφαῖς
3072 2345 3135 2418 δὴ
3172 2346 3268 2399 καὶ
3300 2346 3491 2414 μόναις
3537 2362 3714 2418 παρεο

2129 2441 2416 2493 σκευάκει.
2468 2438 2579 2498 Καὶ
2626 2439 2655 2493 ὀ
2703 2438 2803 2509 μὲν
2846 2426 3576 2508 Ὄσιρεντίσθλαὸοςταῦταγ
3603 2442 3716 2497 ἐπὶ

2127 2528 2299 2601 νηπία
2328 2531 2395 2601 τῇ
2426 2527 2615 2601 ἡλικία
2645 2530 2743 2585 καὶ
2776 2529 3112 2605 συνειρχθεὶς
3141 2531 3207 2603 τῇ
3243 2532 3417 2605 μητρὶ
3447 2531 3595 2589 κατὰ
3618 2528 3721 2585 Ni-

2127 2710 2460 2791 suhstitutus
2516 2724 2547 2766 a
2598 2709 2749 2783 Noga
2818 2711 3124 2783 transfugae
3180 2713 3249 2769 ad
3322 2714 3716 2784 imperatorem

2125 2801 2373 2863 Terteri:
2414 2802 2511 2861 sed
2542 2802 2680 2861 solio
2731 2813 2979 2859 cesserat
3007 2802 3181 2859 Tzaca
3222 2805 3458 2875 primum
3508 2821 3755 2877 prmva-.

2128 2897 2313 2963 lente;
2351 2911 2476 2955 mox
2521 2911 2549 2949 a
2586 2894 3010 2955 subinsinuante
3055 2912 3177 2956 sese
3224 2898 3719 2969 Ospbeutisthiabo

2128 2987 2296 3051 initio
2324 2987 2545 3059 quidem
2598 2986 2809 3054 Tzacae,
2855 2990 2944 3045 cui
2980 2989 3229 3060 parebat,
3276 2991 3477 3062 gratia,
3521 2990 3719 3048 deinde

2126 3078 2332 3148 opibus
2364 3078 2642 3134 dotalibus
2669 3080 2907 3135 conﬂata
2948 3080 3189 3141 factione
3224 3082 3457 3143 Tzacam
3497 3100 3719 3158 quoque

2129 3172 2309 3242 ipsum
2365 3171 2689 3243 deﬁciente.
2738 3171 2986 3229 funditus
3035 3188 3264 3231 eversus
3308 3182 3635 3248 amotusque
3682 3193 3715 3236 ο

2131 3264 2311 3321 medio
2351 3264 2554 3325 fuerat.
2589 3264 2747 3322 liunc
2772 3280 2902 3336 ergo
2934 3264 3374 3331 Radosthiabum
3417 3271 3718 3341 imperator

2128 3367 2421 3429 postquam
2446 3358 2515 3413 ad
2545 3374 2669 3415 sese
2700 3360 3111 3428 confugientem
3143 3363 3452 3433 excepisset
3495 3365 3720 3423 honori—

2129 3452 2367 3516 ﬁce,'ac
2414 3454 2465 3509 ei
2512 3453 3069 3513 sebastocratoricam
3126 3454 3509 3513 confirmasset
3566 3470 3719 3530 pote-

2131 3554 2354 3610 statem,
2387 3546 2647 3601 idoneum
2681 3552 2832 3602 ratus
2865 3546 3254 3618 promovendis
3286 3547 3564 3605 Michaelis
3587 3566 3715 3620 spe-

2129 3638 2259 3705 bus,
2284 3639 2495 3698 remisit
2524 3638 2937 3705 Thessalonica.
2956 3639 3051 3696 ubi
3074 3649 3207 3703 tunc
3230 3651 3369 3705 erat,
3396 3643 3449 3697 in
3480 3646 3711 3713 patriam

2129 3731 2289 3805 267
2336 3747 2461 3789 cum
2501 3734 2773 3798 exercitu,
2817 3734 2904 3789 cui
2943 3733 3110 3790 duces
3148 3720 3467 3805 praefecerat
3502 3735 3717 3808 aliquot

2129 3839 2160 3880 e
2192 3839 2294 3881 suo
2342 3824 2608 3883 comitatu
2648 3825 2987 3890 clarissimos
3033 3829 3207 3885 viros.
3269 3826 3367 3886 liis
3400 3829 3711 3901 Bulgariam

2132 3916 2444 3982 petentibus
2476 3916 2691 3985 primus
2736 3917 2790 3971 in
2826 3904 2999 3977 armis
3046 3922 3299 3982 occurrit
3332 3922 3622 3983 Eitimeres
3646 3925 3716 3983 ad

2130 4006 2398 4072 Cruuunt,
2430 4008 2695 4078 peculiari
2722 4010 2846 4082 ejus
2882 4011 3079 4069 ditioni
3113 4014 3449 4086 subjectum,
3478 4026 3538 4073 ut
3571 4019 3714 4089 disi.

2129 4098 2346 4167 locum;
2378 4102 2469 4157 ubi
2504 4101 2691 4171 praelia
2719 4105 3019 4161 commisso
3062 4105 3200 4164 fusa
3250 4106 3511 4165 Romamn
3543 4114 3719 4183 copiae

2130 4200 2183 4248 et
2206 4195 2346 4263 capti
2370 4192 2544 4249 duces
2565 4202 2716 4251 sunt.
2735 4197 2804 4251 At
2821 4194 3258 4255 ﬂadosthlabum
3285 4202 3509 4271 quidem
3536 4206 3713 4263 victor

2131 4282 2422 4341 Eltimeres
2448 4296 2779 4341 excecatum
2814 4288 2882 4344 ad
2924 4288 3103 4360 ipsius
3145 4306 3373 4347 uxorem
3419 4294 3715 4356 Thessalo-

2133 4378 2271 4431 nicae
2301 4378 2355 4432 in
2402 4377 2654 4450 digressu
2702 4380 2773 4436 ab
2805 4382 3137 4453 imperatore
3178 4385 3425 4442 relictam
3461 4390 3717 4453 remisi::

2134 4486 2388 4541 proceres
2424 4485 2554 4527 vero
2602 4470 2886 4531 Romanos
2913 4485 3031 4531 tuto
3071 4478 3293 4535 curavit
3331 4479 3721 4553 perducendos

452 4575 694 4646 potiente
722 4569 1251 4642 Ospheutisthlaho;
1298 4567 1386 4622 cui
1426 4578 1479 4621 et
1509 4576 1637 4636 post
1661 4578 1875 4634 tempus
1902 4563 2027 4618 inde
2056 4579 2109 4642 υ
2134 4563 2198 4615 ad
2234 4559 2801 4630 Ospltentisthlabum,
2849 4567 2941 4635 qui
2996 4566 3098 4623 hos
3139 4584 3246 4623 nou
3299 4569 3454 4638 prius
3509 4572 3716 4633 dimisit

453 4664 674 4737 aliquod
709 4663 939 4733 contigit
985 4661 1258 4717 redimere
1293 4658 1575 4715 Terterem
1609 4666 1821 4728 patrem
1854 4657 2027 4726 capti-

452 4774 583 4814 vum
627 4758 696 4812 ab
728 4756 1065 4827 imperatore
1098 4753 1431 4817 detentum,»
1460 4749 1862 4823 permutatione
1892 4748 2033 4803 niui-

456 4861 638 4909 torum
686 4867 717 4907 e
767 4849 1029 4923 palatinis
1075 4846 1331 4918 Augusti,
1381 4845 1474 4915 qui
1526 4842 1579 4899 in
1630 4843 1749 4914 ejus
1797 4851 2033 4911 potesta-

455 4954 566 5001 tem
595 4957 862 5002 venerant
888 4957 1019 4997 casu
1051 4941 1288 5011 quodam
1321 4939 1410 4993 hic
1445 4937 1687 4992 breviter
1722 4932 2028 4989 referendo.

454 5037 861 5095 Radosthiabus
895 5044 1015 5091 erat
1039 5033 1266 5105 quidam
1302 5031 1638 5103 perillustris
1670 5030 1813 5083 inter
1837 5027 2030 5097 Bulga-

457 5147 549 5187 ros
589 5140 704 5187 tum
740 5129 1005 5200 dignitate
1051 5124 1517 5183 sebastocratoris
1548 5138 1654 5193 qua
1689 5124 1744 5176 iu
1774 5119 2031 5191 Bulgaria

460 5220 856 5284 honorabatur,
909 5219 1365 5275 tum‘nobiiitate
1419 5215 1642 5271 familia
1706 5212 1867 5267 facile
1920 5212 2033 5266 illic

457 5319 646 5389 prima:
678 5317 944 5371 omnium.
974 5299 1111 5368 Nam
1170 5311 1424 5377 Smiltzo,
1466 5307 1923 5363 numerosissima
1977 5305 2031 5358 in

458 5412 552 5465 illo
579 5423 747 5480 regno
785 5407 1108 5477 cognatione
1133 5404 1362 5475 inclyto,
1388 5404 1581 5458 intima
1608 5416 1730 5476 cum
1758 5400 2035 5470 plerisque

457 5515 743 5573 procerum
784 5498 962 5569 gentis
1008 5497 1340 5567 cognatione
1373 5493 1876 5557 adniovcbatur;et
1902 5489 2037 5544 Elli-

459 5605 624 5648 tnerte
652 5592 823 5648 Cruni
851 5591 1097 5661 despotae
1123 5602 1368 5644 sororem
1401 5587 1455 5641 in
1492 5585 1842 5638 matrimonio
1872 5582 2029 5636 liabe-

459 5686 572 5752 bat,
598 5686 756 5755 cujus
777 5681 1048 5738 Eltimerze
1079 5695 1391 5752 germanam
1415 5680 1640 5733 alteram
1657 5679 1771 5748 ipse
1790 5692 1881 5731 rex
1907 5673 2037 5729 Ter-

461 5790 603 5836 teres
626 5793 851 5832 uxorem
897 5774 1145 5831 duxerat.
1182 5772 1353 5827 Porro
1377 5771 1639 5827 Smiitzus
1681 5771 1785 5825 iste
1809 5785 2034 5841 reg-num

346 5886 349 5887 '
460 5873 814 5937 Bulgarorum
856 5872 1017 5942 paulo
1051 5878 1172 5924 ante
1199 5869 1532 5935 obtinuerat,
1566 5866 1618 5919 in
1643 5880 1707 5920 eo
1726 5864 2036 5935 principatu

2132 4670 2291 4725 quam
2317 4670 2416 4730 pro
2438 4656 2507 4710 iis
2530 4657 2825 4715 liberatum
2851 4660 2920 4715 ab
2951 4662 3283 4733 imperatore
3312 4674 3519 4735 patrem
3548 4683 3712 4729 suum

2133 4750 2432 4817 recepisset
2448 4747 2759 4807 Terterem.
2784 4751 2843 4808 lu
2868 4754 3016 4808 hunc
3040 4756 3267 4812 modum
3284 4756 3413 4811 hinc
3435 4758 3719 4827 Terteres,

2132 4839 2261 4894 inde
2301 4836 2533 4895 Romani
2581 4842 2859 4912 principes
2910 4861 3143 4902 numero
3188 4847 3473 4913 tredecim,
3521 4861 3713 4907 mutua

2134 4932 2567 4987 commutatione
2592 4934 2802 4989 liberati
2828 4937 3016 5006 patriae
3035 4938 3268 4997 invicem
3305 4942 3541 4997 restituti
3562 4952 3712 4998 sunt.

2134 5024 2204 5077 At
2250 5036 2356 5079 non
2395 5024 2651 5082 Terteres
2698 5030 2920 5098 quidem
2981 5048 3185 5102 regno,
3231 5048 3355 5088 nam
3390 5034 3715 5105 Ospltentis-

2137 5117 2380 5183 tiilabus,
2406 5119 2561 5190 quasi
2608 5121 2771 5190 plene
2804 5121 3101 5179 defunctus
3145 5128 3294 5181 omni
3323 5142 3450 5197 erga
3496 5138 3712 5199 patrem

2136 5211 2354 5282 pietatis
2402 5212 2583 5268 ofﬁcio
2618 5214 2795 5283 ipsius
2826 5216 3067 5274 vinculis
3111 5221 3453 5289 rumpendis,
3485 5237 3717 5279 necesse

2139 5304 2275 5358 nihil
2320 5307 2533 5371 putavit
2594 5319 2791 5361 rursus
2838 5323 2961 5363 eum
3010 5310 3115 5366 sibi
3179 5311 3400 5381 dempto
3457 5312 3717 5370 redimire

2136 5396 2461 5460 diademate,
2500 5397 2620 5461 sed,
2656 5412 2923 5475 quantum
2967 5403 3037 5457 ad
3073 5410 3181 5459 nos‘
3203 5415 3351 5462 certa
3383 5407 3535 5463 illinc
3562 5405 3712 5463 fama

2137 5490 2409 5559 perlatum
2451 5498 2557 5556 est,
2607 5508 2777 5564 unam
2818 5494 2867 5548 ei
2912 5496 3191 5552 civitatem
3239 5500 3562 5569 assignavit,
3618 5504 3709 5556 ubi

2137 5582 2361 5651 quantis
2383 5584 2542 5640 vellet
2568 5587 2942 5642 circumfluam
2968 5590 3203 5657 deliciis,
3242 5591 3405 5647 modo
3442 5593 3711 5664 privatam

2138 5686 2193 5732 et
2228 5678 2295 5732 ab
2325 5676 2473 5732 omni
2504 5693 2689 5734 rerum
2721 5680 3200 5739 administratione
3234 5684 3507 5751 feriatam,
3545 5689 3715 5747 vitam

2138 5771 2383 5827 duceret.
2443 5772 2535 5828 Sic
2591 5790 2819 5846 regnare
2876 5777 3715 5850 perrexitOsphentisthiahus,

2140 5867 2299 5937 cujus
2339 5870 2835 5943 quomodocunque
2865 5872 3026 5928 illam
3058 5873 3320 5930 melitioni
3366 5891 3475 5931 non
3505 5876 3715 5932 incont-
