4120 6280
342 438 449 511 305

1277 457 1373 523 DE
1397 457 1846 527 ANDRONICO
1886 459 2357 524 PALEOLOGO
2394 464 2540 529 LIB.
2584 463 2699 528 ΙΙΙ.

3501 460 3608 525 306

342 574 642 645 συναφείας
699 577 890 652 καιρὸν
928 573 1270 652 ἀναμένοντα
1293 624 1308 648 ,
1360 583 1418 636 ἐν
1464 583 1625 639 παισὶ
1663 583 1929 655 τετάχθαι
1955 586 2013 642 Α-
2030 583 2227 653 ριείναι
2254 584 2475 637 κάκεῖνο
2501 582 2906 653 φυλαττόμενον
2930 579 3117 635 ἕνεκα.
3143 580 3206 634 Ὃ
3222 578 3285 651 δὴ
3306 578 3397 633 καὶ
3417 580 3614 657 γέγονε

339 670 439 723 καὶ
475 670 653 741 φίλοις
686 675 940 744 γνησίοις
972 672 1052 747 τῷ
1076 674 1309 748 βασιλεί.

340 773 445 854 λ’βᾏ
477 786 616 854 Περὶ
656 782 777 855 τῆςέ
817 782 1150 858 ὀνομασίας
1197 788 1329 859 τῆς
1358 792 1771 860 ὃεσποσύνου,
1803 789 1927 861 πῶς

869 864 1134 935 ίΣιμωνὶς
1157 861 1310 931 ,ἐκλή
1318 865 1390 930 θη
1402 903 1415 918 .

414 948 492 1005 Οὐ
532 952 723 1023 χεῖρον
750 951 797 1005 δ’
836 952 968 1017 ίσως
1014 955 1122 1008 xal.‘
1156 953 1258 1027 τὴν
1296 955 1395 1026 τῆς
1424 954 1720 1024 ὀνομασίας
1746 954 1928 1010 αἰτίαν
1960 1001 1963 1003 .

341 1044 524 1098 εἰπεῖν
556 1040 895 1115 ιστοροῧσιν.
941 1043 1167 1100 Ἐλύπει
1211 1045 1290 1119 τῷ
1330 1046 1544 1117 βασιλεῖ
1576 1045 1785 1103 παίδων
1830 1046 1929 1118 θη-

338 1135 503 1191 λειῶν
537 1136 783 1211 ἀποϐολὴ
814 1138 946 1209 πρὶν
977 1140 1160 1203 καλῶς
1205 1140 1303 1195 καὶ
1332 1139 1590 1211 φανῆναι,
1632 1142 1727 1210 καὶ
1763 1139 1949 1227 τοῦειτυ⁴

337 1230 606 1283 irrideat
639 1233 736 1285 καὶ
775 1226 925 1302 τρισὶ
975 1234 1150 1288 ’παισὶ⁶
1175 1231 1423 1307 γέγονεν.
1467 1232 1717 1311 Ἐπεὶηδὲ
1762 1234 1858 1288 καὶ
1888 1236 1923 1306 ἡ

336 1324 522 1388 νεᾶνις
549 1322 693 1394 αὕτη
726 1324 1068 1393 ἀπεγεννᾶτο
1114 1315 1226 1381 ’καὶ
1280 1327 1446 1395 φόϐος
1480 1326 1654 1390 δεινὸς
1710 1316 1778 1399 ἦν
1827 1326 1926 1384 καὶ

312 1418 472 1487 ,περὶ
494 1416 667 1488 αὐτῇ,
695 1415 806 1471 τῶν
833 1435 920 1483 τις
955 1417 1233 1487 γυναικῶν
1255 1420 1569 1490 ἐμπείρων,
1593 1420 1715 1490 ἄμα
1740 1420 1797 1475 δὲ
1828 1419 1925 1475 καὶ

338 1504 585 1579 σεμνῶν,
618 1509 821 1580 βουλὴν
852 1511 1087 1585 εἰσάγει,
1118 1511 1260 1584 πλὴν
1300 1512 1399 1583 τὴν
1435 1514 1641 1584 συνήθη
1680 1512 1918 1579 πολλοῖς,

335 1602 463 1657 καθ’
487 1604 558 1677 ῆν
583 1603 767 1675 δήκαὶ
797 1604 1058 1671 σώζοιντσ
1080 1606 1148 1663 τὰ
1168 1598 1508 1679 γεννήματα.
1540 1608 1652 1662 Καὶ
1675 1608 1709 1677 ὴ
1732 1608 1918 1681 βουλὴ,

335 1696 559 1761 εἰκόνας
613 1696 731 1751 τῶν
784 1697 1143 1768 προύχόντων
1217 1700 1277 1753 ἐν
1338 1698 1661 1763 ἀποστόλοις
1712 1698 1930 1753 δώδεκα

338 1791 653 1861 στήσαντας
684 1793 891 1864 κηροὺς
920 1793 1211 1865 ίσομήκεις
1233 1809 1291 1846 τε
1315 1794 1409 1847 καὶ
1436 1792 1798 1863 ίσοστάθμους
1825 1792 1922 1847 καὶ

334 1884 433 1956 ἅμ’
471 1884 767 1957 ἡμμένους.
794 1884 879 1941 ἀν’
917 1885 1159 1965 ἑκάστην
1190 1884 1490 1955 πήξασθαι,
1523 1885 1619 1939 καὶ
1649 1884 1793 1957 ὑπὲρ
1823 1883 1923 1940 τοῦ

2032 674 2153 730 τότε
2186 677 2447 746 βασιλέως
2476 675 2907 747 προστάξαντος,
2939 675 3035 727 καὶ
3060 672 3137 745 τῷ
3160 673 3366 744 Σίμωνι
3390 675 3419 727 ὁ
3442 673 3616 744 κηρὸς

2033 769 2397 837 ἑνελέλειπτο,
2441 770 2535 824 καὶ
2589 767 2824 840 Σιμωνὶς
2854 773 2884 842 ἡ
2910 762 3227 842 ’ἀρτιγενὴς
3262 767 3613 839 παρωνύμως

2032 858 2391 934 ὲκ).ήθη,ντὴν
2441 862 2741 932 ὀνομασίαν
2767 862 2863 916 τοῦ
2895 860 3197 916 ἀποστόλου
3253 862 3332 923 εἰς
3362 857 3610 931 φυλακὴν

2031 953 2300 1027 φέρουσα.
3382 1008 3385 1009 ν

2290 1050 2395 1118 λγ’.
2428 1047 2704 1119 Περίτοῦ
2722 1034 3015 1118 μεγίστου
3042 1044 3352 1117 χειμῶνος.

2100 1141 2233 1197 Τότε
2256 1145 2436 1202 τοίνυν
2469 1144 2562 1199 καὶ
2593 1143 2800 1214 χειμὼν
2839 1144 3161 1215 ἐφειστήκει
3192 1142 3289 1196 καὶ
3316 1138 3611 1212 χειμώνων

2029 1236 2058 1287 ὸ
2100 1239 2385 1306 μέγιστος,
2424 1238 2517 1290 καί
2554 1237 2662 1291 τῶν
2696 1235 2967 1303 ἐξαισίων,
3010 1237 3099 1291 καὶ
3126 1235 3186 1289 ὃν
3218 1234 3350 1289 ἰδεῖν
3390 1231 3614 1287 ita).th

2028 1330 2406 1398 γηράσκουσιν
2461 1327 2715 1407 οὐδαμῶς
2759 1330 3056 1399 ἐξεγένετο.
3110 1328 3253 1398 Τόση
3300 1327 3413 1397 γὰρ
3471 1323 3607 1397 χιὼν

2028 1421 2447 1487 ὲπεστοίσαστο,
2498 1421 2576 1485 ὡς
2611 1422 2927 1494 κλεισθῆναι
2971 1421 3072 1493 μὲν
3105 1418 3297 1474 οἰκιῶν
3325 1416 3433 1472 τῶν
3474 1417 3611 1489 χθα-

2029 1514 2217 1587 μαλῶν
2240 1514 2531 1581 διεξόδους.
2568 1516 2820 1586 σημείοις
2861 1513 2914 1568 δέ
2962 1531 3072 1580 τισι
3119 1514 3215 1567 καὶ
3244 1513 3455 1575 κοντοῖς
3490 1511 3605 1576 τοῖς

2028 1605 2127 1677 μὲν
2146 1605 2601 1676 στοχαζομένους,
2624 1608 2740 1669 τοῖς
2759 1603 2804 1658 δ’
2831 1602 3425 1676 όνργὰνοιξχρωμένους
3453 1601 3611 1664 τινας

2027 1698 2348 1768 ὑπανοίγειν
2391 1700 2506 1762 τοῖς
2545 1698 2912 1767 ὲγκλεισθεῖσι
2958 1698 3027 1752 τὰ
3074 1697 3336 1767 δώματα,
3385 1694 3480 1749 καὶ
3514 1693 3609 1749 ἐπὶ

2025 1790 2311 1855 πλείσταις
2342 1790 2576 1862 ἡμέραις
2632 1792 2836 1863 μηδένα
2872 1792 2976 1861 γῆν
3028 1790 3060 1863 ἢ
3124 1791 3253 1843 ἰδεῖν
3300 1788 3334 1859 ἦ
3377 1789 3601 1851 πατεῖν.

2026 1883 2142 1939 ἀλλ’
2170 1885 2263 1938 ini
2291 1883 2685 1955 πεπλησμένης
2729 1883 2910 1955 χιόνος
2945 1882 3019 1948 ὡς
3052 1883 3291 1954 στερρᾶς
3313 1880 3609 1950 γεγονυίας

332 1978 535 2032 νεωστὶ
586 1978 941 2051 γεννηθέντος
974 1977 1040 2052 [Ρ
1085 1961 1210 2052 {38]
1271 1977 1538 2033 ἱκετεύειν
1584 1961 1997 2060 ψάλλοντας,νΒ
2026 1978 2131 2049 γῆς
2166 1978 2328 2049 μέχρι
2356 1979 2455 2052 καὶ
2484 1976 2655 2048 ἐγγὺς
2692 1977 2855 2050 ἔαρος
2884 1979 3013 2041 τοὺς
3049 1976 3233 2040 όδίτας
3260 1973 3605 2046 διέρχεσθαι,

333 2070 635 2144 ἒπέχοντας
668 2072 767 2142 τὴν
790 2072 959 2143 εὐχὴν
990 2072 1156 2145 μέχρι
1192 2072 1287 2127 καὶ
1311 2072 1484 2145 αὐτῆς
1513 2070 1577 2143 δὴ
1608 2072 1707 2138 τῆς
1735 2070 1924 2126 excuti

333 2165 511 2237 πυρὸς
536 2165 648 2221 τῶν
679 2166 868 2240 κηρῶν
894 2168 1277 2242 δαπανήσεως,
1324 2169 1419 2223 καὶ
1450 2167 1539 2237 ἐφ’
1558 2158 1632 2222 οὗ
1656 2166 1721 2242 δὴ
1758 2168 1786 2222 ὁ
1823 2183 1922 2221 πε-

334 2251 688 2327 ριγενόμενος
729 2258 852 2313 ατῶν
896 2258 1074 2314 ἄλλων
1120 2261 1256 2325 τέως
1297 2258 1711 2330 ἀφανισθέντων
1759 2257 1937 2329 ἔστη,

330 2349 524 2405 τούτου
559 2353 655 2407 καὶ
692 2346 931 2426 τοῦνομα
964 2353 1033 2426 τῇ
1078 2354 1359 2427 ἀρτιγενεί
1399 2352 1648 2409 τίθεσθαι
1679 2352 1776 2409 τοῦ
1822 2370 1920 2409 πε-

327 2529 428 2585 lilii
462 2528 859 2588 necessitudini
892 2543 946 2589 et
973 2531 1272 2591 individua:
1301 2533 1503 2592 intimi
1532 2535 1698 2592 amici
1737 2536 1918 2594 socie-

326 2625 426 2677 tati
450 2635 885 2681 consentaneum
917 2627 1108 2699 gratite
1138 2628 1321 2685 locum
1350 2629 1495 2700 apud
1522 2629 1915 2702 imperatorem

334 2714 683 2788 habiturum.

324 2827 424 2891 52.
471 2835 546 2892 De
601 2840 1022 2916 nomenclatione
1081 2842 1439 2916 imperatoria:
1493 2843 1753 2916 virginis,
1823 2857 1919 2897 cur

736 2913 896 2981 fuerit
933 2911 1178 2969 Simonis
1212 2914 1505 2989 appellata.

400 3002 521 3060 Non
582 3003 681 3060 abs
741 3022 826 3072 re,
869 3007 1089 3077 opinor,
1122 3007 1297 3063 fuerit
1342 3004 1540 3067 docere
1582 3010 1677 3065 hic
1732 3011 1926 3069 obiter

321 3092 591 3153 [celerem
624 3105 875 3168 quaenam
911 3101 1048 3156 satis
1075 3099 1361 3155 inusitatae
1387 3102 1441 3155 in
1474 3105 1577 3156 hac
1620 3100 1912 3172 regiavir-

323 3190 568 3259 guucula
616 3178 1079 3246 nomenclationis
1130 3191 1386 3259 inciderit
1447 3194 1703 3249 occasi.o.—
1742 3195 1907 3269 277

2025 2073 2121 2127 καὶ
2156 2071 2392 2141 μάταιον
2426 2067 2565 2139 εἶναι
2595 2070 2658 2124 τὸ
2707 2070 2794 2141 ἐφ’
2844 2070 3011 2124 ἵππου
3041 2068 3312 2140 ὀχεῖσθαι,
3343 2066 3486 2138 πλὴν
3509 2063 3607 2120 τοῦ

2023 2165 2121 2220 καὶ
2148 2164 2351 2235 μᾶλλον
2370 2156 2679 2231 ἐξολισθεῖν
2706 2165 3060 2221 κινδυνεύειν.
3090 2162 3279 2218 Ταῦτα
3304 2161 3368 2235 δὴ
3394 2162 3486 2219 καὶ
3510 2161 3611 2231 τὴν

2025 2256 2124 2311 τοῦ
2183 2256 2452 2328 βασιλέως
2479 2259 2573 2314 ἐπὶ
2622 2259 3032 2330 Θεσσαλονίκης
3074 2258 3438 2330 ὶκστρατείαν
3465 2256 3608 2312 ἱκώ-
3642 2270 3645 2273 ‘

2009 2348 2169 2406 λυεν.

2018 2535 2352 2607 imperatore
2381 2578 2395 2604 ,
2433 2544 2503 2594 et
2538 2539 2773 2594 cunctis
2812 2547 3119 2611 superstes
3150 2538 3343 2595 ardere
3380 2536 3605 2595 ultimus

2018 2639 2294 2688 cessasset
2326 2631 2582 2689 admotus
2609 2632 2783 2689 sancti
2824 2633 3061 2703 apostoli
3097 2631 3340 2689 Simonis
3370 2627 3605 2701 imagini

2018 2738 2233 2793 cereus,
2267 2738 2467 2780 nomen
2507 2725 2633 2781 inde
2680 2725 2875 2798 puellm
2927 2724 3202 2781 Simonidi
3243 2724 3449 2781 factum
3482 2737 3603 2792 est;

1988 2819 2318 2892 revenitque
2353 2819 2522 2875 litatis
2574 2820 2751 2887 vctis,
2809 2828 2869 2873 ιιι
2911 2829 3142 2891 patrono
3198 2819 3435 2892 indigete
3465 2834 3607 2891 prse-

2025 2918 2209 2968 stante
2244 2911 2526 2969 infantiics
2552 2914 2790 2969 eluctata
2832 2906 3149 2968 debilitates
3177 2914 3366 2983 puberi
3394 2920 3456 2968 se
3488 2912 3610 2979 feli-
3656 2911 3670 2919 ”

2014 3004 2159 3063 aiter
2188 3005 2336 3076 regia
2370 3005 2485 3061 haec
2534 3007 2716 3075 proles
2768 3004 3076 3061 admoverit
3121 3002 3529 3063 adolescentiae.

2476 3140 2571 3201 55.
2594 3143 2671 3199 De
2694 3144 2931 3200 maxima
2959 3144 3151 3200 hieme.

321 3276 498 3366 Egre
555 3282 877 3352 imperatori
924 3271 1105 3339 fuerat
1138 3283 1388 3338 subtrahi
1442 3286 1670 3356 praecoci
1705 3288 1754 3342 ei
1796 3285 1909 3342 fato
1939 3319 1981 3379 ρ
2090 3285 2191 3342 Hic
2234 3299 2398 3358 porro
2427 3300 2745 3356 annusquo
2775 3284 2908 3364 inita
2942 3291 3043 3349 est'
3068 3298 3191 3338 cum
3220 3284 3367 3341 crale
3395 3281 3603 3343 Scrbiaa

321 3363 605 3428 femineos
651 3372 821 3440 fetus,
871 3373 927 3429 in
964 3374 1093 3445 ips'o
1150 3376 1338 3431 statim
1369 3377 1707 3438 .exstincms
1757 3387 1907 3437 ortu.

319 3460 623 3536 Postquam
656 3478 791 3537 ergo
844 3468 897 3521 id
946 3468 1145 3524 iterum
1200 3473 1254 3524 et
1298 3468 1483 3537 tertio,
1536 3472 1760 3528 totidem
1792 3459 1909 3531 ela-

316 3557 477 3613 tione
516 3571 853 3630 prgamatura‘
892 3567 1157 3616 natarum
1200 3561 1302 3632 ipsi
1337 3577 1367 3617 e
1405 3564 1641 3635 conjuge
1686 3567 1909 3636 puella-

316 3663 469 3715 rum,
504 3666 731 3722 passum
776 3665 837 3708 se
885 3650 1237 3709 Andronicus
1274 3656 1422 3711 haud
1457 3657 1675 3714 modico
1716 3658 1925 3716 dolore

315 3743 675 3810 meminerat,
706 3748 1052 3804 'metuensitt
1099 3750 1204 3806 hac
1248 3766 1472 3822 quoque
1530 3761 1728 3823 quarto
1762 3753 1906 3809 edita

317 3837 513 3893 uxoris
566 3847 728 3899 partu
783 3838 1024 3895 similem
1069 3842 1425 3898 acerbitatem
1482 3859 1646 3901 casus
1698 3843 1906 3913 inchti,

316 3928 561 3985 libenter
595 3931 807 4002 accepit
840 3933 1132 3988 consilium
1171 3949 1201 3987 a
1245 3937 1480 4011 quadam
1516 3938 1817 3993 venerabili
1851 3947 1908 3995 et

317 4020 515 4077 talium
546 4023 856 4093 experienti
901 4037 1149 4081 matrona
1190 4039 1527 4101 suggestum.
1572 4029 1698 4087 llaec
1730 4011 1909 4089 suasit

314 4117 568 4186 Augusto
619 4121 732 4170 rem
766 4134 869 4173 usu
904 4131 1202 4189 compertae
1234 4139 1260 4174 ιι
1302 4123 1488 4178 multis
1520 4124 1571 4177 in
1610 4124 1726 4194 pati
1755 4126 1905 4181 cala-

318 4208 516 4263 mitate
566 4206 823 4265 utilitatis
860 4244 878 4274 ,
935 4224 1199 4266 successu
1264 4223 1455 4268 secuto
1513 4213 1762 4270 vitalium
1824 4216 1907 4287 sic

316 4300 756 4381 reddendorum,
785 4301 884 4372 qui
940 4303 1094 4372 prius
1155 4306 1410 4373 praemori
1468 4292 1737 4371 solebant,
1782 4323 1905 4378 par-

310 4399 496 4461 tuum,
536 4391 794 4448 nimirum
845 4404 903 4449 ut
953 4392 1161 4449 circum
1197 4396 1390 4451 ordine
1423 4396 1639 4467 disponi
1686 4407 1905 4455 curaret

311 4475 944 4557 imaginespprimorum
992 4485 1201 4543 Christi
1264 4491 1646 4560 apostolorum
1698 4492 1903 4548 duode-

312 4578 422 4632 cim
453 4594 469 4646 ;
500 4579 751 4649 singulos
780 4579 974 4635 barum
1008 4581 1209 4650 cuique
1240 4597 1435 4638 cereos
1468 4566 1717 4652 adderet,
1752 4587 1901 4657 paris

2020 3379 2337 3446 conventio,
2369 3376 2601 3449 insignis
2653 3375 2757 3431 fttit
2813 3377 2999 3449 rigore
3047 3375 3245 3432 hiemis
3275 3391 3381 3431 non
3418 3379 3597 3435 solum

2015 3470 2277 3539 maxime,
2331 3470 2429 3527 sed
2490 3480 2569 3534 et,
2620 3477 2681 3524 ut
2728 3467 2813 3523 sic
2871 3470 3093 3539 loquar,
3123 3470 3600 3540 prodigiosisslmo

2016 3566 2175 3621 facile
2206 3542 2788 3634 ornniuquuotquot
2843 3562 3005 3619 annis
3068 3571 3216 3633 retro
3269 3564 3439 3634 lapsis
3468 3570 3597 3637 pes-

2013 3664 2142 3714 sent
2193 3657 2403 3713 vidisse
2439 3638 2718 3712 recordari
2775 3655 2865 3726 qui
2926 3655 3333 3727 longaevissime
3370 3659 3597 3713 senuis-

1967 3782 1971 3790 ι
2013 3744 2158 3807 sent.
2193 3751 2352 3806 Tanti
2386 3751 2588 3806 nivium
2621 3764 2853 3821 aggeres
2884 3765 3049 3821 supra
3090 3765 3252 3805 omne
3288 3750 3455 3823 278
3487 3748 3609 3822 late

2012 3845 2185 3900 solum
2217 3847 2586 3911 increverant,
2620 3851 2678 3896 ut
2709 3842 2892 3898 aditus
2930 3842 3283 3902 obstruereut
3331 3846 3597 3900 domuum

2010 3936 2363 3992 bumiliorum
2400 3945 2454 3993 et
2486 3939 2603 4006 ipsa
2647 3937 2915 3991 ostiorum
2942 3936 3398 4005 snperliminaria
3434 3952 3596 3992 cxce-

2010 4026 2204 4083 dentes
2262 4027 2530 4083 incertum
2592 4028 2769 4082 oculis
2819 4026 3207 4095 relinquerent
3255 4046 3361 4100 qua
3428 4038 3585 4101 parte

2010 4117 2226 4199 ingredi
2274 4121 2574 4193 egredique
2636 4123 2763 4178 inde
2822 4108 3167 4178 habitatores
3202 4134 3591 4179 consuessent.

2009 4214 2154 4289 Ergo
2187 4218 2360 4287 signis
2402 4218 2735 4290 quibusdam
2793 4226 2886 4273 aut
2939 4215 3235 4291 longorum,
3284 4235 3379 4290 per
3410 4222 3595 4276 nivem

2009 4302 2451 4361 immissionibus
2505 4314 2798 4363 contorum
2857 4307 3186 4379 investigato
3236 4310 3345 4365 situ
3387 4311 3594 4383 ianuae.

1970 4392 2211 4467 quibus
2256 4410 2376 4453 erat
2427 4414 2559 4455 cura
2617 4404 2903 4471 suppetias
2961 4402 3128 4457 eundi
3164 4403 3301 4459 vivis
3336 4404 3591 4480 sepultis,

2006 4490 2147 4560 palis
2175 4491 2374 4548 deinde
2428 4493 2817 4564 similibusque
2854 4495 3236 4552 instrumentis
3282 4498 3591 4569 purgabant

2007 4580 2111 4637 iter
2160 4583 2226 4639 ad
2258 4583 2426 4650 fores,
2457 4596 2517 4640 ut
2545 4585 2626 4641 sic
2657 4597 2844 4656 portas
2876 4587 3250 4656 patefacerent
3272 4588 3591 4645 infelicibus

311 4662 465 4739 inter
502 4678 795 4722 solemnes
830 4667 1113 4745 ponderis
1166 4680 1221 4725 et
1281 4672 1648 4741 longitudinis
1708 4685 1899 4734 exacte
1929 4679 1979 4739 D
2006 4676 2275 4733 obsessis.
2311 4673 2433 4732 Alia
2460 4677 2668 4735 ratione
2691 4695 2851 4749 quam
2887 4680 3232 4736 itadetracta
3266 4696 3426 4737 manu
3465 4682 3589 4740 nive

310 4755 555 4813 invicem
578 4757 855 4815 'dimensae
882 4777 897 4826 ;
948 4761 1047 4819 bas
1080 4778 1265 4820 sacras
1293 4764 1480 4821 icones
1510 4773 1564 4821 et
1610 4766 1696 4822 bis
1729 4784 1902 4839 appo-

314 4849 457 4904 sitas
492 4851 750 4907 candelas
799 4854 1094 4923 intperaret
1127 4855 1175 4909 ι-ἰ
1224 4856 1344 4917 loco
1377 4856 1587 4912 circum
1638 4875 1901 4918 accensas

316 4942 512 5006 statui,
553 4943 607 4997 in
647 4959 764 5012 quo
790 4946 924 5000 certi
984 4946 1231 5002 homines
1284 4957 1510 5004 orantes
1568 4967 1668 5021 pro
1711 4967 1900 5009 recens

311 5043 445 5088 nata
483 5036 725 5105 puellula
763 5038 1005 5107 psalmos
1047 5046 1101 5094 et
1132 5042 1596 5111 supplicationum
1643 5045 1695 5101 id
1728 5062 1900 5117 genus

309 5122 584 5181 formulas
615 5128 921 5184 continenti
954 5139 1184 5186 eatenus
1217 5136 1507 5190 devotione
1541 5139 1900 5205 pronuntiare

309 5231 753 5288 perseverarent,
796 5222 977 5291 quoad
1008 5223 1233 5295 depasta
1266 5228 1389 5297 igne
1417 5240 1739 5285 cunctorum
1774 5248 1899 5288 cera

316 5312 589 5371 funalium
642 5314 758 5371 haec
798 5319 1009 5388 pariter
1054 5321 1305 5376 universa
1362 5323 1545 5379 lucere
1580 5325 1896 5382 desiissent.

309 5405 735 5463 Observandum
796 5421 976 5465 autem
1058 5425 1277 5467 cereum
1336 5430 1499 5483 quem
1556 5430 1897 5485 postremum

309 5499 662 5576 contingeret
692 5500 934 5568 absumi,
969 5512 1021 5558 et
1052 5504 1174 5574 ejus
1229 5507 1405 5561 sancti
1450 5510 1685 5579 apostoli
1738 5511 1897 5581 cujus

308 5592 510 5651 fuisset
564 5594 787 5665 imagini
839 5595 1136 5668 adjunctus
1170 5599 1277 5655 iste
1312 5615 1423 5670 prae
1478 5603 1691 5677 eaateris
1735 5604 1895 5659 vivax

308 5696 525 5753 cereus,
594 5702 793 5743 nomen
851 5690 1106 5760 puppulae
1162 5692 1466 5749 indendum
1512 5707 1529 5748 :
1583 5696 1679 5750 tali
1747 5697 1893 5752 enim

308 5778 517 5845 omine,
567 5780 643 5835 uti
684 5782 914 5853 pignore
964 5782 1094 5839 inde
1124 5784 1365 5841 adfuturi
1421 5788 1732 5857 patrocinii,
1772 5806 1897 5862 spe-

308 5869 420 5924 rari
468 5869 676 5953 prolem
714 5873 854 5929 hanc
887 5875 1235 5945 superiorum
1271 5879 1421 5945 tristi
1453 5882 1754 5939 conditioni
1781 5887 1896 5941 exi-

310 5965 567 6021 mendam
595 5967 1114 6039 proveltendamque
1152 5972 1377 6028 innoxie
1410 5975 1464 6028 in
1493 5977 1669 6030 aetatis
1700 5976 1895 6035 adulta:

310 6058 685 6117 alebritatetn.
748 6061 825 6117 Ea
868 6077 989 6120 cum
1042 6072 1228 6121 essent
1278 6073 1408 6125 tunc
1472 6076 1594 6127 acta
1656 6069 1879 6130 iubente

2008 4785 2172 4827 nemo
2198 4772 2299 4827 sub
2330 4772 2420 4827 dio
2449 4774 2634 4827 multis
2667 4774 2861 4828 diebus
2896 4784 3096 4829 terram
3131 4773 3266 4828 vidit
3290 4782 3383 4829 aut
3411 4774 3586 4830 vesti-

2006 4867 2094 4937 gio
2145 4867 2363 4938 pressit.
2409 4867 2791 4939 gradientibus
2818 4850 3036 4924 cunctis
3081 4883 3247 4939 supra
3283 4869 3405 4940 gelu
3449 4884 3586 4925 con-

2006 4968 2218 5015 cretum
2253 4971 2307 5015 et
2341 4960 2405 5014 ad
2445 4961 2800 5015 stabilitatem
2850 4960 2952 5014 soli
2997 4961 3283 5016 calcabilis
3336 4961 3583 5017 duratam

2005 5054 2349 5123 superﬁciem
2386 5054 2561 5109 nivosi
2611 5055 2811 5124 campi,
2847 5055 3029 5109 telluri
3070 5056 3277 5124 ubique
3316 5058 3587 5127 superine

2005 5144 2174 5198 ducti.
2216 5144 2395 5214 Usque
2427 5147 2493 5201 ad
2530 5148 2779 5201 viciniam
2814 5150 3117 5216 proximam
3161 5162 3340 5203 verna:
3376 5159 3585 5218 tempe-

2004 5239 2162 5293 statis
2191 5240 2295 5294 ista
2342 5256 2510 5310 super
2550 5242 2701 5296 nives
2753 5239 3042 5296 incedendi
3080 5241 3384 5297 necessitas
3417 5243 3583 5296 dura-

2003 5330 2115 5397 vit;
2172 5329 2282 5401 ηιιο
2346 5342 2458 5389 toto
2512 5328 2756 5403 tempore
2801 5335 2940 5389 dura
3001 5334 3247 5390 conditio
3304 5334 3575 5390 viatorum

2003 5427 2125 5495 fuit,
2190 5429 2423 5500 pedibus
2484 5431 2559 5483 uti
2619 5430 2861 5501 propriis
2901 5434 2985 5483 via
3050 5431 3356 5500 quamlibet
3414 5430 3577 5498 longa

2001 5528 2339 5573 coactorum.
2398 5520 2609 5590 Quippe
2655 5522 2905 5574 insanum
2963 5518 3159 5573 fuisstet
3219 5520 3343 5590 equi
3406 5520 3575 5575 dorso

2001 5612 2138 5668 velle
2170 5611 2391 5679 invehi,
2424 5629 2549 5667 cum
2602 5615 2815 5684 pedites
2850 5613 2954 5683 ipsi
2988 5614 3277 5684 quantavis
3310 5612 3575 5668 sollicitu-

1999 5704 2130 5760 dine
2162 5716 2253 5761 ‘ac
2306 5704 2495 5775 lapsus
2531 5705 2878 5776 praecavendi
2915 5712 3142 5771 conatu,
3191 5705 3370 5760 locum
3406 5707 3575 5761 vesti-

1998 5798 2103 5869 giis
2160 5798 2423 5869 legentes,
2476 5816 2757 5870 nunquam
2822 5800 2941 5856 sine
2988 5799 3427 5870 praesentissimo
3477 5809 3575 5852 ca-

1998 5892 2161 5948 dendi
2196 5893 2443 5962 periculo
2484 5894 2676 5964 pedem
2712 5894 2773 5947 in
2832 5892 3051 5947 lubrico
3114 5892 3339 5963 possent
3378 5890 3575 5960 figere.

1999 5982 2115 6038 Hoc
2156 5985 2472 6053 aliquandiu
2525 5987 2931 6041 incommodum
2965 5986 3201 6039 decreta:
3256 5982 3574 6052 imperatori

1996 6077 2446 6134 Thessalonicam
2492 6094 2683 6135 versus
2721 6077 3087 6143 expeditionis
3134 6078 3275 6133 diem
3325 6075 3570 6132 diiiudit.
