4120 6280
525 375 623 442 3H

1759 387 2079 460 GEORGII
2128 397 2608 462 PACHYMERE

3671 378 3786 448 312

519 497 612 548 τδν
649 498 882 570 νυμφίον
923 501 1107 577 ἐζήτει
1150 506 1372 579 βλέπειν
1395 510 1488 564 καὶ
1533 512 1805 580 εὐλογεῖν*
1841 515 1959 569 οὐδὲ
1991 517 2097 587 γὰρ
2136 521 2176 576 Α
2207 516 2314 579 ἕως
2343 508 2405 570 οὗ
2457 515 2714 585 βασιλεὺς
2745 510 3143 585 ὑποστρέψειεν
3176 497 3482 576 ἐκεκρίκει,
3523 497 3798 567 ἀλγεινῶς

525 588 676 655 είκδς
707 587 848 648 εἶναι
883 594 1008 668 ἄρτι
1035 599 1270 672 πρώτως
1308 603 1446 673 μετὰ
1476 603 1575 675 τὴν
1609 596 1892 678 ἡλικιῶτιν
1919 607 2105 678 σχεδὸν

528 685 850 752 μετάϐασιν.
878 690 974 744 καὶ
1017 694 1080 746 ού
1110 693 1291 765 πολλῷ
1321 713 1429 750 τινι
1461 697 1641 769 χρόνῳ
1675 697 1914 769 μετὰτὰ
1941 701 2106 770 ἀμφι-

525 777 748 848 δρόμια,
788 781 862 852 μὴ
893 783 987 837 τὸν
1031 787 1380 860 πατριάρχην
1416 789 1636 859 βλέπειν
1690 792 1781 845 καὶ
1836 792 2104 862 εὐλογεῖν.

539 871 829 930 Ἦϐούλετο
859 876 914 930 δέ
950 879 999 931 οἱ
1036 879 1095 932 τὸ
1129 881 1313 952 δρᾶμα
1339 883 1531 950 λόγους
1559 867 1813 940 ἐντεῦθεν
1847 887 2110 956 ἀνακινη-

531 962 693 1033 θῆναι
729 967 839 1020 τῶν
867 969 1234 1040 τελουμένων,
1272 974 1359 1041 ἐφ’
1384 967 1429 1044 ᾧ
1460 974 1555 1028 καὶ
1585 975 1813 1046 λαλῆσαι
1841 976 2106 1047 βασιλέως

528 1060 870 1130 ἐπισχόντος.
903 1064 993 1128 Ὠς
1022 1065 1153 1134 γοῦν
1179 1070 1446 1136 φανεῖσαν
1471 1070 1696 1141 ηὐλόγει
1719 1074 1812 1125 καὶ
1841 1073 2105 1142 ἁμηγέπη

523 1151 635 1204 τῶν
672 1152 847 1222 λόγων
875 1156 1102 1226 ἥπτετο,
1132 1159 1291 1226 δόξαν
1324 1157 1632 1235 ἀναχωρεῖν
1667 1163 1877 1233 βασιλεῖ
1903 1163 1992 1218 διὰ
2019 1165 2109 1216 τὸν

527 1247 739 1318 καιρὸν,
778 1248 1079 1322 θεραπείας
1121 1248 1187 1325 ἧς
1235 1255 1464 1327 ηπειγεν
1513 1257 1541 1310 ὁ
1585 1257 1778 1329 καιρὸς
1815 1256 1985 1324 ἀξιῶν
2017 1259 2110 1312 ἐπὶ

524 1343 638 1401 τοῖς
671 1341 986 1411 λεγομένοις
1033 1347 1126 1400 τὸν
1179 1350 1549 1421 πατριάρχην,
1587 1350 1687 1420 τὴν
1732 1350 2109 1422 προκειμένην

529 1429 767 1499 βαδίζειν
796 1434 1080 1504 ἠπείγετο.
1125 1439 1366 1505 Ἐκεῖνος
1407 1439 1465 1495 δὲ
1499 1441 1652 1512 παρὰ
1697 1443 1883 1496 πᾶσαν
1914 1442 2110 1496 ἐλπίδα

529 1523 639 1576 τῶν
691 1528 1162 1599 προσδοκωμένων
1208 1533 1610 1604 ἀποκρουσθεὶς
1649 1535 1838 1591 ἀλύειν
1885 1535 2108 1610 ἠρξατον

530 1614 624 1684 καὶ
657 1615 733 1687 μὴ
769 1617 1136 1691 ὑποστρέφειν
1165 1624 1380 1693 ἠπείλει
1404 1626 1498 1679 καὶ
1529 1625 1598 1678 δι’
1655 1626 1910 1696 Ἰωάννην
1935 1625 2112 1690 οὕτως

531 1711 941 1779 ἡγεμονεύοντα
996 1717 1090 1770 καὶ
1149 1717 1237 1772 διὰ
1293 1719 1361 1771 τὰ
1409 1719 1676 1790 παρόντα.
1723 1719 1810 1782 Ὠς
1854 1717 1964 1790 γὰρ
2015 1717 2112 1773 καὶ

537 1800 668 1873 ’περὶ⁵
697 1802 904 1858 τούτων
949 1807 1117 1861 κινῶν
1147 1808 1245 1872 τὰς
1277 1807 1573 1881 θεραπείας
1613 1809 1812 1874 ἤκουεν
1857 1805 2112 1867 ἀπαντώέ

2211 611 2330 679 μὲν,
2365 607 2613 684 ἀναύδως
2668 608 2714 661 δ’
2770 609 2922 676 ὅμως
2972 603 3244 673 διαφέρων
3275 597 3338 652 τὺ
3384 594 3568 662 ἄλγος.
3615 592 3666 644 εἰ
3699 589 3800 684 καὶ

2210 702 2364 766 αὖθις
2420 704 2448 756 ὁ
2504 681 2758 772 βασιλεὺς
2823 700 2941 768 ἃμα
2992 690 3395 758 Θεσσαλονίκης
3437 685 3631 752 ἐπέϐη,
3682 681 3799 734 τῶν

2211 796 2383 864 ἁγίων
2412 794 2476 867 [Ρ
2505 793 2631 864 1951
2656 789 2993 862 ἑγγιζουσῶν
3025 787 3248 859 ἡμερῶν
3276 782 3370 837 τοῦ
3408 782 3624 850 Πάσχα,
3659 793 3804 846 προ-

2209 891 2373 956 φάσει
2401 886 2496 943 τοῦ
2523 889 2632 941 τῶν
2664 886 2837 950 ἁγίων
2880 884 3088 938 ἐκεῖνον
3123 874 3535 950 μεταλήψεσθαι
3577 870 3794 939 δώρων,

2211 989 2257 1039 εί
2293 987 2639 1055 πατριάρχης
2666 983 2832 1051 ἐφίει,
2867 981 3104 1050 πέμπων
3135 979 3214 1040 εἰς
3250 971 3564 1044 Σηλυὸρίαν
3592 967 3690 1020 καὶ
3723 963 3800 1017 τὰ

2210 1078 2304 1133 τοῦ
2336 1079 2561 1144 ξενῶνος
2589 1075 2793 1148 συνήθη
2822 1074 3138 1142 νομίσματα
3164 1060 3801 1148 προσφιλοτιμούμενος,

2212 1175 2245 1230 δι
2278 1174 2341 1244 δὴ
2375 1175 2471 1226 καὶ
2525 1147 2715 1233 αὐτὸς
2752 1169 2851 1238 μὲν
2900 1164 3182 1237 κρυφηδδν
3207 1161 3293 1217 ἀεί
3326 1160 3445 1212 ποτ’
3479 1155 3676 1212 ἐδίδου,
3714 1147 3804 1244 att?)

2212 1241 2529 1336 πατριάρχῃ
2547 1263 2604 1317 δὲ
2633 1262 2695 1316 τὸ
2717 1261 2874 1323 τέλος
2902 1261 2982 1322 είς
3012 1255 3288 1328 χιλιοστὺν
3309 1248 3435 1306 κατ’
3462 1247 3578 1310 ἔτος
3597 1241 3803 1336 ποσού-

2215 1334 2376 1428 μενον
2406 1334 2788 1424 ἀπεγράφετο.
2819 1350 2952 1404 Τότε
2988 1349 3173 1401 τοίνυν
3205 1344 3302 1398 καὶ
3337 1339 3492 1397 ταῦτ’
3535 1334 3806 1391 ἀποστέλ-

2208 1427 2318 1503 λων
2346 1447 2526 1516 λόγοις
2560 1443 2807 1512 suam;
2859 1442 2951 1495 καὶ
2996 1442 3110 1500 τοῖς
3154 1434 3494 1506 καθήκουσιν
3529 1427 3796 1510 η’γαλλεν.

2224 1541 2464 1603 Ἐκεῖνος
2496 1538 2554 1591 δὲ
2607 1537 2700 1591 καὶ
2738 1533 2896 1597 αὖθις
2931 1534 2990 1586 ὲν
3047 1528 3325 1602 Σηλυϐρίᾳ
3371 1522 3699 1595 προσμένων
3730 1517 3802 1571 οὐ

2215 1637 2484 1708 πρότερον
2529 1631 2742 1686 ἐκεῖθεν
2795 1621 3196 1699 μετέϐαινεν,ζῆ
3228 1618 3423 1708 δεινῶς
3451 1610 3804 1708 ὀφθαλμιῶν,

2214 1701 2359 1780 κατὰ
2391 1701 2604 1794 τχρείαν
2662 1718 2772 1773 τῶν
2829 1713 3231 1786 ίατρενσόντων
3283 1705 3496 1761 ἐκεῖθεν
3553 1701 3804 1771 ἁπᾶιρας,

2216 1819 2355 1888 πρὸς
2383 1816 2485 1887 τὴν
2521 1813 2692 1886 μονὴν
2737 1808 2834 1864 τοῦ
2887 1804 3186 1876 Κοσμιδίου
3241 1799 3411 1872 μηνὸς
3459 1796 3808 1888 Μαιμακτη-

534 1909 654 1958 σας.
690 1895 844 1950 οὐδὲν
877 1898 1040 1953 πλέον
1084 1900 1117 1970 ἦ
1165 1879 1556 1972 προσαλγήσας
1604 1903 1687 1956 ὅτι
1719 1901 2112 1971 συντέμνοντος
2138 1879 2187 1940 Β
2220 1879 2418 1982 ριῶνος
2438 1879 2818 1979 μετῳκνίζετο.
2857 1899 3008 1971 Πλὴν
3048 1890 3516 1964 Ἀνθεστηριῶνος
3543 1886 3808 1982 ciceram:

530 1983 626 2035 τοῦ
662 1985 857 2055 καιροῦ
887 1989 999 2043 τῶν
1031 1990 1392 2061 καθηκουσῶν
1431 1992 1661 2062 ὁμιλιῶν
1696 1991 1796 2046 οὐκ
1827 1985 1942 2062 εἶχε
1980 2006 2106 2060 τυγ-

531 2077 718 2146 χάνειν
748 2081 869 2151 (οὐκ
898 2078 996 2138 οἷδ’
1043 2087 1093 2140 εί
1141 2085 1236 2140 καὶ
1280 2085 1534 2156 βασιλεὺς
1581 2084 1756 2152 οὕτως
1795 2084 2116 2157 ἐξεπίτηδες

529 2167 796 2240 ἔπραττε,
835 2172 914 2245 μὴ
960 2173 1134 2246 θύραν
1166 2178 1489 2250 παρρησίας
1539 2177 1874 2246 ὑπανοιγνὺς
1901 2174 1981 2247 τῷ
2023 2173 2114 2230 θέ-

532 2263 680 2318 λοντι
702 2266 1078 2339 ἐντυγχάνειν,
1113 2271 1240 2326 ἐπεὶ
1282 2274 1378 2326 καὶ
1417 2273 1517 2324 οὐκ
1563 2267 1631 2344 ἦν
1680 2268 2113 2342 μεταγινώσκειν

529 2358 738 2428 αὐτὸν),
773 2358 1043 2430 ἁψάμενοι
1074 2360 1176 2432 τῆς
1221 2346 1365 2429 ὁδοῧ,
1409 2363 1637 2434 βασιλέα
1677 2363 1775 2434 μὲν
1815 2362 1911 2417 καὶ
1939 2361 2114 2426 οὕτως

529 2449 912 2516 ἐξαποστέλλει
942 2455 1064 2526 μετ’
1090 2455 1360 2525 εὐλογίας,
1388 2457 1550 2521 αὐτὸς
1569 2457 1615 2510 δ’
1639 2459 1757 2512 ἐκεῖ
1783 2456 2115 2527 καταμένειν

529 2631 699 2710 modo
721 2633 867 2687 enim
905 2648 1012 2690 non
1044 2636 1368 2693 conveniret
1391 2636 1508 2694 sisti
1567 2637 1672 2692 sibi
1716 2639 1828 2710 jam
1863 2637 2110 2695 adultam

534 2734 702 2794 atque
732 2724 870 2781 adeo
932 2726 1048 2785 fere
1096 2729 1374 2785 admotam
1435 2731 1686 2786 transilui
1748 2729 1815 2786 ad
1872 2730 2112 2787 nubilem

531 2824 743 2872 {etatem
777 2832 809 2874 a
834 2813 1026 2890 puerili
1062 2822 1266 2892 regiam
1306 2822 1603 2892 virginem,
1650 2838 1773 2892 quae
1808 2822 1894 2884 vel
1939 2822 1984 2880 si
2014 2823 2112 2878 ali-

532 2920 742 2980 quanto
769 2921 892 2983 post
921 2915 1173 2984 quintum
1217 2929 1247 2968 a
1281 2909 1458 2985 primo
1491 2909 1658 2971 natali
1695 2916 1837 2972 diem
1871 2917 2114 2985 pontilici

535 3003 856 3072 oﬂ‘errctur,
883 3022 1066 3062 serum
1097 3007 1275 3064 foret?
1304 3007 1428 3064 Haec
1455 3008 1677 3081 oblique
1698 3009 1842 3081 jacta
1861 3024 1926 3065 eo
1954 3009 2119 3081 perti-

536 3099 768 3162 nebant,
795 3107 855 3154 ut
884 3099 954 3155 ab
989 3099 1318 3170 imperatore
1348 3110 1593 3156 mutuam
1623 3101 1916 3172 quamdam
1939 3101 2125 3158 elice-

533 3197 658 3244 rent
725 3190 1070 3246 matrimonii
1145 3191 1407 3247 destinati
1481 3192 1840 3259 mentionem,
1892 3209 1960 3249 ex
2005 3209 2114 3262 qua

535 3289 722 3352 posset
755 3296 890 3337 ansa
914 3281 1065 3338 velut
1117 3283 1358 3354 quadam
1395 3283 1448 3338 in
1504 3283 1932 3355 disputationem
1973 3285 2114 3341 trahi
2143 3265 2184 3322 (ἶ

537 3389 648 3431 non
688 3374 983 3446 probatum
1013 3375 1158 3440 istud
1186 3376 1515 3447 patriarchae
1541 3376 1842 3446 negotium.
1871 3375 1979 3433 Sed
2005 3378 2114 3434 clu-

535 3469 608 3524 sit
638 3467 814 3539 hujus
845 3475 993 3525 artes
1028 3469 1356 3538 Augustus;
1407 3485 1534 3525 nam
1581 3470 1784 3540 puella,
1838 3467 1986 3539 quod
2019 3484 2115 3524 ue-

540 3560 658 3633 gari
683 3576 788 3617 non
817 3563 1013 3632 potuit,
1040 3561 1089 3618 ei
1124 3563 1388 3629 exhibita,
1417 3571 1470 3618 et
1493 3564 1609 3633 ipso
1626 3563 1674 3618 ei
1705 3563 1859 3619 Solita
1885 3561 2115 3618 formula

536 3655 947 3725 bene'precato,
979 3662 1334 3726 praeverteris
1354 3669 1572 3710 omnem
1623 3656 1938 3710 ulteriorem
1991 3671 2107 3711 ser-

539 3762 755 3803 monem
817 3749 1117 3820 imperator
1175 3749 1231 3804 in
1264 3757 1468 3820 puncto
1526 3751 1739 3819 signum
1774 3749 1935 3804 eundi
1998 3750 2116 3804 suis

535 3839 702 3908 dedit,
737 3849 993 3897 causatus
1028 3842 1209 3912 urgeri
1270 3857 1330 3899 se
1372 3852 1430 3896 ut
1466 3841 1660 3898 ciliciis
1692 3842 1820 3896 alibi
1859 3857 2116 3898 necessa-

536 3934 636 3988 riis
668 3943 1007 3990 occurreret.
1050 3936 1130 3990 Ac
1154 3935 1240 3992 'sic
1275 3935 1435 3991 verba
1465 3936 1518 4009 in
1547 3951 1643 3991 ore
1671 3936 1770 3990 l‘ari
1814 3935 1926 4007 jam
1983 3936 2117 3991 inci-

539 4027 740 4096 pientis
769 4027 1046 4083 truncavit
1073 4027 1348 4098 pratsulis,
1398 4042 1532 4086 casu
1583 4036 1638 4082 et
1674 4028 2118 4099 iuopinatissimo

539 4121 660 4174 huic
692 4127 746 4176 et
778 4119 1191 4176 molestissimo.
1232 4119 1366 4174 Nam
1411 4105 1556 4176 elabi
1604 4121 1733 4176 sibi'
1759 4121 1828 4177 de
1867 4123 2117 4178 manibus

537 4214 740 4270 tamdiu
812 4221 1088 4283 captatam
1152 4214 1540 4278 occasionem,
1600 4230 1722 4285 quae
1769 4215 1997 4271 sentiret
2051 4217 2119 4271 de

535 4308 765 4364 Joannis
800 4306 1124 4377 pt'mlectura
1177 4306 1356 4376 deque
1412 4306 1557 4377 quod
1617 4323 1765 4364 nunc
1831 4320 2120 4380 pararetur

537 4415 661 4456 cum
697 4400 848 4456 crale
885 4399 1107 4464 findere,
1145 4399 1464 4470 imperatori
1505 4400 1748 4464 dicendi,
1805 4400 1951 4456 haud
1985 4402 2119 4458 tole-

541 4491 770 4550 randum
801 4500 974 4558 ratus,
1016 4491 1203 4548 tacitis
1258 4507 1444 4549 secum
1477 4507 1543 4547 ac
1594 4493 1831 4550 turbidis
1878 4505 2119 4549 astuans

2219 1977 2432 2057 σάντων
2463 1977 2605 2054 ἔπτὰ
2647 1994 2879 2068 μακρῶν
2922 1989 3060 2046 νεῶν
3089 1986 3234 2060 κατὰ
3265 1980 3673 2063 πραγματείαν,
3703 1977 3807 2032 καὶ

2215 2095 2376 2166 λόγου
2408 2091 2749 2153 διαδοθέντος
2789 2087 2866 2153 ὡς
2897 2087 2994 2142 καὶ
3028 2083 3215 2167 στόλος
3248 2078 3396 2150 νηῶν
3427 2075 3572 2130 κατὰ
3617 2072 3806 2145 μάχην

2216 2185 2672 2264 προσαναόαίνει,
2699 2177 2910 2246 δείσας
2939 2176 3193 2234 ἑντεῦθιν
3228 2173 3328 2247 τὴν
3380 2167 3805 2264 Κωνσταντίνου

2215 2261 2554 2355 εἰσέρχεται,
2588 2280 2683 2332 καὶ
2699 2272 2804 2350 τὴν
2830 2273 2931 2344 τῆς
2956 2266 3437 2342 Παμμακαρίστου
3467 2261 3646 2355 μονὴν
3669 2266 3807 2313 κατ.

2215 2376 2377 2443 οικεί,
2427 2375 2564 2429 ὅπου
2610 2370 2710 2425 καὶ
2759 2363 3069 2436 ἐπικαιρῷ
3111 2362 3210 2432 μὲν
3259 2357 3466 2432 μετρίῳ
3501 2354 3804 2428 ⁴ίι-ιιριίικτεν,

2215 2466 2338 2527 εἶτα
2365 2467 2408 2523 δ’
2437 2448 2697 2535 ἀξιωθεὶς
2726 2462 2879 2532 παρά
2911 2477 2970 2515 τε
2995 2456 3091 2514 τοῦ
3121 2455 3331 2527 κλήρου
3357 2453 3452 2508 καὶ
3476 2450 3586 2506 τῶν
3612 2450 3808 2520 ἀρχιε·

2217 2668 2563 2714 recessurum
2617 2648 2800 2722 quoad
2828 2648 2872 2703 is
2922 2644 3144 2702 rediret.
3181 2640 3402 2698 Faustis
3438 2647 3617 2694 tamen
3669 2649 3799 2689 eum

2216 2749 2469 2806 demere
2508 2741 2784 2798 ominibus
2844 2733 3292 2792 Thessalonicam
3353 2725 3801 2802 proﬁciscentem

2213 2849 2300 2897 est
2357 2844 2705 2910 prosecutus,
2761 2839 2948 2888 certus
3013 2828 3232 2885 interim
3282 2825 3399 2896 ipse
3444 2823 3521 2879 ibi
3577 2831 3804 2874 manere

2215 2932 2394 3003 quoad
2421 2932 2726 3001 imperator
2777 2931 3169 2981 reverteretur.
3230 2919 3404 2974 Haesit
3442 2915 3612 2986 igitur
3642 2910 3805 2982 Sely-

2218 3026 2353 3087 brire
2393 3031 2592 3078 mmsto
2623 3018 2842 3076 silentio
2870 3014 3073 3072 rodens
3107 3026 3369 3068 arcanum
3405 3007 3677 3070 dolorem,
3707 3011 3801 3057 ut-

2215 3127 2434 3182 cunque
2498 3109 2816 3170 ilium.‘non
2846 3105 3060 3176 penitus
3104 3099 3326 3174 ignarus
3374 3097 3602 3175 occulta:
3650 3093 3804 3150 illitis

2219 3220 2391 3266 curat.
2425 3201 2700 3259 consolari
2754 3199 2985 3256 tentavit
3040 3197 3362 3267 imperator.
3417 3189 3594 3260 Simul
3631 3187 3803 3244 enim

2220 3295 2471 3370 pervenit
2539 3293 3014 3357 Thessalonicam,
3075 3290 3249 3345 misso
3306 3285 3376 3342 ad
3432 3285 3804 3356 patriarcham

2219 3394 2462 3464 quodam
2481 3409 2511 3448 e
2540 3391 2657 3447 suis
2687 3393 2946 3461 praetextu
2978 3381 3154 3439 veniat
3180 3379 3466 3452 poscenda:
3497 3375 3808 3464 percipien-

2219 3489 2414 3544 dorum
2460 3484 2529 3541 ab
2567 3482 2676 3542 alio
2743 3495 2842 3550 per
2895 3477 3014 3548 ejus
3074 3474 3401 3541 absentiam,
3475 3469 3807 3526 instantibus

2223 3594 2334 3638 tum
2369 3578 2525 3639 festis
2555 3572 2942 3635 Paschalibus,
2974 3581 3256 3626 sacrorum
3295 3562 3658 3621 Eucharistire
3705 3563 3809 3614 do-

2220 3686 2458 3737 norum,
2527 3673 2848 3722 consuetum
2920 3661 3140 3716 xenium
3204 3655 3450 3729 pecunia:
3522 3655 3577 3708 in
3619 3649 3809 3720 hospi-

2221 3765 2484 3821 talitatem
2535 3754 2911 3830 expendetidte
2960 3753 3156 3809 obtulit
3209 3747 3630 3821 perliberaliter.
3671 3745 3804 3799 Eam

2218 3856 2622 3923 eleemosy‘nam
2656 3849 2858 3906 solitus
2877 3853 3288 3916 semper-antea
3319 3839 3807 3925 fuerat'Augustus

2221 3947 2546 4021 patriarcha:
2575 3961 2740 4002 manu
2783 3941 3004 4015 propria
3041 3938 3163 3994 sine
3195 3934 3420 4015 arbitris
3454 3928 3798 4005 traderenad

2221 4056 2489 4099 summam
2560 4051 2797 4094 annuam
2874 4029 3373 4090 mille-admodum
3448 4038 3801 4084 nummorum

2221 4136 2632 4194 ascendentem.
2667 4130 2772 4187 Sed
2824 4137 2958 4184 tunc
2980 4140 3089 4196 quo
3132 4135 3373 4195 praesens
3427 4116 3578 4190 fungi
3623 4113 3807 4170 oﬂlcio

2223 4245 2332 4284 non
2361 4233 2566 4299 posset,
2600 4239 2708 4280 non
2742 4222 2904 4276 modo
2929 4234 3027 4291 per
3061 4223 3274 4272 certum
3309 4213 3428 4269 vice
3446 4209 3806 4275 substitutum

2222 4336 2318 4377 sua
2357 4319 2636 4376 hominem
2671 4313 2936 4386 explevit,
2961 4324 3148 4366 verum
3185 4317 3240 4362 et
3275 4318 3472 4362 munus
3516 4311 3808 4359 commen-

2223 4415 2356 4470 dare
2383 4411 2600 4469 curavit
2637 4410 2808 4465 multa
2841 4404 3182 4461 humanitate
3234 4399 3552 4465 verborum,
3599 4393 3806 4466 quibus

2224 4519 2279 4564 ut
2306 4510 2476 4578 quam
2493 4504 2851 4562 blandissime
2876 4497 3110 4554 delinire
3141 4511 3168 4549 a
3202 4510 3259 4549 se
3282 4500 3575 4548 conaretur
3595 4500 3803 4558 egrum

539 4584 970 4655 cogitationibus
1003 4585 1317 4639 minabatur
1348 4584 1492 4640 haud
1527 4600 1814 4642 cessurum
1838 4601 1982 4649 sese,
2012 4602 2113 4642 nec
2150 4574 2193 4629 θ
2227 4574 2474 4673 ριιέευιίε
2514 4599 2778 4660 animm",
2811 4595 2858 4650 ei
2917 4607 3077 4662 quem
3127 4586 3443 4644 destinabat
3494 4579 3804 4652 imperavllo

539 4682 619 4735 sic
651 4679 858 4734 infecto
883 4677 1039 4747 cujus
1065 4678 1239 4746 gratia
1270 4678 1474 4732 exisset
1505 4679 1719 4749 negotio
1742 4694 2111 4736 reversurum.

544 4777 616 4828 Ac
641 4774 767 4827 licet
796 4787 860 4827 ex
903 4783 1054 4840 parte
1085 4769 1308 4825 videbat
1332 4785 1456 4826 esse
1493 4772 1842 4827 verisimilem
1884 4786 2115 4827 exeusa-

537 4865 740 4921 tionem
770 4863 1057 4932 allegatum
1096 4861 1162 4915 ab
1189 4864 1459 4933 Augusto,
1488 4863 1634 4932 quod
1667 4857 1802 4919 satis
1825 4875 2115 4936 appareret

539 4958 630 5013 tali
670 4973 794 5014 eum
823 4955 1057 5011 articulo
1095 4956 1354 5024 temporis
1390 4957 1499 5013 alio
1533 4959 1672 5013 trahi
1707 4959 1794 5014 vix
1842 4960 2115 5015 evitabili-

539 5057 639 5108 bus
670 5051 875 5116 causis,
897 5065 1004 5104 non
1033 5049 1318 5107 desinebat
1351 5059 1531 5107 tamen
1561 5051 1831 5122 suspicari
1864 5054 2114 5109 nonnihil

537 5148 607 5201 ab
643 5148 761 5217 ipso
799 5145 1107 5200 adhibitum
1143 5146 1308 5200 studii
1343 5145 1408 5199 ad
1441 5147 1844 5201 excludendum
1879 5163 1935 5203 se
1967 5165 2113 5204 com-

539 5240 803 5295 moditate
834 5237 1123 5294 audientiae
1147 5239 1346 5308 cupitae
1373 5251 1427 5294 et
1454 5239 1815 5295 occludendas
1851 5242 1942 5295 tali
1976 5258 2114 5313 prae.

538 5344 690 5391 textu
718 5349 882 5389 aures
917 5334 1092 5389 libero
1116 5348 1274 5402 quem
1313 5343 1562 5404 paratum
1609 5334 1954 5405 intelligeret,
2000 5352 2118 5390 ser-

537 5431 708 5495 moni,
747 5427 910 5499 283
943 5427 1268 5483 dissuadere
1293 5435 1558 5483 conaturo
1587 5427 1766 5482 foedus
1808 5428 2110 5492 Serbieum,

535 5522 694 5592 quasi
741 5536 796 5575 re
827 5521 1064 5591 amplius
1090 5535 1200 5574 non
1256 5519 1491 5588 integra,
1544 5535 1607 5574 ex
1662 5533 1773 5594 quo
1809 5521 1912 5575 iter
1970 5521 2109 5576 istud

532 5625 601 5667 νο
637 5617 797 5670 traice
829 5614 1110 5683 pertinens
1143 5612 1552 5682 capessivissrt.
1583 5612 1726 5682 Ergo
1759 5613 1838 5668 sic
1865 5615 1982 5667 vale
2006 5613 2111 5668 sibi

535 5711 809 5763 dicentem
845 5708 1226 5777 imperatorem
1255 5708 1488 5762 multum
1515 5705 1641 5762 licet
1681 5720 1941 5773 atterens,
1972 5715 2024 5760 et
2058 5706 2112 5760 in

537 5813 759 5870 magno,
795 5798 922 5855 licet
959 5808 1108 5855 muto
1141 5813 1206 5854 ac
1232 5813 1446 5855 summa
1479 5799 1530 5854 vi
1563 5797 1928 5866 dissimulato,
1955 5795 2113 5857 meti-

537 5891 610 5950 tis
642 5901 776 5953 aestu
806 5894 1124 5969 relinquens
1162 5892 1474 5967 patriarcha
1507 5892 1702 5953 statuit
1734 5906 1794 5952 se
1849 5893 1972 5951 inde
2000 5911 2109 5952 non

2227 4669 2342 4749 lloc
2376 4702 2556 4747 tamen
2590 4703 2700 4744 non
2746 4696 2831 4743 est
2871 4669 3155 4741 assecutus
3191 4688 3250 4735 ut
3298 4679 3352 4732 in
3395 4675 3584 4730 urbem
3630 4669 3805 4726 remi-

2223 4785 2414 4859 grandi
2467 4780 2750 4838 consilium
2815 4777 3128 4849 patriarcha
3181 4772 3518 4840 susciperet:
3561 4762 3806 4836 perstitit

2223 4858 2367 4935 cutim
2439 4878 2600 4933 etiam
2655 4883 2777 4944 post
2836 4874 2939 4927 hoc
3012 4868 3314 4939 Selybrize,
3408 4864 3582 4918 donec
3654 4858 3804 4928 gravi

2224 4981 2450 5028 coactus
2507 4964 2929 5036 superveniente
2982 4961 3084 5031 ipsi
3140 4959 3426 5014 oculorum
3489 4950 3680 5007 morbo
3736 4949 3804 5001 ad

2224 5062 2670 5121 commoditatem
2728 5056 3033 5113 curationis
3092 5052 3385 5106 admovere
3437 5062 3497 5104 se
3549 5045 3693 5111 urbi,
3748 5045 3804 5098 in

2225 5150 2618 5212 monasterium
2656 5151 3035 5208 suburbanum
3095 5141 3359 5200 Cosmidii
3409 5157 3467 5197 sc
3523 5137 3807 5194 transtulit

2228 5264 2414 5304 mense
2443 5245 2629 5309 Junio,
2666 5243 2878 5314 copiam
2912 5239 3025 5300 illic
3055 5236 3356 5292 faciliorem
3391 5231 3678 5287 habiturus
3706 5243 3804 5282 ur-

2228 5346 2492 5398 banorum
2552 5337 2913 5394 medicorum.
2972 5334 3243 5389 Caeterum
3287 5329 3432 5385 Julio
3493 5329 3804 5396 insequenti

2227 5434 2645 5492 adventantibus
2672 5431 2726 5488 in
2755 5430 2872 5486 eain
2899 5442 3054 5482 oram
3083 5435 3293 5496 septem
3332 5423 3513 5494 longis
3546 5420 3802 5483 navibus,

2228 5525 2346 5578 licet
2385 5514 2466 5577 hac
2501 5527 2827 5578 mercaturae
2855 5532 3024 5573 causa
3084 5514 3403 5583 veniebant,
3441 5513 3570 5582 quia
3621 5519 3803 5568 tamen

2229 5619 2414 5672 rumor
2447 5615 2545 5670 fuit
2585 5613 2784 5669 bellum
2823 5611 3028 5682 portari
3091 5609 3271 5665 classe
3311 5609 3444 5674 ista,
3510 5612 3654 5665 metu
3709 5619 3809 5660 et-

2225 5716 2415 5769 trusus
2440 5711 2563 5766 loco
2584 5725 2650 5766 eo
2675 5723 2866 5781 parum
2889 5717 3006 5763 tuto
3039 5707 3320 5777 ingressus
3348 5703 3539 5760 urbem
3568 5710 3676 5771 est,
3701 5717 3806 5761 nec

2223 5814 2408 5862 tamen
2439 5801 2904 5874 patriarchalibus
2943 5799 3110 5873 284
3164 5814 3223 5856 se
3274 5798 3510 5856 reddidit
3567 5797 3804 5867 adibus,

2225 5900 2322 5957 sed
2342 5900 2394 5957 in
2430 5896 2762 5955 monasterio
2787 5894 3200 5953 Pammacaristi
3220 5895 3451 5963 sumpsit
3476 5891 3798 5963 hospitium;
