4094 6280
599 418 708 492 363

1791 430 2125 495 GEORGII
2163 430 2648 498 ΡΑΟΗΥΜΕΒΛΞ

3777 440 3884 508 364

595 544 794 606 αὐτοὺς
821 541 920 605 τὰς
950 542 1167 605 σπάθας
1204 542 1605 613 γυμνώσαντας
1654 548 2041 639 κατακόπτειν
2054 547 2184 612 τοὺς
2212 550 2259 606 Α
2288 548 2492 615 πλάτος
2523 547 2731 609 ἄϐατον
2780 548 3161 627 καταστήσας,
3189 554 3361 639 dictv
3388 558 3508 623 τοῖς
3534 556 3774 629 πρώτοις
3796 558 3881 613 16-

600 637 808 702 ίκέτας,
839 636 1052 689 exslvet»
1080 637 1141 691 τὸ
1177 635 1457 709 σύμϐολον
1494 630 2049 712 δόντοςλείσπηδῶσιν
2080 640 2183 694 a6—

594 732 725 785 τίκα
756 728 855 797 καὶ
881 731 1073 785 ἀθλίαν
1127 730 1582 812 θοίνην-ἐκεῖνόν
1601 752 1665 789 τε
1716 735 1817 792 καὶ
1846 736 2044 792 παῖδας
2069 735 2180 789 δει-

595 824 776 880 κνύσι.
803 824 976 879 Τοῦτο
1013 824 1093 896 τῷ
1134 824 1267 899 Ἀλῇ
1302 828 1475 897 ⁴¹’πόνος
1500 821 1572 897 ἦν
1602 831 1697 883 καὶ
1722 829 1840 887 τῶν
1881 829 2184 901 συμφορῶν

595 920 628 991 ἡ
670 918 898 991 ἐσχάτη,
932 919 1085 973 παιδί
1116 936 1183 989 γε
1216 919 1331 975 δντι
1360 918 1456 976 τοῦ
1485 922 1955 995 κρεουργηθίντσς
1994 914 2087 978 καὶ
2121 921 2186 976 ἐκ

595 1030 743 1074 τινος
770 1001 1027 1085 προνοίας
1049 1015 1445 1087 περισωθέντι,
1470 1016 1565 1070 καὶ
1584 1014 1647 1070 τὸ
1660 1019 1773 1080 τοῖς
1801 1017 2013 1088 ὁμοίοις
2042 1017 2185 1092 ἀμύ·

597 1094 799 1161 νεσθαι
843 1096 1027 1178 πάσης
1054 1092 1659 1184 ἀσχολίαςηύπὲρτερον
1692 1110 1993 1184 ἐλογίζετο.
2039 1109 2184 1167 Ίκα-

598 1203 722 1265 νοῦς
753 1202 811 1256 δδ
836 1200 923 1255 διὰ
952 1200 1130 1256 ταῦτα
1153 1202 1633 1274 προσεταιρίζεται
1666 1203 1775 1259 τῶν
1796 1204 2058 1278 Περσῶν,
2091 1208 2184 1261 καὶ

597 1295 799 1365 τρόπον
828 1295 1116 1367 ληΐστορος
1146 1291 1427 1369 περιθέει,
1481 1297 1735 1369 ἐμφανὴς
1764 1295 1840 1352 ὢν
1868 1298 1901 1371 ἦ
1939 1299 2184 1371 ἀμυνού-

599 1406 760 1458 μενος
786 1389 820 1462 ﬁ
847 1389 1208 1459 πεσούμενος.
1246 1389 1335 1454 Ὠς
1355 1388 1414 1446 δὲ
1448 1391 1813 1464 κατατρέχων
1838 1392 2059 1466 ἠρήμου
2084 1390 2181 1460 τὰς

593 1484 778 1555 χώρας
806 1482 907 1537 καὶ
939 1482 1039 1553 τὴν
1066 1479 1437 1552 άνταγώνισιν
1474 1482 1726 1549 ἔσπευδε,
1760 1484 1821 1538 τὸ
1856 1484 1951 1539 τοῦ
1988 1487 2182 1558 Μελὴκ

593 1576 746 1647 λῆμα
775 1576 835 1630 τὸ
861 1575 1135 1647 μόρσιμον
1167 1576 1429 1647 ὲρεθίζει,
1462 1576 1558 1632 καὶ
1602 1575 1791 1631 τοῦτον
1817 1578 2013 1650 ἐκείνῳ
2038 1580 2184 1634 συνί-

596 1687 767 1742 στησι·
811 1670 955 1727 κατὰ
994 1672 1260 1744 πόλεμον.
1314 1664 1392 1728 Οὖ
1435 1672 1500 1745 δὴ
1533 1672 1907 1746 συρραγέντος
1943 1673 2183 1752 σφάλλει

592 1764 686 1818 τὸν
720 1764 911 1835 Μελὴκ
938 1765 972 1837 ὴ
1002 1763 1164 1840 τύχη,
1196 1765 1293 1821 καὶ⁸
1318 1767 1347 1819 ὁ
1379 1764 1547 1831 τππος
1575 1766 1682 1839 ὅλῳ
1711 1767 1911 1839 ῥυτῆρι
1940 1768 2182 1841 φερόμε-

595 1875 686 1921 νος
720 1856 1075 1928 συγκάμπτει
1106 1859 1186 1911 τὼ
1216 1858 1363 1924 πόδε,
1401 1856 1499 1912 καὶ⁵
1526 1858 1617 1915 τὸν
1642 1858 1912 1933 ἑπιδάτην
1947 1860 2070 1931 μεθ’
2100 1862 2181 1915 ὅτι

594 1948 860 2027 πλείστης
889 1953 988 2023 τῆς
1006 1951 1302 2024 ῥύμης-ἐπὶ
1326 1950 1454 2020 γόνυ
1482 1955 1870 2025 συγκατασπᾷ,
1894 1955 1990 2008 καὶ
2019 1954 2182 2026 ἔργον

598 2048 800 2102 αὐτίκα
833 2046 1051 2116 σπάθης
1085 2049 1113 2101 ὁ
1137 2046 1321 2100 πεσὼν
1348 2045 1580 2116 γίνεται.
1627 2048 1815 2101 Ταῦτα
1877 2048 1973 2103 τὸν
2016 2046 2183 2118 ’Λλῆν

593 2144 801 2216 ἐπῆρεν
849 2146 928 2211 είς
985 2144 1152 2214 δγκον
1186 2143 1511 2215 Ἀμούριον,
1569 2141 1868 2199 κάντεῦθεν
1930 2144 2181 2212 συνάγων

599 2236 889 2301 πλείστους
922 2235 1108 2299 κακῶς,
1142 2233 1271 2307 ἔδρα
1298 2234 1367 2289 τὰ
1410 2234 1717 2306 Ῥωμαίων.
1742 2232 1910 2312 Οὔπω
1945 2234 2004 2289 δὲ
2036 2234 2183 2305 μάλα

591 2327 659 2400 δὴ
686 2331 782 2381 καὶ
806 2327 863 2391 ἐς
891 2326 1066 2391 τέλος,
1106 2326 1214 2389 ἓως
1237 2319 1299 2382 οὗ
1335 2325 1617 2396 δαιμόνιόν
1649 2343 1702 2380 τι
1730 2326 1946 2398 μήνιμα
1980 2325 2055 2399 (τί
2072 2326 2182 2398 γὰρ

594 2421 662 2477 ἂν
688 2419 816 2476 ἄλλο
842 2418 936 2473 καὶ
966 2418 1113 2473 εἴποι
1141 2434 1229 2484 τις
1254 2417 1469 2488 ;)ξκατὰ
1511 2416 1802 2490 Ῥωμαίων
1833 2417 2132 2488 ὲφύσησεν,
2155 2416 2184 2471 ὃ

595 2512 662 2584 δὴ
696 2510 1056 2580 καὶηλέξεται.
1099 2508 1190 2574 Ὠς
1242 2508 1351 2581 γὰρ
1382 2508 1563 2581 πέραν
1590 2497 1931 2583 Σαγγάρεως
1977 2509 2188 2581 διατρί-

598 2610 712 2662 6ων
742 2609 856 2668 τοῖς
896 2604 1004 2661 άνὰ
1029 2602 1222 2659 τοῦτον
1252 2602 1536 2676 φρουρίοις
1575 2603 1818 2678 ἰσχυρῶς
1853 2602 2187 2674 άντεκρούε-

596 2716 693 2763 το,
710 2697 747 2754 δ.
777 2696 994 2767 φθάσας
1019 2699 1049 2751 ὁ
1080 2695 1338 2767 βασιλεὺς
1359 2694 1627 2768 συνῴκισε
1652 2695 1873 2767 Μιχαὴλ
1896 2696 1995 2759 καὶ
2018 2713 2181 2751 σταυ-

600 2794 717 2866 ροῖς
754 2789 1044 2860 μηκίστοις
1074 2789 1139 2841 ἐκ
1168 2775 1407 2860 δένδρων
1436 2786 1947 2857 ἁξινοκοπηθέντων
1978 2786 2185 2869 μεταξῦ

598 2882 990 2957 κατωχύρωσε,
1049 2881 1212 2953 μέχρι
1264 2882 1359 2935 καὶ
1411 2879 1469 2944 ἐς
1508 2879 1708 2934 ἑκατὸν
1742 2879 1910 2945 πόδας
1939 2879 2002 2935 τὸ
2036 2880 2188 2945 ἐντὸς

600 3068 1016 3127 dissimulanter
1050 3067 1349 3131 et‘leviter,
1389 3066 1565 3122 donec
1615 3080 1745 3123 eum
1799 3066 1985 3123 divina
2034 3081 2187 3138 quae-

602 3157 729 3219 dam
762 3161 903 3217 ultio
923 3158 1058 3231 (quo
1076 3157 1223 3214 enim
1246 3157 1357 3213 alio
1379 3157 1506 3228 quis
1532 3158 1759 3214 nomine
1805 3174 1992 3215 casum
2055 3167 2188 3218 tunc

2288 660 2408 714 γοις
2428 644 2715 717 ἐλέγομεν,
2752 636 2849 702 καὶ
2872 640 2943 720 ἦν
2961 646 3041 720 τῷ
3066 636 3513 724 Πέρσῃστερρον
3542 651 3796 706 ι’ντεῦθεν
3822 652 3883 707 τὸ

2286 738 2383 810 τῆς
2416 736 2770 813 καταδρομῆς
2797 739 3049 813 κώλυμα,
3068 743 3530 821 ⁴Κρονίουμηνδς
3560 746 3626 800 lx
3649 746 3744 800 τοῦ
3770 764 3880 800 παο

2291 830 2556 904 ραχρῆμα
2585 832 2615 886 ὁ
2664 834 2913 904 ποταμὸς
2966 834 3387 908 μετοχετεύσται
3437 838 3535 892 καὶ
3562 835 3738 909 ζητεῖ
3784 838 3882 911 τὴν

2288 918 2533 979 παλαιὰν
2555 923 2768 996 κοίτην,
2792 924 2918 979 καθ’
2933 925 3193 1005 ﬂvitan
3223 926 3660 996 ’Ῑουστιυιάνειος
3690 948 3883 986 novre.

2287 1011 2526 1085 γέφυρα.
2540 1012 2724 1070 ’Υστε
2732 1033 2825 1088 ρον
2850 1017 2910 1073 δὲ
2928 1021 3433 1095 ημετοχετευθιντος
3476 1012 3879 1097 τοῦ”ποταμοῦ,

2286 1106 2378 1173 τὸν
2405 1106 2465 1174 ἐξ
2495 1107 2705 1163 ἑκείνου
2733 1109 2957 1171 Μέλανα
2987 1111 3305 1184 ὑπεδέχετο,
3343 1113 3432 1189 [Ρ.
3459 1115 3601 1191 228]
3627 1118 3688 1172 οὐ
3717 1119 3881 1174 τόσον

2287 1197 2439 1266 ὄντα,
2472 1200 2592 1253 ἀλλ’
2618 1202 2806 1257 ίκανδν
2835 1203 2974 1269 τέως
3001 1205 3098 1261 καὶ
3132 1205 3321 1262 τοῦτον
3354 1210 3418 1262 ἐκ
3452 1209 3655 1287 βάθους
3678 1210 3885 1281 αὐτάρ-

2287 1308 2416 1356 κους
2437 1292 2536 1364 τὴν
2560 1294 2673 1351 τῶν
2689 1295 2904 1369 ἐχθρῶν
2929 1298 3278 1356 ἀποκωλύειν
3307 1300 3518 1371 ἔφοδον.
3539 1299 3674 1359 Τότε
3696 1304 3881 1358 τοίνυν

2286 1383 2347 1451 ἐξ
2365 1384 2593 1456 ὄμϐρων
2621 1389 2650 1441 ὁ
2678 1388 2987 1462 Σαγγάριος
3010 1390 3429 1466 πλημμυρήσας
3453 1396 3554 1467 τῆς
3577 1384 3716 1462 ¹ίδίας
3743 1414 3881 1467 μετ-

2290 1480 2433 1551 αίρει
2465 1482 2560 1536 καὶ
2590 1480 2750 1548 αὖθις
2781 1484 2991 1557 κοίτης,
3011 1481 3082 1560 ἦς
3111 1488 3176 1542 ἐκ
3226 1486 3460 1544 παλαιοῦ
3491 1489 3614 1545 ποτ’
3645 1473 3886 1546 ἐκκοιτο-

2290 1571 2437 1637 σθεὶς
2459 1572 2781 1641 ε’πελάσετο,
2816 1576 2914 1635 καὶ
2948 1579 3087 1651 πρὸς
3131 1580 3233 1652 τὴν
3276 1581 3556 1655 προτέραν
3585 1583 3878 1655 ἀνότρεχε,

2288 1666 2383 1721 καὶ
2431 1658 2494 1720 οὗ
2527 1665 2630 1740 μὲν
2684 1668 2936 1742 ἀπέστη,
2980 1671 3346 1743 περαιοῦσθαι
3380 1675 3476 1729 καὶ
3525 1675 3885 1748 τῷ,τυχόντι

2287 1760 2591 1832 παρεῖχεν,
2620 1754 2684 1815 οὗ
2712 1760 2759 1816 δ’
2803 1761 3105 1818 ἐπελάϐετο
3139 1766 3513 1840 πλημμυρῶν,
3566 1767 3643 1841 μὴ
3664 1768 3697 1831 νδ
3728 1767 3784 1839 γ’
3815 1766 3881 1823 ικ

2213 1912 2255 1967 Β
2284 1856 2386 1926 τῆς
2408 1852 2751 1941 πλημμύρας
2779 1854 2942 1931 βάθος
2989 1855 3163 1931 ἐδίδου
3195 1861 3272 1930 τῷ
3306 1859 3563 1932 ῥεύματι,
3591 1859 3727 1915 ἀλλὰ
3751 1861 3877 1958 ,καὶ

2284 1947 2414 2022 χοῦν
2458 1950 2524 2003 ἐκ
2569 1949 2959 2023 μιλτοπαρῄων
2990 1949 3165 2022 ὀρέων
3194 1950 3458 2021 κατάγων
3502 1954 3598 2009 καὶ
3646 1942 3881 2034 χέραδος

2288 2043 2473 2098 ἱκανὸν
2509 2042 2795 2116 προσέχων
2823 2044 2921 2098 καὶ
2942 2043 3111 2117 πόρον
3138 2044 3307 2099 ἐτίθει
3334 2045 3411 2118 τῷ
3442 2040 3620 2120 περᾷν
3642 2047 3879 2105 θέλοντι.

2287 2134 2377 2203 Τῷ
2398 2151 2482 2188 τοι
2508 2135 2606 2212 καὶ
2642 2137 2691 2189 oi
2716 2136 2775 2190 ὲν
2799 2136 2915 2201 τοῖς
2944 2135 3126 2209 πέραν
3159 2130 3444 2210 φρουρίοις
3476 2140 3881 2223 συνῳκηκότες,

2286 2227 2390 2301 τὴν
2435 2228 2596 2299 ξένην
2646 2226 2871 2306 ἰδόντες·
2899 2229 3236 2300 μετάστασιν
3269 2231 3363 2287 καὶ
3394 2232 3615 2303 γνόντες
3664 2233 3723 2288 ὲν
3760 2233 3881 2306 χρῷ

2285 2319 2539 2397 κινδύνου
2570 2303 2876 2393 γενόμενοι.
2924 2322 3318 2386 ἀπανίσταντο.
3374 2324 3451 2379 Οὐ
3503 2325 3609 2397 μὴν
3643 2325 3691 2381 δ’
3717 2303 3882 2390 αὖθις

2286 2409 2378 2463 ἐπὶ
2402 2408 2539 2464 πολὺ
2571 2410 2631 2465 τὸ
2658 2411 2845 2483 σχῆμα
2864 2411 3022 2467 τοῦτο
3046 2413 3123 2485 τῷ
3146 2412 3378 2488 ποταμῷ
3398 2409 3488 2488 ἦν,
3507 2416 3623 2472 ἀλλ’
3640 2418 3700 2482 ἐς
3725 2405 3880 2490 μῆνα

2288 2502 2615 2573 προσχώσας
2653 2503 2815 2576 μόνον
2845 2504 3180 2579 ὑπέστρεφε.
3228 2510 3341 2564 Καὶ
3369 2506 3439 2583 ἦν
3468 2513 3502 2583 ή
3535 2512 3598 2565 ἐκ
3638 2513 3733 2567 τοῦ
3771 2531 3882 2568 πα-

2286 2590 2439 2646 λαιοῦ
2470 2593 2825 2667 ἀποχώρησις
2857 2596 2951 2650 καὶ
2979 2597 3091 2651 τῶν
3124 2599 3183 2651 ὲν
3215 2598 3331 2664 τοῖς
3379 2603 3659 2676 φρουρίοις
3693 2605 3881 2675 φυγῆς

2286 2686 2383 2741 καί
2409 2686 2510 2756 τῆς
2539 2686 2650 2741 τῶν
2672 2687 2886 2759 ἐχθρῶν
2906 2689 3361 2762 διαπεραιιῖηεως
3382 2695 3669 2769 προφανὴς
3700 2697 3879 2764 αἰτία,

2286 2777 2365 2849 τῷ
2393 2779 2569 2853 περᾷν
2587 2776 2782 2851 άνόδην
2802 2783 2928 2847 τοὺς
2956 2781 3353 2853 βουλομένουςο
3389 2789 3422 2861 η
3453 2776 3497 2841 δ⁶
3528 2787 3589 2855 ἐξ
3635 2789 3882 2861 ὑπογύου

2288 2872 2511 2939 ἐσαῦθις
2554 2861 2946 2951 ἀνυποστροφὴ
2994 2880 3109 2945 τοῖς
3155 2882 3260 2935 κάν
3290 2880 3467 2954 τούτῳ
3497 2884 3743 2956 περῶσιν
3795 2889 3885 2941 εύ-

2289 3058 2615 3131 dcpressum
2654 3060 2953 3119 substravit
2992 3060 3251 3130 fundum,
3319 3081 3427 3137 qua
3463 3068 3668 3127 volenti
3718 3071 3885 3127 cuili-

2288 3150 2383 3209 bet
2408 3147 2649 3209 transire
2676 3154 2908 3225 pedibus
2937 3155 3162 3212 licebat.
3193 3156 3307 3214 Hac
3330 3159 3709 3233 animadversa
3742 3166 3881 3220 mira

606 3257 843 3313 maxime
868 3253 1099 3311 noxium
1156 3253 1445 3324 inopinato
1489 3251 1891 3307 incurrrentem
1956 3266 2191 3309 vocave-
2299 3245 2611 3305 mutatione
2642 3246 2740 3320 qui
2771 3247 3067 3306 ulteriores
3098 3266 3258 3309 arces
3299 3255 3559 3322 praesidio
3594 3254 3877 3325 tenebant,

599 3352 736 3422 rit?)
782 3346 1068 3405 tumefecit
1120 3345 1388 3402 adversus
1423 3345 1741 3411 Romanos;
1795 3360 1957 3415 quem
1995 3360 2185 3407 casum

602 3447 696 3502 ltic
728 3444 986 3501 referam.
1018 3438 1157 3495 Cum
1193 3438 1340 3494 enim
1374 3435 1547 3494 llales
1583 3438 1816 3493 antehac
1868 3436 2013 3492 ultra
2052 3438 2189 3493 San-

599 3541 773 3612 garim
800 3522 1156 3595 emnmorans
1178 3532 1373 3606 positis
1400 3530 1513 3586 illic
1541 3531 1765 3587 arcibus
1803 3530 1980 3587 valide
2011 3532 2188 3601 repel-

599 3632 830 3695 leretur,
858 3642 995 3699 quas
1027 3641 1188 3682 arces
1225 3626 1526 3696 imperator
1572 3623 1894 3680 condiderat
1929 3624 2183 3693 Michael,

599 3737 656 3781 et
697 3732 856 3793 septo
887 3721 1132 3779 exterius
1162 3725 1430 3791 praztento
1455 3716 1789 3775 decussatim
1843 3717 2184 3789 objectorum

601 3816 907 3887 ingentium
939 3813 1211 3885 stipitum,
1240 3824 1308 3866 ex
1358 3808 1653 3865 arboribus
1679 3810 1862 3865 securi
1892 3810 2183 3877 dedolatis,

606 3912 785 3983 perite
810 3906 1143 3972 muniverat,
1180 3905 1417 3976 spatium
1445 3902 1588 3959 ultra
1620 3904 1958 3960 munitiones
1982 3906 2183 3975 pedum

600 3996 822 4059 ei-nium
850 4000 944 4055 illo
962 3996 1291 4054 antemurali
1320 3997 1481 4069 plane
1507 3996 1716 4053 invium
1751 4008 1805 4052 et
1836 3997 2181 4055 inaccessum

602 4096 852 4152 hostibus
884 4092 1129 4157 faciens,’
1151 4088 1695 4161 quemadmodumin
1727 4088 2003 4158 prioribus
2025 4089 2184 4147 libris

600 4191 863 4249 diximus,
896 4193 949 4238 et
971 4192 1091 4240 erat
1127 4185 1229 4237 hoc
1267 4179 1450 4237 Persae
1475 4195 1540 4236 ex
1571 4196 1633 4235 ea
1680 4192 1834 4251 parte
1894 4183 2187 4254 insupera-

601 4283 710 4337 bile
743 4278 1123 4335 incursionum
1161 4273 1532 4340 obstaculum,
1589 4272 1787 4329 Martio
1814 4288 1943 4330 ecce
1993 4291 2184 4332 mense

596 4384 824 4444 repente
855 4369 1056 4426 ﬂuvius
1089 4368 1309 4422 alveum
1336 4366 1570 4421 mutavit
1620 4366 1957 4438 repetiitque
2002 4367 2185 4424 cubile

597 4468 911 4536 antiquum,
949 4463 1016 4518 ad
1043 4460 1191 4532 quod
1228 4459 1358 4514 olim
1394 4457 1572 4515 fuerat
1631 4457 2013 4516 Justinianeus
2044 4475 2181 4530 pons

597 4554 966 4616 cnnStrnctus.
1028 4554 1225 4609 Postea
1259 4551 1512 4607 traducto
1546 4551 1674 4608 inde
1726 4552 1884 4625 331
1950 4552 2177 4625 Sangari

2293 3341 2496 3408 territi,
2525 3334 2671 3411 (μιοά
2702 3358 2763 3401 se
2793 3339 3273 3419 fossa’destitutos
3300 3344 3634 3408 i’nvadabilis
3663 3356 3879 3421 amnis,

2289 3434 2541 3506 obiectos
2576 3435 3276 3510 dcinceps‘incursionihus
3309 3442 3551 3500 hostium
3582 3445 3729 3502 haud
3757 3450 3877 3520 pari

2288 3526 2356 3581 ad
2388 3525 2755 3583 resistendum
2780 3544 3030 3597 numero,
3058 3532 3370 3589 certissimo
3385 3532 3584 3605 capitis
3606 3539 3873 3607 periculo,

2289 3616 2566 3686 viderent,
2600 3619 2935 3679 stationibus
2977 3622 3188 3682 relictis
3223 3624 3503 3682 abierunt.
3549 3629 3667 3684 Non
3689 3636 3874 3686 tamen

2287 3712 2381 3769 diu
2417 3714 2471 3769 in
2494 3729 2562 3771 eo
2594 3724 2740 3771 statu
2767 3713 3029 3788 Sangaris
3050 3718 3272 3785 mansit,
3301 3720 3396 3776 sed
3428 3735 3553 3776 cum
3587 3738 3685 3794 per
3718 3739 3875 3779 men-

2288 3819 2402 3861 sem
2437 3803 2762 3889 inundasset
2799 3822 2996 3878 magna
3031 3816 3195 3865 terrae
3222 3824 3287 3865 ac
3315 3810 3411 3867 luti
3443 3812 3495 3867 vi
3531 3814 3717 3870 alveos
3771 3814 3873 3891 ob-

2288 3886 2512 3968 iimans,
2547 3901 2841 3973 recepitse
2898 3904 2953 3958 in
2984 3917 3111 3958 cum
3162 3903 3312 3961 unde
3374 3921 3552 3978 nuper
3610 3888 3873 3981 migrarat

2288 3992 2529 4058 alveum,
2557 3993 2715 4064 quasi
2751 3993 2821 4050 ad
2855 3993 2960 4051 hoc
2985 4004 3200 4051 tantum
3230 4013 3291 4054 se
3322 3998 3604 4067 movisset,
3645 4009 3705 4058 ut
3732 4018 3875 4074 prae—

2287 4085 2531 4143 sidiariis
2564 4092 2853 4156 terrorem,
2878 4104 2990 4159 quo
3023 4091 3089 4145 ad
3116 4088 3299 4162 fugam
3338 4105 3680 4165 raperentur,
3706 4095 3871 4152 incu~

2285 4186 2446 4247 teret,
2487 4177 2746 4261 hostibus
2801 4191 2992 4237 contra
3024 4191 3079 4238 et
3127 4182 3384 4240 ﬁduciam
3440 4194 3498 4241 et
3552 4187 3864 4245 facultatem

2286 4272 2427 4329 intra
2449 4281 2701 4330 nostrum
2732 4273 3072 4347 irrumpendi
3102 4276 3329 4333 limitem
3378 4278 3552 4335 daret.
3605 4279 3739 4337 Nam
3772 4283 3870 4336 lia-

2286 4381 2405 4421 rum
2429 4369 2661 4422 duarum
2726 4381 2913 4423 rerum
2968 4382 3074 4423 una
3113 4369 3203 4424 illa
3251 4384 3419 4425 causa
3470 4371 3575 4426 fuit
3624 4374 3868 4428 ltuminis

2286 4459 2479 4527 motio,
2514 4460 2959 4517 commoditatem
2996 4464 3172 4519 cuivis
3203 4465 3421 4520 obviam
3450 4468 3702 4535 praebens
3726 4472 3870 4524 vatio

2286 4555 2632 4611 transeundi.
2661 4553 2766 4612 Sed
2810 4572 2909 4613 nec
2956 4558 3076 4628 ejus
3125 4558 3179 4612 in
3220 4559 3460 4630 priorem
3514 4562 3727 4618 alveum
3782 4577 3869 4617 re-

594 4656 764 4711 Melas
791 4652 929 4707 alter
960 4649 1161 4705 ﬂuvius
1193 4655 1564 4711 successerat,
1629 4660 1741 4707 non
1826 4646 1918 4701 ille
1951 4646 2173 4715 quidem
2203 4642 2257 4704 D
2282 4663 2505 4720 gressus
2538 4652 2686 4705 malo
2729 4650 3056 4706 medicinam
3106 4650 3258 4709 fecit.
3320 4652 3659 4719 Oblimatum
3716 4656 3862 4711 enim

597 4749 742 4806 mole
773 4758 1040 4816 aquarum
1083 4756 1182 4814 par
1204 4738 1401 4811 priori,
1447 4751 1708 4795 caeterum
1770 4740 1909 4794 satis
1965 4738 2177 4795 habens

595 4837 910 4895 altitudinis
962 4834 1030 4889 ad
1097 4831 1483 4905 impediendos
1570 4831 1852 4902 incursus
1898 4831 2182 4887 hostium.

594 4933 753 4989 Tune
786 4928 950 5001 igitur
969 4942 1036 4983 ex
1063 4926 1237 4982 multo
1263 4924 1441 4982 imbre
1469 4924 1783 4980 redundans
1809 4923 2069 4996 Sangaris
2089 4938 2185 4978 cu-

596 5027 705 5083 bile
738 5026 936 5080 iterum
973 5020 1224 5086 mulavit,
1257 5034 1326 5075 ex
1362 5034 1432 5076 eo
1473 5018 1618 5087 quod
1649 5017 1739 5073 diu
1792 5033 1960 5073 manu
2012 5016 2183 5072 dedu-

596 5130 725 5176 ctus
765 5124 1155 5189 occupaverat,
1184 5115 1240 5171 in
1271 5114 1422 5186 prius
1459 5128 1753 5170 recurrens
1776 5128 1791 5179 ;
1815 5122 1868 5168 et
1891 5128 2014 5168 eum
2059 5114 2181 5183 qui-

595 5211 717 5269 dem
742 5212 889 5268 unde
920 5210 1175 5280 migravit
1198 5199 1444 5274 alveum,
1462 5210 1619 5278 aquae
1646 5221 1942 5277 pauperem
1964 5214 2017 5262 et
2038 5207 2180 5261 vado

597 5306 778 5363 cuivis
812 5304 1097 5359 meabilem
1124 5301 1366 5373 reliquit,
1389 5316 1513 5358 eum
1539 5316 1698 5372 quem
1725 5300 2000 5357 inundans
2025 5316 2181 5372 repe-

598 5402 682 5457 tiit
713 5398 1137 5468 haudquaquam
1164 5395 1302 5451 adeo
1328 5395 1620 5466 complevit
1646 5434 1661 5461 ,
1684 5405 1739 5448 ut
1778 5409 1842 5449 ea
1884 5395 2176 5450 transitum

595 5494 931 5550 excluderet.
959 5490 1223 5547 Etsienim
1246 5490 1371 5543 illuc
1397 5489 1770 5558 traxitagmcn
1799 5486 1991 5557 ingens
2011 5502 2180 5558 aqua-

592 5605 740 5654 rum,
761 5601 866 5643 non
895 5587 961 5641 iis
992 5593 1171 5640 tamen
1195 5582 1344 5638 dedit
1373 5580 1729 5639 sufﬁcientem
1748 5579 2176 5651 profunditatem

598 5682 855 5751 trajectui
889 5679 1129 5751 peditum
1153 5684 1206 5734 et
1241 5676 1485 5747 equitum
1516 5675 1777 5729 arcendo.
1838 5672 2016 5729 Causa
2056 5674 2176 5741 ejus

594 5780 670 5833 rei
704 5776 825 5842 fuit,
869 5773 1011 5845 quod
1049 5770 1214 5826 simul
1248 5768 1363 5825 limi
1391 5769 1686 5840 plurimum
1721 5777 1774 5822 et
1811 5775 1971 5822 terrae
1998 5768 2175 5823 rubra:

590 5889 655 5926 ex
693 5869 971 5937 argiilusls
1001 5865 1214 5920 derasze
1250 5862 1531 5918 montibus
1561 5862 1788 5916 invexit.
1834 5861 1966 5929 Quae
2000 5873 2174 5916 mate-

588 5963 670 6019 ria
704 5960 994 6019 subsidens
1019 5957 1304 6030 aquisiate
1335 5954 1885 6029 superstagnantibus
1923 5971 2030 6012 non
2066 5955 2173 6012 alte

2287 4751 2578 4813 utrumque
2605 4759 2668 4800 ac
2710 4745 2946 4815 pedibus
3009 4746 3299 4801 meabilem
3360 4748 3579 4818 reliquit
3636 4745 3861 4804 ﬂuvium

2286 4837 2674 4910 magnitudine
2697 4840 2914 4909 aggeris
2951 4854 3015 4895 ac
3046 4840 3291 4895 materia
3314 4855 3410 4912 per
3434 4840 3669 4896 eluviem
3706 4841 3862 4908 inve-

2283 4941 2407 4987 ctae.
2443 4928 2539 4987 His
2570 4930 3012 5002 inopinatissime
3044 4932 3124 4989 sic
3147 4936 3315 5005 gestis
3353 4944 3578 5005 repente
3632 4920 3867 5007 impera-

2284 5025 2387 5079 tori
2416 5024 2578 5096 332
2610 5026 2893 5081 nuntiatur
2910 5026 3071 5097 plena
3132 5043 3255 5084 esse
3316 5027 3717 5084 mediterranea
3760 5029 3865 5084 ito-

2283 5121 2475 5174 stium.
2533 5118 2669 5175 Nam
2707 5129 2988 5191 utcunque
3020 5119 3179 5177 Hales
3236 5109 3498 5180 Amurius
3536 5123 3590 5178 in
3634 5121 3861 5179 simula-

2282 5214 2432 5269 tione
2456 5214 2690 5284 quadam
2724 5216 2875 5286 pacis
2909 5231 2967 5271 se
3000 5215 3268 5273 hactenus
3290 5216 3581 5272 continens
3611 5216 3860 5286 quiesce-

2282 5308 2395 5374 bat,
2432 5316 2608 5363 tamen
2641 5307 2818 5363 eiierri
2876 5309 3025 5364 brevi
3072 5309 3239 5381 coepit
3294 5309 3649 5366 aemulatione
3694 5309 3859 5378 paulo

2283 5410 2404 5473 post
2466 5413 2779 5457 secutorum
2839 5418 3200 5461 successuum
3267 5403 3539 5471 Atmanis,
3601 5403 3854 5461 viciniam

2279 5493 2476 5550 Nicate
2508 5509 2769 5565 prospere
2827 5496 3187 5564 incursantis,
3234 5511 3341 5552 non
3374 5511 3605 5567 parvum
3660 5510 3720 5553 se
3750 5496 3855 5553 itu-

2278 5588 2519 5658 peratori
2552 5587 2879 5645 beneficium
2942 5588 3243 5645 contulisse
3272 5599 3557 5659 reputans,
3631 5592 3678 5647 si
3711 5604 3771 5645 se
3801 5589 3855 5644 in

2282 5680 2433 5749 pacis
2483 5679 2837 5737 observantia
2895 5689 3106 5738 teneret
3151 5684 3395 5753 quandiu
3428 5684 3521 5740 alii
3569 5685 3626 5740 in
3679 5694 3857 5741 terras

2279 5774 2493 5846 imperii
2526 5790 2634 5831 non
2688 5775 3080 5848 irrumperent.
3138 5777 3277 5833 illud
3328 5794 3462 5835 vero
3525 5780 3669 5848 exigi
3720 5792 3858 5837 a-se

2270 5865 2424 5922 haud
2453 5874 2669 5939 arqttum
2708 5885 2851 5937 esse,
2910 5879 2972 5929 ut
3030 5870 3227 5942 praedae
3289 5872 3585 5927 multorum
3638 5872 3856 5942 impune

2279 5959 2514 6017 aliorum
2553 5960 2760 6031 rapinis
2795 5960 3000 6018 abacta:
3030 5970 3239 6032 partem
3283 5963 3400 6034 ipse
3430 5962 3534 6019 sibi
3568 5974 3676 6018 non
3724 5962 3855 6017 arri-
