4094 6280
396 402 508 475 383

1604 398 1931 471 GEORGII
1960 403 2449 467 PACHYMER£

3569 397 3676 466 331

397 546 505 602 χην
562 525 884 583 τούντεῦθεν
923 529 1025 589 ,καὶ
1069 522 1213 585 εἶναι
1267 530 1365 586 καὶ
1390 516 1755 603 ὀνομάζεσθαι
1777 543 1792 561 θ
1822 529 1872 582 οἱ
1922 526 1979 580 δὲ
2008 529 2057 584 Δ
2089 529 2222 599 παρ’
2250 530 2459 582 ἐκεῖνον
2498 526 2735 598 ἀφίξεως
2768 543 2954 593 ενεκα,
2997 518 3345 596 συνὺτεμπον
3380 523 3434 578 δέ
3464 527 3510 580 ol
3548 527 3673 589 τοὺς

397 622 619 694 βίσλους
643 622 981 677 ἀνέπτυσσον
1010 624 1101 677 καὶ
1124 626 1367 697 ἱστορίας
1401 614 1735 699 προέτεινον,
1763 622 1860 678 καὶ
1880 619 1986 676 ποῦ

396 715 501 785 μὲν
556 713 859 769 ψλειδιεινὸν
916 713 1003 788 [Ρ.
1054 714 1184 789 240]
1234 719 1516 790 προσῆγον
1568 718 1849 790 ὀμόσαντα
1888 716 1989 787 τὴν

394 807 731 875 χειροτονίαν
761 807 835 878 μὴ
868 807 1121 878 δέχεσθαι
1139 810 1237 863 καὶ
1266 809 1566 883 δεξάμενον
1603 810 1854 881 ὕστερον,
1882 805 1988 862 ποῦ

390 896 455 953 δε
504 899 596 953 τδν
628 898 722 953 ἐπὶ
756 897 848 953 τοῦ
907 900 1147 970 μεγάλου
1178 902 1463 957 Βασιλείου
1513 902 1771 975 Βιάνορα,
1822 900 1992 971 θερα-

394 992 716 1045 πευσάντων
745 992 855 1046 τῶν
886 978 1059 1062 ἁγίων
1087 996 1225 1057 ’τοὺς
1274 995 1501 1051 ἐκείνων
1524 984 1735 1067 δρκους
1765 994 1992 1068 τρόποις

393 1082 708 1154 οἰκονομίας
764 1084 862 1138 καὶ
920 1089 1303 1157 πνευματικῆς
1361 1088 1771 1152 καταστάσεως.
1820 1085 1989 1141 Ταῦτ’

394 1175 589 1260 ξλεγον
633 1176 1162 1249 διαγνωμονοῦντες,
1197 1177 1293 1235 καὶ
1336 1180 1432 1235 ἐπὶ
1473 1180 1693 1245 ’τούτοις
1720 1170 1753 1235 ’ὁ
1799 1178 1992 1252 χρόνος

397 1269 666 1340 ἐτρίϐετο.
700 1273 871 1335 Μόλις
910 1274 1051 1344 μετὰ
1079 1276 1179 1348 τὴν
1208 1275 1411 1347 πολλὴν
1440 1264 1866 1348 διαφιλονειειίαν
1894 1276 1991 1329 καὶ

395 1356 497 1434 τὴν
535 1364 639 1419 ὑπὸ
673 1352 882 1434 βασιλεῖ
908 1368 1154 1440 ἀκροατῇ
1186 1371 1251 1439 γὶ
1285 1372 1383 1425 καὶ
1412 1368 1743 1442 διαγνώμονι
1772 1368 1990 1425 συνδιά-

401 1457 623 1524 σκεψιν,
665 1460 789 1512 ἐπεὶ
820 1461 920 1513 οὐκ
949 1456 1016 1533 ἦν
1048 1461 1371 1533 συμϐαίνειν
1400 1462 1499 1527 τὰς
1526 1461 1753 1534 γνώμας
1789 1462 1989 1529 αὐτῶν,

401 1550 483 1614 είς
520 1550 655 1604 πολὺ
702 1552 797 1604 τοῦ
835 1552 1032 1624 καιροῦ
1068 1554 1555 1626 κατατεινομένου,
1584 1538 1840 1626 ἐγνωσαν
1872 1556 1993 1626 άμα

401 1638 647 1713 πέμπειν
702 1644 795 1699 καὶ
848 1647 1059 1718 ἐρωτᾷν
1110 1646 1319 1699 ἐκεῖνον
1381 1648 1549 1703 αὑτὸν
1604 1636 1991 1720 πατριάρχην,

400 1733 551 1798 ὅπως
580 1733 695 1805 ἔχοι
725 1735 950 1808 γνώμης
1000 1728 1095 1792 καὶ
1130 1740 1158 1792 δ
1186 1756 1238 1793 τι
1266 1739 1417 1809 λέγει
1446 1740 1539 1793 ὲπί
1585 1757 1646 1794 τε
1680 1744 1744 1811 τῇ
1783 1758 1988 1812 παραι-

403 1826 565 1898 τήσει
603 1830 697 1881 καὶ
718 1829 811 1881 ἐπὶ
840 1830 917 1898 τῷ
945 1820 1307 1904 φημιζομένῳ
1331 1832 1510 1904 ὅρκῳ·
1544 1833 1605 1886 τὸ
1632 1834 1741 1905 γάρ
1763 1833 1987 1895 εὐλαϐὲς

404 1924 504 1975 καὶ
536 1922 742 1977 ἁπλοῦν
775 1924 867 1977 τοῦ
899 1925 1093 1997 ἀνδρὸς
1116 1926 1379 1997 ἐχέγγυον
1409 1924 1555 1999 εἶχον
1579 1928 1761 1999 λέγειν
1784 1931 1992 1984 ἐκεῖνον

400 2016 473 2081 τά
514 2017 695 2087 πάσης
728 2016 1059 2083 ἀποδείξεως
1086 2020 1342 2093 κρείττω,
1364 2010 1459 2092 ἐφ’
1484 2015 1565 2086 οἷς
1596 2022 1705 2094 ἄρα
1734 2023 1994 2094 διημφισ-

406 2096 602 2178 ϐήτουν
650 2109 921 2179 ἀλλήλοις.
967 2112 1077 2166 Καὶ
1127 2113 1191 2187 δὴ
1242 2115 1429 2185 ἠξίουν
1482 2115 1581 2186 μὲν
1645 2115 1992 2187 πατριάρχην

419 2200 857 2274 Ἀλεξανδρείας,
892 2206 1006 2258 εκεῖ
1042 2206 1139 2259 καὶ
1169 2206 1333 2260 αὐτὸν
1366 2196 1862 2281 προκαθεζόμενον.
1894 2209 1993 2279 τῆς

409 2376 788 2437 distinxerim.
850 2387 1035 2455 Atque
1067 2370 1136 2439 in
1192 2385 1295 2441 hoc
1346 2384 1435 2441 iSti
1498 2384 1691 2440 obnixi
1751 2384 1992 2450 stabant,

410 2472 766 2546 contentione
805 2484 957 2530 certa
1000 2460 1108 2529 non
1141 2476 1361 2541 cedere,
1398 2476 1524 2532 aliis
1576 2476 1753 2533 nihilo
1804 2478 1997 2533 remis-

409 2564 530 2620 sius
561 2565 1019 2636 repugnantibus.
1062 2564 1177 2622 Nec
1231 2583 1358 2638 spes
1405 2570 1703 2640 apparebat
1743 2570 1996 2627 ﬁniendae

412 2658 812 2726 altercationis,
843 2676 967 2731 qua:
995 2660 1175 2719 minus
1202 2662 1351 2719 circa
1382 2662 1784 2719 abdicationem
1820 2666 1993 2736 ipsam

412 2767 580 2823 quam
605 2753 752 2815 circa
801 2753 967 2809 verba
1022 2754 1111 2809 illa
1150 2756 1449 2826 iuramenti
1511 2756 1750 2827 speciem
1808 2757 1999 2828 praefe-

410 2844 590 2901 rentia
607 2854 913 2915 exarserat.
934 2844 1121 2916 quue
1144 2862 1231 2903 res
1242 2847 1559 2916 devenerat,
1583 2858 1641 2903 ut
1656 2863 1997 2921 quaereretur

410 2950 543 2991 num
568 2936 785 2991 etiamsi
813 2936 959 2991 forte
992 2952 1113 2991 sese
1145 2938 1237 2992 ille
1266 2936 1662 2995 obstrinxisset
1710 2942 2000 3010 qualicun-

411 3044 521 3099 que
550 3029 886 3101 iuramento,
915 3031 1052 3085 solvi
1083 3046 1147 3086 ea
1183 3031 1451 3104 religione
1485 3033 1710 3088 deberet
1742 3035 1999 3109 adigique

415 3122 587 3176 nihilo
617 3123 801 3178 secius
827 3125 893 3177 ad
924 3125 1315 3185 resumendam
1350 3121 1557 3181 sedem.
1587 3124 1641 3179 In
1678 3141 1789 3195 quo
1841 3129 2000 3183 vehe-

418 3226 633 3270 menter
659 3218 1103 3273 adversabantur
1141 3218 1232 3293 qui
1285 3232 1409 3273 eum
1448 3217 1551 3275 rite
1587 3234 1651 3273 ac
1681 3220 1859 3276 valide
1909 3237 1992 3276 re-
2022 3240 2065 3293 ε

417 3311 700 3381 nuntiasse
730 3290 1167 3374 contendebant,
1222 3310 1497 3364 nefarium
1554 3322 1605 3365 et
1656 3315 1997 3369 exsecrabile

415 3410 856 3466 censentes,‘seu
872 3400 922 3457 el
956 3400 1183 3473 periurii
1224 3396 1589 3472 compertum,
1627 3406 1997 3479 patri‘areham

414 3489 616 3547 deinde
646 3500 702 3548 et
731 3508 855 3549 esse
892 3501 949 3548 et
986 3493 1284 3566 nominari.
1307 3494 1517 3550 Contra
1554 3496 1648 3550 alii
1682 3495 1872 3553 'libros
1917 3515 2005 3573 re-

418 3584 695 3656 plicabam
731 3588 967 3655 veteres,
1004 3588 1378 3660 histerias'qu'e
1404 3588 1738 3658 allegabant.
1769 3589 1835 3645 Et
1860 3607 2004 3646 nunc

416 3677 638 3747 quidem
703 3677 1486 3753 Flavianum‘producebant,
1547 3682 1644 3751 qui
1714 3693 2002 3753 postquam

412 3770 661 3841 iurasset
696 3787 756 3827 se
811 3774 1216 3828 ordinationem
1278 3789 1387 3829 non
1437 3785 1819 3849 accepturum.
1881 3791 2001 3831 eam

411 3865 623 3918 deinde
712 3878 891 3921 tamen
968 3868 1290 3936 acceperit‘:
1366 3883 1492 3923 mox
1551 3871 1717 3925 etiam
1764 3879 2008 3940 tempore

419 3959 588 4033 349
616 3964 794 4032 uzagni
833 3963 1016 4019 Basilii
1052 3965 1201 4036 paria
1238 3966 1449 4022 dictum
1484 3960 1672 4039 egisse
1690 3968 2004 4036 Bianorem,

416 4058 634 4117 .santtis
658 4056 917 4112 videlicet
958 4059 1213 4115 Patribus
1252 4060 1403 4131 ipsos
1447 4062 1713 4133 religione
1773 4064 2010 4134 iurisiu-

425 4151 582 4205 randi
614 4149 981 4208 liberantibus
1018 4154 1535 4212 accommodatione
1557 4149 1730 4227 quieti
1765 4166 1899 4213 tunc
1926 4174 2013 4214 re-

427 4255 548 4295 rum
581 4255 883 4311 opportuna
932 4256 983 4300 et
1017 4234 1460 4319 ipsis'inspirata
1510 4249 1797 4306 divinitus.
1854 4249 2008 4306 Talia

427 4334 688 4405 uzrinque
738 4337 1083 4392 irrevocabili
1114 4339 1415 4409 pertinacia
1457 4341 1854 4398 contendentes
1878 4341 2012 4397 alle-

428 4426 652 4495 gahant.
688 4432 864 4497 Atque
896 4429 1207 4501 huiusmodi
1239 4431 1443 4501 iurgiis
1490 4442 1706 4506 tempus
1760 4432 2015 4491 absume-

434 4520 617 4587 batur,
658 4522 839 4591 quoad
877 4522 964 4576 vix
996 4524 1215 4579 tandem
1240 4535 1363 4594 post
1403 4526 1629 4581 multam
1666 4526 1814 4582 illam
1850 4528 2014 4584 alter-

428 4613 704 4669 cationem
733 4628 786 4671 et
812 4616 1092 4673 indefesse
1121 4604 1339 4687 cunctis
1369 4622 1656 4689 prmsentis
1702 4633 2014 4693 cunctaque

428 4712 635 4760 attente
661 4706 937 4763 audientis
988 4720 1404 4780 cooperantem,
1464 4721 1628 4781 prout
1669 4722 1901 4784 poterat.
1943 4716 2011 4771 ad

429 4798 635 4879 aliquid
670 4802 909 4871 denique
933 4802 1345 4860 decernendum
1405 4805 1861 4871 deliberationem
1902 4808 2009 4865 im-

429 4896 729 4964 peratoris,
777 4912 899 4949 cum
957 4896 1118 4951 aliter
1149 4898 1364 4954 infinite
1401 4886 1695 4956 discordes.
1720 4901 1777 4956 in
1839 4918 2010 4958 unum

430 4988 551 5056 cogi
594 4972 1218 5071 sententize'nequirent,
1249 4976 1587 5047 conventum
1620 5009 1849 5052 assensu
1882 5012 2018 5052 cun-

431 5092 644 5139 cmrum
682 5093 765 5137 est
794 5084 939 5139 mitti
962 5095 1219 5154 opm-tere
1252 5086 1349 5157 qui
1381 5085 1563 5156 ipsum
1614 5087 2019 5159 interrogarent

434 5177 827 5245 patriam-ham,
862 5194 970 5249 quo
1022 5179 1208 5233 animo
1249 5177 1660 5237 abdicationem
1706 5182 2017 5253 scripserit,

429 5270 673 5339 quidque
702 5280 885 5325 mente
913 5282 1158 5331 versaret
1190 5288 1315 5327 cum
1349 5273 1440 5328 illa
1499 5274 1867 5347 iurisiurandi
1907 5276 2018 5330 for-

435 5380 578 5417 tnam
618 5361 966 5431 pra'l'crenlia
996 5366 1269 5435 proferret
1297 5368 1483 5421 verba.
1521 5366 1651 5422 Eam
1707 5369 1854 5423 enim
1885 5384 2021 5425 con-

430 5455 781 5509 stabatinter
827 5469 1022 5511 omnes
1075 5470 1199 5513 esse
1229 5456 1605 5511 sinceritatem
1662 5466 1717 5513 et
1748 5459 2020 5529 simplici-

434 5559 603 5605 tatem
636 5550 763 5611 viri.
792 5566 915 5620 quae
967 5540 1241 5622 pignoris
1269 5550 1393 5607 loco
1436 5538 1603 5608 esset'
1630 5552 1817 5608 idonei
1873 5551 2018 5612 haud

433 5644 579 5697 aliud
613 5644 790 5711 ipsum
820 5644 886 5699 de
929 5646 1096 5700 rebus
1121 5645 1202 5699 illi
1243 5646 1337 5701 uni
1371 5661 1437 5699 ex
1468 5645 1678 5702 intima
1728 5638 2018 5706 admonitu

432 5740 788 5795 conscientiae
828 5741 1314 5811 perspectissimis,
1368 5742 1436 5798 de
1461 5742 1665 5812 quibus
1702 5760 1848 5800 nunc
1898 5748 2019 5800 dis-

432 5844 765 5901 ορμιαηιιιιτ,
792 5850 1211 5904 responsurum,
1235 5851 1399 5906 quam
1452 5836 1599 5905 quod
1628 5851 1818 5893 revera
1844 5849 2014 5895 esset.

434 5924 621 5996 Itaque
671 5938 929 5997 rogarunt
963 5928 1331 5998 patriai-ettam
1362 5926 1815 5997 Alexandrinum,
1843 5931 1937 5997 qui
1968 5939 2023 5988 et

2091 622 2457 692 συνεροῦντας
2489 623 2586 677 καὶ
2630 622 2726 677 δύο
2754 616 3056 695 ἀρχιερεῖς,
3103 620 3196 674 τόν
3234 635 3293 673 τε
3325 618 3547 689 Κρήτης
3577 619 3677 672 Νιο

2090 713 2332 783 κηφόρον
2358 714 2456 768 καὶ
2509 715 2604 768 τὸν
2642 714 2943 785 Περγάμου
2988 713 3284 786 Ἀροάνιον.
3322 710 3389 768 Oi
3432 712 3526 765 καὶ
3555 714 3679 764 επι-

2092 806 2315 871 στάντες
2339 825 2403 861 πε
2414 812 2467 879 ρὶ
2497 792 2612 878 τῆς
2632 812 3023 880 παραιτήσεως
3063 807 3161 862 καὶ
3188 804 3285 861 τοῦ
3317 805 3476 876 λόγου
3506 806 3582 870 ὡς
3611 808 3676 859 ἐκ

2090 898 2314 953 συνόδου
2343 903 2526 971 πάσης
2548 902 2643 957 καὶ
2668 901 2938 975 βασιλέως
2966 899 3409 957 διεπυνθάνοντο.

2089 1016 2193 1090 λβ’.
2237 1019 2379 1087 Περὶ
2417 1019 2529 1089 τῆς
2564 1019 2713 1088 πρὸς
2750 1018 3040 1090 Ἰωάννην
3077 1017 3183 1090 τοῦ
3224 1016 3679 1086 Ἀλεξανδρείας

2287 1091 2543 1160 ἀφίξεως
2570 1090 2671 1145 καὶ
2709 1089 2819 1159 τῆς
2852 1089 3188 1161 ἀπολογίας
3218 1090 3483 1144 ἐκείνου.

2174 1182 2233 1237 '0
2261 1182 2318 1238 δὲ
2352 1182 2447 1236 τὸν
2471 1183 2739 1251 ἀπόλογον
2769 1184 2895 1236 ὅσον
2918 1177 2987 1253 ἦν
3017 1180 3323 1253 συντεμὼν,
3349 1182 3539 1253 γραφῇ
3579 1197 3682 1253 ση-

2094 1264 2271 1347 μήνας
2312 1276 2659 1331 ἀπέστειλεν.
2685 1265 2804 1329 Ἦν
2852 1269 2895 1329 δ’
2934 1274 3021 1329 ἐπ’
3047 1274 3221 1344 αὐτῆς
3248 1275 3425 1328 εἰπεῖν
3452 1274 3555 1344 τῆς
3584 1273 3677 1327 λά-
3734 1296 3741 1303 ·

2092 1368 2231 1435 ξεως
2268 1368 2472 1439 ἔχουσα
2515 1362 2724 1433 οὕτως·
2760 1386 2778 1420 t
2816 1369 3079 1436 Aécnmd
3104 1366 3378 1439 ξμου.ἇ.γιε
3430 1365 3676 1438 βασιλεῦ,

2091 1459 2460 1531 διεμηνύσατό
2506 1479 2595 1533 μοι
2622 1463 2657 1532 ἠ
2690 1461 2932 1534 κραταιὰ
2971 1461 3067 1514 καὶ
3112 1459 3249 1530 ἁγία
3283 1458 3533 1531 βασιλεία
3581 1476 3679 1513 σου

2094 1554 2188 1605 καὶ
2218 1554 2251 1624 ἡ
2284 1546 2407 1607 θεία
2450 1556 2543 1608 καὶ
2574 1554 2696 1624 ιερὰ
2746 1536 2986 1618 σύνοδος,
3034 1554 3177 1625 μετὰ
3225 1553 3321 1608 τοῦ
3371 1554 3679 1623 άγιωτάτου

2093 1647 2297 1702 πάππα
2327 1650 2421 1702 καὶ
2449 1649 2792 1721 πατριάρχου
2838 1648 3248 1727 Ἀλεξανδρείας
3272 1647 3366 1702 καὶ
3399 1647 3540 1717 μετά
3570 1645 3679 1700 τῶν

2092 1741 2186 1795 δύο
2210 1741 2537 1812 ἀρχιερέων.
2560 1741 2647 1794 ίνα
2676 1740 3061 1811 παραδηλωσω
3078 1740 3143 1811 τῇ
3172 1741 3409 1809 κραταιᾷ
3436 1739 3527 1792 καὶ
3551 1738 3683 1808 ἁγίᾳ

2096 1831 2347 1904 βασιλείᾳ
2378 1831 2466 1905 [Ρ.
2498 1829 2629 1904 2-H]
2664 1849 2758 1884 σου
2812 1831 2960 1894 ὅπως
2994 1829 3105 1901 ἔχω
3144 1831 3383 1899 γνώμηςι
3412 1832 3540 1900 περὶ
3583 1828 3679 1883 τοῦ

2098 1922 2408 1994 συμϐάντος
2440 1923 2522 1985 είς
2552 1920 2654 1991 ἐμὲ
2678 1920 2857 1988 λόγου,
2890 1921 2971 1974 ἔτι
2991 1920 3049 1973 δὲ
3082 1919 3177 1974 καὶ
3203 1919 3455 1990 περὶτῆς
3485 1934 3681 1987 παραι-

2095 2011 2307 2085 τήσεώς
2336 2030 2459 2081 μου.
2511 2012 2616 2066 Καὶ
2647 2010 2755 2065 ἔδει
2787 2012 2862 2083 μὴ
2890 2010 2951 2064 τὸ
2984 2011 3244 2079 παράπαν
3276 2008 3679 2080 ἀποκρίνασθαί

2099 2123 2192 2176 με,
2231 2105 2334 2175 τῆς
2372 2104 2511 2173 ἐμῆς
2542 2103 2927 2174 παραιτήσεως
2975 2101 3159 2169 σαφῶς
3193 2100 3542 2169 παριστώσης
3581 2099 3679 2169 τὴν

2098 2203 2238 2272 ἐμὴν
2264 2199 2521 2271 βούλησιν
2544 2216 2556 2230 ο
2590 2196 2714 2251 ἐπεὶ
2751 2196 2809 2250 δὲ
2837 2195 2991 2263 μόλις
3035 2194 3129 2249 νῦν
3163 2194 3473 2263 ἑρωτῶμαι,
3505 2192 3581 2253 ὡς
3622 2209 3680 2244 εν

2098 2390 2218 2458 ipse
2246 2386 2301 2441 in
2362 2387 2553 2457 primis
2609 2386 2730 2457 eius
2779 2398 3076 2441 consessus
3099 2378 3382 2440 subselliis
3430 2379 3686 2445 sedebat,

2099 2478 2251 2535 adire
2281 2480 2349 2533 ad
2380 2476 2650 2533 Joannem
2673 2493 2738 2533 ea
2775 2492 2940 2533 causa
2976 2492 3045 2532 ne
3071 2485 3413 2545 gravaretur.
3440 2468 3681 2527 Addide—

2098 2582 2228 2629 runt
2248 2573 2299 2628 ei
2334 2571 2628 2644 legationis
2660 2565 2824 2644 huius
2854 2572 3036 2627 socius
3067 2569 3206 2624 duos
3229 2567 3540 2638 episcopos,
3575 2561 3673 2617 Ni-

2100 2668 2404 2736 cephorum
2440 2665 2764 2723 Cretensem
2804 2672 2859 2719 et
2914 2662 3209 2719 Arsenium
3244 2660 3678 2730 Pergamenum;

2099 2762 2193 2832 qui
2217 2771 2272 2817 et
2305 2759 2534 2831 profecti
2560 2760 2625 2814 ad
2650 2752 2917 2813 Joannem
2954 2757 3024 2812 ab
3061 2770 3129 2813 eo
3153 2755 3376 2809 nomine
3409 2752 3683 2808 universae

2098 2854 2291 2927 synodi
2326 2863 2379 2907 et
2424 2851 2778 2923 imperatoris
2829 2849 3188 2921 quitesierunt,
3229 2845 3359 2915 quid
3418 2844 3486 2899 de
3527 2842 3685 2897 abdi-

2099 2947 2317 3001 catione
2349 2960 2450 3000 sua
2475 2944 2655 3015 deque
2681 2942 2999 3007 verborum,
3025 2939 3229 3011 quibus
3266 2938 3485 3007 iurasse
3528 2935 3683 2990 visus

2100 3049 2265 3103 esset,
2299 3054 2427 3095 vera
2455 3037 2684 3093 notione
2711 3036 2829 3107 ipse
2854 3035 3110 3091 sentiret.

2102 3156 2192 3211 32.
2232 3152 2303 3207 De
2355 3150 2706 3207 Alexandrini
2751 3151 2820 3204 ad
2861 3149 3123 3204 Joannem
3170 3163 3379 3202 accessu
3420 3155 3471 3199 ει
3519 3144 3682 3213 huius

2759 3236 3032 3290 responso.

2174 3310 2269 3372 l'lle
2302 3331 2432 3372 vero
2455 3314 2727 3387 quidquid
2768 3329 2936 3384 super
2961 3314 3049 3369 bis
3097 3310 3541 3380 respondendum
3585 3312 3681 3364 ha-

2104 3409 2258 3464 heret
2286 3408 2478 3481 paucis
2503 3408 2853 3478 complexus,
2879 3406 3089 3477 scripto
3120 3415 3503 3477 consignatum
3532 3404 3683 3459 misit

2105 3498 2259 3555 hisce
2296 3499 2365 3554 ad
2393 3500 2637 3555 litteram
2666 3508 2931 3569 conceptu
2991 3498 3217 3551 verbis:
3261 3516 3277 3547 ι
3329 3494 3556 3552 Domine
3605 3497 3681 3551 mi

2106 3602 2294 3648 sancte
2332 3593 2653 3662 imperator,
2686 3589 3035 3645 denuntiavit
3068 3589 3203 3642 mihi
3240 3597 3435 3657 potens
3474 3597 3529 3643 et
3556 3604 3683 3641 san-

2107 3692 2189 3742 sta
2219 3683 2475 3755 maiestas
2502 3691 2615 3749 tua,
2674 3697 2776 3739 nec
2849 3697 2959 3735 non
2996 3681 3180 3735 divina
3214 3680 3382 3752 350
3417 3691 3471 3735 et
3525 3694 3682 3735 sacra

2110 3780 2371 3849 synodus,
2402 3792 2497 3845 per
2518 3770 3169 3843 sanctissimumipapam
3213 3782 3267 3829 et
3317 3775 3685 3843 patriarcham

2108 3871 2476 3933 Alexandriae,
2509 3882 2562 3926 et
2590 3871 2730 3925 duos
2769 3864 3084 3938 episcopus,
3117 3877 3177 3922 ut
3200 3868 3539 3923 declararem
3589 3883 3688 3937 po-

2112 3964 2247 4020 tenti
2278 3979 2341 4019 ac
2398 3975 2600 4020 sancta:
2648 3963 2923 4031 maiestati
2962 3974 3069 4017 tua:
3124 3962 3255 4032 quid
3314 3962 3573 4016 sentirem
3620 3960 3689 4019 de

2110 4060 2297 4116 verbis
2353 4059 2684 4127 quibusdam
2721 4101 2736 4125 ,
2782 4074 2904 4130 qua:
2946 4058 3081 4112 mihi
3140 4058 3384 4128 proferre
3438 4060 3686 4129 contigit,

2114 4153 2354 4222 itemque
2395 4156 2459 4206 de
2483 4151 2829 4207 abdicatione
2861 4165 3003 4205 mea.
3043 4149 3117 4205 De
3140 4150 3229 4207 his
3254 4166 3396 4223 opus
3428 4166 3537 4207 non
3572 4160 3691 4207 erat

2115 4244 2415 4316 quidquam
2444 4243 2674 4299 omnino
2695 4242 3015 4315 responderi
3043 4259 3076 4299 a
3106 4258 3214 4308 me,
3250 4259 3375 4299 cum
3401 4244 3537 4301 satis
3572 4260 3691 4300 ma-

2114 4338 2317 4397 nifeste
2350 4350 2585 4394 mentem
2624 4353 2687 4392 ac
2736 4340 3076 4394 veluntatem
3116 4354 3292 4394 meam
3336 4338 3472 4411 ipsa
3505 4341 3690 4409 expri-

2118 4441 2231 4489 mat
2253 4431 2551 4488 abdicatio.
2583 4430 2855 4499 Quoniam
2887 4443 3069 4488 autem
3104 4447 3254 4489 nunc
3305 4448 3449 4503 agre
3472 4435 3692 4505 tandem

2116 4522 2326 4598 incipio
2362 4526 2570 4597 rugari,
2599 4525 2843 4581 breviter
2889 4536 3093 4582 sanctae
3147 4541 3213 4581 ac
3265 4526 3475 4597 potenti
3528 4528 3698 4599 maie-

2120 4621 2250 4677 stati
2286 4632 2391 4677 tote
2426 4622 2529 4677 hoc
2564 4620 2894 4692 respondeo.
2923 4618 3036 4691 Ego
3067 4636 3133 4675 ex
3168 4621 3352 4675 multis
3374 4622 3484 4694 iam
3535 4622 3697 4677 annis

2122 4716 2518 4771 constitueram
2554 4714 2700 4785 apud
2729 4730 2815 4770 me
2860 4731 2962 4770 nec
2998 4714 3189 4785 iurare
3225 4715 3341 4785 ipse
3385 4731 3487 4770 nec
3521 4717 3696 4788 iusiu-

2114 4810 2355 4866 randum
2386 4810 2460 4865 ab
2506 4810 2614 4865 alio
2641 4807 2881 4880 exigere,
2931 4823 3111 4879 neque
3160 4808 3547 4863 contumeliam
3606 4824 3695 4863 re-

2109 4901 2490 4958 mrehensione
2517 4903 2738 4975 dignam
2790 4916 2891 4957 ore
2938 4901 3211 4972 proferre,
3262 4902 3356 4956 sed
3417 4914 3469 4957 et
3520 4917 3697 4970 neque

2116 4991 2381 5063 cuiquam
2409 4990 2549 5045 male
2574 4989 2787 5061 precari
2816 5007 2831 5046 :
2859 4998 2915 5044 et
2947 4988 3232 5045 observavi
3260 5004 3433 5060 usque
3471 4988 3524 5043 in
3551 4989 3697 5044 hunc

2123 5084 2268 5140 diem
2300 5082 2506 5140 Christi
2532 5082 2637 5137 mei
2664 5082 2864 5151 gratia.
2901 5080 3043 5135 Idem
3077 5092 3256 5136 tamen
3307 5082 3373 5136 ad
3420 5091 3699 5136 asseVerao

2123 5179 2330 5233 tionem
2370 5176 2650 5232 dictorum
2707 5191 2957 5232 meorum
3010 5190 3283 5246 usurpare
3332 5191 3454 5233 sum
3504 5176 3701 5230 solitus

2123 5272 2369 5344 vulgaris
2417 5268 2823 5326 consuetudine
2853 5268 3146 5333 sermonis,
3186 5278 3247 5323 ut
3280 5264 3554 5338 simplicia
3601 5282 3703 5322 nec

2122 5367 2382 5437 cuiquam
2412 5358 2575 5420 noxia
2616 5371 2713 5420 aut
2741 5364 3040 5435 iuramenti
3091 5363 3201 5417 vim
3230 5361 3510 5427 habentia,
3536 5362 3703 5418 verba

2121 5459 2278 5514 haec:
2314 5476 2336 5509 ε
2371 5457 2478 5512 Per
2533 5464 2802 5528 quantum
2854 5456 3034 5511 habeo
3090 5456 3528 5511 misericordiam
3566 5454 3703 5524 Dei,

2122 5568 2220 5622 per
2248 5561 2513 5623 quantum
2550 5566 2670 5605 sum
2698 5564 2893 5605 servus
2922 5547 3051 5615 Dei,
3100 5562 3195 5618 per
3230 5558 3494 5618 quantum
3546 5548 3701 5602 velim

2122 5649 2401 5720 pcenitens
2437 5645 2600 5699 mori.
2646 5664 2665 5697 ι
2721 5643 2915 5713 itaque
2953 5651 3008 5695 et
3056 5639 3193 5695 illud
3228 5640 3372 5710 quod
3407 5654 3472 5694 ex
3534 5640 3705 5694 animi

2127 5740 2498 5798 amaritudine
2531 5738 2597 5794 ad
2631 5737 2826 5793 fratres
2883 5750 3033 5790 meos
3067 5734 3417 5805 pronuntiavi
3461 5732 3703 5803 ejusdem

2126 5834 2335 5898 formae,
2371 5847 2481 5887 non
2530 5837 2589 5884 ut
2617 5826 2917 5899 iu‘rameuti
2979 5825 3088 5881 vim
3139 5826 3392 5882 obtinere
3445 5833 3708 5896 reputans

2122 5930 2261 5995 dixi,
2296 5926 2393 5983 sed
2420 5923 2771 5995 simplicltcr,
2805 5929 2967 5992 prout
3004 5936 3107 5976 usu
3146 5918 3311 5987 longo
3337 5921 3485 5988 loqui
3519 5934 3707 5976 assue-
