4094 6280
369 429 470 491 389

1229 424 1324 486 DE
1368 418 1813 483 ANDRONICO
1845 416 2320 479 PAl..-EOLOG0
2360 418 2514 482 LIB.
2555 419 2655 482 IV.

3534 425 3648 489 390

369 548 473 621 χῶν
504 545 644 616 ὑπὲρ
671 545 895 606 τούτων,
932 542 1025 594 καὶ
1045 543 1120 596 ὅτι
1163 541 1337 603 άλλως
1362 540 1578 610 ἀνάγκη
1611 533 1678 607 ἦν
1709 540 1804 591 καὶ
1830 537 1945 609 τρί-
1976 539 2020 596 Α
2054 538 2422 603 περιποιοῖντο
2482 538 2541 589 ἐν
2601 539 2721 602 ταῖς
2781 554 2966 608 τιμαις
3024 539 3108 607 (τὸ
3155 538 3263 612 γὰρ
3316 540 3411 595 τοῦ
3450 542 3654 616 Ἰωσὴφ

372 658 452 694 τον
485 642 580 693 ἐπὶ
611 638 736 691 δυσὶ
771 637 1119 708 πατριάρχην
1153 632 1621 706 ἐπικηρύττεσθαι
1678 631 1845 718 αὐτοῦ
1891 647 1951 701 γε

369 730 803 804 παραιτουμένου
830 729 960 803 ήδη,
1013 731 1106 783 καὶ
1137 730 1199 804 τὸ
1227 728 1472 798 ἀπρεπὲς
1510 725 1954 795 δυσωπούμενος,

364 841 500 893 εγνω
536 824 1088 896 προκαταλαμϐάνειν
1150 823 1414 886 ἑκείνους,
1475 821 1567 874 καὶ
1610 820 1838 888 πέμψας
1897 820 1954 870 ὲν

363 919 694 992 ἀπορρήτοις
743 916 969 989 τὴν-ὲκ
1030 911 1364 990 Νοςτόγγων
1438 912 1956 984 Ταρχανειώτισσαν

361 1013 776 1084 ὀμαιμονοῦσαν
802 1010 879 1082 τῷ
911 1008 1181 1082 Κομνηνῷ
1224 1011 1446 1082 Ἰωάννῃ
1469 1007 1562 1061 καὶ
1614 1008 1682 1059 τὰ
1728 1005 1956 1059 ἐκείνων

361 1107 416 1174 ἐξ
450 1105 626 1177 ἀρχῆς
652 1106 962 1176 φρονοῦσαν
998 1105 1124 1173 ἄγει
1165 1104 1294 1176 παρ’
1325 1101 1523 1172 ἐαυτῷ,
1556 1101 1650 1155 καὶ
1679 1099 1955 1154 κοινοῦται

366 1201 526 1272 ταύτῃ
558 1202 619 1254 τὸ
668 1201 934 1271 σκέμμα,
988 1200 1085 1253 καὶ
1132 1197 1270 1270 πρὸς
1313 1195 1558 1259 ἐκείνους
1608 1197 1697 1248 διὰ
1750 1196 1955 1263 ταύτης

360 1294 746 1366 πρεσὸεύεται,
781 1294 876 1349 καὶ
909 1294 1064 1363 ζητεῖ
1089 1294 1215 1357 τοὺς
1275 1290 1502 1345 ἐκείνων
1547 1289 1818 1360 πρώτους,
1861 1288 1954 1342 καὶ

361 1390 599 1459 μάλιστα
620 1390 746 1452 τοὺς
774 1386 1028 1456 τυφλοὺς,
1075 1384 1326 1454 Λάζαρὸν
1377 1401 1436 1438 τε
1480 1384 1575 1437 τὸν
1631 1383 1954 1454 Γοριανίτην

359 1484 453 1536 καὶ
483 1485 574 1536 τὸν
614 1482 951 1552 Περιστέρην
982 1481 1292 1550 Μακάριον,
1325 1471 1472 1546 ὲφ’ᾧ
1509 1476 1604 1531 καὶ
1649 1477 1778 1547 περὶ
1828 1474 1953 1528 τού-

359 1593 464 1629 των
491 1576 643 1644 σφίσι
669 1574 1195 1644 συνδιασκεψασθαι.
1237 1575 1345 1626 Καὶ
1371 1571 1438 1641 δὴ
1462 1572 1756 1642 ἐφίσταται
1790 1571 1886 1639 μὲν
1916 1571 1948 1638 ἡ

362 1669 570 1739 μοναχῆ
599 1666 772 1738 γραῦς
795 1667 1055 1738 ἀσμένοις
1083 1668 1200 1729 τοῖς
1228 1665 1502 1736 μοναχοῖς.
1548 1663 1866 1730 ἐκλέγονται
1897 1663 1952 1716 δὲ

359 1763 488 1831 παρ’
519 1759 702 1816 αὐτῶν
725 1762 837 1823 τοῖς
877 1759 1099 1827 τυφλοῖς
1134 1757 1351 1828 σύναμα
1384 1758 1434 1809 οἱ
1466 1758 1574 1810 τῶν
1620 1755 1795 1811 ἄλλων
1820 1773 1953 1826 προ-

360 1857 599 1924 έχοντες,
635 1856 729 1910 καὶ
756 1857 838 1918 είς
863 1856 1022 1910 πέντε
1059 1853 1403 1925 ποσωθέντες
1436 1851 1946 1916 ὲξαποστέλλονται.

358 1939 459 1999 ⁷ον
486 1947 552 2019 δὴ
583 1944 734 2019 [2M]
775 1947 869 1999 καὶ
922 1945 1031 1998 τῶν
1060 1945 1270 1998 νυκτῶν
1311 1945 1450 2014 ἀωρὶ
1506 1941 1732 2014 μηδενὸς
1785 1944 1950 1998 ἄλλου

360 2040 664 2104 συνειδότος
717 2039 977 2107 προσόδου
1017 2039 1152 2108 πρὸς
1196 2036 1420 2102 βασιλέα
1470 2037 1873 2108 τυγχανόντων.
1902 2041 1951 2093 οἱ

358 2132 720 2203 περὶτούτων
746 2132 1021 2186 κινοῦνται
1045 2131 1193 2199 λόγοι
1219 2147 1232 2160 ·
1258 2133 1349 2183 καὶ
1375 2131 1627 2201 βασιλεὺς
1653 2119 1954 2185 οὐδὲνίᾶλλο

358 2226 819 2298 προύργιαίτερον
848 2224 987 2297 ἔχων
1015 2225 1048 2298 η
1083 2226 1232 2287 ὅπως
1267 2225 1364 2294 μὲν
1393 2225 1452 2278 τὸ
1486 2225 1579 2277 ἐπὶ
1597 2227 1716 2289 ταῖς
1746 2225 1953 2296 πράξε-

362 2338 447 2372 σιν
477 2319 785 2391 ἀμώμητον
817 2321 1019 2388 σχοῖεν,
1057 2319 1150 2372 ἐπί
1185 2335 1242 2372 τε
1274 2318 1578 2390 χειροτονίᾳ
1618 2316 1824 2390 δηλαδὴ
1851 2336 1956 2373 πα-

352 2413 621 2485 τριάρχου
683 2413 922 2481 καὶ-τοίς
963 2411 1192 2475 λοιποῖς,
1245 2413 1393 2474 ὅπως
1445 2412 1502 2464 δὲ
1551 2412 1642 2465 καὶ
1676 2413 1953 2483 ἀρχιερεῖς

357 2595 580 2651 duobus
613 2593 796 2649 adhuc
855 2593 1211 2661 viventibus,
1275 2593 1572 2649 Athanasio
1621 2601 1676 2649 et
1727 2594 1950 2658 Joanni,

356 2689 730 2761 patriarcham
781 2688 1243 2754 superindncere,
1278 2689 1538 2758 quoniam
1572 2689 1661 2744 hie
1704 2689 1780 2743 iiii
1817 2691 1951 2747 sub-

359 2790 592 2852 rOgalus
662 2781 774 2852 jam
833 2783 939 2836 rite
983 2783 1374 2845 renuntiasset,
1433 2783 1623 2854 reique
1684 2783 1954 2841 indecen-

356 2876 494 2931 tiam
575 2876 826 2942 veritus,
894 2892 1282 2948 praeoccupare
1334 2893 1751 2950 provocareque
1805 2881 1950 2935 uitro

352 2971 428 3025 ad
490 2984 680 3038 pacem
751 2971 1072 3026 Arseniatas
1115 2973 1356 3039 statuit;
1398 2988 1712 3044 arcanoque
1776 2977 1949 3030 accita

359 3062 838 3128 Tarchaniotissa,
868 3081 933 3118 ex
984 3064 1190 3120 familia
1244 3064 1678 3136 Nostongorum,
1711 3083 1950 3124 consan-

357 3156 560 3226 guinea
605 3153 831 3210 Joannis
857 3155 1151 3224 Comneni,
1185 3174 1351 3228 quam
1403 3161 1688 3216 mulierem
1739 3163 1949 3218 sciebat

357 3245 451 3300 isti
500 3261 538 3300 a
591 3247 864 3316 principio
895 3241 1061 3304 secta
1097 3248 1398 3307 adhaesisse
1449 3267 1723 3323 nosseque
1779 3255 1952 3324 ipsius

2064 630 2408 698 μνημόσυνον
2446 632 2540 685 καὶ
2571 629 2929 701 προπέποτο),
2961 630 3126 692 πολὺς
3179 627 3248 703 ἦν
3303 634 3472 700 ἀξιῶν
3517 638 3655 706 πρὸς

2059 717 2254 780 ταῦτα,
2293 721 2366 788 μή
2398 737 2532 784 πως,
2570 721 2725 789 φησὶ,
2758 721 3253 789 καταστορεοέντος
3313 726 3515 796 μέρους
3560 729 3652 798 μέ-

2063 830 2152 881 ρος
2180 808 2337 877 αὖθις
2365 811 2688 868 ἀνασοὸοῐτο
2717 816 2812 868 καὶ
2846 815 3009 871 πάλιν
3061 818 3309 890 ἀναζῷεν
3351 821 3420 875 τὰ
3446 801 3452 824 ’Δ
3483 825 3651 878 σκάν.

2058 909 2212 974 δαλα,
2256 909 2373 965 ἀλλ’
2401 911 2497 980 ὅλη
2539 928 2622 974 τις
2655 914 2747 965 καὶ
2778 914 2862 982 ἐφ’
2890 913 3036 976 ὅλοις
3081 915 3273 987 εἰρήνη
3332 903 3649 992 ὲπισχεθείη

2059 995 2170 1063 τοῖς
2203 999 2516 1072 πράγμασι.
2545 1001 2720 1056 Τοῦτο
2750 1003 2880 1075 γὰρ,
2907 1006 3063 1075 φησὶ,
3101 1007 3196 1061 καὶ
3234 1006 3295 1060 τὸ
3355 1007 3653 1074 σπουδαζό-

2061 1087 2241 1160 μενον.
2273 1093 2336 1145 Οί
2364 1093 2544 1163 μέντοι
2573 1110 2636 1162 γε
2671 1100 2889 1165 μοναχοὶ
2916 1097 2984 1149 τὰ
3037 1097 3135 1165 μὲν
3163 1100 3292 1170 περὶ
3335 1100 3429 1154 τοῦ
3488 1118 3655 1173 γενησ-

2061 1185 2288 1256 σομένου
2321 1185 2685 1260 πατριάρχου,
2713 1188 2859 1251 ὃπως
2899 1188 2963 1243 ἂν
3010 1191 3315 1266 ψηφισθείη
3369 1196 3462 1255 καὶ
3500 1196 3656 1262 ὅπως

2058 1280 2415 1348 χειροτονοῖτο
2473 1280 2565 1334 καὶ
2611 1281 2692 1347 τίς
2728 1276 2880 1350 οὗτος
2910 1286 2976 1356 δὴ
3004 1287 3096 1340 καὶ
3145 1289 3346 1353 ὁποῖος,
3389 1280 3480 1343 τὸν
3549 1289 3654 1359 μὲν

2057 1372 2203 1442 ἔχειν
2227 1372 2411 1441 ἔλεγον
2444 1374 2538 1427 καὶ
2575 1374 2840 1440 ἐπιεικῶς
2873 1378 2967 1432 ἐπὶ
3003 1380 3081 1448 τῷ
3128 1381 3414 1452 πράγματι
3473 1383 3657 1448 ἄξιον,

2056 1466 2154 1537 τὴν
2187 1465 2367 1536 ψῆφον
2382 1464 2438 1528 δ’
2459 1465 2622 1520 αὑτοῦ
2673 1469 2768 1524 καὶ
2800 1469 2898 1540 τὴν
2950 1469 3289 1543 χειροτονίαν
3342 1475 3416 1549 μὴ
3479 1477 3661 1547 πράτ-

2056 1575 2170 1611 τειν
2195 1559 2328 1624 ὅλως
2359 1558 2632 1629 ἀπέλεγον
2664 1561 2790 1626 τοὺς
2821 1564 3130 1637 ἀρχιερεῖς·
3169 1568 3312 1638 μηδὲ
3354 1569 3462 1640 γὰρ
3501 1572 3652 1625 ὅσιον

2058 1646 2195 1704 εἶναι
2219 1654 2714 1723 κατασεσεισμένον
2744 1657 2802 1723 ἐξ
2853 1660 3028 1731 ἀρχῆς
3090 1661 3396 1717 ὑποτιθέναι
3431 1665 3522 1719 τὸν
3561 1667 3653 1719 θέ-

2058 1743 2275 1815 μεθλον.
2324 1744 2462 1798 Ἀλλ’
2492 1747 2734 1812 ἐκείνους
2793 1751 2892 1820 μὲν
2945 1753 3251 1824 ἀπρακτεῖν
3304 1755 3362 1809 τὸ
3412 1758 3682 1836 πάμπαν

2058 1837 2154 1891 καὶ
2187 1838 2501 1909 ἡσυχάζειν,
2531 1839 2640 1894 ἐστ’
2671 1842 2738 1897 ἂν
2766 1846 3138 1920 καταστάντος
3169 1851 3509 1921 πατριάρχου
3561 1870 3647 1905 κο-

2059 1931 2230 2002 μίμου
2257 1933 2327 1986 τὰ
2353 1934 2474 1988 κατ’
2497 1937 2692 1998 αὐτοὺς
2712 1936 3069 2006 ὲξετάζοιντο,
3107 1941 3302 2005 αὐτοὺς
3341 1943 3395 1996 δὲ
3428 1945 3523 1997 καὶ
3550 1944 3647 2010 οὓς

2057 2029 2345 2093 κοινωνοὺς
2372 2022 2516 2099 εἶχον
2548 2029 2768 2100 ἑτέρους
2792 2030 3125 2101 ψηφίζεσθαι
3154 2051 3167 2064 ·
3210 2041 3535 2106 χειροτονεῖν
3585 2039 3644 2094 δὲ

2054 2120 2144 2173 τὸν
2169 2121 2274 2174 τῶν
2299 2122 2738 2194 Μαρμαριτζίων
2776 2124 3076 2180 ἐπίσκοπον
3133 2130 3546 2202 προσκληθέντα
3579 2135 3642 2185 ἐκ

2054 2211 2279 2280 δύσεως,
2326 2213 2493 2288 ἄνδρα
2553 2217 2788 2288 γηραιὸν
2840 2218 2940 2288 μὲν
2995 2220 3096 2292 ἥδη
3134 2222 3358 2293 καὶτῆς
3410 2227 3644 2288 παλαιᾶς

2053 2308 2268 2378 ἐκείνης
2296 2309 2647 2378 χειροτονίας,
2679 2310 2788 2364 οὐδ’
2813 2312 2947 2375 ὅλως
2999 2312 3055 2378 δὲ
3104 2319 3218 2378 τοῖς
3251 2318 3457 2384 μεταξὺ
3501 2336 3647 2390 πραε-

2052 2399 2230 2471 χθεῖσι
2272 2402 2730 2472 κεκοινωνηκέναι
2773 2404 3022 2471 δόξαντα.
3077 2406 3390 2462 Ύπέτεινον
3437 2411 3491 2463 δὲ
3549 2413 3641 2465 καὶ

2055 2586 2145 2642 nia
2174 2587 2228 2641 in
2257 2587 2362 2642 hoc
2416 2588 2637 2657 negotio
2669 2592 2956 2646 conveniri
2993 2600 3254 2660 oportere
3295 2595 3535 2664 primum
3571 2599 3641 2654 de

2053 2695 2285 2751 persona
2337 2683 2690 2752 promovendi
2759 2685 3124 2754 patriarchae,
3170 2697 3284 2742 tum
3347 2689 3413 2746 de
3466 2690 3639 2761 ipsius

2051 2775 2408 2839 electoribus,
2463 2770 2744 2846 pOstremo
2780 2779 2848 2834 de
2881 2779 2974 2835 illo
3008 2795 3036 2834 a
3062 2797 3170 2852 quo
3214 2781 3264 2840 is
3294 2794 3445 2839 esset
3484 2786 3639 2841 ordi-

2053 2867 2388 2924 nandus.Ac
2419 2869 2597 2923 virum
2623 2870 2842 2940 quidem
2864 2859 2931 2927 iis
2962 2871 3176 2929 abunde
3204 2883 3460 2930 ornatqu
3491 2877 3638 2932 doti-

2056 2961 2158 3016 bus
2184 2969 2239 3016 et
2272 2963 2518 3017 moribus
2541 2963 2632 3033 qui
2671 2965 3093 3034 requirerentur
3119 2966 3174 3020 in
3219 2969 3537 3037 patriarcha
3564 2969 3634 3047 ad

2054 3054 2379 3122 Ecclesiam,
2410 3065 2573 3127 prout
2615 3073 2857 3128 praesens
2888 3056 3016 3126 ejus
3033 3068 3210 3116 status
3236 3074 3505 3131 posceret,
3535 3062 3638 3134 op?-

2052 3152 2186 3206 time
2208 3150 2524 3220 regendam,
2563 3153 2764 3207 habere
2792 3168 2854 3223 se
2876 3148 2947 3208 ad
2981 3169 3225 3222 manum,
3248 3157 3409 3227 plane
3428 3157 3637 3213 honore

2046 3244 2144 3300 illo
2191 3243 2624 3315 dignissimum:
2680 3256 2937 3300 castorum
2988 3249 3306 3317 neutiquam
3354 3250 3439 3304 fas
3488 3266 3631 3319 esse,

357 3339 582 3402 intima,
615 3341 666 3396 ei
709 3341 991 3412 colloquio
1021 3354 1236 3397 secreto
1263 3345 1638 3399 communicat
1683 3346 1816 3416 quid
1847 3364 1936 3402 co~
1972 3331 2014 3385 ο
2049 3350 2230 3404 neque
2263 3335 2315 3390 id
2365 3351 2608 3406 υηίιιιθηι
2659 3353 2718 3391 εθ
2761 3353 3050 3406 passuros.
3100 3339 3265 3413 hujus
3305 3342 3632 3399 electionem

355 3433 582 3503 gitarct,
611 3449 786 3507 eaque
807 3436 1106 3504 interprete
1136 3451 1262 3491 cum
1299 3439 1639 3508 primoribus
1672 3443 1942 3498 Arsenia-

356 3534 540 3580 tarum
591 3528 722 3597 agit,
773 3530 933 3584 caecis
991 3530 1250 3600 pracipue
1292 3531 1532 3600 duobus,
1583 3531 1792 3590 Lazaro
1832 3535 1941 3592 Go-

354 3621 561 3677 rianite
590 3630 644 3677 et
683 3622 920 3678 Macario
961 3621 1260 3687 Peristera,
1295 3635 1354 3680 ut
1388 3628 1656 3698 congredi
1690 3645 1754 3685 ac
1793 3630 1941 3686 deli-

355 3714 556 3770 berare
589 3731 773 3771 secum
799 3716 869 3772 de
903 3717 998 3771 tali
1033 3720 1255 3789 negotio
1287 3719 1508 3776 vellent.
1545 3720 1748 3777 Laetum
1793 3725 1940 3781 hunc

348 3821 495 3862 anus
522 3809 787 3865 monacho
813 3811 1222 3881 gratulantibus
1255 3813 1543 3869 monachis
1574 3817 1763 3871 attulit
1790 3831 1936 3871 nun-

351 3904 516 3959 tium.
548 3903 836 3974 Eliguntur
865 3907 934 3961 ab
961 3907 1046 3963 his
1071 3908 1255 3963 subito
1280 3917 1478 3979 praeter
1516 3909 1708 3966 ambos
1757 3925 1937 3967 caecos

350 3997 449 4051 alii
479 4013 509 4051 e
532 4006 696 4055 secta:
722 3997 1086 4070 principibus,
1110 4016 1415 4071 omnesque
1432 4005 1679 4074 quinque
1703 4021 1935 4062 numero

349 4093 687 4161 mittuntur;
718 4093 921 4164 quibus
941 4097 1269 4166 intempesta
1292 4097 1690 4154 noctenemine
1706 4099 1933 4155 conscio

348 4183 748 4241 admissionem
777 4185 844 4244 ad
883 4187 1183 4256 Augustum
1223 4189 1422 4252 nactis,
1451 4189 1613 4260 355
1661 4186 1742 4261 agi
1775 4193 1842 4246 de
1874 4208 1932 4248 re

348 4279 634 4334 communi
658 4279 863 4335 mutuis
891 4282 1150 4351 utrinque
1174 4283 1521 4338 sermonibus
1563 4293 1800 4352 coeptum
1825 4296 1925 4340 εει.

347 4369 411 4424 In
443 4369 545 4425 hac
573 4371 900 4428 tractatione
930 4375 1375 4442 antiquissimum
1408 4377 1539 4431 illud
1573 4387 1626 4432 et
1657 4388 1786 4433 ante
1814 4393 1930 4432 om-

345 4461 438 4515 nia
490 4464 933 4521 commendatum
988 4464 1290 4538 imperator
1342 4468 1616 4534 obtinens,
1673 4477 1732 4523 ut
1777 4481 1923 4527 sarta

343 4561 600 4624 tectaque
633 4571 812 4611 rerum
847 4557 1064 4626 publice
1116 4559 1174 4613 in
1201 4557 1448 4615 Ecclesia
1492 4563 1920 4616 constitutarum

2051 3429 2292 3500 permitti
2335 3432 2616 3504 suifragiis
2661 3434 3048 3504 episcoporum
3099 3437 3192 3506 qui
3243 3453 3392 3493 nunc
3422 3451 3630 3507 essent,

2046 3527 2250 3596 quippe
2282 3527 2346 3581 ad
2379 3542 2547 3582 unum
2577 3528 2820 3583 omnium
2841 3531 3352 3586 contaminatorum
3379 3533 3463 3589 vel
3495 3551 3635 3588 con-

2045 3617 2278 3673 scientia
2331 3625 2388 3675 et
2432 3620 2856 3690 participatione
2903 3622 3287 3679 scandalorum
3347 3625 3431 3683 his
3479 3637 3630 3685 retro

2045 3712 2206 3766 annis
2235 3722 2579 3768 versatorum
2621 3715 2673 3768 in
2701 3714 2971 3781 Ecclesia,
3003 3717 3086 3772 vel
3109 3719 3439 3789 contagione
3469 3736 3626 3777 com-

2045 3804 2324 3862 munionis
2365 3820 2492 3860 cum
2530 3807 2856 3862 auctoribus
2894 3817 2985 3863 aut
3033 3811 3497 3881 approbatoribus
3533 3829 3628 3868 eo-

2045 3912 2206 3961 rum;
2240 3913 2270 3952 a
2301 3898 2559 3967 qualibus
2583 3898 2746 3955 etiam
2781 3901 2939 3956 electi
2985 3902 3235 3976 plerique
3267 3890 3626 3975 ordinatique

2040 3989 2245 4057 forent,
2275 3992 2400 4049 ideo
2430 3995 2625 4048 merito
2669 3995 2912 4051 universi
2945 4012 2975 4051 a
3008 3998 3135 4066 jure
3157 3998 3404 4071 suﬂ‘ragii
3439 4002 3492 4055 in
3519 4003 3623 4057 hac

2036 4086 2304 4142 electione
2323 4088 2661 4143 removendi.
2695 4087 2831 4143 Cum
2865 4090 3007 4144 enim
3038 4094 3153 4146 haec
3194 4091 3620 4150 fundamentum

2037 4180 2238 4250 negotii
2278 4179 2452 4235 totius
2491 4182 2636 4248 quod
2671 4197 2816 4236 nunc
2845 4191 3102 4254 ageretur
3144 4185 3286 4240 baud
3316 4187 3482 4242 dubie
3525 4189 3621 4255 sit,

2037 4274 2326 4330 manifeste
2357 4289 2629 4345 apparere
2660 4289 2824 4346 quam
2851 4276 2922 4332 sit
2955 4291 3182 4334 necesse
3218 4277 3350 4335 dare
3396 4297 3616 4337 omnem

2033 4383 2254 4438 operam
2271 4376 2328 4422 ut
2345 4365 2406 4422 ea
2427 4383 2824 4440 usquequaque
2838 4377 3028 4426 sancta
3047 4379 3099 4426 et
3120 4372 3628 4443 irreprelteusibilis

2031 4462 2125 4527 sit,
2149 4477 2216 4516 ne
2241 4460 2286 4517 si
2315 4464 2738 4533 exceptionibus
2774 4465 3083 4535 reperiatur
3111 4465 3374 4534 obnoxia,
3406 4468 3627 4522 caduca

2027 4562 2083 4608 et
2113 4553 2408 4620 instabilis,
2442 4562 2634 4624 utpote
2659 4557 2716 4609 in
2748 4555 2868 4610 solo
2897 4555 3089 4613 mobili
3133 4554 3380 4622 fundata,
3418 4557 3625 4628 depreo

344 4649 652 4704 auctoritas
710 4661 980 4717 maneret,
1027 4652 1166 4706 ratis
1211 4651 1480 4709 videlicet.
1507 4655 1922 4726 inculpatisque
1955 4690 1999 4744 Β
2027 4648 2302 4703 hendalur
2343 4647 2598 4703 “Diversa
2664 4658 2966 4704 ειτηεῑυνθ·
3016 4651 3194 4718 Quare
3229 4652 3457 4706 οηιηῖηο
3489 4666 3626 4706 θεεθ

343 4739 613 4795 habendis
646 4742 994 4797 ordinatione
1027 4745 1353 4812 patriarchae
1402 4746 1653 4814 actisque
1706 4748 1921 4805 caeteris

345 4841 459 4886 tum
482 4834 632 4887 nulla
680 4837 945 4890 movenda
987 4838 1268 4907 episcopis
1299 4841 1406 4908 jam
1435 4840 1626 4895 electis
1655 4842 1922 4897 sacratis-

341 4940 452 4994 que
481 4934 658 4980 statns
689 4927 932 4996 ipsorum
965 4929 1359 4996 controversia,
1390 4945 1495 4984 nec
1526 4931 1922 4988 intercedendo

341 5018 638 5085 quominus
663 5018 788 5089 jure
828 5035 992 5090 quam
1018 5022 1225 5095 optimo
1255 5023 1308 5076 in
1343 5037 1440 5077 sua
1469 5023 1707 5094 quisque
1735 5025 1920 5096 digni-

339 5117 453 5163 tate
481 5112 802 5178 persisteret
840 5111 991 5184 (nam
1025 5113 1091 5168 de
1123 5118 1649 5171 commemoratione
1693 5116 1918 5186 .Iosephi

340 5216 463 5270 qua:
527 5203 733 5258 dudum
781 5214 1068 5262 exarserat
1114 5210 1412 5273 contentio,
1457 5209 1568 5280 jam
1603 5192 1919 5277 ‘evauuerat

340 5294 752 5366 deglutitusque
791 5297 972 5353 omnis
1007 5297 1076 5354 de
1112 5299 1205 5355 illa
1244 5315 1300 5355 re
1333 5302 1628 5370 scrupulus
1659 5303 1825 5373 erat),
1860 5303 1917 5357 in
1966 5352 1968 5355 ,

323 5385 456 5450 νιιωσ
488 5393 548 5441 ut
591 5389 976 5445 consentirent
1002 5392 1328 5456 Arseniatze,
1360 5395 1549 5449 multis
1582 5397 1766 5451 verbis
1798 5413 1916 5452 ma-

336 5494 551 5552 gnoque
592 5481 779 5538 studio
810 5487 1060 5556 urgebat,
1099 5501 1166 5542 ne
1202 5487 1246 5543 si
1279 5503 1439 5543 secus
1483 5490 1596 5555 ﬁat,
1631 5482 1909 5560 inquiens,

337 5576 576 5644 pacanda
622 5586 776 5646 parte
812 5594 918 5633 una
948 5594 1081 5650 pars
1111 5595 1307 5637 rursus
1354 5585 1524 5638 altera
1561 5585 1914 5653 perturbetur

333 5666 648 5740 iterumque
684 5670 1018 5740 repullulant
1046 5674 1327 5740 scandala,
1364 5693 1490 5732 cum
1522 5677 1682 5733 nobis
1713 5695 1915 5735 curan-

335 5759 461 5813 dum
486 5761 558 5815 sit
588 5773 644 5815 ut
668 5766 993 5821 universalis
1037 5770 1286 5837 quaedam
1341 5780 1394 5824 et
1430 5773 1703 5828 universis
1729 5789 1912 5844 aequa-

337 5851 523 5907 biliter
558 5857 851 5924 superfusa
886 5873 988 5929 pax
1021 5871 1217 5914 cuncta
1277 5863 1672 5932 Complectalur
1729 5885 1743 5922 :
1801 5871 1907 5920 huc

335 5945 498 6014 enim,
555 5949 755 6020 aiebat,
814 5953 1168 6019 communia,
1221 5957 1442 6024 Opinor,
1497 5970 1744 6012 nostrum
1789 5974 1908 6014 om-

2031 4742 2404 4798 necessarium
2427 4755 2618 4797 omnes
2658 4744 2752 4813 qui
2778 4758 2927 4798 nunc
2972 4744 3281 4799 habeantur
3331 4745 3620 4801 antistites

2027 4849 2224 4889 vacare
2245 4833 2534 4905 otiarique,
2561 4851 2661 4890 nec
2690 4836 2810 4906 ejus
2841 4836 2977 4891 ullas
3025 4840 3267 4908 muneris
3291 4837 3457 4910 356
3487 4854 3622 4908 para

2031 4938 2112 4984 tes
2135 4927 2425 4998 attingere,
2459 4929 2636 4998 quoad
2662 4930 2998 4984 constitutus
3018 4928 3072 4984 in
3103 4935 3296 4984 throno
3333 4933 3620 5002 legitimus

2027 5024 2439 5097 canonicusque
2469 5023 2784 5093 patriarcha
2812 5038 3012 5079 causas
3045 5039 3235 5078 eorum
3268 5039 3614 5095 cognoscere

2026 5113 2206 5184 deque
2238 5113 2305 5174 iis
2336 5129 2434 5185 pro
2468 5122 2742 5183 potestate
2786 5122 2952 5186 queat
2983 5114 3306 5171 decernere.
3344 5115 3613 5173 miculas

2025 5221 2190 5277 porro
2208 5207 2275 5260 ad
2309 5205 2470 5275 hujus
2507 5207 2834 5264 eiectionem
2866 5221 2995 5262 sese
3029 5221 3092 5261 ac
3121 5216 3409 5262 consortes
3443 5221 3602 5262 com-

2023 5300 2307 5354 munionis
2352 5314 2539 5354 secum
2586 5301 2741 5369 ipsis,
2792 5301 2884 5370 qui
2916 5302 3022 5355 soli
3074 5317 3219 5356 nunc
3270 5300 3339 5354 ad
3388 5302 3437 5356 id
3488 5303 3610 5358 sine

2020 5395 2228 5460 idonei,
2262 5393 2507 5450 daturos.
2533 5395 2914 5450 Ordinatorem
2939 5410 3069 5450 vero
3105 5396 3182 5449 sic
3212 5394 3479 5465 designati
3508 5412 3602 5465 pa-

2023 5491 2279 5543 triarcha:
2315 5498 2509 5557 putare
2565 5503 2623 5542 se
2645 5488 3035 5544 accersendum
3074 5504 3138 5543 ex
3170 5489 3416 5544 OCClilllU
3447 5499 3600 5543 truc-

2023 5593 2075 5637 tu
2101 5583 2395 5652 quemdam
2419 5582 2741 5653 episcopum
2765 5574 3292 5648 Marmaritziorum,
3315 5584 3606 5637 hominem

2020 5678 2174 5730 valde
2206 5691 2416 5742 senem,
2475 5685 2529 5728 et
2555 5674 2924 5731 ordinationis
2955 5677 3284 5746 antiquioris
3320 5693 3482 5745 quam
3541 5683 3605 5729 ut”

2018 5769 2161 5825 iniici
2193 5770 2435 5840 potuerit
2466 5770 2586 5823 labe
2617 5769 2724 5822 ulla
2755 5770 3159 5825 “laudabilium
3185 5774 3445 5825 actorum
3495 5785 3598 5840 po-

2014 5865 2218 5917 sterius
2245 5863 2421 5932 palam
2449 5863 2818 5919 admissorum
2840 5882 2853 5928 ;
2879 5881 2906 5916 a
2930 5879 3163 5933 quorum
3193 5873 3246 5918 et
3269 5865 3385 5933 ipse
3411 5865 3563 5918 haetc
3599 5892 3606 5896 -

2016 5972 2122 6012 nus
2173 5955 2599 6026 participatione
2642 5956 2791 6009 omni
2850 5971 2908 6010 se
2940 5972 3135 6026 purum
3164 5957 3477 6014 custodisse
