4094 6280
510 334 630 398 399

1703 334 2030 400 GEORGII
2070 328 2555 393 PACHYMER/E

3654 320 3768 383 400

523 446 659 512 ζειν.
693 446 838 519 Πλὴν
862 447 918 501 τδ
944 446 1218 523 μιν-κήδε’
1243 449 1484 522 ἑφῆφθαι
1535 449 1851 522 Ῥωμαίοις,
1884 448 2091 515 ἔλεγον,
2124 446 2168 504 Α
2197 440 2623 513 θαυμαστδςίμὲν
2641 438 2846 504 ἐκεῖνος
2865 435 3066 504 δόξειεν
3083 432 3168 500 ἂν,
3192 428 3518 506 μακαριστοὶ
3539 431 3622 506 ῘΡ.
3640 430 3770 503 2501

517 540 618 596 καὶ
644 539 813 596 ταῦτα
844 542 912 595 τὰ
937 543 1168 620 μέγιστα
1202 537 1277 599 ὧν
1300 545 1437 617 ἀκοῇ
1483 544 1923 618 παρειλήφαμεν,
1975 538 2099 594 οὔτε

521 634 774 710 μάντεως
794 634 919 690 οὔτε
949 637 1054 707 μὴν
1079 640 1356 710 προφήτου
1382 640 1558 694 εἰπεῖν
1599 636 1871 709 χρῄζοιεν.
1936 632 2011 687 Th
2041 631 2100 686 δὲ

513 728 615 783 καὶ
647 727 830 783 θεόθεν
861 730 1238 800 ὀργιζομένου,
1273 732 1363 785 καὶ
1390 731 1458 793 ἃς
1490 730 1618 802 εἴπῃ
1644 747 1726 792 τις
1777 728 1844 783 ἂν
1896 727 2097 790 αἰτίας,

521 808 734 876 πολλῶν
762 838 825 892 γε
863 822 1058 888 οὐσῶν,
1088 823 1376 896 ἐξαίρομεν
1425 823 1613 894 μέντοι
1673 821 1767 875 καὶ
1812 813 2098 892 ἁμαρτίας

519 915 621 981 τὰς
668 913 764 980 τοῦ
815 915 938 970 καθ’
991 916 1238 984 ἕκαστον,
1290 915 1646 988 Χριστιανούς
1684 931 1748 984 γε
1792 912 1950 976 ὄντας
2006 910 2100 965 καὶ

523 1008 922 1080 πρεσϐεύοντας
947 1010 1201 1081 πρόνοιαν
1230 1009 1377 1074 είκὺς
1410 1009 1632 1072 ἐννοεῖν,
1678 990 1769 1062 καὶ
1811 1006 1864 1061 εί
1905 1005 1956 1075 γ’
2006 1004 2100 1057 ἐπὶ

521 1103 790 1173 τούτοιςή
834 1103 926 1156 ἐπὶ
952 1101 1046 1155 τοῦ
1089 1102 1335 1172 λιπαρῶς
1369 1099 1504 1155 Θεοῦ
1559 1100 1774 1155 δίεσθαι
1824 1097 2098 1170 συμϐουλὴ

518 1196 595 1260 ὡς
627 1193 962 1266 εὐμενξζοιτό
990 1213 1050 1249 τε
1103 1195 1196 1248 καὶ
1245 1194 1417 1267 ὲλεῴη
1481 1194 1717 1260 ἵσταται,
1787 1190 2100 1262 θαυμαστὸν

517 1286 691 1340 οὐδέν.
724 1283 1043 1354 Τούναντίον
1072 1285 1170 1355 μὲν
1206 1284 1298 1338 οὖν
1332 1283 1396 1338 ἂν
1435 1283 1746 1354 θαυμαστὸν
1769 1281 1818 1334 εί
1846 1281 2102 1352 300mm?-

520 1395 604 1432 σιν
624 1380 680 1442 ἐς
711 1377 856 1448 ἅπαν
889 1378 980 1432 καὶ
1006 1377 1157 1431 οὐδὲν
1189 1376 1370 1447 ἔχουσι
1399 1375 1642 1446 λυπηρὸν
1691 1374 1949 1445 προέλεγέ
2017 1388 2102 1436 τις

516 1471 589 1524 τὰ
613 1470 839 1541 φοϐερὰ,
877 1469 942 1525 ἂν
971 1468 1105 1530 τέως
1139 1469 1452 1532 ἀπέϐαινον,
1486 1468 1618 1521 ὅπου
1659 1484 1723 1537 γε
1783 1465 1877 1521 καὶ
1917 1465 2099 1530 Ἰωνᾶς

522 1553 873 1629 ὑπωπτεύετο
897 1554 1203 1624 Νινευΐταις
1229 1560 1475 1631 τρυφῶσι
1526 1561 1687 1632 μέχρι
1757 1559 1852 1613 καὶ
1907 1557 2098 1627 ἀκοῆς,

520 1657 722 1718 ἀλλ’,οὑ
757 1658 972 1725 πείρας,
1003 1655 1307 1708 σταθέντων
1329 1654 1432 1706 τῶν
1463 1653 1746 1724 λυπηρῶν.
1779 1653 1843 1706 Εί
1896 1650 1952 1704 δὲ
2003 1650 2106 1706 καὶ.

524 1749 857 1822 προφητείας
890 1748 1086 1820 ἁξιῷτὸ
1125 1765 1205 1811 τις
1255 1748 1346 1800 ἐπὶ
1389 1744 1467 1818 τῷ
1505 1745 1687 1799 πλέονι
1733 1745 1841 1800 τῶν
1891 1743 2095 1809 κακῶν,

525 1934 898 1991 admonebant
942 1933 1053 2000 alii,
1101 1945 1539 2004 magnopereque
1569 1944 1726 1986 secus
1767 1927 2110 1998 suspicando,

524 2027 919 2084 incumbebant
968 2026 1034 2080 ad
1088 2027 1482 2096 reprobandani
1529 2031 1697 2080 totam
1742 2040 1892 2090 rem;
1935 2035 2098 2092 quam

524 2135 629 2175 nec
682 2119 1006 2183 dubitabant
1050 2119 1323 2189 appellare
1370 2117 1750 2189 operationem
1801 2114 2101 2171 adversarii

525 2212 773 2284 spiritus,
813 2211 908 2266 Dei
946 2210 1181 2281 gloriam
1214 2209 1474 2276 iurantis,
1513 2225 1573 2266 ea
1613 2225 1734 2280 quat
1761 2208 1873 2265 Deo
1899 2223 2102 2264 conve-

531 2307 692 2361 niunt
735 2302 1128 2376 praeripiendo,
1157 2311 1215 2357 ut
1245 2317 1478 2375 magnus
1507 2303 1656 2374 loqui
1691 2303 1903 2360 solebat
1928 2304 2104 2357 Anto-

527 2398 673 2455 nius.
743 2387 864 2453 Non
927 2397 1170 2454 deerant
1204 2396 1297 2468 qui
1352 2395 1608 2452 humanis
1667 2395 1972 2466 disciplinis
2035 2411 2103 2451 ex

529 2490 919 2561 observatione
947 2489 1282 2545 naturalium
1322 2488 1600 2562 signorum
1640 2489 1911 2560 eiusmodi
1941 2505 2108 2545 even-

526 2592 619 2639 tus
643 2581 896 2654 praesciri
945 2595 1011 2637 ac
1056 2581 1276 2651 praedici
1308 2581 1653 2653 disputarent
1683 2595 1867 2652 posse.
1901 2581 2108 2642 Omnes

525 2687 712 2740 tamen
767 2676 1160 2748 requirebant,
1208 2674 1357 2730 velut
1420 2673 1837 2730 fundamentum
1894 2686 2104 2734 certum

528 2771 874 2826 stabiliendae
906 2770 972 2825 de
1004 2769 1110 2824 hoc
1141 2767 1361 2840 negotio
1387 2781 1532 2822 verae
1569 2769 1885 2833 sententiae,
1919 2769 2111 2839 cogni-

478 2918 480 2921 ,
525 2867 734 2921 tionem
757 2880 1003 2937 persona!
1025 2878 1088 2919 ac
1120 2864 1359 2918 nominis
1377 2861 1498 2932 ejus
1519 2877 1630 2934 quo
1654 2863 1722 2917 de
1744 2872 2106 2933 quaereretur,

531 2960 635 3015 rati
679 2960 927 3031 quandiu
979 2959 1027 3014 is
1079 2958 1148 3013 de
1209 2957 1348 3012 facie
1393 2956 1535 3011 foret
1587 2972 1651 3012 ac
1703 2957 1813 3012 vita
1865 2958 2107 3028 ignotus,

525 3061 758 3106 cunctas
774 3053 829 3105 in
853 3065 977 3106 eum
1001 3049 1300 3120 quamlibet
1322 3048 1580 3104 sinistras
1597 3056 1747 3103 recte
1767 3048 2110 3118 suspiciones

2197 533 2254 588 δὶ
2285 531 2378 587 καὶ
2405 534 2565 604 ἡμεῖς
2589 529 2934 602 λογιζοίμεθα
2968 528 3042 593 ὡς
3071 527 3170 581 οὐκ
3199 528 3430 597 ἐκείνου,
3465 526 3580 580 ἀλλ’
3616 525 3772 596 ἡμῶν

2199 640 2264 694 γε
2292 624 2452 695 χάριν
2497 625 2600 696 τῆς
2629 610 2988 696 προρρήσεως
3053 618 3358 691 γεγονυίας.
3418 618 3772 690 Κρύπτεσθαι

2203 717 2300 788 μὲν
2327 713 2419 771 οὖν
2449 706 2657 770 ἐκεῖνον
2676 717 2769 769 καὶ
2791 714 2867 787 μὴ
2891 712 3295 784 φανερούμενον
3336 710 3672 782 ὲκφανεροῦν
3703 709 3774 763 τὰ

2199 808 2321 863 θεία
2345 808 2641 880 μυστήρια,
2673 807 2808 878 πρὸς
2838 806 2918 878 τῷ
2955 803 3028 877 μὴ
3055 797 3264 870 ἔνδοξον
3289 799 3426 857 εἶναι
3482 802 3622 856 κατὰ
3671 801 3774 871 τὴν

2199 900 2448 973 Γραφὴν,
2480 900 2573 953 καὶ
2605 897 2923 961 κινδυνῶδες
2956 896 3305 951 καθίσταται.
3329 893 3440 948 Καὶ
3477 895 3599 948 ὅσον
3624 893 3778 964 ’ἡμᾶς

2201 993 2349 1048 δίκαι
2381 990 2825 1064 περιελεύσονται
2875 986 3399 1058 κατωλιγωρηκότας
3444 984 3676 1049 δίκαιαι,
3725 985 3776 1037 εί

2199 1086 2298 1150 τὰς
2327 1084 2506 1148 αίτίας
2535 1085 2740 1145 ἐκεῖνος
2773 1081 2920 1150 λέγει
2976 1080 3068 1133 τοῦ
3121 1076 3402 1147 δαιμονίου
3447 1076 3776 1148 μηνίματος,

2199 1177 2372 1241 οὕτως
2403 1176 2596 1247 ἐκείνῳ
2628 1176 2914 1247 σιγήσαντι
2946 1173 3005 1227 τὸ
3031 1171 3122 1226 διὰ
3164 1171 3491 1244 κηδεμονίαν
3537 1182 3799 1243 προοραο’

2203 1273 2292 1327 θὲν
2313 1272 2554 1336 κίνδυνος
2576 1270 2988 1343 περιστήσεται.
3019 1268 3092 1321 Τδ
3123 1267 3169 1320 δ’
3213 1268 3304 1320 ἐπὶ.
3358 1248 3570 1330 τούτοις
3625 1266 3779 1336 ίστᾷν

2200 1364 2260 1418 τὸ
2319 1362 2502 1435 θαῦμα
2566 1362 2641 1434 μὴ
2682 1361 2779 1424 τὰς
2828 1360 3006 1424 αἰτίας
3040 1359 3287 1427 λέγοντα,
3341 1359 3436 1412 καὶ
3477 1356 3681 1419 ταύτας
3712 1357 3778 1408 οὺ

2203 1457 2389 1518 κοινὰς
2421 1453 2516 1508 καὶ
2548 1453 2803 1524 συνήθεις
2824 1450 2901 1522 τῷ
2925 1451 3136 1521 κόσμῳ,
3165 1451 3280 1504 ἀλλ’
3316 1449 3446 1514 ἴσως
3489 1448 3626 1512 ίδίας
3682 1449 3781 1501 καὶ

2203 1548 2550 1617 καινοφανεῖς
2608 1542 2900 1617 ⁵ἄντικρυς,
2969 1543 3040 1615 μὴ
3091 1544 3185 1597 καὶ
3235 1543 3413 1613 ἑαυτῷ
3470 1559 3554 1606 τις
3605 1541 3798 1609 λέγων·

2200 1641 2427 1697 τοιαῦτα
2456 1641 2766 1711 περιποιοίη
2808 1640 2901 1693 τὸν
2947 1638 3272 1707 Θαυμασίων
3302 1635 3661 1708 συναρπάζων
3684 1637 3786 1707 μό-

2202 1753 2291 1791 νον
2325 1732 2600 1799 καὶδόξαν
2637 1733 2970 1805 θηρώμενος.
2995 1730 3180 1785 Ταῦτα
3206 1730 3457 1800 λέγοντες
3501 1729 3649 1800 δῆλοι
3679 1728 3786 1797 μὲν

2203 1921 2356 1978 tibus
2405 1918 2847 1976 denuntiatorem
2899 1913 3075 1973 cladis
3111 1926 3392 1983 extremm,
3441 1927 3565 1984 quae
3616 1927 3782 1969 aures

2205 2020 2382 2075 solum
2421 2018 2540 2074 sine
2573 2015 2683 2072 ullo
2711 2015 3065 2087 experientia:
3106 2029 3272 2071 sensu
3304 2013 3620 2084 perculerit,
3657 2027 3787 2069 sese

2207 2119 2434 2183 repente
2494 2111 2764 2181 objecisse
2831 2101 3111 2165 Nini'vitis.
3185 2107 3480 2162 Enimvero
3543 2106 3590 2162 si
3655 2106 3785 2176 quis

2204 2205 2371 2262 nobis
2426 2217 2557 2261 vero
2609 2201 2914 2275 prophetiae
2959 2201 3156 2272 spiritu
3199 2189 3259 2256 se
3312 2201 3483 2256 afﬂari
3534 2200 3785 2256 evidenti

2204 2295 2579 2369 experimento
2613 2298 2768 2353 fidem
2801 2296 3026 2360 faceret,
3055 2310 3168 2352 rem
3199 2294 3390 2365 utique
3420 2294 3788 2351 manifestans

2208 2391 2715 2462 bumanoingenio
2743 2388 3155 2446 inscrutabiiem
3193 2405 3206 2442 :
3255 2401 3478 2443 causam
3523 2386 3787 2441 videlicet

2207 2485 2406 2540 divinae
2449 2486 2505 2538 in
2557 2498 2659 2539 nos
2707 2481 2835 2544 ira.
2877 2495 3000 2553 qua:
3043 2494 3315 2537 summum
3364 2479 3635 2535 maiorum
3681 2482 3798 2534 nos"

2209 2577 2518 2651 urgentium
2553 2591 2742 2632 revera
2791 2577 2997 2631 malum
3027 2583 3132 2638 est,
3167 2575 3327 2629 hunc
3356 2571 3508 2643 justa
3559 2572 3787 2644 quidem

2209 2671 2576 2727 admiratione
2635 2683 3101 2742 prosequeremur
3146 2684 3162 2723 :
3211 2669 3305 2723 sed
3341 2671 3407 2722 'et
3459 2666 3625 2722 simul
3685 2681 3793 2722 nos

2211 2765 2402 2821 beatos
2459 2771 2870 2834 reputaremus,
2924 2777 3156 2836 quorum
3211 2761 3425 2818 scilicet
3459 2761 3511 2815 in
3547 2761 3789 2831 gratiam

2209 2873 2276 2914 ac
2329 2857 2569 2914 fructum
2620 2857 2974 2928 peculiarem,
3029 2871 3139 2911 non
3191 2863 3371 2910 autem
3417 2855 3471 2910 in
3505 2856 3791 2926 propriam
3883 2912 3885 2914 .

2207 2954 2296 3010 sui
2342 2953 2690 3024 jactantiam.
2730 2950 3006 3022 ejusmodi
3056 2951 3212 3024 esset
3241 2965 3309 3006 ex
3357 2950 3469 3006 aito
3518 2950 3792 3022 inspirata

2212 3046 2568 3118 praedictione
2602 3045 2944 3115 perfunctus.
2972 3041 3251 3099 Abscondi
3277 3059 3406 3099 vero
3435 3045 3612 3116 ipsum
3639 3054 3692 3100 et
3720 3060 3792 3100 ex

527 3144 745 3201 cadere.
774 3145 1067 3210 Caeterum,
1100 3143 1351 3198 nonnulli
1379 3141 1624 3207 aiebant,
1655 3144 1758 3197 hac
1789 3151 2111 3213 tempestate
2138 3176 2182 3234 ο
2214 3139 2435 3194 occulto
2453 3153 2641 3194 vocem
2665 3147 2902 3205 mittere,
2927 3131 3290 3209 praeterquam
3316 3137 3595 3204 indecens,
3619 3133 3794 3194 etiam‘

529 3239 598 3293 ad
620 3235 1027 3307 intelligendum
1046 3232 1796 3305 dicendumqueingruerein
1818 3233 1981 3307 365
2002 3232 2110 3288 Βοι
2147 3229 2180 3234 ⁷
2209 3230 2367 3302 juxta
2433 3230 2806 3286 testimonium
2856 3230 3157 3301 Scripturae
3202 3229 3363 3302 365
3416 3231 3792 3301 periculosum

532 3343 727 3386 manes
754 3325 1080 3390 infortunia,
1107 3335 1163 3382 et
1190 3341 1252 3383 ea
1279 3326 1504 3399 quidem
1529 3325 1772 3381 omnium
1799 3341 1924 3397 quae
1945 3327 2110 3382 fando

529 3419 844 3478 audivimus
891 3419 1152 3484 maxima,
1199 3432 1304 3474 nec
1354 3427 1476 3474 vate
1522 3432 1622 3473 nec
1661 3419 1924 3488 propheta
1973 3434 2113 3490 opus

530 3513 833 3576 habemus,
887 3510 1223 3581 experientia
1264 3504 1485 3580 publica
1541 3509 1595 3564 fi
1649 3508 1846 3579 cuique
1891 3509 2111 3565 abunde

531 3613 897 3662 monstrante.
940 3605 998 3659 in
1041 3618 1109 3658 eo
1159 3603 1338 3659 solum
1390 3616 1525 3671 usus
1568 3611 1717 3659 esset
1759 3592 1814 3656 et
1847 3601 2022 3657 mirus
2057 3608 2113 3656 et

531 3690 796 3772 optabilis
826 3698 1111 3755 monitoris
1139 3697 1404 3753 divinitus
1435 3696 1621 3760 amati,
1649 3696 1692 3750 si
1715 3695 1840 3768 quis
1860 3679 2113 3766 indigna;

535 3794 703 3850 tionis
754 3792 848 3850 Dei
903 3789 1208 3847 manifestae
1234 3791 1344 3862 jam
1379 3789 1434 3845 in
1464 3804 1564 3847 nos
1594 3785 1831 3846 arcanas
1863 3795 1919 3844 et
1949 3789 2113 3847 nobis

533 3888 698 3942 noxie
740 3887 1020 3956 ignoratas
1054 3900 1084 3940 e
1119 3884 1259 3940 caelo
1298 3883 1530 3939 edoctus
1579 3882 1848 3956 indicaret
1889 3897 2112 3939 causas.

531 3977 739 4050 Nempe
768 3979 823 4034 in
856 3993 1053 4050 genere
1088 3976 1309 4048 quidem
1352 3981 1586 4039 scimus,
1619 3985 1891 4046 quotquot
1919 3975 2114 4032 imbuti

533 4073 870 4136 Christianis
903 4071 1215 4142 disciplinis
1250 4070 1630 4126 administrari
1662 4068 1927 4124 mundum
1957 4081 2116 4139 aequa

533 4177 590 4226 et
628 4167 864 4240 sapienti
902 4166 1246 4238 providentia
1284 4162 1776 4235 persuasissimum
1825 4161 2115 4226 habemus,

533 4263 776 4335 peccatis
807 4261 1016 4330 utique,
1047 4259 1232 4330 qualia
1266 4257 1515 4329 quotidie
1544 4255 1778 4326 plurima
1809 4261 2116 4324 patrantur,

536 4358 672 4414 iram
715 4354 806 4410 Dei
833 4360 1024 4409 contra
1060 4351 1312 4406 homines
1347 4347 1590 4404 armari:
1621 4347 1902 4418 quodnam
1931 4353 2116 4400 tamen

535 4447 884 4520 potissimum
917 4445 1167 4499 nostrum
1203 4441 1412 4498 crimen
1442 4439 1555 4495 haec
1589 4439 1694 4494 sub
1723 4438 1929 4508 quibus
1958 4435 2120 4492 hodie

2212 3333 2318 3381 est.
2352 3325 2430 3379 Ac
2460 3335 2666 3395 quanto
2695 3339 2796 3380 nos
2821 3324 2984 3393 plecti
3014 3323 3221 3395 justius
3246 3325 3508 3380 immissis
3532 3325 3796 3382 divinitus

2215 3417 2467 3472 cladibus
2504 3416 2860 3472 manifestum
2894 3416 3065 3483 fieret,
3098 3416 3190 3472 ubi
3217 3415 3493 3471 declarata
3532 3432 3628 3484 per
3666 3433 3794 3473 eum

2214 3513 2375 3566 nobis
2429 3517 2590 3580 culpa
2643 3518 2834 3565 nostra
2876 3510 3158 3581 quapiam,
3193 3524 3314 3580 quae
3341 3509 3580 3564 divinam
3607 3509 3659 3564 in
3691 3526 3796 3567 nos

2213 3603 2651 3672 indignationem
2702 3603 3045 3666 concitaret,
3091 3618 3190 3658 nos
3239 3602 3295 3656 in
3354 3617 3416 3658 ea
3467 3601 3797 3675 corrigenda

2216 3714 2411 3770 segnes
2466 3714 2738 3764 essemus,
2790 3707 2940 3754 tanto
2993 3698 3076 3753 illi
3129 3683 3243 3753 rem
3285 3705 3496 3752 tantam
3541 3705 3593 3754 et
3646 3701 3796 3755 scitu

2217 3791 2457 3848 maxime
2488 3791 2676 3847 utilem
2710 3791 2930 3855 celanti,
2968 3783 3238 3861 siquidem
3274 3792 3377 3845 scit
3411 3788 3576 3862 (scire
3602 3800 3788 3846 autem

2217 3887 2396 3956 ipsum
2431 3893 2670 3956 oportet,
2705 3883 2749 3940 si
2779 3884 3043 3955 propheta
3089 3882 3162 3940 sit
3203 3899 3218 3938 :
3271 3898 3397 3938 nam
3449 3884 3551 3940 hoc
3591 3901 3796 3941 nomen

2217 3979 2414 4036 mereri
2459 3977 2575 4033 sola
2630 3977 3048 4032 denuntiatione
3092 3989 3271 4031 rerum
3321 3992 3444 4046 qua:
3485 3993 3520 4046 ,a
3572 3979 3797 4034 nemine

2219 4073 2544 4144 ignorantur
2595 4069 3017 4140 haudquaquam
3066 4069 3292 4140 potest),
3329 4079 3503 4146 tanto,
3541 4068 3794 4140 inquam,

2220 4165 2311 4224 isti
2345 4164 2591 4223 reticenti
2615 4163 2763 4234 quod
2787 4163 3133 4234 podssimum
3169 4163 3480 4234 publicasse
3503 4163 3795 4232 debuerat,

2221 4259 2442 4330 gravius
2485 4258 2735 4312 imminet
2764 4256 3062 4326 periculum
3095 4258 3321 4314 rationis
3365 4273 3430 4312 ex
3469 4259 3588 4328 ipso
3619 4274 3648 4314 a
3685 4257 3798 4314 Deo

2220 4351 2529 4421 repetenda:
2581 4351 2724 4405 male
2769 4350 2910 4421 gesti
2967 4349 3284 4405 ministerii.
3336 4348 3571 4407 Tantum
3629 4352 3799 4425 igitur

2223 4443 2486 4500 absumus
2533 4457 2563 4496 a
2603 4441 2926 4514 judicando,
2967 4441 3133 4498 istum
3188 4442 3504 4513 quicunque
3552 4453 3657 4511 est,
3699 4447 3798 4514 qui

537 4541 807 4611 gemimus
825 4539 1035 4610 flagella
1059 4535 1412 4601 ulciscantur,
1446 4544 1507 4588 ut
1530 4535 1930 4603 incompertum
1960 4530 2118 4585 nobis
2153 4544 2197 4601 ι)
2227 4536 2337 4605 peti
2371 4549 2472 4590 nos
2497 4535 2818 4596 caelestibus
2850 4527 3103 4606 flagellis,
3135 4531 3280 4606 quod
3309 4536 3484 4592 cuivis
3513 4546 3595 4593 est
3624 4540 3800 4595 nolis-

540 4641 648 4692 est,
702 4631 776 4684 ita
829 4636 979 4684 esset
1023 4626 1376 4681 utilissimum
1431 4622 1643 4679 doceri.
1686 4621 1781 4676 Sic
1830 4621 2000 4684 enim,
2051 4634 2118 4672 eo

536 4720 906 4785 emendando,
947 4718 1071 4774 fons
1106 4719 1379 4772 malorum
1425 4724 1614 4786 posset
1649 4712 1883 4769 obstrui.
1923 4711 2120 4792 Consi-

539 4817 674 4869 lium
727 4827 862 4867 sane
908 4809 1016 4866 Deo
1059 4808 1431 4879 supplicandi,
1466 4819 1524 4861 ut
1554 4805 1842 4877 propitiari
1883 4818 1942 4859 se
1975 4794 2121 4859 sinat

539 4919 593 4964 et
642 4905 815 4960 nostri
869 4904 1223 4966 misereatur,
1274 4901 1342 4955 iis
1395 4907 1711 4970 suggestum
1743 4898 1837 4966 qui
1861 4893 2121 4951 vindicta:

539 5001 739 5055 divinae
760 4996 936 5068 plagis
961 5010 1106 5050 nunc
1134 4994 1369 5048 maxime
1392 4991 1834 5063 flagrantissimis
1859 4998 2118 5054 uruntur,

543 5093 679 5148 nihil
717 5091 882 5145 habet
913 5087 1164 5143 mirabile
1190 5101 1257 5140 ac
1285 5084 1594 5155 prudentiae
1623 5083 1864 5153 vulgaris
1900 5081 2119 5136 modum

540 5184 842 5238 excedens.
901 5178 1141 5250 Agnosci
1189 5177 1409 5248 quidem
1473 5177 1615 5230 forte
1673 5183 1864 5245 posset
1920 5173 2120 5242 suspici

541 5278 764 5349 dignum
795 5274 1000 5342 aliquid
1030 5281 1082 5328 et
1111 5281 1271 5341 captu
1293 5271 1546 5341 superius
1579 5268 1819 5322 humano
1849 5267 1906 5321 in
1935 5282 1999 5322 eo
2027 5266 2120 5334 qui

462 5403 465 5405 -
543 5368 761 5446 consilii
785 5367 910 5422 talis
939 5365 1256 5436 inopinatus
1289 5372 1480 5416 auctor
1512 5368 1833 5430 exsurgeret
1859 5359 1913 5413 in
1947 5360 2123 5414 medio

544 5463 726 5536 populi
765 5460 940 5515 felicis
973 5470 1026 5513 et
1068 5457 1282 5513 cunctis
1321 5465 1528 5510 naturae
1573 5468 1638 5508 ac
1672 5453 1905 5508 fortuna:
1940 5453 2120 5536 bonis,

543 5557 662 5610 sine
697 5554 802 5608 ulla
851 5551 1019 5607 sortis
1063 5551 1302 5603 adversae
1351 5546 1668 5610 formidine,
1701 5544 2120 5610 florentissimi;

542 5649 756 5724 quabrtn
803 5646 1120 5714 accepimus
1152 5640 1345 5696 Jonam
1389 5640 1731 5708 prophetam,
1765 5653 1795 5691 e
1821 5636 2122 5706 longinquo

539 5740 608 5794 ad
660 5740 711 5793 id
771 5738 1110 5807 profectum,
1169 5733 1306 5789 nihil
1354 5732 1537 5786 minus
1600 5730 2011 5796 suspicantibus
2065 5734 2122 5781 et

543 5835 696 5892 beata
728 5833 883 5904 copia
919 5847 1097 5890 rerum
1131 5828 1376 5903 omnium
1410 5841 1624 5884 summa
1669 5825 1722 5880 in
1766 5839 1897 5894 pace
1933 5821 2120 5876 fruen-

2224 4627 2449 4695 sitnum,
2479 4627 2791 4692 denuntiat,
2832 4625 3188 4682 illud'autem
3221 4637 3381 4692 tacet,
3410 4629 3695 4699 quodnam
3726 4631 3801 4687 ob

2224 4731 2476 4776 nostrum
2521 4719 2701 4776 scelus
2731 4720 2893 4788 vulgo
2925 4720 3329 4790 incompertum
3369 4737 3465 4776 nec
3492 4731 3598 4776 non
3630 4722 3801 4777 forsi-

2226 4825 2319 4869 tan
2370 4800 2810 4883 insuspicabile,
2859 4827 2922 4868 ac
2981 4813 3076 4868 ubi
3132 4812 3541 4869 manifestatum
3592 4814 3797 4882 fuerit,

2227 4921 2426 4960 novum
2482 4904 2887 4975 appariturum,
2931 4903 3026 4959 illa
3073 4903 3392 4971 desaeviant,
3435 4905 3801 4962 admiratione

2226 4995 2449 5064 dignum
2489 5010 2631 5058 esse,
2679 5002 2738 5048 ut
2789 5003 2979 5049 contra
3009 4997 3195 5063 potius
3232 4995 3612 5052 existimemus
3642 4995 3800 5050 illum

2227 5087 2477 5142 aﬂ‘ectata
2508 5087 2613 5142 ista
2647 5087 3024 5142 occultatione
3051 5088 3135 5142 sui
3163 5087 3369 5159 justam
3401 5089 3556 5144 nobis
3585 5105 3803 5145 movere

2227 5177 2601 5249 suspicionem
2663 5179 2873 5233 callida:
2927 5190 3364 5251 quaestuoszeque
3430 5181 3798 5251 arrogantiae,

2226 5285 2456 5325 examen
2506 5269 2722 5340 quidem
2766 5285 2831 5324 ac
2877 5271 3277 5326 convictionem
3317 5272 3632 5336 metuentis,
3666 5273 3713 5328 si
3742 5288 3800 5328 se

2223 5365 2331 5432 jam
2364 5377 2509 5415 nunc
2541 5359 2880 5425 ostenderet,
2911 5361 3163 5430 plausum
3199 5378 3329 5416 vero
3355 5363 3800 5418 admirationem-

2225 5469 2331 5523 que
2359 5455 2678 5524 popularem
2715 5469 2840 5518 suo,
2874 5446 2967 5510 ubi
3000 5465 3272 5509 maturum
3303 5454 3488 5520 fuerit,
3519 5457 3572 5510 in
3605 5456 3799 5528 vulgus

2226 5545 2440 5601 edendo
2472 5547 2683 5601 nomini
2714 5548 2816 5603 sub
2845 5547 3160 5603 artiﬁciosis
3189 5548 3310 5604 istis
3337 5549 3551 5603 interim
3577 5551 3800 5607 latebris

2228 5635 2496 5702 parantis.
2551 5634 2674 5690 Haec
2709 5635 2788 5689 illi
2822 5636 2903 5692 sic
2943 5636 3281 5693 disserentes
3314 5639 3456 5694 haud
3493 5641 3701 5705 molles,
3744 5652 3800 5694 ttt

2225 5727 2404 5796 palam
2442 5737 2580 5792 erat,
2611 5745 2668 5784 se
2702 5731 2970 5797 putabant
3005 5729 3294 5787 admovere
3346 5734 3664 5804 imperatori
3705 5733 3800 5787 sti-

2228 5822 2403 5878 mulos
2452 5824 2517 5878 ad
2558 5824 2941 5895 proferendam
2977 5827 3307 5882 nominatim
3345 5828 3612 5884 hactenus
3639 5827 3802 5884 dissi-
3865 5897 3868 5899 Α
