4094 6280
409 488 522 552 409

1323 497 1421 558 DE
1463 495 1908 558 ANDRONICO
1947 499 2418 562 PAL/EOLDGO
2463 501 2604 563 LIB.
2663 499 2732 560 ν.

3546 491 3662 560 410

409 606 467 686 ἃ
498 611 592 661 καὶ
628 608 716 661 ἐπ’
769 608 970 676 αἰτίαις
1030 612 1402 684 σκληρότητος
1443 615 1535 667 καὶ
1593 615 1688 667 τοῦ
1755 613 1986 676 πολλοὺς
2013 615 2064 679 Α
2095 617 2192 669 ἀπ’
2229 615 2430 688 ἀρετῆς
2489 617 2640 680 ἴσως,
2670 614 2730 669 τὸ
2776 613 2830 667 at
2873 610 3162 667 καὶτπλέον
3188 602 3281 665 καὶ
3312 609 3418 664 ἀπὸ
3448 610 3679 682 γνώμης

382 690 718 763 ἀἰκίζεσθαι
753 702 826 757 ’τε
856 703 951 758 καὶ
981 705 1293 761 ἀποκλείειν
1336 708 1514 771 αἰτίας
1561 707 1981 777 ἀνακυπτούσης

381 788 384 792 ’
408 791 505 844 καὶ
527 793 627 862 τῆς
645 795 948 866 τυχούσης,
968 789 1042 853 ὧν
1071 798 1233 851 ἓνεκι
1252 793 1343 868 ἦν,
1377 800 1426 850 εἰ
1453 798 1528 868 μὴ
1566 797 1989 868 μεταϐάλλοιτο,

406 886 504 938 καὶ
563 888 703 938 κατὰ
758 891 993 953 κανόνας
1042 889 1385 953 εὐθύνεσθαι,
1447 890 1764 942 συνίσταταί
1814 906 1894 950 τις
1925 889 1983 940 ὲν

385 976 618 1042 ,τούτοις
647 982 741 1033 καὶ
761 981 921 1053 τρίτη
954 983 1138 1053 μοῖρα,
1191 983 1240 1035 οἳ
1263 983 1328 1051 δὴ
1361 983 1467 1053 τὴν
1500 982 1599 1052 μὲν
1627 982 1727 1050 τῆς
1761 980 1984 1050 γνώμης

355 1084 359 1085 ⁷
409 1069 704 1136 μετάθεσιν
766 1071 1173 1146 αίσχυνόμενοι,
1229 1073 1588 1142 εὐπρᾷσωττον
1617 1071 1669 1123 δ’
1691 1073 1782 1124 ἔπι
1810 1069 1996 1142 ταύτῃ,

407 1163 682 1231 πρόφασιν
745 1164 1136 1235 προϊσχόμενοι
1169 1165 1416 1234 ἐδέχοντο
1447 1163 1567 1233 μὲν,
1599 1161 1673 1223 ὡς
1701 1163 1794 1215 καὶ
1830 1163 1980 1232 πρὶν,

404 1255 497 1308 τὸν
530 1255 701 1326 ἄνδρα
724 1257 818 1309 καὶ
851 1259 1218 1328 πατριάρχην,
1251 1257 1392 1328 πλὴν
1424 1258 1508 1311 ἔπ’
1531 1255 1800 1327 ἀσφαλείᾳ
1829 1253 1987 1324 μεγί-¹

411 1362 514 1417 στῃ
543 1345 638 1400 τοῦ
670 1349 744 1419 μή
777 1364 831 1402 τι
859 1348 1100 1425 τοιοῦτον
1125 1350 1184 1402 τὸ
1216 1349 1323 1401 ἀπὸ
1352 1346 1510 1404 τοῦδε
1532 1347 1664 1417 παρ’
1693 1346 1858 1401 αὖτοῦ
1897 1345 1982 1412 γί-

362 1434 372 1462 ί
408 1441 620 1506 νεσθαι,
672 1440 748 1503 ὡς
792 1421 1018 1494 ἱκείνων
1045 1437 1326 1513 ⁴ὀλεθρίων
1355 1421 1643 1497 evrus-fatui.
1671 1437 1987 1506 δυναμένων

408 1532 1032 1604 ἀρχιερεῖςκαθαιρεῐνς
1075 1534 1142 1606 ἦν
1169 1552 1251 1601 τις
1283 1535 1394 1604 ἄρα
1425 1534 1518 1586 καὶ
1543 1534 1654 1596 τοῖς
1677 1527 1989 1586 κινὸσιπι-

407 1626 680 1708 στεύσειε.
759 1626 945 1682 Ταῦτα
985 1628 1238 1708 λέγοντες
1293 1625 1715 1696 διεφιλονείκονν
1771 1623 1988 1696 ἡμέρας

403 1719 555 1788 ὅλας,
582 1719 677 1772 καὶ
707 1719 802 1782 τὰς
822 1719 1046 1790 γνώμας
1073 1719 1343 1791 οΰμενουν
1364 1722 1426 1775 οὺ
1456 1719 1787 1784 ξυνέϐαινον.
1821 1718 1988 1770 Baet-

402 1812 529 1874 λεὺς
561 1812 615 1864 δὲ
648 1802 810 1880 γνοὺς
859 1812 935 1875 ὠς
967 1811 1026 1866 τὸ
1046 1813 1269 1884 ζάτηρδν
1289 1813 1385 1867 τοῦ
1426 1813 1615 1882 ἀνδρὸς
1647 1813 1742 1872 καὶ
1768 1809 1987 1880 ἀμάλα-

406 1921 534 1959 κτον
564 1907 659 1960 καὶ
686 1907 780 1960 ἐπὶ
800 1906 914 1972 τοῖς
945 1906 1200 1979 τυχοῦσιν
1227 1907 1706 1980 ἅσυγκατάσατον,
1739 1906 1769 1958 ὃ
1802 1905 1868 1974 δὴ
1892 1902 1998 1957 καὶ

405 2084 528 2122 sum
558 2083 844 2124 sacrorum
869 2070 1179 2139 prasidem.
1208 2070 1334 2126 Hac
1370 2071 1457 2126 isti
1495 2071 1828 2141 allegabant.
1868 2086 1994 2139 quae

406 2177 532 2216 cum
568 2161 921 2216 adversantes
953 2162 1045 2215 alii
1079 2163 1486 2220 contentiosius
1532 2164 1844 2219 refellerent
1875 2178 1990 2218 nia-

407 2269 650 2325 gnopere
706 2254 966 2325 jactanda
1026 2255 1480 2328 validissimaque
1512 2286 1520 2313 ι
1552 2259 1988 2312 demonstranda

405 2347 754 2404 abdicatione
826 2349 1156 2407 Athanasii:
1226 2351 1386 2422 cujus
1435 2351 1600 2407 etiam
1660 2365 1857 2406 causas
1922 2366 1987 2405 ex

403 2440 567 2512 373
613 2443 942 2496 intolerabili
978 2444 1266 2514 regiminis
1295 2445 1413 2514 ejus
1458 2445 1756 2500 acerbitate
1794 2443 1992 2499 ductas

403 2531 676 2589 invidiose
712 2535 1111 2605 pradicabant,
1155 2546 1548 2609 exaggerantes
1586 2537 1680 2593 illa
1718 2539 1992 2608 supplicia

404 2640 550 2681 saeve
574 2625 643 2680 ab
670 2640 736 2681 eo
768 2634 987 2697 sumpta
1021 2629 1092 2682 de
1130 2629 1342 2693 multis.
1388 2629 1512 2686 illas
1539 2629 1890 2686 exclusiones
1924 2631 1990 2682 ab

405 2718 600 2774 ciliciis
649 2719 1132 2788 etlsacerdotiis,
1189 2721 1484 2779 levissimis
1543 2725 1870 2795 plerumque
1924 2723 1993 2776 de

403 2808 591 2868 causis
620 2812 674 2866 in
706 2812 976 2883 plurimos
1003 2814 1400 2870 immanissime
1447 2821 1724 2880 decretas,
1750 2831 1892 2886 quas
1921 2817 1992 2873 ob

402 2917 497 2959 res
526 2904 922 2961 ecclesiastica:
964 2905 1178 2961 lenitati
1215 2909 1526 2963 contrarias
1561 2909 1797 2964 maxime
1826 2909 1992 2978 justas

407 2998 560 3052 illum
596 2997 1063 3055 animadversioni
1086 2999 1245 3069 juxta
1277 3016 1468 3058 sacros
1508 3017 1748 3058 canones
1792 3003 1989 3072 subjici

405 3091 786 3160 oportuisset,
857 3093 965 3148 nisi
1005 3101 1286 3162 paratum
1343 3094 1613 3165 judicium
1683 3094 1993 3150 abdicando

409 3186 746 3254 praeverteris
782 3202 811 3241 τι
861 3184 1119 3244 Patribns
1160 3201 1336 3258 paenae
1387 3188 1510 3244 loco
1552 3188 1994 3259 qualemcunque

387 3272 594 3381 throni
633 3277 994 3381 privationem
1039 3281 1435 3352 imputantibus
1477 3295 1671 3351 pmnas
1705 3280 1856 3351 juste
1896 3280 2066 3381 de-.C

407 3371 554 3427 bitas
590 3372 844 3428 cessioue
885 3373 1196 3429 voluntaria
1243 3374 1380 3429 lucri
1421 3374 1666 3430 fecisset.
1713 3373 1866 3429 Talia
1916 3374 1991 3428 illi

409 3463 539 3519 dum
609 3474 1073 3532 commemorant,
1141 3465 1468 3522 refricabam
1530 3468 1739 3523 scilicet
1807 3468 1993 3523 multis

415 3559 714 3614 astantium
779 3547 988 3614 tristem
1049 3560 1370 3614 memoriam
1445 3560 1806 3631 grassationis
1859 3563 1990 3616 olim

410 3651 728 3708 inhumana
758 3653 1156 3709 monachorum
1195 3654 1483 3709 Athanasii
1521 3655 1898 3709 ministrortIm
1936 3655 2006 3722 in,

412 3745 641 3801 clericos
685 3757 741 3802 et
788 3748 1192 3804 ecclesiasticos
1226 3751 1408 3804 omnis
1438 3749 1673 3820 generis.
1704 3749 1820 3815 Qua
1863 3762 1988 3803 cum

410 3836 541 3892 hinc
588 3839 806 3909 quidem
859 3841 1123 3897 similium
1176 3845 1232 3898 in
1299 3853 1579 3916 posterum
1635 3830 1989 3901 atrOcitatum

413 3937 559 3993 metu
595 3940 1046 4000 concuterentur,
1077 3935 1206 3996 inde
1244 3945 1427 4002 autem
1469 3937 1843 3994 retinerentur
1893 3955 1995 4009 pu-

413 4022 546 4079 dore
578 4024 819 4081 levitatis
841 4027 894 4082 in
930 4036 1040 4083 tam
1068 4029 1360 4086 manifeste
1383 4031 1660 4088 declarata
1693 4032 1994 4103 recipiendi

412 4118 699 4175 Athanasii
723 4121 1018 4187 voluntate,
1045 4123 1268 4192 quidam
1294 4125 1529 4179 mediam
1561 4126 1819 4182 ineuntes
1846 4126 1988 4181 viam

414 4210 559 4265 inter
581 4213 910 4278 contrarias,
939 4228 1080 4285 quas
1113 4216 1274 4270 modo
1307 4217 1621 4283 retulimus,
1665 4219 2014 4286 sententias,.

414 4307 631 4361 tertiam
670 4305 978 4362 conﬂarunt
1003 4319 1206 4365 sectam
1241 4310 1502 4369 aientium
1531 4312 1743 4367 admitti
1771 4312 1992 4383 quidem

413 4400 613 4457 debere
655 4401 1014 4469 Athanasium
1047 4405 1126 4459 uti
1166 4420 1354 4461 verum
1391 4405 1792 4474 patriarcham,
1831 4416 1994 4477 prout

412 4495 657 4565 professi"
703 4495 1128 4562 semel-forent,
1175 4505 1231 4552 et
1272 4514 1429 4554 nunc
1484 4499 1674 4569 utique
1727 4515 1988 4556 censere:

413 4596 672 4647 caeterum
698 4598 991 4658 antequam
1025 4591 1068 4645 is
1097 4599 1402 4645 resumeret
1435 4592 1762 4647 exercitium
1801 4593 1991 4648 tandiu

2016 1973 2068 2030 Β

2085 707 2324 772 εἰκάζειν
2344 703 2433 780 ἢν,
2457 708 2556 775 τῆς
2596 708 2694 777 μὲν
2725 706 2783 759 τὸ
2813 704 3040 775 ἀκριϐὲς
3070 702 3342 774 ζητούσης
3372 702 3456 770 lcp‘
3478 700 3671 766 arcam,

2085 804 2184 872 τῆς
2216 803 2271 855 δὲ
2305 801 2554 870 φυσικῶς
2587 800 2884 867 πειθούσης
2915 797 3058 868 ἔχειν
3087 799 3181 850 καὶ
3211 797 3270 849 τὸ
3291 795 3364 866 μὴ
3399 797 3673 866 χρήσιμον

2085 897 2379 967 χρήσιμον,
2412 895 2628 948 ἀλλοῖον
2657 893 2914 963 γενέσθαι
2937 889 3148 954 τοῦτον,
3177 891 3299 944 ὅσον
3331 888 3551 942 εἰκάσαι
3581 890 3672 940 καὶ

2086 993 2150 1042 ἐκ
2179 989 2414 1055 πολλῶν,
2454 989 2763 1045 διετείνετο.
2802 989 2956 1058 Μηδὲ
2981 989 3088 1058 γὰρ
3129 983 3294 1038 αὐτὸν
3326 983 3674 1050 sacomam

2086 1084 2217 1146 τοῦς
2245 1084 2374 1153 περὶ
2410 1082 2572 1136 αὑτὸν
2602 1081 2810 1152 ἀμαθίᾳ
2833 1080 3059 1148 γνώμης
3094 1077 3154 1130 τὸ
3187 1077 3261 1146 μὴ
3294 1075 3421 1129 δέον·
3443 1072 3689 1146 ἐργάζεσ-

2090 1179 2224 1229 alia:
2258 1172 2799 1240 καταναγκάζεσθαι.
2830 1212 2832 1215 -
2861 1172 2923 1225 Ei
2980 1170 3038 1222 δέ
3070 1186 3132 1236 γε
3185 1168 3281 1221 καὶ
3311 1166 3474 1227 αὐτὸς
3511 1169 3675 1232 ἀκρι-

2089 1268 2245 1331 ϐείας
2280 1266 2684 1337 ὲπειὶημμένος
2719 1265 2933 1326 πολλοῖς
2969 1263 3262 1332 γινομένης
3297 1260 3446 1328 ’παρὰ
3468 1257 3528 1311 τὸ
3554 1259 3673 1310 δέον

2087 1360 2340 1430 ἐμποδὼν
2397 1359 2650 1430 ὐφορῷτο
2698 1356 2994 1427 στήσεσθαι
3027 1395 3040 1419 ,
3099 1354 3310 1426 βασιλεῖ
3352 1369 3415 1421 γε
3471 1351 3673 1421 μᾶλλον

2089 1455 2290 1524 ἀτηρὸν
2353 1452 2663 1524 φανεῖσθαι,
2737 1450 2910 1504 πολλὰ
2969 1446 3063 1503 καὶ
3117 1447 3271 1519 παρὰ
3324 1446 3384 1500 τὸ
3419 1446 3567 1509 εἰκὸς
3616 1444 3675 1510 ἐξ

2089 1543 2335 1612 ἀνάγκης
2371 1543 2630 1612 πράττειν
2663 1540 3058 1612 παραγομένῳ.
3090 1539 3239 1606 Πλὴν
3274 1535 3674 1606 καταδέχεσθαι

2093 1636 2240 1705 μάλα
2268 1635 2445 1704 πολλῷ
2483 1633 2866 1700 ἀναξαίνᾳντος
2907 1633 3100 1686 τούτου
3143 1631 3211 1684 τὰ
3255 1631 3391 1701 ἕλκη
3426 1627 3459 1701 ἦ
3498 1630 3676 1691 ﬁlim;

2093 1729 2488 1800 μαλάσσοντος.
2540 1746 2557 1780 ι
2611 1726 2768 1798 Ἐμοὶ
2795 1727 2892 1797 μὲν
2926 1722 3040 1788 οὖν,
3075 1745 3093 1777 ι
3119 1725 3324 1793 ἔλεγεν,
3361 1742 3379 1775 ι
3418 1722 3474 1777 ἓν
3499 1726 3674 1789 ἀναγι

2091 1826 2247 1876 καῖον
2285 1823 2382 1876 καὶ
2427 1821 2596 1892 αὐτῆς
2646 1820 2814 1887 πνοῆς
2845 1818 3264 1890 προτιμότερον,
3304 1813 3369 1871 ’τὸ
3407 1816 3543 1870 Θεοῦ
3585 1815 3677 1870 θέ-

2091 1914 2241 1987 λημα
2268 1916 2534 1986 γίνεσθαι,
2587 1914 2690 1968 κᾶν
2725 1913 2870 1984 λυπῇ
2911 1913 3017 1967 κᾶν
3061 1914 3157 1984 μή.
3194 1912 3342 1984 Πλὴν
3375 1912 3467 1969 καὶ
3497 1911 3675 1982 χαρᾶς

2092 2085 2304 2148 partem
2335 2077 2588 2130 oratione
2615 2072 3008 2129 sublevandam
3035 2081 3206 2133 ratus,
3232 2072 3496 2127 disseruit
3533 2071 3676 2141 apud

2092 2168 2385 2241 synodum,
2417 2164 2560 2222 ha‘ud
2593 2169 2674 2222 ire
2710 2182 2769 2223 se
2795 2167 3001 2221 inﬁtias
3030 2165 3154 2235 jure
3192 2165 3541 2235 implacidum
3591 2165 3677 2219 vi-

2092 2262 2212 2316 deri
2249 2275 2714 2331 asperumqueac
2744 2259 2953 2314 levibus
2986 2259 3148 2312 etiam
3183 2258 3394 2312 erratis'
3417 2256 3693 2310 inexora--

2093 2354 2271 2409 hiliter
2300 2353 2557 2408 infestum
2582 2351 2864 2406 Athanasii
2890 2335 3110 2421 genium
3135 2369 3147 2403 :
3175 2349 3266 2404 sed
3301 2363 3502 2413 mores,
3527 2349 3675 2417 quod

2095 2455 2486 2516 nemo-posset
2529 2445 2784 2508 dilliteri.
2836 2445 3038 2514 probos
3079 2451 3226 2498 esse.
3273 2445 3448 2511 Atque
3501 2442 3679 2507 adeo,

2094 2548 2360 2609 quantum
2408 2539 2510 2592 niti
2546 2540 2867 2608 conjectura
2899 2535 3064 2609 375.
3092 2536 3404 2607 indaganda
3461 2536 3675 2596 liceret.

2095 2630 2465 2685 verisimiliter
2499 2629 2554 2684 id
2597 2629 2982 2699 imputandum
3011 2626 3199 2682 virtuti
3233 2612 3482 2696 rlgidlori
3510 2623 3563 2682 et
3593 2625 3676 2681 fa-

2095 2725 2341 2783 stidiosae
2374 2723 2727 2788 innocentiae,
2759 2723 2893 2777 vitia
2927 2722 2982 2776 in
3015 2721 3138 2776 aliis
3168 2719 3518 2778 dissimulare
3565 2736 3673 2775 non

2095 2814 2494 2884 valentis'quae
2530 2824 2680 2868 arcet
2704 2827 2734 2868 a
2767 2827 2888 2884 sese
2921 2801 3267 2884 longissime.
3300 2827 3364 2866 ac
3403 2824 3674 2868 summam

2094 2923 2251 2977 mque
2285 2906 2359 2961 ab
2403 2906 2663 2961 omnibus
2697 2906 3035 2962 exactionem
3073 2903 3435 2974 requirentis.
3474 2905 3677 2957 Acces-

2094 3001 2238 3056 sisse
2273 2999 2340 3054 ad
2384 3009 2638 3055 naturam
2691 2999 2764 3052 ita
2814 2999 3011 3054 factam
3056 2999 3179 3054 vita)
3217 3013 3374 3053 usum
3430 3015 3458 3051 a
3508 3011 3677 3067 puero

2095 3085 2567 3164 disciplinamque
2592 3087 2949 3154 severiOrem,
2992 3101 3103 3146 tum
3138 3091 3265 3146 inde
3301 3090 3545 3146 inclitam
3585 3089 3676 3142 in-

2096 3187 2408 3242 ductionem
2457 3186 2624 3241 animi
2662 3188 2729 3242 ad
2780 3186 3162 3243 austeritatem
3219 3184 3487 3248 indurati,
3521 3185 3678 3251 ενι-αι-

2092 3283 2331 3353 judicata
2395 3282 2630 3350 quadam
2698 3281 3056 3338 assuetudine
3117 3279 3319 3348 rigoris
3399 3263 3696 3348 interdum;

2101 3375 2420 3447 persuaderi
2451 3375 2555 3429 sibi
2598 3375 2829 3429 sinentis
2867 3374 3002 3428 utile
3029 3372 3080 3427 id
3120 3386 3246 3427 esse
3279 3371 3422 3441 quod
3459 3372 3565 3425 tale
3599 3385 3680 3426 re-

2106 3485 2232 3530 vera
2271 3484 2377 3522 non
2413 3469 2504 3522 sit.
2544 3468 2722 3538 Atque
2749 3466 2840 3521 hic
2884 3475 3064 3537 tamen
3110 3465 3295 3521 multis
3339 3463 3680 3534 argumentis

2102 3571 2351 3618 astruere
2384 3562 2622 3616 sollicite
2655 3560 2940 3630 Augustus
2983 3558 3352 3613 contendebat
3394 3559 3680 3621 haudqua-

2104 3673 2268 3730 quam
2307 3663 2476 3711 totam
2499 3655 2803 3709 Athanasio
2842 3654 2924 3708 vel
2962 3652 3292 3722 praecipuam
3320 3651 3678 3711 inclementer

2103 3763 2374 3817 actorum,
2398 3765 2521 3819 quae
2539 3749 2836 3812 ferrentur,
2858 3761 2980 3802 esse
2999 3744 3215 3816 culpam
3237 3743 3680 3798 adscribendam:

2101 3850 2277 3918 magis
2300 3845 2444 3902 enim
2463 3844 2583 3899 eam
2611 3842 3072 3911 verisimiliusque
3095 3839 3357 3909 imputari
3393 3838 3680 3892 ministro-

2105 3959 2246 4007 rum,
2290 3941 2493 4013 quibus
2540 3946 2810 4004 uteretur.
2858 3927 3164 4006 imperitia,
3215 3933 3498 3994 hominum
3540 3945 3680 4000 quos

2103 4052 2240 4092 suus
2260 4049 2415 4102 error
2437 4029 2819 4102 angustiasque
2843 4029 3044 4084 mentis
3071 4043 3132 4083 ex
3145 4026 3383 4080 nrbitarc
3407 4025 3679 4078 interdum

2044 4162 2051 4168 -
2103 4147 2132 4199 a
2164 4139 2336 4193 recto,
2388 4126 2644 4196 quodque
2692 4125 2878 4180 minus
2911 4122 3250 4186 conveniret,
3297 4121 3479 4200 facere
3523 4134 3684 4186 coge-

2097 4231 2246 4278 rent.
2278 4219 2486 4287 Quodsi
2520 4208 2684 4290 quem
2721 4228 2927 4284 tamen,
2966 4215 3223 4278 addebat,
3255 4213 3356 4268 sibi
3394 4211 3680 4267 conscium

2101 4313 2412 4385 fragilitatis
2461 4312 2513 4365 in
2570 4309 3163 4381 culpaquuotidiauas
3209 4306 3366 4361 facile
3421 4305 3678 4375 lapsurae,

2101 4418 2306 4464 terreat
2345 4407 2746 4476 qualiscunque
2779 4405 2880 4460 ista
2916 4402 3131 4459 deﬂecti
3165 4402 3234 4456 ab
3261 4410 3456 4457 exacto
3495 4399 3681 4455 nescia

2098 4501 2348 4573 rigiditas
2381 4500 2688 4566 Athanasii,
2723 4500 2814 4552 uni
2865 4499 3102 4552 maxime
3147 4497 3390 4575 omnium
3447 4488 3684 4563 imper-aa

2101 4597 2205 4657 tori
2234 4611 2353 4652 eam
2384 4595 2555 4649 videri
2603 4591 3006 4648 formidabilem
3057 4590 3278 4653 debere,
3335 4588 3549 4658 quippe
3589 4584 3679 4640 cui

414 4680 749 4750 intermissa:
796 4682 1106 4751 potestatis,
1160 4684 1340 4738 caveri
1385 4681 1646 4739 Ecclesiae
1686 4684 1802 4737 dira
1861 4686 1994 4739 olim
2031 4675 2244 4759 Dsaepe
2275 4687 2618 4744 necessesit
2653 4686 2719 4741 ad
2754 4686 3096 4756 negotiorum
3146 4682 3543 4752 expeditionem
3594 4694 3684 4732 ur-

412 4773 689 4840 passae-ab
731 4773 852 4843 ejus
887 4774 1162 4830 ministris
1205 4785 1460 4845 oportere
1505 4777 1871 4847 promissione
1909 4795 1995 4834 se-

415 4864 670 4918 curitatis
691 4879 857 4935 quam
885 4866 1136 4922 maximae
1165 4869 1234 4919 ab
1265 4882 1330 4921 eo
1353 4868 1642 4937 exigenda,
1671 4869 1990 4940 neutiquam

417 4957 658 5025 patiendi
687 4958 869 5013 vexari
905 4962 1127 5015 nomine
1150 4976 1215 5015 ac
1246 4962 1579 5016 auctoritate
1625 4978 1726 5019 sua
1754 4971 1863 5017 tam
1910 4965 1994 5017 in-

411 5053 580 5124 justis
604 5053 956 5124 indignisque
985 5056 1164 5110 modis
1190 5055 1442 5121 clericos,
1478 5057 1740 5125 quoniam
1777 5057 1996 5126 injuria

418 5147 731 5202 istiusmodi
765 5149 1003 5219 graviter
1043 5147 1263 5205 Patrum
1305 5151 1686 5206 sanctionibus
1733 5153 1997 5204 adversa-

419 5253 633 5306 rentur,
676 5248 730 5297 et
783 5243 850 5297 ab
902 5243 970 5297 iis
1013 5242 1107 5313 qui
1162 5243 1470 5299 canonibus
1521 5245 1842 5309 crederent,
1895 5259 1995 5313 pro

416 5337 577 5406 justis
628 5348 684 5394 et
739 5337 1000 5407 legitimis
1039 5339 1223 5393 causis
1275 5338 1641 5408 depositionis
1681 5339 1990 5395 antistitum

421 5433 515 5502 qui
557 5434 613 5486 in
650 5448 718 5488 eo
751 5433 1115 5487 conniverent
1149 5431 1554 5502 judicarentur.
1601 5432 1695 5487 His
1752 5434 1993 5505 episcopi

418 5529 528 5600 jam
570 5525 728 5582 divisi
766 5524 1073 5592 trifariam,
1136 5541 1235 5596 pro
1287 5543 1347 5582 se
1400 5527 1606 5597 quique
1658 5527 1996 5586 disserendis

425 5619 879 5688 inculcandisque
908 5625 1054 5674 totos
1086 5620 1446 5676 absumebant
1487 5623 1842 5677 altercatione
1875 5624 1996 5677 infi-

354 5726 357 5729 '
424 5713 536 5768 nita
569 5705 709 5776 dies,
744 5713 966 5783 quando
996 5697 1380 5768 auiinadverso
1412 5710 1709 5786 imperator
1741 5731 1992 5785 magnam

423 5797 685 5860 inﬂictam
736 5805 954 5875 negotio
988 5807 1222 5862 securim
1262 5807 1519 5861 refricata
1559 5809 1818 5863 memoria
1855 5810 1997 5864 invi—

363 5910 369 5916 ’
401 5897 870 5954 ‘diosissimorum
911 5898 1224 5962 Athanasii,
1259 5899 1388 5952 dum
1427 5899 1855 5968 patriarchatum
1899 5915 1995 5970 ge-

423 6001 603 6060 reret,
657 6003 924 6061 actoaum,
980 5994 1117 6052 hanc
1158 5993 1511 6064 potissimum
1563 6008 1761 6065 aegram
1817 6010 1997 6053 causa:

2098 4785 2345 4853 gentium
2384 4782 2554 4834 multa
2586 4779 2821 4835 tolerare
2851 4794 2915 4832 ac
2947 4777 3126 4832 facere
3151 4777 3387 4830 obnoxia
3413 4786 3677 4835 censurae,

2097 4890 2126 4928 a
2165 4875 2366 4944 quibus
2399 4873 2603 4926 acriter
2629 4869 3097 4938 reprehendendis
3137 4867 3368 4921 minime
3408 4875 3684 4933 tempera-

2100 4979 2282 5022 turum
2308 4967 2468 5020 illum
2504 4971 2786 5035 appareat.
2822 4963 3093 5017 Caeterum
3123 4961 3204 5017 sic
3243 4960 3428 5013 animo
3457 4971 3682 5026 compa~

2094 5071 2277 5113 ratum
2313 5073 2433 5112 esse
2464 5072 2543 5124 se,
2578 5067 2638 5111 ut
2670 5055 2840 5125 premi
2873 5055 2940 5110 ab
2984 5055 3076 5122 illo
3111 5068 3418 5125 aspereque
3454 5047 3679 5106 tractari

2097 5170 2198 5209 sua
2225 5155 2407 5209 ulcera
2439 5169 2602 5223 quam
2636 5150 2864 5205 mulceri
2897 5147 3228 5219 delinirique
3265 5148 3334 5202 ab
3360 5147 3482 5200 aliis
3508 5144 3683 5199 liben-
3739 5138 3743 5142 ’

2096 5250 2207 5303 tius
2240 5249 2310 5302 sit
2332 5262 2621 5317 passurus.
2653 5264 2671 5296 ι
2700 5243 2832 5298 Mihi
2862 5257 3016 5307 sane,
3048 5241 3354 5311 inquiebat,
3378 5254 3546 5292 unum
3588 5253 3682 5291 nc-

2098 5344 2404 5399 cessarium
2434 5341 2739 5410 spirituque
2771 5354 2834 5393 ac
2863 5339 2971 5392 vita
2995 5338 3218 5391 charius
3247 5344 3350 5399 est,
3382 5333 3498 5410 fieri
3533 5331 3682 5401 quod

2103 5438 2242 5490 Deus
2269 5435 2402 5501 vult,
2430 5437 2544 5490 sive
2582 5433 2633 5487 id
2666 5421 2910 5487 dolorem
2937 5429 3135 5486 inferat
3163 5431 3277 5484 sive
3302 5443 3431 5482 non.
3467 5425 3681 5496 Quippe

2061 5539 2064 5542 ’
2100 5539 2382 5599 utcunque
2431 5543 2518 5583 res
2548 5527 2730 5594 cadat,
2763 5526 3032 5580 toleratus
3065 5523 3156 5578 tali
3200 5537 3363 5576 causa
3396 5521 3680 5575 cruciatus

2099 5624 2328 5693 cojpso
2368 5622 2652 5691 voluptate
2689 5617 2992 5688 jucundior
3041 5618 3186 5672 omni
3233 5623 3338 5679 est,
3376 5614 3519 5685 quod
3567 5612 3685 5667 Deo

2099 5713 2322 5784 iubente
2344 5711 2628 5767 acciderit.
2654 5711 2835 5777 Quare
2867 5711 3011 5765 sicut
3037 5711 3089 5764 in
3113 5718 3223 5762 ta‘m
3254 5708 3432 5776 spissa
3455 5714 3509 5762 et
3538 5705 3680 5760 mul-

2098 5807 2267 5873 tiplici
2300 5807 2700 5877 gubernatione
2747 5805 2826 5859 rei
2863 5803 3115 5873 publicae,
3156 5804 3207 5856 in
3250 5798 3676 5871 hispraesertim

2100 5899 2346 5971 gravium
2385 5907 2694 5967 temporum
2742 5895 3023 5962 ﬂuctibus,
3070 5894 3408 5949 offensurum
3450 5893 3678 5947 inevita-

2099 5995 2283 6051 biliter
2316 6007 2400 6049 me
2443 5993 2647 6060 aliquid
2696 5992 2970 6048 interdum
3008 6005 3115 6046 non
3149 5988 3490 6062 exaudieudo
3534 5985 3685 6042 inter
