4094 6280
647 313 750 378 42⁸1

1827 311 2163 381 GEORGII
2197 320 2555 382 PACHYME
2567 325 2681 385 RxE

3798 327 3899 394 4‘28

643 431 848 485 ϐαίνειν
880 431 1217 504 εἰργόμενοι.
1243 433 1465 489 Βασιλεῖ
1504 433 1708 516 δὲ-οὺδὲ
1751 413 1994 504 διωρίαν¹
2019 434 2215 506 βουλῆς
2251 441 2291 495 Λ
2324 437 2578 507 κλησίαις
2607 440 2836 506 καλ-’τοίς
2860 441 3576 515 βασιλείπαρασπίζουσιν,
3603 447 3898 516 ἀφεικότας

629 527 894 597 παρεῖχον
951 526 1327 602 ἀγγελλόμενα
1373 530 1444 587 τὰ
1476 513 1645 584 δεινά.
1682 530 1796 588 Καὶ
1844 530 1905 584 τὸ
1948 531 2047 601 μὲν
2099 529 2210 601 γὰρ

627 617 988 672 ἀνθίστασθαι
1043 621 1137 698 καὶ
1189 622 1584 696 ἀντιπαράγειν
1638 622 1873 686 ἐκείνοις
1935 609 2207 694 στρατεύ-

626 731 773 784 ματα
826 714 1032 786 ἄπορον
1079 710 1169 787 ἦν.
1229 715 1296 770 Δί
1329 717 1564 790 μὲν-γὰρ
1600 717 1912 788 Ῥωμαϊκαὶ
1941 716 2210 786 δυνάμεις

624 811 724 882 οὐχ
755 810 903 876 ὅπως
956 810 1303 883 ὲξησθένουν,
1357 811 1494 865 ἀλλὰ
1546 811 1643 866 καὶ
1679 812 1936 881 προνοίας
1993 811 2211 866 ἀπολω-

625 897 867 973 λεκότες,
902 905 1167 976 ἀνατολὴν
1228 904 1525 976 φεύγοντες
1576 906 1670 960 ἐπὶ
1719 904 1927 970 δύσεως
1960 905 2204 977 ὥρμων,

625 999 1077 1070 περιποιούμενοι
1112 1000 1328 1064 ὲαυτοϊς
1388 999 1550 1069 μόνον
1597 997 1657 1053 τὸ
1712 998 1848 1070 {ait}
1891 1000 2115 1070 ἑτέρους
2162 998 2209 1054 δ’

621 1091 956 1162 ὲγκαθιστᾷν
994 1092 1088 1146 ἐπὶ
1121 1093 1309 1162 ῥητοῖς
1333 1090 1564 1163 γέρασιν
1589 1091 1872 1163 ἀμήχανον
1903 1084 1992 1162 ἦν.
2033 1091 2207 1162 Θερα-

623 1183 812 1238 πεύειν
831 1181 877 1259 δ’
903 1180 1064 1250 αὖθις
1092 1183 1408 1254 ὁμολογίαις
1431 1182 1494 1236 τὸ
1526 1182 1797 1254 Περσικὸν
1826 1182 1952 1238 οὔτε
1985 1184 2044 1238 τὸ
2068 1183 2201 1255 πρέ-

623 1295 721 1331 πον
761 1276 955 1342 ἐδίδου,
1007 1277 1104 1332 καὶ
1129 1278 1307 1343 ἄλλως
1347 1277 1554 1349 ἄπορον
1587 1273 1658 1348 ἦν
1695 1277 1870 1332 τόσων
1899 1277 2075 1332 ὄντων
2109 1275 2204 1331 καὶ

622 1370 899 1444 διαφόρων
949 1371 1046 1436 τὰς
1092 1369 1344 1441 γνώμας,
1371 1370 1472 1448 ,καί
1501 1369 1554 1438 γ’
1590 1368 1683 1425 ἐπὶ
1713 1368 1967 1424 τοσοῦτον
1999 1368 2205 1439 ἡγεμό-

620 1483 726 1520 νων
757 1465 1118 1536 ἐγνωσμένων
1153 1465 1266 1527 tot;
1307 1463 1489 1527 ἄλλοις
1530 1465 1618 1534 ἐφ’
1663 1463 1788 1517 ὅσον
1821 1463 2107 1518 σκυλεύειν
2138 1480 2198 1516 τε

614 1558 712 1614 καὶ
737 1558 1042 1629 κερδαίνειν
1066 1559 1180 1622 τοῖς
1207 1557 1672 1628 ὑποτεταγμένοις
1698 1557 1848 1629 ἐξῆν,
1887 1557 1954 1628 ἦν
1987 1557 2045 1610 δέ
2093 1574 2195 1611 που

612 1653 710 1707 καὶ
736 1651 1034 1722 καθυφοῖτο
1064 1651 1090 1704 ὁ
1112 1649 1262 1719 ἄγων
1301 1649 1334 1722 ἢ
1359 1651 1554 1723 δώροις
1577 1649 1608 1722 ἢ
1642 1652 1848 1722 χάρισι,
1879 1649 2198 1720 ζητούντων

611 1746 805 1815 ἕτερον
835 1745 938 1815 τὸν¹
980 1745 1178 1808 αὐτοὺς
1227 1743 1424 1820 ἄξοντα
1477 1745 1569 1798 ἐπὶ
1610 1743 1937 1817 σκυλευμοῖς
1988 1763 2049 1798 τε
2100 1746 2197 1799 καὶ

2319 529 2431 584 τῶν
2461 531 2774 601 δεσποτῶν,
2807 537 3022 591 τάττειν
3051 539 3131 600 είς
3168 540 3589 608 στρατιωτικὸν,
3625 540 3762 612 πλὴν
3804 542 3898 596 καὶ

2321 623 2726 694 μονοκελλικδν,
2763 623 3107 694 ξύμπαντας,
3137 630 3210 694 ὡς
3251 629 3503 685 ἐντεῦθεν
3527 632 3725 696 αὐτοὺς
3753 633 3897 685 ὲκεί-

2316 735 2430 782 νοις
2449 704 2592 793 ὑπὲρ
2610 719 2718 773 τῶν
2753 720 2902 775 ίὸίων
2925 722 3340 792 προσμένοντας
3365 724 3662 794 μάχεσθαι.
3684 725 3899 779 Ἐστὲλ-

2312 810 2438 864 λετο
2462 811 2756 883 τοιγαροῦν
2791 814 2888 868 καὶ
2915 816 3064 886 παρὰ
3096 815 3444 886 πατριάρχου
3477 815 3671 879 θαλλὸς
3711 818 3897 881 ἐλαίας

2311 902 2627 977 ἀναυδήτως
2657 905 2734 977 τῷ
2762 905 2978 974 ἄνακτι,
3015 906 3139 962 ὅθεν
3167 908 3263 962 καί
3287 926 3338 963 τι
3378 909 3606 982 θαρρεῖν
3637 905 3752 980 εἶχε
3784 911 3892 965 τῶν

2297 998 2536 1066 ,ἀγαθῶν
2565 1000 2628 1054 ὲκ
2653 1001 2752 1070 τῆς
2776 1003 2906 1072 περὶ
2928 1001 3095 1056 αὐτόν
3118 1002 3167 1055 οἱ
3197 1004 3463 1072 μεγίστης
3493 1001 3889 1074 πληροφορίας.

2310 1089 2392 1142 Τὰ
2424 1089 2465 1143 δ’
2497 1085 2636 1161 ἦσαν
2672 1092 2729 1145 ὲν
2771 1091 2960 1162 μόναις
2992 1092 3235 1164 βουλαίς’
3275 1092 3431 1149 οὔπω
3458 1094 3568 1165 γὰρ
3601 1096 3893 1164 ἐφίσταντο

2306 1175 2387 1246 οἷς
2415 1177 2483 1252 ἦν
2526 1186 2958 1254 ἐπιτεταγμένον
2997 1186 3174 1240 ταῦτα
3209 1187 3496 1257 πράττειν,
3536 1187 3634 1240 καὶ
3661 1188 3720 1240 τὸ
3755 1182 3892 1261 Περ-

2307 1276 2458 1330 σικδν
2515 1278 2846 1349 πολλαχόθεν
2900 1279 3324 1343 ὲπεισϐαλόντες
3383 1281 3512 1346 τοὺς
3573 1282 3674 1351 μὲν
3726 1281 3891 1350 ἔργον

2305 1369 2593 1424 καθιστᾶσι
2626 1371 2930 1443 μαχαίρας,
2973 1374 3088 1426 ὅσοι
3127 1373 3183 1426 δέ
3218 1390 3282 1441 γε
3329 1374 3424 1427 καὶ
3457 1375 3683 1446 ἴσχυσαν
3717 1376 3888 1441 ἐκφυ-

2303 1464 2440 1532 γεῖν,
2458 1462 2539 1534 τῷ
2556 1465 2654 1535 τῆς
2679 1465 2921 1532 Κυζίκου
2944 1467 3311 1537 ἐπιτειχισμῷ
3335 1467 3462 1538 ἄρτι
3482 1469 3603 1522 τότε
3631 1471 3886 1522 συστάντι

2301 1555 2456 1627 παρὰ
2476 1555 2567 1611 τοῦ
2591 1558 2650 1611 ἐν
2669 1558 2806 1630 αὐτῇ
2830 1559 3096 1630 προέδρου
3116 1559 3393 1630 Νίφωνος,
3425 1559 3618 1628 ἀνδρὸς
3647 1561 3888 1632 δραστη-

2301 1647 2422 1722 ρίου
2457 1651 2554 1705 καὶ
2611 1648 2869 1719 γνώσεως
2914 1651 3184 1721 ὲπηὸόλου
3231 1651 3327 1705 καὶ
3374 1651 3434 1704 οὐ
3474 1651 3674 1722 μᾶλλον
3712 1669 3885 1705 πνευ-

2305 1744 2558 1812 ματικοῖς
2584 1743 2617 1814 ἦ
2648 1745 2940 1815 κοσμικοῖς
2972 1743 3238 1814 τρίϐωνος
3266 1742 3353 1817 [Ρ.
3387 1743 3520 1816 27η
3559 1746 3880 1816 πράγμασι,

597 1808 850 1911 κέρδεσι.
891 1813 1002 1894 Καὶ
1025 1838 1113 1892 διὰ
1152 1808 1326 1891 ταῦτα
1454 1837 1563 1891 τῶν
1593 1808 1927 1906 ἀναγκαίων
1944 1838 2092 1902 ἔδοξε
2117 1838 2196 1908 τῷ
2227 1808 2275 1868 Β
2305 1808 2565 1909 ιρέροντες
2605 1808 2840 1904 ’ἑαυτοὺς
2868 1839 2965 1893 καὶ
2995 1808 3286 1907 γυναῖκας-
3307 1841 3406 1895 καὶ
3439 1808 3614 1896 τέκνα
3770 1808 3887 1905 ζῶα

610 1933 790 2006 καιρῷ
812 1931 908 1986 καὶ
933 1933 1048 1995 τοῖς
1091 1931 1362 2017 ἐφεστῶσι
1391 1930 1710 2012 πράγμασι,
1749 1929 1810 1984 τὸ
1843 1932 2194 2000 περιλειφθὲν

606 2025 771 2094 τέως,
805 2025 929 2080 ὅσον
955 2026 1011 2078 ἦν
1048 2023 1331 2096 προνοίαις
1363 2023 1617 2078 ἐτάττετο
1651 2027 1846 2094 μοναῖς
1875 2042 1935 2079 τε
1967 2025 2066 2079 καὶ
2105 2027 2194 2079 ὲκ-

610 2311 734 2355 rum
772 2304 964 2371 pectus
1015 2295 1160 2369 capit
1214 2295 1489 2366 planeque
1545 2308 1612 2350 ex
1672 2290 1817 2348 Orco
1869 2290 2046 2347 adlata
2108 2291 2191 2348 in-

605 2393 796 2451 stincti
828 2389 1061 2447 audacia
1093 2400 1147 2447 et
1176 2386 1407 2455 ferocia,
1437 2387 1548 2464 ritu
1582 2391 1746 2442 vento
1776 2384 1994 2455 impulsi
2022 2385 2188 2440 vehe-

606 2488 808 2545 mentis
873 2483 1137 2549 incendii,
1193 2491 1396 2539 cuncta
1456 2479 1830 2550 corripiebant
1893 2493 2190 2536 consume—

606 2583 850 2652 bantque
914 2576 1096 2644 obvia,
1161 2575 1303 2630 mari
1364 2574 1520 2646 solo
1559 2587 1630 2628 ne
1685 2572 1831 2628 ultra
1892 2573 2186 2628 tenderent

605 2674 827 2732 retenti.
897 2671 1103 2727 Horum
1141 2683 1274 2725 ausa
1333 2676 1390 2722 et
1444 2676 1567 2723 acta
1601 2680 1702 2723 nec
1752 2673 2030 2720 momento
2061 2679 2184 2721 ces-

599 2767 860 2826 santibus
899 2767 1292 2837 imperatorem
1348 2759 1639 2816 obruentia
1668 2757 1883 2816 nuntiis
1919 2773 1987 2812 ne
2018 2758 2185 2813 breve

601 2860 822 2933 quidem
872 2858 1116 2930 spatium
1150 2855 1200 2911 ei
1236 2854 1304 2910 ad
1334 2851 1760 2910 consultandum
1798 2850 2183 2920 relinquebant

599 2955 861 3012 liberum.
917 2953 1108 3021 Atque
1160 2947 1314 3011 huic
1373 2946 1596 3017 quidem
1661 2942 1898 2999 exeundi
1960 2941 2179 2998 obviam

599 3042 854 3101 barbaris
910 3038 1337 3113 opponendique
1389 3038 1462 3094 iis
1493 3037 1676 3108 justus
1721 3033 1998 3090 exercitus
2032 3032 2180 3089 nulla

596 3149 826 3209 prorsus
855 3133 1086 3191 facultas
1123 3131 1335 3188 aderat.
1372 3129 1507 3184 Nam
1551 3126 1816 3188 Romanae
1845 3125 2018 3213 copiae
2066 3142 2176 3181 non

2306 1929 2398 1980 καὶ
2441 1927 2679 1999 ὓπαρξιν
2708 1929 3157 1997 ἐγκατέκλεισαν.

2299 2291 2606 2347 necessitas
2636 2290 2690 2346 in
2718 2298 2962 2347 extrema
3018 2293 3262 2348 omnium
3296 2293 3610 2364 reipublicae
3652 2294 3883 2351 calami-

2299 2394 2410 2440 tate
2462 2391 2744 2455 utcunque
2795 2383 3085 2440 tolerabile
3141 2394 3503 2452 monstraret,
3533 2403 3656 2443 sese
3689 2389 3882 2445 consis

2299 2475 2740 2533 lium-.oﬂ'erebat
2794 2477 2908 2537 tale.
2952 2476 3252 2548 quoddam,
3312 2481 3696 2551 utpensiones
3758 2498 3882 2553 qua

2296 2570 2479 2626 adhuc
2543 2586 2584 2627 e.
2645 2571 2786 2626 ﬁsco
2828 2570 3178 2626 solverentur
3233 2585 3429 2628 omnes
3463 2575 3695 2631 omnino
3750 2578 3881 2646 qui--

2291 2663 2505 2730 busvis,
2564 2663 2914 2719 monasteriis
2961 2664 3136 2719 etiam
3185 2673 3239 2721 et
3289 2666 3564 2735 ecclesiis,
3612 2677 3876 2724 auctum

2293 2763 2586 2824 meritaque
2615 2754 2756 2810 adeo
2794 2755 2908 2825 ipsa
2953 2755 3416 2824 prastorianorum
3480 2757 3873 2825 imperatorem

2291 2846 2742 2911 custodientium,
2780 2846 2951 2902 unico
3001 2860 3067 2902 ex
3129 2847 3389 2903 omnibus
3450 2860 3683 2919 accep-te
3717 2854 3873 2919 quod

2291 2937 2714 2994 monocellicnm
2763 2938 3062 3007 appellant,
3092 2938 3335 2994 dominis
3365 2954 3512 2995 nunc
3549 2948 3602 2995 et
3643 2957 3874 3012 posses-

2287 3032 2507 3088 soribus
2556 3045 2754 3087 eorum
2797 3033 2868 3086 ad
2904 3041 3119 3102 tempus
3145 3031 3481 3100 cedentibus,
3523 3042 3874 3090 verterentur

2289 3123 2644 3194 inin-pendia
2669 3123 3172 3193 conquirendorum
3211 3125 3572 3197 undecunque
3606 3127 3870 3194 militum,

596 3187 1169 3285 debiliiataevtantum
1230 3232 1413 3289 erant,
1474 3221 1570 3281 sed
1626 3220 1818 3276 fractae
1870 3187 1933 3273 ac
1992 3216 2180 3274 deletae
2205 3187 2253 3251 ο
2283 3233 2421 3286 quos
2445 3187 2549 3288 qui
2575 3217 2670 3272 sic.
2711 3187 2920 3272 alerent
2951 3216 3188 3286 propriis
3253 3217 3306 3271 in
3345 3232 3442 3273 eos
3483 3187 3871 3287 pensionibus

595 3323 871 3387 funditus,
906 3318 1128 3376 amissis
1187 3323 1241 3374 et
1271 3313 1533 3371 domibus
1570 3319 1626 3369 et
1651 3311 1961 3380 stipendiis.
1990 3311 2178 3378 Itaque
2284 3310 2588 3374 translatis,
2649 3324 2842 3365 eorum
2924 3309 3032 3365 sibi
3107 3310 3536 3366 substitutorum
3608 3314 3869 3368 manibus

594 3405 662 3473 ex
722 3413 949 3474 Oriente
1011 3412 1303 3482 fugientes,
1368 3405 1574 3478 passim
1629 3403 1918 3461 ordinibus
1979 3402 2179 3458 solutis
2282 3418 2557 3474 pugnare,
2577 3403 2707 3459 licet
2757 3402 2903 3458 domi
2938 3413 3245 3467 manentes,
3289 3409 3344 3458 et
3380 3411 3490 3459 tam
3543 3407 3867 3462 necessario

593 3523 696 3580 pro
772 3521 834 3562 se
891 3505 1127 3578 quisque
1170 3503 1226 3557 in
1265 3500 1616 3556 Occidentem
1679 3495 2073 3568 properabant,
2121 3494 2177 3550 in
2280 3504 2528 3566 tempore
2556 3495 2698 3550 tueri
2729 3509 2839 3550 rem
2867 3502 2921 3548 et
2943 3494 3303 3570 publicamet
3323 3497 3592 3568 privatam
3623 3501 3864 3570 quisque

597 3605 749 3658 luero
795 3606 1064 3674 ponentes
1089 3595 1236 3668 quod
1265 3591 1442 3651 solum
1464 3593 1731 3657 viverent,
1766 3597 1822 3648 et
1849 3605 1949 3661 pro
1973 3591 2177 3646 misero

596 3695 798 3766 spiritu
832 3690 1104 3749 trahendo
1140 3687 1275 3747 nihil
1306 3683 1512 3757 pacisci
1539 3683 1855 3740 recnsaturi
1897 3679 2176 3736 servitutis

595 3805 658 3845 ac
712 3785 1023 3844 dedecoris.
1065 3782 1251 3839 Novus
1313 3779 1520 3835 habere
1554 3776 1794 3832 delectus
1823 3775 2178 3846 praemiisque

592 3879 890 3957 promissis.
923 3878 1064 3948 alios
1112 3876 1338 3931 allicere
1363 3872 1466 3930 sub
1499 3869 1652 3942 signa
1693 3870 1896 3925 milites
1949 3885 2174 3939 prorsus

522 3978 523 3981 “
592 3990 762 4047 supra
786 3974 932 4030 vires
957 3980 1093 4047 erat,
1137 3985 1263 4025 cum
1298 3981 1399 4023 nec
1437 3973 1564 4037 apta
1592 3963 1803 4019 militiae
1850 3963 1914 4017 ad
1950 3977 2179 4019 manum

589 4069 853 4138 juventus
889 4063 1101 4120 adforet
1133 4069 1188 4117 et
1240 4059 1425 4115 aerarii
1482 4057 1664 4129 palam
1697 4055 1956 4112 exhausti
1979 4054 2171 4127 conci-

590 4161 761 4216 disset
811 4157 966 4214 ﬁdes.
1029 4153 1297 4211 Restabat
1349 4158 1410 4206 ut
1448 4149 1530 4206 vel
1587 4149 1766 4219 turpis
1796 4159 1851 4203 et
1907 4147 2173 4204 damnosa

588 4270 693 4326 pax
729 4249 1008 4307 adulando
1039 4248 1171 4303 indu
1189 4243 1378 4302 cendis
1403 4243 1470 4299 ad
1497 4257 1785 4299 assensum
1815 4242 1868 4295 in
1901 4241 2174 4297 conditio-

589 4363 690 4402 nes
725 4345 886 4401 nobis
921 4342 1246 4412 probrosas,
1281 4335 1421 4408 ipsis
1449 4334 1683 4408 amplas,
1719 4334 1900 4389 Persis
1925 4347 2170 4403 quomo—

587 4441 877 4507 docunque
931 4441 1260 4490 tentaretur.
1285 4429 1380 4487 Ad,
1400 4428 1452 4484 id
1477 4427 1768 4485 consilium
1796 4435 2163 4497 praeterquam

2278 3602 2436 3643 suam
2467 3586 2809 3653 viderentur,
2845 3587 3042 3643 solatio
3078 3587 3309 3658 iacturae
3340 3597 3394 3644 et
3443 3591 3510 3646 ad
3545 3592 3729 3649 damni
3766 3608 3866 3663 pa-

2277 3681 2522 3736 tientiam
2579 3681 2862 3736 incentivo
2909 3697 3027 3736 non
3080 3681 3321 3737 modico.
3381 3683 3642 3739 Annuere
3671 3684 3761 3740 his
3809 3697 3865 3742 et

2276 3771 2510 3841 probare
2563 3774 2712 3844 quod
2770 3774 2850 3828 ad.
2889 3789 2950 3829 se
3007 3774 3287 3840 attineret,
3323 3785 3589 3847 quantum
3641 3790 3762 3834 erat
3790 3781 3862 3836 de

2278 3866 2639 3924 monasteriis.
2705 3875 2763 3922 et
2829 3868 3085 3924 ccclesiis
3143 3869 3460 3932 decretum,
3537 3872 3863 3943 signiﬁcare

2274 3958 2422 4014 visus
2479 3959 2926 4027 patriarcha-est,
2987 3961 3160 4018 misso
3219 3962 3289 4017 ad
3348 3965 3654 4035 Augustum
3719 3968 3860 4023 olea:

2275 4065 2450 4117 ramo,
2481 4052 2632 4108 nullo
2661 4052 2827 4108 verbo
2854 4053 3063 4110 addito.
3097 4053 3348 4125 quuod,
3384 4071 3482 4126 pro
3509 4056 3864 4130 ingentian

2272 4153 2696 4216 praeoccupatus.
2742 4145 3094 4202 Andronicus
3154 4157 3278 4202 erat
3307 4148 3599 4204 Athanasii
3652 4151 3855 4205 existit-

2272 4237 2516 4294 matione
2548 4253 2612 4294 ac
2643 4240 2970 4307 reverentia,
3023 4241 3270 4312 mysterii
3303 4242 3424 4296 loco
3490 4243 3559 4297 ab
3591 4257 3662 4298 eo
3687 4243 3853 4298 habi-

2272 4337 2388 4384 t-um
2435 4330 2573 4388 etin
2624 4345 2744 4387 eam
2803 4332 3018 4390 scilicet
3077 4333 3591 4404 interpretationem
3628 4346 3851 4406 raptum

2267 4431 2373 4490 est,
2417 4434 2476 4480 ut
2511 4424 2662 4480 brevi
2706 4434 3024 4481 secuturam
3073 4442 3141 4484 ex
3196 4427 3361 4498 hujus
3396 4425 3598 4484 effectu
3627 4431 3859 4484 consilii

586 4531 805 4604 imperii
863 4529 1044 4584 honor
1112 4533 1168 4582 et
1236 4522 1473 4578 Romani
1527 4519 1769 4575 nominis
1825 4519 2165 4578 existimatio
2193 4530 2588 4610 Dprosperam
2648 4533 2861 4587 pacem,
2896 4534 3006 4574 non
3063 4519 3279 4576 modico
3322 4519 3376 4576 in
3431 4521 3557 4576 sinu
3620 4523 3844 4592 gaudio,

589 4631 857 4681 hactenus
917 4631 1028 4677 tam
1058 4625 1318 4689 augusta
1374 4615 1687 4683 respuebat,
1725 4613 1885 4668 etiam
1922 4619 2158 4682 quanto«

586 4713 804 4791 cunque
858 4721 1060 4772 conatu
1095 4717 1502 4782 capesseretur,
1536 4720 1793 4762 successu
1832 4706 1988 4774 plane
2014 4704 2161 4758 cari-

585 4818 764 4869 turum
799 4812 977 4883 palam
1033 4817 1173 4872 erat,
1209 4804 1468 4875 quoniam
1502 4811 1556 4857 et
1603 4811 1685 4858 tot
1723 4810 1902 4855 essent
1938 4810 2159 4870 tamque

584 4903 1029 4977 discrepantibus
1076 4899 1366 4956 sententiis
1420 4897 1589 4951 duces
1641 4893 1732 4948 isti
1767 4894 2154 4957 barbarorum,

582 5010 644 5056 ut
691 5007 748 5055 et
805 4998 1095 5052 universos
1148 4990 1353 5062 pariter
1410 5003 1514 5044 una
1575 4988 1945 5044 conventione
1996 5001 2158 5055 posse

584 5087 976 5163 comprehendi
1028 5100 1192 5156 supra
1253 5097 1403 5152 spem
1461 5090 1633 5145 esset,
1685 5088 1741 5136 et
1787 5080 1830 5134 si
1890 5081 2155 5150 quosdam
2200 5159 2202 5161 γ

583 5190 800 5236 tantum
834 5173 1220 5239 demerereris,
1261 5171 1396 5228 nihil
1423 5186 1654 5242 ageres:
1699 5171 1898 5229 milites
1954 5172 2156 5245 quippe

581 5275 829 5344 ipsorum
885 5283 1080 5323 omnes
1132 5264 1333 5337 praedis
1385 5262 1663 5319 inhiantes
1713 5261 2054 5328 avidissime,
2087 5265 2156 5319 ab

581 5380 647 5420 eo
678 5362 993 5432 quicunque
1047 5371 1235 5428 pacem
1290 5355 1528 5419 fecisset,
1574 5353 1640 5408 ad
1676 5353 1815 5409 alios
1871 5369 1900 5407 a
1955 5355 2154 5424 quibus

578 5457 744 5529 390
799 5463 1014 5522 raptum
1079 5450 1576 5517 latrocinatumque
1631 5446 1984 5522 ducerentur,
2031 5464 2156 5505 sese

580 5548 928 5620 aggregaturi
986 5546 1171 5601 statim
1229 5544 1432 5609 forent,
1488 5550 1540 5598 et
1577 5543 1767 5598 eadem
1824 5542 1986 5598 nobis
2015 5543 2154 5600 duce

578 5651 789 5699 mutato
828 5642 1028 5695 damna
1083 5636 1310 5692 illaturi.
1350 5635 1474 5690 Haec
1501 5645 1699 5690 cuncta
1757 5635 2154 5700 consideranti-

576 5738 678 5792 bus
705 5751 873 5790 unum
903 5734 1191 5793 duntaxat,
1221 5734 1385 5797 grave
1405 5726 1541 5782 illud
1566 5725 1782 5797 quidem
1808 5736 1860 5780 et
1879 5725 2148 5795 iniquum,

578 5831 673 5887 sed
727 5828 872 5901 quod
926 5826 1042 5883 sola
1103 5823 1300 5880 victrix
1363 5821 1542 5891 legum
1607 5817 1886 5889 ctjurium
1955 5834 2150 5880 secura

2266 4609 2584 4666 conﬁderet.
2641 4608 2842 4666 Verum
2877 4612 2992 4668 haec
3044 4613 3191 4669 haud
3223 4614 3364 4669 ultra
3399 4614 3840 4685 designationem

2263 4702 2649 4772 procedebant,
2684 4705 3002 4762 absentibus
3033 4706 3214 4764 adhuc
3261 4708 3369 4763 illis
3397 4707 3599 4779 quibus
3656 4708 3841 4764 fuerat

2262 4797 2424 4854 istius
2459 4798 2662 4854 decreti
2715 4803 2997 4856 exsecutio
3045 4801 3327 4859 mandata.
3374 4803 3596 4858 Interim
3654 4812 3838 4857 autem

2261 4889 2442 4945 Persae
2493 4890 2858 4963 undecunque
2914 4891 3209 4961 irruentes,
3269 4909 3409 4965 quos
3463 4895 3681 4965 quidem
3739 4913 3838 4951 no-

2261 4983 2755 5055 slrorum'assequi
2785 4996 3033 5056 potuere,
3067 4997 3420 5058 peremerunt
3463 4989 3679 5060 gladio;
3717 4990 3835 5054 alii,

2260 5073 2461 5147 quibus
2516 5078 2661 5132 vires
2716 5079 2783 5134 ad
2844 5079 3029 5150 fugam
3070 5097 3176 5136 non
3210 5081 3458 5146 defuere,
3510 5092 3838 5152 receperunt

2258 5186 2381 5227 sese
2437 5172 2579 5227 intra
2609 5174 2948 5231 munitiones
2979 5175 3186 5247 Cyzici,
3213 5192 3351 5247 quas
3401 5192 3595 5232 recens
3628 5177 3835 5234 validas

2258 5277 2508 5321 erexerat
2531 5269 2651 5337 ejus
2681 5267 2832 5325 urbis
2859 5283 3062 5338 praeses
3092 5269 3334 5342 Niphon,
3370 5273 3452 5324 vir
3489 5283 3748 5327 strenuus
3779 5282 3833 5327 et

2260 5356 2313 5410 in
2353 5361 2542 5424 paucis
2577 5359 2772 5426 solers,
2799 5377 2899 5417 nec
2929 5362 2981 5416 in
3020 5362 3405 5432 spiritualibns
3439 5363 3614 5430 magis
3663 5377 3828 5432 quam

2258 5448 2616 5504 szecularibus
2647 5451 2881 5522 negotiis
2915 5469 3026 5508 usu
3061 5468 3260 5525 magno
3311 5454 3496 5509 tritus.
3530 5455 3676 5508 intra
3715 5454 3830 5513 han:

2255 5557 2387 5611 ergo
2417 5543 2755 5598 munimenta
2782 5543 3015 5601 Romani
3048 5563 3170 5603 cum
3204 5562 3263 5603 se
3299 5546 3448 5617 ipsos
3476 5562 3539 5602 ac
3568 5546 3839 5617 conjuge:-

2255 5635 2594 5707 liberosque,
2630 5647 2742 5693 tum
2773 5640 3035 5695 animalia
3071 5651 3124 5696 et
3160 5641 3421 5711 reliquias
3483 5641 3560 5695 rei
3595 5641 3831 5694 familia-

2256 5731 2354 5795 ris,
2385 5745 2744 5800 quascunque
2775 5733 3099 5790 subtrahere
3118 5734 3294 5792 furori
3319 5734 3615 5791 barbarico
3639 5733 3828 5789 value-

2255 5833 2396 5888 rant,
2429 5825 2842 5882 concluserunt.
