4094 6280
645 363 751 430 431
1819 396 1825 402 ε
1840 367 2100 429 GEORG
2115 367 2172 427 ΙΙ

2317 369 2711 433 animum;
2873 452 2880 458 _
3803 379 3903 450 tae

642 485 734 537 ια’.
773 478 911 550 Περὶ
948 477 1070 533 τῶν
1101 479 1448 568 reﬁgite»:
1462 479 1733 568 ρἐισμῶν·
1768 483 1837 537 ἐν
1859 480 1940 548 τῷ
1963 483 2063 538 διὰ
2101 482 2222 538 Ῥό-
2257 491 2301 546 Α
2333 487 2750 556 συμπσσοῦντος
2779 489 2840 543 τὸ
2865 489 3205 563 στράτευμα.
3227 492 3368 548 Ἀλλ’
3400 492 3428 548 ό
3462 491 3562 566 μὶν
3585 493 3797 568 Τζιμῆς
3816 495 3902 550 τός

1226 550 1336 606 δου
1374 552 1633 633 κλίματι·
2330 550 2492 651 γενὴς
2515 575 2606 652 ἦν,
2639 550 2740 637 και
2759 550 3012 664 οὓςῆτίεν
3045 550 3207 651 ἰδίους
3233 584 3368 657 εἶχε,
3393 550 3485 642 καὶ
3513 550 3712 660 ἀκλητὶ
3735 550 3905 661 παρα-

619 715 623 719 .
707 665 793 743 [Ρ.
819 665 961 740 2751'
992 666 1204 737 Ὀλίγον
1238 665 1295 721 δὲ
1341 667 1472 735 πρὶν
1515 666 1548 739 ἢ
1579 665 1754 723 ταῦτα
1810 669 2090 739 γενόσθαι,
2120 669 2224 726 Πο-
2327 672 2541 742 γέγονε,
2602 679 2981 747 συμμαχήσων
3017 679 3113 733 hri.
3141 681 3269 744 τοὺς
3313 679 3551 751 Πέρσας,
3586 683 3637 734 εί
3669 679 3902 753 βούλοιτο

617 759 924 846 ,ξτειδεῶνος
980 763 1150 830 μηνὸς
1180 759 1364 834 ὀγδόῃ,
1410 761 1638 833 σεισμὸς
1696 765 1996 836 ἐνσκήπτει
2017 803 2032 830 ,
2083 764 2226 820 κατὰ
2331 763 2606 834 βασιλεὺς,
2629 767 2768 840 πλὴν
2802 770 2894 823 ἐπὶ
2923 767 3075 842 ρητῷ
3091 770 3172 842 τῷ
3203 773 3404 844 μισθῷο
3429 775 3456 828 ὸ
3485 774 3543 827 δέ
3567 789 3630 842 γε
3665 775 3905 840 Ῥοντζέ-

637 859 738 928 μὲν
771 857 839 910 τὰ
863 855 1100 908 ἐνταῦθα
1131 855 1276 926 μέρη
1321 856 1606 924 ἄγνωστος
1643 858 1758 920 τοῖς
1806 857 2046 923 πολλοῖς,
2080 857 2224 913 ὥστε

632 950 770 1021 μηδὲ
794 949 1038 1020 σημῆναι
1057 950 1148 1004 τὸν
1172 949 1384 1015 κλόνον,
1413 949 1553 1004 κατὰ
1570 938 1712 1005 δὲ’τὸ
1726 950 1813 1004 διὰ
1840 949 2022 1006 Ῥόδου
2048 953 2223 1021 κλίμα

631 1044 729 1096 καὶ
769 1042 959 1111 πρόσω
985 1040 1244 1112 λαμπρὸς
1273 1041 1368 1096 καὶ
1399 1041 1508 1096 τῶν
1538 1041 1777 1096 πώποτε
1807 1043 2222 1115 μνημονευομέ-

629 1154 744 1192 νων.
790 1138 820 1191 ό
879 1134 1287 1208 χαλεπώτατος.
1325 1134 1492 1190 Ὅθεν
1549 1136 1644 1190 καὶ
1707 1132 1890 1199 Ῥόδος
1949 1135 2222 1211 μὲναὺτή

629 1231 784 1284 πᾶσα
830 1230 887 1295 ις
922 1229 982 1284 τὸ
1014 1230 1281 1294 παντελὲς
1315 1229 1748 1303 ἀνατέτραπται,
1809 1231 2044 1302 ἡκουστο
2069 1231 2127 1284 δέ
2156 1248 2220 1301 γε

628 1324 727 1380 καὶ
762 1330 890 1398 περὶ
919 1323 1333 1394 Ἀλεξανδρείας
1369 1323 1465 1378 καὶ
1515 1323 1623 1378 τῶν
1652 1308 1730 1390 ’ἐξ
1773 1324 1890 1378 ἴσου
1931 1322 2116 1396 ταύτῃ
2150 1326 2220 1381 τὰ

628 1418 908 1474 πάνδεινα.
943 1417 1178 1491 Κορώνη
1214 1418 1272 1472 δὲ
1294 1419 1388 1473 καὶ
1421 1417 1658 1488 Μεθώνη
1689 1420 1783 1473 καὶ
1816 1417 1884 1471 τὰ
1918 1417 2092 1472 πολλά
2116 1419 2216 1488 τῆς

629 1510 1069 1582 Πελοποννήσου,
1111 1509 1212 1563 οὐκ
1243 1507 1525 1580 ἐλάχιστον
1553 1509 1609 1563 δὲ
1644 1510 1809 1581 μέρος
1841 1509 1936 1563 καὶ
1968 1509 2214 1580 Κρήτης,

631 1600 861 1674 σεισμοῦ
893 1602 1150 1674 γεγόνασι
1182 1603 1587 1674 παρανάλωμα.

630 1719 719 1790 ιβ¹-.
754 1719 894 1788 Περὶ
945 1716 1064 1773 τῶν
1096 1718 1164 1773 ἐκ
1209 1717 1648 1790 προσποιήσεως
1686 1718 1990 1774 ἐλθόντων
2039 1715 2217 1773 Λατί-

1019 1807 1164 1858 νων,
1193 1791 1291 1845 καὶ
1325 1790 1503 1843 ὁποῖα
1540 1789 1829 1859 ἔδρασαν.

2331 873 2447 927 ριος
2476 859 2552 913 ὲκ.
2573 861 2966 932 προσκλήσεως
2989 865 3219 932 ἄνεισιν,
3240 868 3384 937 ἀνὴρ
3409 865 3529 931 νέος
3549 867 3648 938 τὴν
3673 867 3901 938 ἡλικίαν,

2327 950 2639 1020 γοργωπδς,
2671 953 2842 1022 ταχὺς
2875 951 2954 1017 ei;
2986 954 3017 1008 ὃ
3049 956 3229 1027 ῥέψοι,
3263 959 3358 1011 καὶ
3387 956 3490 1021 τὰς
3526 958 3756 1029 πράξεις
3787 959 3904 1030 θερ-

2329 1041 2451 1111 μός.
2483 1041 2622 1109 Περὶ
2667 1036 2732 1096 οὗ
2783 1045 2991 1116 βραχέα
3043 1047 3307 1120 βούλομαι
3359 1050 3647 1119 προειπεῖν
3694 1048 3770 1111 ὼς
3818 1049 3905 1101 πέ-

2325 1147 2566 1203 πυσμαι·.
2606 1137 2663 1189 εί-
2695 1135 2750 1190 δέ
2780 1153 2844 1205 γε
2885 1137 2983 1207 τῆς
3004 1137 3265 1208 ἀληθείας
3309 1142 3338 1193 ό
3378 1139 3535 1208 λόγος
3584 1141 3899 1197 tantum“.

2323 1221 2422 1292 οὐχ
2455 1224 2482 1275 ὁ
2518 1223 2768 1296 γράφων,
2819 1225 3003 1299 ἀλλ’-ἡ
3053 1231 3212 1302 φήμη
3263 1230 3365 1301 τὴν
3415 1231 3626 1301 μέμψιν
3673 1232 3900 1302 φερέτω.

2325 1306 2497 1378 Οὗτος
2529 1319 2596 1388 τῇ
2633 1317 2778 1372 κατὰ·
2806 1319 3008 1392 Συρίαν
3031 1320 3390 1392 Πτολεμαΐδι,
3418 1322 3496 1376 ὅτ’
3530 1325 3589 1377 ὲν
3615 1326 3728 1386 τοῖς
3759 1323 3903 1378 οὖσιν

2323 1400 2390 1476 ἦν
2424 1407 2519 1461 καὶ
2575 1408 2635 1462 τὸ
2669 1410 3007 1481 περίπυστον
3039 1415 3096 1468 ὲν
3123 1414 3350 1469 πόλεσιν
3378 1410 3515 1487 εἷχε,
3552 1415 3630 1488 τῷ
3668 1416 3904 1487 Τέμπῗιῳ

2281 1506 2283 1508 ’
2324 1502 2468 1556 κατὰ
2499 1505 2764 1575 φριρίους
2797 1495 3090 1579 ὲνήσκητο.
3139 1506 3229 1572 Ὦς
3271 1509 3538 1582 δ’-ὲκείνη
3562 1510 3694 1583 παρ’
3724 1511 3902 1564 Aifitd-

2321 1611 2440 1648 πων
2478 1595 2756 1665 ἡλίσκετο,
2812 1598 2886 1663 ὡς
2919 1601 2977 1654 ὲν
3023 1605 3136 1666 τοῖς
3185 1602 3364 1663 ᾶνωθι,
3399 1605 3581 1673 λόγοις
3626 1604 3901 1675 ἐλέγομεν,

2297 1683 2418 1744 ¹κοιλ.
2453 1691 2620 1744 ’1τὰκεῖ⁴
2640 1691 3047 1765 κατέστραπτο,
3077 1695 3341 1766 χρήματα
3381 1698 3904 1769 νοσφισάμενοςτῇς

2320 1781 2492 1851 μονῆς
2541 1785 2638 1836 καὶ
2688 1787 2910 1857 μακρόες
2946 1785 3030 1860 [P.
3077 1786 3206 1860 274]
3260 1790 3741 1860 συσκευασάμενος
3777 1791 3906 1853 νῆας

702 1881 861 1936 Κατὰ
909 1880 1001 1935 τὸν
1055 1845 1164 1936 ἐπὶ,
1191 1882 1367 1953 τούτῳ
1419 1845 1756 1954 Γαμηλιῶνι»,
1806 1882 1904 1953 τῆς
1950 1881 2207 1952 δευτέρας
2313 1845 2532 1944 έπεῖνεν
2573 1845 3064 1948 Ἀγαρηνοέέοικαὶ
3108 1845 3376 1952 πειρατὴς
3420 1845 3907 1953 βιαιότατος

627 1971 1012 2043 ὲπινεμήσεως
1039 1967 1180 2027 εἶδεν
1212 1973 1245 2043 ἡ
1276 1972 1698 2045 Κωνσταντίνου
1735 1973 1832 2026 καὶ
1861 1971 1953 2026 τὸν
1979 1973 2216 2025 Λατῖνον

643 2061 1001 2135 Ῥοντζέριον,
1031 2062 1106 2128 ὡς
1150 2065 1224 2135 μή
1256 2062 1487 2135 ὤφελεν,
1517 2061 1633 2135 ἅμα
1667 2063 1863 2118 ναυσὶν
1894 2064 2053 2128 ἰδίαις
2076 2061 2217 2118 ἑπτὰ

607 2154 1095 2228 ’καὶ-συμμαχικῷ
1148 2155 1321 2226 στόλῳ
1367 2158 1435 2210 ἐκ
1467 2154 1804 2211 Κατελάνων
1834 2157 2216 2229 καᾋἋμογα-

628 2250 815 2321 ὀάρων
870 2249 1130 2322 πλείστῳ,
1180 2249 1264 2314 είς
1305 2247 1622 2321 χιλιοστύας
1665 2249 1817 2304 όκτὼ
1864 2250 2211 2320 ποσουμένῳ,

630 2345 998 2416 προλαϐόντος
1035 2347 1245 2402 ἐκεῖνον
1296 2347 1394 2401 καὶ
1431 2345 1527 2401 τοῦ
1579 2345 1831 2419 Φαρέντα
1886 2345 2074 2418 Τζιμῆ
2120 2348 2216 2399 καὶ

629 2529 720 2585 Η.
756 2528 833 2584 De
876 2537 1034 2584 terra:
1078 2528 1456 2600 motibusigui
1519 2529 1850 2600 contigerunt
1902 2525 1956 2582 in
2005 2522 2217 2599 climate

1307 2599 1547 2672 Rhodio.

700 2711 878 2770 Paulo
924 2723 1110 2770 autem
1168 2714 1324 2786 prius
1360 2727 1528 2784 quam
1568 2712 1684 2767 haec
1730 2711 1942 2774 ﬂerent,
1983 2708 2219 2779 Augusti

623 2807 891 2866 videlicet
935 2810 1024 2864 die
1067 2817 1282 2870 octava,
1323 2819 1485 2862 terra:
1518 2815 1699 2860 motus
1753 2805 1986 2869 exstitit,
2022 2804 2077 2859 in
2130 2802 2217 2859 his

619 2901 856 2973 quidem
899 2901 1154 2973 partibus
1191 2915 1291 2956 sua
1324 2899 1573 2954 exilitate
1609 2896 1885 2970 plerisque
1939 2914 2045 2952 non
2092 2897 2216 2953 aui-

631 2993 984 3059 madver’sus,
1033 3007 1101 3049 eo
1153 2992 1304 3063 quod
1351 2992 1504 3048 nullo
1551 2993 1843 3048 admodum
1897 2991 2076 3047 iudice
2129 2991 2216 3047 sul

628 3087 957 3157 proderetur
989 3089 1224 3157 strepitu
1252 3103 1267 3142 z
1299 3084 1449 3142 circa
1481 3100 1607 3140 vero
1648 3085 1807 3140 clima
1843 3082 2123 3139 Rhodium
2158 3091 2218 3140 et

2320 1963 2445 2031 λούς
2474 1967 2520 2020 τ’
2543 1967 2684 2040 ἔχων
2711 1971 3034 2042 αίρετιστὰς
3077 1975 3363 2048 νεωτέρων
3401 1976 3754 2048 πραγμάτων
3787 1978 3908 2028 άντ-

2319 2059 2521 2132 είχετο.
2557 2062 2782 2136 Πλούτῳ
2832 2065 2889 2119 δὲ
2916 2068 3011 2120 καὶ
3051 2071 3232 2140 τρυφῇ
3267 2069 3366 2123 σὺν
3412 2070 3528 2134 τοῖς
3561 2067 3699 2140 ἀμφ’
3744 2067 3907 2123 αὐτὸν

2321 2151 2693 2224 ὑπερηφανῶν
2726 2157 2791 2210 ἐκ
2813 2157 2922 2212 τῶν
2958 2159 3358 2230 σκυλευμάτων
3383 2161 3492 2215 τῶν
3525 2160 3669 2214 κατὰ
3703 2159 3909 2215 θάλασ-

2322 2248 2602 2316 σαν-τάξιν
2637 2252 2852 2324 ἐκείνην
2889 2253 2999 2309 τῶν
3044 2256 3287 2327 φρερίων
3319 2257 3415 2310 καὶ
3451 2255 3639 2326 σχῆμα
3673 2254 3905 2331 χαίρειν

2319 2345 2406 2416 ἐᾷ,
2445 2347 2540 2400 καὶ
2577 2347 2686 2400 ἐπὶ.
2726 2349 2886 2404 ναυσὶ
2935 2350 3305 2420 κραταιωϐεὶς
3343 2351 3556 2406 πλείοσι
3586 2350 3665 2423 τῷ
3696 2356 3762 2406 ἐκ
3812 2349 3905 2405 τοῦ

2322 2526 2529 2600 inclyta
2561 2527 2968 2595 celebraretur,
3012 2532 3153 2586 inter
3186 2529 3408 2587 Frerios
3437 2531 3659 2597 sodales
3691 2529 3904 2603 Templi

2321 2623 2617 2679 militarem
2658 2623 2978 2695 religionem
3017 2623 3301 2694 professus
3353 2625 3557 2681 fuerat.
3602 2624 3903 2696 Postquam

2319 2727 2504 2769 autem
2537 2713 2609 2770 ab
2642 2711 3004 2788 Ethiopibus
3043 2716 3342 2774 Ptolemais
3377 2728 3535 2788 capta
3567 2728 3673 2782 est,
3717 2728 3775 2772 ut
3811 2733 3905 2772 su-

2319 2808 2511 2877 perius
2543 2807 2811 2873 diximus,
2842 2816 2900 2864 et
2931 2809 3110 2864 deleta
3143 2809 3257 2863 illic
3279 2809 3527 2879 polentia
3556 2807 3906 2865 Christiano-

2321 2915 2468 2965 rtun,
2499 2899 2756 2969 pecuniis
2783 2899 2924 2954 clam
2963 2914 2993 2954 e
3025 2913 3128 2955 suo
3152 2899 3228 2954 ibi
3260 2898 3519 2955 ccenobio
3561 2898 3901 2964 subtractis,

2322 2991 2512 3063 longas
2563 2990 2728 3064 394
2759 3005 2886 3046 cum
2951 2998 3205 3061 parasset
3251 3005 3444 3057 naves,
3493 2990 3581 3049 bis
3629 2989 3905 3044 infestans

2319 3089 2604 3157 Agarenos
2646 3087 2824 3156 pirata
2860 3085 2969 3140 late
3001 3084 3495 3141 formidatissimus
3517 3081 3734 3147 evasit;
3766 3083 3906 3136 ntul-

629 3180 771 3234 ultra
802 3195 896 3251 per
923 3195 1059 3235 sane
1098 3179 1281 3234 clarus
1304 3177 1429 3243 fuit,
1459 3177 1711 3248 idemque
1751 3177 1912 3248 393
1963 3179 2214 3232 omnium
2246 3227 2287 3251 ﬁ
2324 3190 2518 3251 tosque
2558 3179 2776 3235 interim
2807 3177 3032 3250 ’sponte
3063 3178 3313 3236 addictos
3361 3194 3474 3235 sua:
3524 3178 3907 3246 qualicunque

629 3287 773 3342 quos
804 3271 914 3326 vivi
945 3270 1328 3326 meminissent
1355 3269 1697 3326 dirissimus.
1724 3269 1878 3326 Unde
1909 3280 1962 3323 et
1991 3268 2218 3327 Rhodus
2246 3268 2287 3285 “'
2325 3274 2608 3331 firmandae
2660 3274 2923 3344 potentiae
2974 3288 3039 3329 ac
3079 3281 3244 3329 certae
3292 3272 3361 3328 ad
3423 3281 3735 3338 extremum
3783 3269 3907 3324 fidei

630 3366 850 3435 quidem
877 3365 991 3435 ipsa
1017 3373 1127 3419 tota
1145 3364 1304 3433 plane
1329 3363 1601 3420 subversa
1631 3373 1737 3419 est.
1769 3363 1971 3418 Audita
1996 3379 2218 3434 quoque
2321 3369 2519 3425 adesse
2539 3369 2645 3423 sibi
2673 3368 2919 3424 asseclas
2951 3365 3220 3431 sentiens,
3248 3365 3408 3422 novis
3434 3363 3684 3419 inhiabat
3711 3363 3904 3423 rebus.

631 3462 697 3512 de
733 3459 1062 3514 Alexandria
1095 3466 1148 3514 et
1185 3457 1320 3521 locis
1353 3459 1504 3528 paris
1550 3472 1677 3513 cum
1711 3472 1772 3513 ea
1824 3457 1966 3513 situs
2002 3459 2217 3528 gravis-

629 3554 772 3608 sima
809 3569 904 3620 per
955 3553 1108 3608 illum
1169 3551 1239 3608 iis
1291 3551 1585 3623 importata
1628 3552 1769 3607 mala
1814 3562 1966 3608 sunt.
2002 3553 2218 3609 Corone

631 3661 762 3701 vero
794 3657 847 3701 et
882 3644 1136 3701 Methone
1183 3661 1248 3700 ac
1283 3645 1649 3715 Peloponnesi
1695 3646 1980 3715 pleraque,
2025 3652 2079 3701 et
2109 3660 2216 3700 non

631 3740 850 3795 modica
898 3753 1028 3810 pars
1059 3739 1256 3804 Cretae,
1317 3740 1509 3794 eodem
1557 3739 1662 3794 hoc
1715 3738 1892 3794 obiter
1942 3752 2215 3794 concussa

632 3845 791 3888 terrae
824 3841 977 3888 motu
1007 3832 1151 3889 haud
1182 3833 1302 3889 sine
1333 3832 1550 3888 damnis
1587 3832 1742 3888 fuere
1773 3832 2055 3888 maximis.

634 3950 720 4005 12.
763 3949 840 4004 De
891 3947 1101 4021 Latinis
1153 3949 1246 4019 qui
1287 3948 1458 4002 uocati
1508 3947 1868 4015 advenerunt,
1928 3957 1979 4021 et
2026 3946 2214 4018 qualia

1168 4031 1173 4037 ‘
1310 4021 1533 4090 egerint.
2172 4045 2175 4048 ⁴

701 4111 952 4168 lusecuto
985 4127 1110 4166 mox
1137 4110 1445 4182 Septembri
1472 4110 1732 4166 secundm
1763 4109 2086 4169 indictionis
2129 4113 2213 4169 vi-

631 4207 714 4260 tlit
748 4207 913 4276 (quod
943 4205 1152 4260 utinam
1186 4220 1290 4259 non
1320 4203 1562 4276 fuisset),
1595 4206 1755 4272 vidit,
1788 4205 2042 4276 inquam,
2068 4206 2215 4262 Con-

631 4297 1030 4367 saantinopolis
1065 4295 1323 4351 Latinum
1376 4294 1857 4367 Rontzeriumﬂ),
1921 4298 2212 4369 appulsam

639 4405 764 4444 cum
812 4389 1058 4458 propriis
1088 4391 1324 4443 navibus
1349 4396 1562 4456 septem
1589 4396 1644 4441 et
1675 4387 1870 4442 sociali
1906 4387 2082 4452 classe
2119 4401 2214 4444 co-

632 4483 784 4550 piosa
816 4481 977 4551 plena
1006 4480 1203 4535 militia
1226 4496 1255 4535 ο
1288 4480 1569 4536 Catelanis
1598 4487 1650 4535 et
1672 4478 2057 4550 Amogabaris,
2088 4491 2214 4536 octo

2321 3479 2458 3535 opes
2485 3473 2542 3520 et
2575 3462 2880 3518 dominium
2914 3461 3112 3519 stabile
3163 3461 3685 3531 uspiam-quaeretis,
3741 3458 3910 3527 idque

2316 3555 2447 3626 jure
2493 3573 2562 3611 an
2613 3556 2813 3624 injuria
2877 3561 3192 3624 pararetur,
3234 3551 3377 3612 haud
3431 3563 3564 3607 sane
3603 3548 3920 3604 sollicitus.

2321 3649 2545 3706 interim
2575 3659 2760 3704 autem
2793 3648 3001 3704 divitiis
3032 3659 3088 3704 et
3122 3648 3254 3702 luxu
3299 3660 3425 3702 eum
3479 3642 3782 3700 comitibus
3815 3658 3906 3695 su-

2319 3742 2604 3811 perbiens,
2635 3741 3048 3796 abundantibus
3082 3738 3148 3794 ad
3184 3739 3289 3795 hoc
3321 3753 3384 3793 ex
3412 3736 3592 3807 praeda
3621 3731 3907 3789 latrocinii

2319 3835 2582 3890 maritimi
2612 3834 2811 3902 copiis,
2856 3833 3110 3888 ordinem
3150 3832 3304 3888 illum
3351 3829 3670 3889 Freriorum
3706 3834 3763 3881 et
3802 3825 3907 3879 ba-

2320 3930 2496 3986 bitum
2526 3929 2712 3991 valere
2746 3927 2905 3999 jubet
2937 3945 2953 3993 ;
2993 3926 3360 3996 pluribusque
3383 3923 3498 3993 jam
3551 3919 3797 3980 navibus
3847 3918 3901 3971 iu

2317 4037 2575 4094 magnam
2633 4021 2938 4090 potentiam
2978 4020 3252 4084 firmatus,
3311 4015 3664 4073 Theoderico
3711 4012 3908 4080 nepoti

2296 4115 2590 4171 'blanfredi
2630 4113 2883 4170 Siciliam
2919 4113 3292 4177 obtinentl,et
3339 4109 3502 4180 quasi
3542 4107 3904 4163 haereditaria

2317 4210 2580 4280 illiusque
2611 4209 2838 4282 propria
2868 4207 3088 4280 generis
3114 4203 3468 4262 contumacia
3497 4203 3768 4258 adversus
3802 4199 3909 4255 Ec-

2317 4301 2543 4357 clesiam
2576 4297 2790 4363 rebelli,
2837 4301 3237 4368 proptereaque
3293 4286 3493 4351 bellum
3517 4306 3662 4347 acre
3695 4293 3909 4362 pugnis

2317 4393 2682 4450 commissum
2727 4392 2941 4449 crebris
2981 4399 3174 4446 contra
3225 4388 3485 4444 Carolum
3547 4387 3803 4450 babenti,
3847 4401 3912 4440 se

2321 4485 2575 4558 adiunxit
2603 4485 2845 4553 socium,
2875 4499 2940 4539 ac
2963 4483 3101 4538 certi
3131 4483 3390 4550 pactione
3443 4478 3730 4549 stipendii,
3771 4494 3905 4533 cum

632 4575 866 4628 millium
925 4588 1214 4629 numerum
1278 4573 1554 4643 explente.
1628 4571 1998 4629 Praecesserat
2061 4573 2210 4628 hunc
2236 4571 2291 4634 D
2319 4579 2519 4650 quibus
2558 4584 2793 4647 praeerat
2827 4573 3001 4644 cepiis
3047 4573 3371 4628 auxiliarem
3405 4572 3456 4628 ei
3485 4570 3576 4625 diu
3607 4570 3908 4625 navalibus

633 4667 950 4722 Pharendas
985 4666 1227 4732 Tzimes,
1285 4668 1447 4736 cujus
1494 4666 1667 4737 copiae
1696 4667 1817 4739 ejus
1841 4684 2029 4755 .quem
2094 4667 2210 4724 dixi
2242 4684 2246 4687 '

630 4757 844 4814 numeri
873 4773 1001 4829 pars
1055 4766 1232 4814 erant.
1271 4757 1541 4814 Caeterum
1580 4758 1671 4813 hic
1735 4758 1952 4832 Tzimes
2008 4760 2213 4818 nobilis

627 4858 766 4915 erat,
799 4859 854 4906 et
899 4866 1038 4920 quos
1080 4838 1323 4918 'ducebat
1353 4866 1382 4904 e
1422 4851 1526 4905 sibi
1570 4849 1809 4907 subditis
1845 4860 2199 4918 armaverat;

629 4955 969 5014 veneratque
1003 4959 1112 4998 non
1166 4954 1418 5008 vocatus,
1447 4944 1658 5000 auxilio
1691 4943 1958 5000 Romanis
2010 4953 2207 5000 contra

628 5035 830 5093 Persas
867 5037 1108 5103 futurus,
1134 5038 1180 5092 si
1215 5037 1376 5092 vellet
1402 5037 1724 5107 imperator,
1758 5035 1809 5092 id
1841 5045 2019 5092 tamen
2055 5047 2208 5092 certa

629 5138 784 5198 pacta
826 5129 1101 5184 mercede.
1142 5127 1477 5185 Rontzerius
1515 5145 1650 5185 vero
1690 5130 2019 5185 nominatim
2073 5145 2206 5186 evo-

627 5231 784 5278 catus
815 5225 1031 5280 aderat.
1085 5225 1178 5281 Vir
1207 5237 1328 5280 erat
1375 5226 1438 5278 “in
1494 5227 1677 5280 aetatis
1730 5223 1885 5290 ﬂore,
1943 5225 2210 5281 terribilis

627 5327 878 5386 aspectu,
934 5317 1091 5372 velox
1119 5333 1454 5388 quocunque
1494 5330 1767 5390 vergeret,
1810 5335 1874 5373 ac
1913 5320 1964 5373 in
1995 5321 2210 5390 agendo

625 5409 848 5468 ardens.
876 5408 953 5464 De
983 5425 1094 5479 quo
1137 5425 1309 5480 pauca
1337 5408 1577 5481 przefari,
1603 5422 1764 5480 prout
1795 5410 2000 5477 audivi,
2038 5412 2201 5480 volo;

625 5517 747 5571 quae
777 5503 821 5557 si
858 5503 1218 5558 abborrerea
1243 5519 1372 5558 vero
1393 5503 1764 5572 reperiantur,
1799 5519 1906 5559 non
1938 5505 2200 5573 scriptor,

625 5595 744 5663 sed,
779 5611 886 5666 qua
918 5606 1003 5652 est
1039 5613 1175 5652 usus
1211 5605 1460 5663 auctore,
1496 5596 1644 5651 fama
1676 5598 1945 5667 culpetur.
1979 5596 2030 5652 is
2055 5595 2202 5666 apud

625 5685 1019 5743 Ptolemaidem
1053 5687 1252 5757 Syriaz,
1291 5688 1420 5744 dum
1452 5688 1544 5743 illa
1585 5689 1716 5746 urbs
1763 5699 1935 5745 staret
1989 5698 2044 5745 et
2094 5688 2202 5745 late

695 5871 771 5944 (ί)
802 5871 919 5940 imo
950 5871 1296 5929 Redeat-ium.

2319 4671 2521 4744 praeliis
2564 4670 2792 4724 navavit
2833 4683 3084 4739 operam.
3119 4666 3417 4736 Posttiuam
3472 4673 3655 4720 autem
3697 4662 3912 4719 idbel-

2318 4766 2428 4820 lum
2465 4764 2700 4820 cessavit
2753 4769 2806 4818 et
2859 4762 3200 4832 nuptialibus
3263 4757 3754 4824 conventionibus,
3805 4759 3906 4828 qui

2314 4865 2544 4914 eatenus
2573 4855 2806 4910 invicem
2835 4854 3022 4910 infesti
3066 4851 3434 4916 bellaverant,
3461 4866 3679 4921 pacrzm
3718 4849 3907 4905 fecere

2315 4950 2466 5022 (nam
2489 4949 2834 5004 Eeaterinam
2867 4947 3144 5003 connubio
3174 4947 3278 5001 sibi
3300 4945 3484 5016 junxit
3518 4944 3660 5013 regis
3686 4945 3902 5006 frater;

2312 5058 2477 5116 quem
2510 5052 2564 5099 et
2611 5057 2748 5114 papa
2807 5041 3102 5105 declarans
3152 5041 3539 5109 imperatorem
3599 5038 3716 5091 sine
3749 5047 3902 5089 terra

2311 5138 2608 5192 commovit
2635 5137 2710 5191 illi
2736 5150 2888 5206 spem
2907 5133 3463 5203 Constantinopoleos
3483 5132 3903 5199 rceuperandae,

2311 5247 2374 5287 ex
2398 5230 2522 5301 jure
2553 5231 2700 5300 quod
2734 5229 2948 5286 scilicet
2983 5227 3229 5282 traheret
3262 5242 3291 5278 a
3319 5237 3521 5294 sponsa
3570 5231 3733 5292 nepte
3771 5221 3905 5276 Ba!-

2314 5324 2520 5392 duini),
2549 5338 2647 5392 per
2676 5322 2794 5377 haec
2823 5331 2986 5392 pacta
3029 5335 3156 5376 cum
3214 5317 3382 5376 etiam
3416 5316 3750 5385 conciliatus
3794 5314 3907 5371 Ec.

2313 5417 2497 5471 clesiai
2529 5411 2911 5474 Theodericus
2945 5410 3165 5473 fuisset,
3201 5407 3351 5482 misit
3376 5406 3441 5461 ad
3473 5420 3596 5460 eum
3622 5415 3759 5472 papa
3801 5400 3902 5471 qui

2305 5508 2437 5564 dedi
2473 5505 2578 5564 sibi
2612 5505 2681 5560 ab
2735 5505 2830 5560 illo
2857 5501 3219 5558 Ronlzerium
3265 5509 3579 5570 poscerent,
3625 5511 3655 5551 a
3697 5510 3814 5565 quo
3853 5495 3904 5549 is

2312 5597 2574 5654 nimirum
2594 5604 2848 5666 repetere
2873 5607 3075 5665 prunas
3106 5592 3268 5648 vellet
3296 5586 3606 5651 conculcati
3647 5583 3902 5652 religiosi

2303 5690 2537 5748 habitus
2584 5699 2639 5747 et
2669 5704 2840 5747 sacrae
2892 5685 3260 5761 professionis
3311 5683 3480 5756 impie
3537 5689 3755 5752 spretae.
3822 5680 3901 5734 At
