4094 6280
571 361 680 430 435

1767 383 2023 442 GEORG
2038 384 2098 440 Il
2139 381 2229 442 ΡΑ
2240 383 2446 443 CHYM
2461 383 2632 442 ΕΒίΕ

3734 377 3840 443 436

568 483 846 554 κρυφηδὸν
868 483 1161 554 λαμϐάνων
1191 489 1286 542 καὶ
1319 490 1477 562 μέρει
1510 489 1682 556 διδοὺς
1706 497 1843 564 πρὸς
1876 497 2139 558 ἐκείνους.
2174 504 2220 559 Α
2252 497 2499 566 σμάτων,
2530 496 2598 549 τὰ
2627 499 2728 565 μὲν
2765 496 2859 549 καὶ
2909 494 3232 566 λαμϐάνων,
3266 492 3336 549 τὰ
3384 495 3581 550 δὲκαὶ
3616 497 3707 550 διὰ
3740 496 3837 564 τὴν

566 570 678 630 Ἦν
713 576 757 629 δ’
783 577 811 630 ὁ
864 578 1024 648 ὅρκος
1059 579 1270 650 βασιλεῖ
1314 583 1564 650 πρέπων,
1590 583 1762 656 οἶμαι,
1805 589 1900 642 καὶ
1952 589 2097 659 μόνῳ
2127 608 2140 622 ’

2244 589 2354 642 τῶν
2375 591 2518 659 νηῶν
2537 589 2729 660 χρείαν
2751 588 2983 642 ἐκείνων
3013 591 3093 653 si;
3114 588 3214 660 τὴν
3237 574 3334 642 τοῦ
3361 588 3492 643 λαοῦ
3514 589 3670 642 Βιαπ)
3682 588 3838 644 ώῖσιν

525 718 528 721 .
566 665 709 724 εἶναι
760 670 869 743 γὰρ
899 673 1011 726 τῶν
1038 673 1248 751 ἐχθρῶν
1275 674 1464 748 ἐχθροὶ
1507 678 1603 732 καὶ
1635 679 1744 734 τῶν
1775 681 1945 751 φίλων
1993 684 2140 749 φίλοι
2246 681 2695 753 προσδεχόμενος.
2737 681 3088 754 Γαμηλιῶνος
3139 682 3252 756 μὲν.
3291 680 3409 745 οὖν,
3466 683 3540 745 ὡς
3595 685 3833 753 εἴρηται,

564 762 659 816 τοῦ
689 763 824 830 τέως
856 766 1118 822 δεσπότου
1149 769 1460 838 ἐπώμνυον.
1501 773 1566 824 Ὀ
1595 772 1658 844 δὴ
1706 775 2136 844 προσαγγελθὲν,

565 858 821 930 βασιλεὺς
853 861 946 915 καὶ
974 862 1145 917 ταῦτα
1181 866 1274 919 καὶ
1310 865 1444 919 ἄλλα
1475 867 1706 922 πλεῖστα
1738 869 2135 942 συνηθροικὼς,

566 950 944 1015 συνοικοῦντος
973 952 1068 1007 καὶ
1091 955 1163 1023 ,τῇ
1190 953 1283 1007 τοῦ
1313 955 1558 1027 Τερτερῆ
1591 957 1844 1030 Θυγατρὶ,
1885 960 2136 1030 λιπαρῶς

561 1043 853 1097 ὑπώπτευε
890 1043 1016 1098 κατ’
1048 1045 1216 1100 αὑτοῦ
1271 1047 1532 1113 ἀπιστίας
1588 1052 1894 1123 μελέτημα,
1931 1053 2026 1108 καὶ
2074 1055 2136 1108 τὸ

560 1131 783 1200 γεγονὸς
817 1134 898 1196 είς
925 1134 1108 1204 κρίσιν
1125 1134 1318 1198 ἐτίθει,
1346 1139 1440 1190 καὶ
1470 1139 1558 1202 τὸν
1585 1140 2134 1212 προσαγγελλόμενον

558 1224 936 1290 κατεδίκαζεν,
985 1227 1142 1283 Ἀλλὰ
1191 1214 1367 1285 ταῦτα
1413 1230 1512 1300 μὲν
1557 1233 1752 1303 μικρὸν
1783 1233 2008 1304 ὕστερον
2038 1237 2132 1289 καὶ

558 1318 880 1390 ῥηθήσεται·
931 1321 1054 1375 τότε
1102 1321 1160 1377 δὲ
1220 1321 1476 1393 βασιλεὺς
1513 1325 1764 1390 τοιαύτας
1805 1327 1979 1382 ἐδίδου
2032 1330 2138 1392 τὰς,

554 1413 767 1480 πίστεις
790 1416 868 1486 τῷ
914 1417 1256 1490 Ῥοντζερίῳ.
1303 1419 1362 1474 '0
1399 1420 1455 1475 δὲ
1478 1418 1660 1474 λαϐὼν
1693 1419 1760 1476 τὰ
1801 1422 2128 1492 γράμματα,

553 1507 629 1573 ὡς
669 1508 735 1564 ἂν
772 1512 868 1586 καὶ,
911 1510 1086 1580 μέγας
1134 1529 1216 1577 τις
1257 1513 1419 1578 δόξοι,
1469 1513 1566 1585 οὐχ
1599 1515 1758 1577 ὅσους
1792 1514 1895 1576 ἀνὰ
1943 1517 2131 1585 χεῖρας

553 1604 648 1664 καὶ
690 1605 886 1673 μόνους
910 1601 1022 1679 εἶχε
1056 1606 1344 1671 τοσούτους
1370 1614 1462 1662 καὶ
1496 1609 1650 1678 ἄγειν
1682 1607 1965 1680 ἠϐούλετο,
1994 1609 2130 1663 ἀλλὰ

551 1698 1154 1775 προσφιλοτιμούμινος
1193 1703 1285 1755 καὶ
1329 1702 1524 1765 ἄλλους
1577 1703 1814 1772 συνῆγε,
1848 1704 1971 1767 σαῖς
2021 1703 2129 1758 ἀπὸ

553 1790 820 1856 βασιλέως
849 1793 1059 1849 ἐλπίσιν
1089 1796 1430 1867 ἁναπτερῶν,
1463 1795 1603 1853 ὥστε
1651 1796 1774 1868 μηδ’
1821 1796 1965 1868 ἔχειν
1998 1797 2127 1853 αὐτ·

553 1886 746 1954 ἀρκεις
775 1884 908 1950 ναῦς
949 1890 1304 1960 συνεκφέρειν
1329 1889 1389 1943 τὸ
1419 1890 1858 1963 στρατολόγημα,
1897 1891 2031 1963 μηδέ
2066 1910 2125 1961 γε

547 1981 812 2051 χρήματα
842 1982 974 2036 τόσα
1005 1981 1146 2039 ὥστε
1180 1987 1270 2038 καὶ
1305 1989 1762 2058 προκαταρκτικὰ
1791 1987 1994 2042 διδόναι
2029 1990 2120 2041 ἐπὶ

548 2073 763 2145 βασιλεῖ
795 2077 1042 2150 ἐχεγγύῳ
1063 2079 1130 2133 τὰ
1158 2081 1385 2142 πλεῖστα
1408 2081 1714 2152 παρέξοντι.
1734 2083 1834 2136 Διά
1855 2099 1936 2136 τοι
1955 2084 2126 2135 ταῦτα

545 2169 642 2223 καὶ
676 2169 1019 2235 Γεννουῖταις
1072 2173 1363 2245 προσσχὼν
1417 2175 1509 2229 ἐπὶ
1549 2178 1801 2228 πίστεσιν
1860 2177 2125 2247 ὲκιχρςῖτο
2176 2210 2177 2213 η

547 2259 633 2330 ῙΡ.
667 2261 798 2336 276]
831 2265 952 2328 ταῖς
993 2264 1255 2335 βασιλέως
1289 2267 1419 2322 ὡσεὶ
1448 2268 1692 2337 χιλιάδας
1741 2269 1918 2324 εἴκοσι
1970 2287 2125 2339 νομιο

550 2450 905 2510 occasionem
949 2465 1058 2506 non
1093 2451 1305 2522 putavit
1344 2451 1871 2520 putator-mittendam
1903 2467 1998 2507 eos
2020 2451 2122 2506 sibi

546 2543 616 2599 ad
658 2535 877 2614 quidvis
941 2543 1216 2600 obnoxios
1240 2544 1526 2599 reddendi.
1581 2543 1724 2614 Ergo
1754 2544 1981 2615 negetis
2042 2545 2123 2601 eis

545 2637 678 2693 dato
711 2637 895 2694 socios
937 2639 1003 2692 ad
1047 2652 1107 2693 se
1166 2637 1308 2698 clam
1351 2636 1606 2706 cogendi,
1649 2646 2012 2709 congregatos
2054 2656 2120 2693 ex

544 2733 652 2789 illis
703 2732 926 2792 circiter
955 2740 1178 2788 centum
1225 2747 1430 2788 arcano
1478 2733 1764 2805 alloquens
1802 2733 2017 2788 induxit
2049 2735 2116 2789 ad

452 2830 455 2832 ’
541 2825 647 2880 sibi
685 2826 850 2883 tidem
904 2833 1256 2882 sacramento
1311 2825 1366 2881 in
1411 2825 1514 2889 hoc
1540 2825 2021 2896 obstringendam,
2058 2832 2120 2881 ut

541 2920 731 2978 hostes
760 2918 1006 2976 hostium
1033 2933 1284 2984 suorum,
1314 2919 1476 2973 amici
1505 2920 1833 2988 amicorum,
1855 2921 1977 2976 sine
2008 2919 2118 2975 ullo

541 3019 794 3085 respectu
826 3023 921 3067 aut
951 3007 1291 3080 discrimine,
1327 3013 1593 3084 deinceps
1644 3012 1847 3078 forent,
1886 3029 1946 3070 se
1976 3029 2116 3086 quo~

539 3123 649 3180 que
676 3109 857 3179 ipsum
905 3108 1149 3164 vicissim
1191 3107 1513 3180 protegendi
1553 3124 1650 3165 eos
1701 3109 1992 3179 promissis
2023 3110 2112 3180 ju-

536 3205 675 3259 ratis
718 3203 990 3275 obligans.
1027 3202 1140 3258 Hoc
1175 3202 1278 3260 etsi
1335 3212 1552 3260 secreto
1582 3211 1766 3258 actum
1829 3217 1858 3257 a
1889 3203 2111 3273 deSpo'ta

2243 778 2308 847 τῇ
2331 776 2748 836 Κωνσταντίνου
2782 777 3132 845 ἐφίστανται.
3163 779 3276 832 Καὶ
3301 776 3559 847 βασιλεὺς
3581 777 3834 830 τοσοῦτον

2242 868 2370 922 λαὸν
2391 871 2521 940 παρ’
2547 869 2748 924 ἐλπίδα
2771 870 3094 941 δεξάμενος,
3120 871 3274 941 ὅμως
3295 873 3360 942 τῇ
3383 875 3480 937 τῆς
3511 871 3844 941 συμμαχίας

2241 965 2419 1018 ἑλπίδι
2450 965 2779 1038 ἀναθαρῥῶν
2809 967 2934 1028 τοὺς
2956 964 3252 1034 λογισμοὺς
3283 966 3680 1036 κραταιότιρον
3705 965 3827 1035 ῐστη

2241 1058 2336 1111 καὶ
2376 1058 2719 1128 ἀμφοτέραις
2775 1057 3026 1128 ὲξήντλει
3076 1056 3231 1126 σφίσι
3280 1058 3348 1118 τὰ
3400 1059 3680 1128 χρήματα,
3725 1058 3822 1110 καὶ

2239 1146 2553 1218 θησαυροὺς
2581 1147 2794 1210 πάντας
2843 1146 2939 1211 οὓς
2984 1147 3349 1217 ἀνεπίμπλων
3392 1149 3445 1200 oi
3480 1150 3826 1219 πανταχόθεν

2237 1239 2455 1315 δασμοὶ,
2490 1239 2900 1312 ἐπισχεθέντων
2949 1240 3119 1297 τάλαι
3166 1239 3264 1297 καὶ
3298 1239 3478 1294 αὐτῶν
3511 1241 3690 1310 ῥογῶν
3729 1242 3825 1293 καὶ

2228 1332 2544 1403 ,προσοδίων
2585 1337 2702 1396 τοῖς
2756 1335 2814 1386 ὲν
2849 1333 3172 1400 ἀνακτόρων
3217 1332 3613 1398 δουλεύουσιν,
3670 1331 3708 1387 ἃ.
3756 1331 3823 1403 δὴ

2235 1427 2334 1482 καὶ
2367 1425 2612 1497 βασιλεῖς
2659 1425 2718 1489 ἐξ
2752 1426 2982 1498 ἀρχαίου
3016 1425 3098 1489 εἰς
3132 1425 3360 1495 μισθοὺς
3408 1424 3623 1482 ἐτίθουν
3654 1426 3826 1492 ἀναγ-

2234 1521 2422 1580 καίους
2458 1522 2570 1583 τοῖς
2620 1519 3114 1588 ὑπηρετουμένοις,
3169 1518 3405 1581 ἐκείνοις
3437 1517 3816 1589 ὲξεκανοῦντο.

2245 1614 2405 1672 Ἀλλὰ
2435 1613 2528 1667 τὸν
2562 1614 2661 1680 μὲν
2701 1609 3044 1683 Ῥοντξέριον
3075 1613 3154 1676 είς
3190 1612 3333 1682 μέγα
3356 1612 3600 1683 τιμήσας
3624 1611 3818 1687 δοῦκα,

2233 1709 2328 1764 καὶ
2365 1709 2494 1772 τοὺς
2527 1707 2662 1777 παρ’
2700 1707 2866 1767 αὐτοῦ
2902 1709 2994 1760 καὶ
3026 1707 3176 1770 ίδίοις
3205 1705 3520 1777 μεγαλύνας
3559 1705 3822 1775 ὀνόμασιζ

2231 1802 2487 1872 γαμϐρὸν
2511 1803 2656 1859 κατὰ
2689 1803 2789 1864 τὰς
2819 1802 3116 1872 ὁμολογίας
3167 1801 3426 1872 καθίστη.
3466 1798 3574 1856 Ἦν
3603 1801 3662 1854 δὲ
3708 1801 3823 1871 ἄρα

2235 1895 2327 1951 καὶ
2376 1897 2494 1958 τοῖς
2552 1896 2811 1954 ἐπιστᾶσι
2864 1895 3078 1954 πολλῶν
3132 1896 3460 1966 φιλοτιμιῶν
3518 1897 3822 1951 ἀπολαύειν

2231 1988 2505 2045 δεικνύειν
2535 1989 2636 2060 τὴν
2663 1989 2881 2060 χρῆσιν,
2915 1989 2990 2051 ὡς
3018 1989 3086 2043 ἂν
3121 1989 3197 2059 μὴ
3231 1990 3289 2043 ὲν
3321 1991 3501 2053 κενοῖς
3526 1990 3822 2060 ἐπιστῆναι

2231 2083 2480 2148 δόξωσιν.
2517 2081 2864 2151 Ἐτὰχθησαν
2893 2076 2988 2136 οὖν
3011 2083 3070 2145 ἐς
3098 2079 3341 2144 Κύζικον
3369 2082 3646 2136 ἀπελθεῖν·
3680 2083 3822 2149 arpi;

2230 2177 2337 2245 γὰρ
2367 2174 2427 2233 τὸ
2450 2174 2574 2245 ἔχον
2604 2175 2696 2230 τὸν
2724 2174 2921 2244 φθόνον
2948 2175 3158 2244 ἕρπειν,
3184 2174 3387 2244 μᾶλλον
3410 2175 3464 2228 δὲ
3488 2176 3588 2246 τὴν
3620 2175 3815 2227 ἐπίθε-

2231 2285 2315 2322 σιν
2345 2267 2420 2332 ὼς
2473 2262 2586 2327 οἷόν
2640 2284 2713 2320 τε.
2759 2267 3024 2337 διενόουν,
3061 2269 3225 2323 κάκεῖ
3273 2267 3410 2323 πολύ
3444 2287 3499 2322 τι
3551 2271 3822 2341 συναχθὲν

2230 2452 2304 2506 ris
2345 2449 2743 2520 diplomatibus
2792 2451 2950 2511 [idem
2999 2451 3054 2513 in
3097 2451 3405 2512 mutuando
3465 2460 3692 2517 nactus,
3735 2452 3819 2505 vi.

2228 2541 2363 2611 εἰηιί
2401 2542 2625 2606 circiter
2657 2543 2885 2603 millium
2924 2558 3219 2600 aureorum
3249 2560 3374 2600 cum
3408 2545 3519 2600 illis
3570 2545 3819 2601 debitum

2227 2636 2532 2700 contraxit.
2571 2651 2695 2705 quas
2739 2651 2797 2697 ac
2832 2636 2923 2694 ille
2958 2637 3439 2710 Constantinopoli
3492 2639 3813 2695 soluturum

2228 2727 2464 2794 pecunia
2514 2726 2622 2788 sibi
2670 2729 2857 2788 statim
2925 2731 2996 2785 ab
3045 2729 3294 2803 Augusto
3359 2730 3813 2802 reprazsentanda

2226 2820 2509 2892 pollicitos
2544 2829 2649 2883 est.
2683 2821 2951 2882 Caeterum
2986 2839 3096 2880 non
3131 2831 3306 2879 totam
3362 2839 3482 2879 eam
3535 2839 3812 2881 summam

2223 2923 2516 2977 numerato
2554 2917 2766 2986 accepit
2797 2934 2810 2972 :
2855 2932 2982 2988 pars
3015 2918 3161 2981 enim
3211 2919 3268 2984 in
3296 2918 3541 2980 naulum
3585 2927 3670 2974 est
3707 2918 3816 2973 im-

2219 3018 2415 3081 putata
2491 3012 2966 3081 suppeditatarum
3000 3027 3063 3094 ’a
3107 3011 3498 3069 Genuensibus
3565 3014 3812 3079 navium,

2220 3115 2364 3177 quot
2400 3122 2540 3176 opus
2573 3105 2729 3161 fuere
2763 3107 2918 3161 novis
2949 3105 3231 3161 Bontzerii
3276 3105 3586 3164 delectibus
3631 3117 3817 3164 trans-

2219 3202 2521 3272 portandis.
2559 3202 2651 3256 Sic
2707 3201 2880 3270 igitur
2935 3199 3273 3271 Septembri,
3323 3210 3386 3256 ut
3451 3201 3661 3258 dictum
3699 3214 3809 3268 est,

535 3299 630 3354 ubi
648 3278 764 3354 tido
807 3298 876 3353 ad
905 3311 964 3353 se
1003 3296 1242 3352 delatum
1284 3294 1492 3353 indicio
1526 3294 1750 3352 rescivit
1785 3295 2111 3366 imperator,
2140 3285 2184 3343 ο
2222 3309 2410 3350 mense
2469 3293 2809 3350 Rontzerius
2867 3311 2992 3350 cum.
3027 3295 3208 3354 classe
3266 3295 3818 3367 Constantinopolim.

536 3390 771 3448 contulit
823 3391 1016 3448 eodem
1071 3389 1295 3449 aliunde
1336 3398 1612 3460 comperta
1651 3389 1810 3460 signa
1873 3387 2111 3461 plurima

535 3485 685 3541 inlidl
720 3485 1004 3548 animi-ac
1055 3485 1410 3541 rebellionem
1459 3483 1855 3549 machinantis,
1913 3483 2114 3554 quibus

535 3595 793 3650 magnum
847 3578 917 3635 ad
973 3578 1521 3637 verisimilitudinem
1567 3579 1810 3634 colorem
1847 3577 2109 3646 addebat,

532 3673 680 3742 quod
715 3673 856 3727 idem
896 3674 1123 3744 despota
1163 3673 1450 3746 conjugem
1485 3672 1718 3727 haberet
1771 3670 1937 3725 tiliam
1977 3669 2112 3725 Ter-

534 3768 690 3842 teris,
719 3783 785 3822 ex
810 3783 1011 3839 genere
1034 3768 1226 3838 utique
1258 3767 1476 3823 infenso
1513 3765 1775 3825 Romanas
1800 3765 1903 3820 rei.
1929 3763 2112 3831 Quare

534 3870 829 3932 antequam
873 3861 1108 3917 defectio
1138 3868 1470 3930 erumperet,
1508 3869 1721 3916 mature
1767 3867 2108 3930 praeverten-

533 3955 666 4012 dum
706 3957 1026 4023 arbitratus,
1065 3956 1246 4014 dit-am
1277 3953 1522 4026 Michaeli
1556 3955 1806 4026 cogitatas
1849 3953 2110 4024 perduel-

531 4051 696 4108 lienis
731 4050 1000 4122 impingit,
1041 4051 1494 4121 compulsumque
1530 4048 1681 4104 obire
1736 4046 2108 4102 vadimonium

531 4159 700 4200 causa
732 4143 840 4199 rite
869 4142 1088 4215 cognita
1110 4141 1408 4198 damnavit.
1435 4141 1540 4196 Sed
1563 4140 1668 4196 hoc
1699 4141 1929 4210 contigit
1950 4138 2112 4209 paulo

534 4246 658 4302 post
691 4245 744 4292 et
773 4236 826 4291 in
856 4235 976 4292 loco
1014 4235 1308 4301 referetur,
1341 4249 1490 4290 nunc
1522 4247 1587 4296 eo
1624 4234 1968 4305 praelibatum
2000 4245 2111 4303 quo

530 4329 809 4385 indicetur
837 4337 889 4384 et
919 4327 1064 4383 hanc
1103 4337 1284 4384 mente
1314 4335 1592 4383 versatam
1652 4325 1976 4396 imperatori
2012 4340 2112 4380 cu-

529 4436 674 4488 ram,
733 4421 953 4492 quando
999 4420 1153 4476 illum
1187 4435 1216 4475 a
1267 4419 1560 4476 Rontzerio
1593 4419 1746 4475 missi
1782 4432 2111 4481 convenere,

531 4511 928 4586 promptiorem
976 4513 1290 4573 reddidisse
1344 4514 1522 4584 ipsum
1579 4512 1646 4568 ad
1708 4515 1844 4568 adeo
1899 4514 2111 4582 prolixe

2227 3388 2474 3458 appellit.
2511 3388 2736 3460 quando
2771 3390 3074 3460 imperatur
3098 3400 3250 3445 tanto
3276 3397 3483 3460 prmter
3508 3405 3662 3461 spem
3710 3407 3813 3446 au-

2225 3493 2347 3540 ctus
2384 3483 2653 3545 exercitu.
2687 3493 2740 3538 et
2806 3484 3002 3554 ingens
3057 3485 3113 3538 lu
3173 3495 3458 3554 posterum
3508 3487 3814 3556 peregrina:

2227 3577 2440 3632 militiae
2464 3591 2645 3647 operae
2677 3577 2911 3647 pretium
2946 3585 3305 3648 exspectans,
3333 3580 3550 3634 ﬁrmato
3575 3595 3606 3634 a
3642 3580 3815 3649 trepl-

2223 3669 2447 3727 datione
2523 3671 2692 3741 priori
2745 3672 2932 3726 animo
2985 3671 3298 3745 largissime
3353 3682 3678 3729 muneratus
3726 3682 3812 3728 est

2220 3762 2488 3836 b09pttes,
2524 3773 2577 3820 et
2629 3774 2866 3834 utraque
2929 3766 3231 3835 pecuniam
3281 3765 3574 3822 effundens
3616 3783 3808 3832 manu,

2219 3857 2538 3923 thesauros,
2593 3871 2736 3927 quos
2778 3857 3156 3929 undecunque
3215 3871 3441 3915 eorrasa
3513 3859 3810 3931 vectigalia

2221 3950 2636 4019 compleverant
2670 3949 3064 4023 (quorumjam
3099 3967 3229 4022 pars
3256 3952 3405 4008 nulla
3447 3952 3808 4008 distraheba-

2219 4053 2307 4098 tur
2337 4045 2393 4104 in
2420 4053 2836 4100 auctoramenta
2869 4057 3118 4101 veterum
3144 4047 3381 4102 militum
3415 4057 3469 4104 et
3525 4029 3808 4119 stipendia

2220 4137 2594 4206 palatinorum
2629 4152 2694 4194 ex
2729 4139 2894 4209 longo
2926 4138 3153 4197 decreta
3197 4142 3604 4208 ministrorum,
3631 4141 3814 4197 omni-

2221 4231 2325 4286 bus
2352 4230 2443 4284 his
2469 4246 2664 4301 nuper,
2696 4231 2774 4287 uti
2803 4232 2940 4295 dixi,
2971 4233 3298 4306 abrogatis),
3333 4234 3389 4290 in
3419 4234 3617 4290 horum
3647 4236 3808 4291 sinus

2220 4322 2547 4376 esinanivit.
2606 4321 2684 4380 Ac
2715 4321 3073 4381 Rontzerium
3110 4325 3332 4396 quidem
3366 4326 3642 4396 promisso
3672 4326 3810 4383 insi-

2227 4413 2584 4482 gnivitducis
2617 4417 2802 4487 magni
2853 4417 3041 4484 titulo,
3079 4418 3383 4476 familiares
3415 4435 3636 4490 quoque
3686 4421 3811 4492 ejus

2223 4507 2534 4564 illustribus
2567 4507 2691 4564 aliis
2718 4510 3035 4569 nominibus
3061 4512 3362 4568 honoratis.
3394 4513 3640 4585 Denique
3656 4515 3804 4585 quod

531 4609 876 4667 admittenda
913 4609 1325 4679 liberaliterque
1355 4607 1760 4672 remuneranda
1792 4609 1963 4662 exteri
2011 4607 2113 4661 du-
2145 4636 2191 4691 Β
2225 4609 2343 4655 erat
2374 4603 2538 4658 etiam
2580 4603 2885 4672 pollicitus,
2921 4603 3192 4660 afﬁnitate
3242 4606 3350 4661 sibi
3409 4607 3662 4662 eumdem
3700 4606 3804 4663 ad-

529 4706 612 4765 cis
645 4706 929 4776 obsequia.
972 4706 1149 4760 Porro
1181 4703 1300 4759 istis
1333 4703 1565 4772 Augusti
1619 4702 1817 4757 litteris
1871 4699 2112 4758 Rontzev

530 4803 649 4858 rius
709 4800 975 4871 acceptis,
1057 4813 1249 4856 curam
1332 4798 1615 4868 ingressus
1679 4795 2109 4852 existimationis

530 4880 750 4954 tuenda:
775 4904 944 4950 tantae
976 4901 1241 4965 quantam
1278 4893 1344 4946 de
1374 4891 1496 4962 ipso
1538 4890 1868 4962 praecepisse
1903 4904 2016 4958 pra:
2049 4905 2110 4944 se

531 4989 745 5045 ferebat
776 4987 1098 5057 imperator,
1126 4997 1235 5038 non
1267 4997 1362 5038 eos
1397 4981 1574 5036 solum
1606 4994 1747 5049 quos
1785 4978 1849 5038 ad
1881 4993 2106 5034 tnanum

532 5084 770 5139 habebat
803 5082 1011 5136 ducere
1046 5078 1111 5134 ad
1151 5092 1276 5132 eum
1310 5075 1515 5130 milites
1565 5072 1727 5147 397
1767 5071 1960 5134 voluit,
2011 5070 2107 5126 sed

530 5178 669 5233 alios
697 5183 961 5246 pra‘terea
988 5183 1141 5228 evocr
1169 5172 1237 5226 vit
1275 5167 1565 5240 promissis
1595 5165 1832 5235 magnis,
1855 5177 2105 5235 .quorum

531 5271 792 5328 videlicet
824 5264 1154 5324 solutionem
1191 5262 1517 5332 imperatori
1561 5260 1857 5329 delegaret.
1899 5256 2110 5312 Conve-

533 5374 738 5423 uerunt
770 5364 834 5418 ad
862 5377 1017 5434 spem
1049 5368 1326 5417 ostensam
1363 5355 1667 5427 imperialis
1702 5367 1848 5422 gnate
1883 5352 2108 5421 largiter

532 5476 661 5515 mox
697 5454 1090 5529 participanda:
1127 5452 1308 5515 Latini
1340 5457 1492 5506 tanto
1519 5462 1772 5512 numero.
1799 5455 1856 5505 ut
1884 5461 1984 5500 nec
2014 5461 2111 5500 na-

531 5572 628 5609 ves
659 5567 781 5624 quae
815 5549 942 5605 illos
985 5555 1245 5618 caperent
1286 5561 1385 5601 nec
1423 5544 1710 5615 pecuniam
1776 5540 2105 5598 Rontzerius

531 5649 782 5713 haberet,
814 5661 937 5717 quae
966 5642 1243 5700 sufﬁceret
1272 5640 1338 5694 ad
1362 5636 1605 5710 singulos
1630 5635 1712 5690 vel
1742 5635 1962 5705 exigua,
1987 5648 2108 5702 quae

531 5751 814 5811 vegetaret
846 5739 1188 5800 alacritatem
1224 5735 1448 5791 nomina
1480 5732 1753 5792 dentium.
1786 5730 2108 5800 erogatiun-

531 5840 656 5894 cuia
691 5843 884 5893 saltem
923 5831 1317 5904 aspergendos.
1375 5826 1559 5895 Quare
1593 5825 1855 5895 appulsus
1888 5823 1956 5877 ad
1998 5823 2104 5880 Ge-

533 5946 793 5999 uueuses,
825 5930 1042 6005 illisque
1087 5927 1387 6001 glorianter
1423 5922 1768 5981 ostentandis
1800 5920 2105 5994 imperato-

2221 4696 2395 4750 movit
2428 4695 2642 4756 intima.
2678 4697 2889 4766 nuptiis
2944 4712 3068 4751 cum
3121 4714 3188 4752 eo
3225 4698 3403 4770 neptis
3451 4715 3565 4754 suae
3621 4698 3805 4763 Maria:

2222 4789 2538 4853 celebratis,
2568 4789 2689 4857 Quo
2731 4800 2847 4846 toto.
2875 4801 3122 4862 tempore
3159 4800 3311 4847 tanta
3338 4794 3558 4857 exstitit
3617 4795 3671 4848 in
3705 4795 3806 4850 hos

2223 4897 2417 4943 omnes
2469 4890 2688 4940 exteros
2737 4882 3039 4939 Andronici
3083 4884 3483 4950 muniﬁcentia,
3537 4892 3594 4938 ut
3625 4886 3806 4941 cuivis

2222 4990 2414 5037 eorum
2472 4977 2537 5034 ad
2567 4977 2754 5032 statim
2791 4976 3173 5046 accipiendum
3227 4980 3298 5036 ab
3322 4979 3566 5050 Augusto
3597 4980 3804 5034 denum

2222 5068 2632 5138 quantumlibet
2670 5069 2780 5123 alio
2809 5084 2920 5126 non
2958 5080 3108 5127 esset
3159 5085 3301 5141 opus
3343 5086 3508 5142 quam
3557 5071 3720 5128 istius
3756 5073 3805 5127 ci

2221 5160 2558 5217 desiderium
2587 5162 2755 5233 398
2783 5162 3116 5233 signiﬁcare.
3143 5161 3332 5235 Neque
3377 5166 3520 5222 enim
3558 5165 3804 5236 ipsorum

2222 5271 2552 5327 quemquam
2591 5259 2783 5312 vacuis
2812 5273 2841 5314 a
2869 5272 2930 5312 se
2959 5258 3110 5315 abire
3135 5259 3396 5315 manibus
3429 5270 3520 5314 aut
3547 5260 3661 5316 voti
3691 5275 3801 5314 non

2223 5361 2537 5424 compotem
2571 5351 2808 5410 sinebat.
2844 5353 2920 5408 Ita
2941 5354 3083 5411 bene
3112 5355 3322 5410 curatis
3350 5355 3676 5425 ornatisque
3700 5352 3808 5408 La-

2223 5446 2358 5506 tinis
2381 5444 2750 5504 auxiliaribus
2764 5446 3046 5517 expeditio
3075 5446 3289 5502 indicta
3320 5444 3581 5517 Cyzicum
3608 5461 3806 5502 versus

2222 5547 2327 5596 est.
2369 5537 2540 5608 Cujus
2595 5537 2817 5594 consilii
2869 5538 2986 5594 haec
3013 5550 3133 5594 erat
3177 5538 3340 5595 ratio.
3403 5538 3804 5594 Conliuxerant

2219 5631 2503 5703 Cyricmn,
2558 5641 2618 5688 ut
2657 5630 2866 5689 dictum
2920 5640 3028 5697 est,
3069 5647 3136 5690 ex
3171 5642 3282 5688 tota
3338 5632 3552 5688 circum
3607 5633 3800 5687 conti-

2220 5727 2370 5782 nenti
2413 5732 2689 5796 quotquot
2720 5724 2961 5796 eﬂ‘ugere
2995 5723 3229 5784 Romani
3273 5735 3565 5798 potuerant
3599 5727 3803 5784 barba-

2218 5840 2329 5889 ros,
2383 5836 2629 5893 opesque
2671 5836 2801 5878 suas
2855 5821 2909 5878 in
2953 5823 3084 5878 illud
3159 5823 3376 5892 asylum
3420 5822 3796 5894 undecunque

2224 5917 2758 5986 contulerant..'Quae
2792 5935 2877 5977 res
2926 5935 3050 5976 cum
3081 5919 3253 5976 latere
3297 5919 3636 5995 praedatores
3661 5917 3799 5982 Per-
