4094 6280
269 423 380 489 43Ὶ

1211 426 1311 488 DE
1354 424 1805 488 ANDRONICO
1845 425 2317 488 PALAEOLOGO
2357 426 2504 489 LIB.
2535 429 2607 490 V.

3432 425 3536 490 438

264 535 496 600 πλῆθος,
562 538 660 593 καὶ
704 538 947 610 χρήμασι
1001 541 1096 593 καὶ
1148 538 1400 612 σώμασιν
1444 539 1806 610 ίκανούμενον
1834 578 1848 605 ,
1879 540 1930 600 Α
1953 537 2129 609 τηρίῳ
2159 538 2483 610 χρωμένων,
2503 537 2835 593 Γεννουῑτῶν
2860 539 2917 593 δὲ
2946 538 3176 594 αὐτόθεν
3219 537 3344 592 κατ’
3373 540 3561 606 αἰγια-

261 627 525 701 ιφέλκειν
555 631 682 696 τοὺς
702 632 924 703 Πέρσας
951 634 1191 704 ἀνάγκῃ,
1217 629 1300 698 οἷς
1325 635 1419 688 καὶ
1440 633 1550 687 δεῖν
1575 633 1662 688 διὰ
1689 631 1860 686 ταῦτα

261 722 827 793 κατακεκλεισμένοις
856 723 1181 796 συμμαχίας
1212 723 1402 796 ᾦοντο.

261 880 347 938 ιδ’.
387 881 567 953 Μάχη
595 885 1519 963 Κατελάων-καὶΑΓεννουττῶν,
1546 893 1643 947 καί
1669 892 1860 963 φόνος

629 956 738 1012 τοῦ
768 957 1045 1028 μεγάλου
1077 959 1496 1032 δρουπταρίου.

324 1084 558 1163 [P277]
605 1090 695 1156 Ὦς
726 1092 859 1160 γοῦν
883 1092 1212 1164 ἐξηρτύοντο
1247 1099 1340 1153 καὶ
1362 1098 1462 1170 ἤδη
1498 1101 1635 1171 πρὸς
1656 1101 1860 1170 ἐξόδοις

253 1177 420 1252 ἦσαν,
453 1186 906 1241 ὲπισυνίστανται
943 1189 1257 1246 Γεννουῖται
1281 1193 1331 1246 oi
1360 1193 1499 1248 κατά
1535 1196 1689 1250 πόλιν
1714 1199 1857 1263 τέως

258 1276 558 1362 ζητοῦντες
589 1281 650 1333 τὸ
681 1281 840 1352 χρέος
887 1300 901 1315 ·
934 1277 1163 1354 βασιλέα
1196 1287 1306 1360 γὰρ
1341 1289 1599 1344 ἀπαιτεῖν
1645 1293 1853 1362 ἑτέροις

255 1371 622 1437 δανείσαντας
655 1374 757 1428 οὑκ
809 1375 980 1448 ᾤοντο
1012 1377 1144 1434 δεῖν.
1200 1381 1262 1435 Oi
1291 1381 1346 1436 δὲ
1397 1382 1468 1436 τὰ
1514 1383 1610 1438 τοῦ
1657 1385 1854 1457 χρέους

257 1463 406 1536 βάρη
450 1467 880 1538 προσανετίθουν
907 1469 985 1542 τῷ
1021 1471 1238 1542 βασιλεῖ
1271 1475 1347 1539 ὡς
1395 1461 1560 1531 αὐτοῦ
1608 1495 1672 1548 γε
1716 1497 1853 1552 χρη·

257 1558 497 1625 σάμενοι
529 1557 713 1615 1ἕνεκα.
757 1563 866 1616 Καὶ
902 1561 1156 1632 βασιλεὺς
1189 1567 1328 1632 τέως
1363 1569 1464 1624 οὐκ
1495 1570 1849 1643 ἀνεχόμενος,

258 1648 381 1702 ἀλλ’
411 1646 506 1704 οὖν
534 1653 674 1722 πρ“)ς
705 1655 766 1708 τὸ
799 1656 1111 1714 ἀποδιδόναι
1143 1663 1425 1730 κατένευε,
1461 1655 1553 1721 καὶ
1577 1668 1666 1723 διὰ
1693 1669 1852 1724 τοῦτο

252 1745 353 1798 καὶ
395 1745 736 1812 φιλονεικίαν
766 1752 948 1805 πᾶσαν
999 1754 1440 1826 ὑποτεμνόμενος
1484 1759 1701 1832 ἔπεμπε
1754 1764 1848 1819 τὸν

253 1837 606 1902 Μουζάλωνα
632 1843 931 1913 Στέφανον,
961 1849 1140 1918 μέγαν
1165 1850 1530 1925 δρουγγάριον
1554 1855 1648 1910 τοῦ
1683 1857 1852 1913 πλωϊ-

259 1940 365 2000 μου
430 1934 585 2004 ὄντα,
645 1940 1087 1998 καταστελοῦντα
1119 1945 1211 1999 τὸν
1260 1947 1512 2018 Θόρυὸον.
1557 1950 1619 2008 Ὀ
1652 1951 1707 2006 δὲ
1755 1971 1850 2007 το-

254 2024 452 2112 σοῦτον
484 2030 674 2100 ἐδέησε
708 2032 803 2086 τοῦ
836 2035 1012 2091 ταῦτα
1042 2040 1217 2091 ποιεῖν
1246 2039 1387 2094 ὥστε
1434 2044 1527 2096 καὶ
1567 2045 1846 2119 κατεκόπη

253 2118 499 2184 σπάθαις
531 2121 681 2194 αὐτῷ
718 2141 782 2194 γε
825 2125 999 2198 ἵππῳ.
1046 2130 1158 2184 Καὶ
1188 2128 1305 2202 ἔρις
1346 2133 1600 2210 ἐντεῦθεν
1630 2118 1842 2210 μεγάλή

253 2213 467 2283 μεταξὺ
501 2215 655 2285 σφῶν
685 2217 1016 2290 ὠροθύνετο,
1061 2224 1170 2278 τῶν
1210 2210 1312 2298 μὲν
1346 2226 1576 2293 ξενικῶν
1619 2233 1718 2299 τὴν
1751 2235 1846 2290 τοῦ

252 2304 560 2377 Κοσμιδΐου
598 2311 1018 2372 καταλαϐόντων
1057 2319 1247 2392 μονὴν,
1290 2319 1524 2397 κάκείνῃ
1559 2325 1633 2392 ὡς
1663 2330 1844 2402 ὁρμη-

251 2493 346 2543 s‘as
407 2503 516 2547 non
589 2503 802 2564 posset,
863 2500 1256 2563 verisimiliter
1292 2511 1718 2583 exspectabatur
1779 2533 1844 2573 eo

251 2592 490 2641 cunctos
513 2585 664 2654 ipsos
701 2591 965 2662 impetum
1001 2601 1263 2656 versuros
1301 2619 1317 2656 :
1349 2619 1476 2659 nam
1532 2609 1688 2664 avari
1742 2611 1838 2667 ha-

254 2675 523 2772 bentibus
567 2680 813 2772 inhiant,
866 2695 922 2741 et
983 2688 1037 2743 in
1090 2691 1208 2748 loca
1253 2699 1536 2768 congestis
1582 2703 1840 2772 opulenta

251 2770 406 2869 gazis
452 2771 647 2842 cupida
701 2777 845 2832 s'olet
905 2784 1178 2851 rapacitas
1222 2786 1465 2846 incitari.
1530 2770 1659 2850 Urbi
1713 2813 1843 2869 ergo

250 2860 546 2932 Cyzicena}
597 2867 770 2936 plenae
829 2880 960 2928 tunc
1019 2883 1074 2930 et
1125 2877 1338 2938 divitiis
1386 2892 1440 2937 et
1496 2860 1840 2958 hominibus,

252 2954 496 3052 ideoque
545 2960 630 3015 vel
674 2961 789 3032 jam
853 2967 1101 3026 obsessae
1154 2969 1240 3029 vel
1271 2974 1394 3052 mox
1453 2977 1774 3038 obsidenda:

253 3046 534 3119 barbaris,
569 3053 716 3112 mitti
762 3061 1054 3130 suppetias
1088 3077 1265 3125 novos
1297 3048 1461 3126 hosce
1493 3074 1672 3130 socios
1729 3077 1844 3148 pla-

254 3144 394 3200 cuit.

255 3307 348 3361 Η.
385 3305 572 3380 Pugna
618 3310 998 3371 Catelunorum
1052 3325 1100 3373 et
1144 3320 1520 3391 Cannensium,
1581 3337 1631 3383 et
1674 3333 1839 3388 cwdes

775 3392 956 3459 magni
985 3391 1083 3445 ἀνα
1093 3395 1291 3464 ngat't't'.

332 3514 431 3572 llis
455 3526 638 3574 autem
669 3523 888 3592 pransis
933 3529 1136 3596 paratis
1187 3528 1240 3583 in
1293 3530 1576 3600 procinctu
1611 3533 1678 3589 ad
1735 3535 1844 3593 hoc

253 3607 387 3671 iter,
421 3625 486 3668 ac
521 3613 786 3687 urbeiam
811 3619 1251 3690 egredientibus,
1279 3639 1406 3680 ecce
1448 3629 1847 3696 Superveniunt

253 3705 352 3772 qui
402 3708 455 3758 in
492 3699 627 3762 urbe
677 3721 836 3764 erant
871 3728 898 3766 e
948 3714 1138 3769 Genua
1175 3716 1491 3774 creditores
1528 3716 1842 3788 Rontzcrii,

252 3811 402 3866 quos
462 3798 575 3854 dixi
596 3816 621 3873 νς·
687 3806 891 3861 ethoc
925 3821 1162 3864 exeunte
1215 3810 1434 3867 brevem
1488 3818 1840 3873 occasionem

259 3890 368 3943 rati
409 3894 694 3962 repetendi
733 3888 926 3962 debiti,
957 3898 1085 3953 dum
1126 3901 1270 3955 intra
1302 3902 1841 3976 Constantinopolim

254 3976 308 4030 is
341 3978 523 4034 adhuc
573 3994 740 4050 esset,
773 4001 896 4042 cum
927 3989 1302 4046 sollicitudine
1344 4010 1406 4048 ac
1456 3999 1693 4053 tumultu
1739 4000 1846 4054 cir-

257 4075 602 4128 cumsistunt
655 4069 952 4148 hominem,
1005 4085 1142 4140 solvi
1173 4087 1360 4141 statim
1398 4090 1546 4158 quod
1600 4092 1841 4150 debebat

258 4161 594 4234 flagitantes.
648 4171 783 4226 (lum
836 4190 942 4234 eos.
989 4177 1056 4232 ad
1101 4179 1490 4248 imperatorem
1531 4187 1842 4244 remitteret

261 4257 620 4330 Rontzerius,
678 4267 921 4337 allegans
973 4269 1324 4341 imperatoris
1392 4275 1498 4333 fide
1545 4281 1838 4348 pecuniam

261 4361 571 4422 acceptam,
609 4352 664 4410 in
693 4356 813 4428 ejus
863 4361 1128 4431 obsequia
1174 4363 1504 4434 impensam,
1555 4378 1608 4426 et
1647 4387 1846 4427 nume~

260 4454 384 4495 rare
424 4445 608 4511 ipsum
640 4456 892 4515 paratum
925 4448 1166 4522 (adirent
1193 4453 1378 4520 modo,
1418 4456 1609 4513 statim
1645 4477 1844 4515 cumu-

261 4533 368 4590 late
404 4536 570 4591 laturi
597 4539 746 4608 quod
810 4544 1155 4615 poscerent),
1206 4545 1285 4599 illi
1322 4545 1439 4602 haec
1497 4549 1701 4623 effugia
1741 4557 1846 4610 rati

1972 631 2096 695 λοὺς
2134 631 2379 704 βούτζοις
2411 633 2506 689 καὶ
2535 633 2780 706 τάρπαις
2812 633 2908 688 καὶ
2938 633 3154 688 σανίσιν
3185 633 3562 704 ἀσφαλισθέν-

1969 742 2079 781 των
2107 725 2317 794 κύκλῳ,
2350 726 2655 782 κάντεῦθεν
2682 727 2759 790 ὠς
2784 727 2895 782 ἀπὸ
2922 728 3134 800 τείχους
3168 726 3472 798 βαλλόντων
3497 742 3557 781 τι

1967 820 2064 872 καὶ
2099 819 2467 891 βαλλομένων,
2510 820 2588 883 ὡς
2618 820 2714 874 καὶ
2739 819 2969 886 πολλοὺς
3006 823 3198 875 πεσεῖν
3228 820 3557 892 ἀμφοτέρω·-

1967 911 2080 967 θεν.
2112 911 2283 972 Μόλις
2321 914 2414 966 τὸν
2444 911 2676 984 Θόρυσον
2717 912 2986 984 βασιλέως
3025 912 3556 984 καταστορέσαντος,

1963 1003 2061 1058 ἐπὶ
2097 1005 2343 1073 Κυζίκου
2377 1007 2456 1068 είς
2505 1007 2958 1079 παραχειμασίαν
2988 1006 3290 1063 ἀπέπλεον.
3342 1008 3556 1064 Ἐκεῖσε

1964 1094 2009 1149 δ’
2041 1096 2370 1162 ἐπιστάντες
2426 1099 2580 1153 πόλλ’
2632 1099 2766 1154 ἄττα
2795 1101 2905 1155 τῶν
2939 1101 3195 1172 χαλεπῶν
3249 1093 3556 1173 κατεπράτ-

1962 1204 2142 1254 τοντο,
2174 1189 2325 1254 ἐντὸς
2356 1189 2452 1244 τοῦ
2495 1193 2711 1263 τείχους
2737 1187 3362 1266 καθήμενοι,’χρήματα
3393 1195 3554 1249 ἐκλέ-

1963 1299 2172 1352 γοντες,
2204 1283 2356 1354 βίους
2389 1285 2755 1358 ἁρπάζοντες,
2789 1288 3047 1358 γυναιξὶν
3080 1289 3386 1362 ἀνθρώπων
3438 1293 3543 1342 ὲπι-

1961 1373 2303 1447 χειροῦντες,
2340 1377 2569 1433 καὶτῶν
2601 1381 2844 1436 ἐποίκων
2872 1382 2973 1437 ὅσα
3002 1383 3098 1437 καὶ
3131 1383 3356 1456 ὠνητῶν
3389 1399 3558 1438 κατα.

1963 1467 2324 1539 κυριεύοντες
2368 1471 2596 1528 δούλων.
2629 1473 2779 1538 Τέως
2813 1475 2842 1528 ό
2891 1477 2990 1545 μὲν
3035 1477 3281 1550 Φαρέντα
3312 1475 3550 1548 Τζιμῆς,

1961 1559 2278 1630 αἰσχυνθεὶς
2312 1555 2424 1617 οἷον
2454 1563 2525 1617 τὰ
2571 1564 2851 1636 δρώμενα,
2885 1568 2977 1620 καὶ
3017 1567 3280 1633 πολλάκις
3321 1568 3553 1638 ἐλέγξας

1960 1652 2092 1705 οἴων
2120 1651 2220 1724 μὲν
2245 1655 2575 1726 ἀπήλαυσαν
2598 1657 2889 1727 βασιλέως,
2914 1654 3002 1713 οἶα
3027 1659 3082 1714 δὲ
3110 1663 3433 1732 πράττουσι,
3455 1660 3552 1714 καὶ

1963 1745 2040 1817 μὴ
2065 1745 2260 1812 πείσας
2291 1747 2598 1821 βαρὸάρους
2631 1751 2813 1817 ὄντας,
2839 1754 2932 1806 καὶ
2957 1752 3128 1807 αὑτοῦ
3155 1753 3550 1820 κατεξανιστα-

1962 1838 2128 1910 μένου
2150 1840 2241 1895 τοῦ
2265 1842 2489 1911 ἄγοντος
2511 1844 2771 1914 ἀπαίρειν
2789 1843 2954 1914 ἔγνω.
2979 1844 3148 1902 Ὅθεν
3173 1848 3267 1901 καὶ
3285 1865 3552 1902 συσκευα-

1961 1934 2198 2003 σάμενος
2233 1933 2348 2003 ἅμα
2376 1937 2570 1990 ναυσὶν
2600 1937 2757 2002 ίδίαις
2792 1940 2887 1994 καὶ
2912 1939 3101 2013 οἰκείῳ
3130 1939 3244 2012 λαῷ
3269 1939 3357 1994 ἐπ’
3393 1940 3544 1995 οῐκου

1957 2027 2277 2097 πορεύεται.
2322 2029 2549 2082 Ἐκεῖνοι
2603 2029 2662 2084 δὲ
2718 2033 2812 2085 καὶ
2865 2031 2945 2086 ἔτι
2996 2034 3077 2103 τῷ
3124 2033 3266 2089 κατά
3302 2031 3547 2098 Κύζικον

1957 2121 2406 2194 προσκαθήμενοι
2441 2121 2610 2194 τείχει
2661 2126 2756 2179 καὶ
2803 2128 2926 2189 ταῖς
2967 2126 3117 2196 σφῶν
3150 2125 3332 2182 αὐτῶν
3361 2129 3546 2198 ἐντρυ-

1954 2212 2164 2282 φῶντες
2225 2215 2613 2281 ἀτασθαλίαις,
2677 2217 2784 2289 ὅπη
2853 2222 2949 2272 καὶ
3021 2219 3246 2291 λήξειαν
3311 2221 3543 2277 τοιαῦτα

1952 2305 2309 2377 πράττοντες,
2365 2304 2434 2381 ἧν
2503 2309 2678 2375 οὐδεὶς
2747 2312 2993 2381 ἀγνοῶν·
3057 2312 3365 2386 Ῥωμαίους
3431 2315 3543 2390 γὰρ

1953 2491 2264 2561 peregrinis
2303 2492 2523 2563 quidem
2566 2495 2841 2553 militibus
2863 2498 3392 2562 obviumCosmidii
3419 2516 3539 2557 mo-

1949 2583 2254 2640 nasterium
2280 2587 2706 2655 occupantibus,
2730 2603 2906 2660 eoque
2933 2591 3223 2648 utentibus
3250 2607 3350 2662 pro
3373 2607 3524 2658 arce.

1953 2691 2020 2729 ex
2053 2691 2162 2746 qua
2199 2687 2580 2748 erumperent,
2615 2695 2728 2750 quo
2766 2696 2826 2737 se
2868 2681 3223 2754 reciperent;
3275 2681 3538 2741 Genuen-

1948 2767 2103 2823 sibus
2134 2773 2316 2824 autem
2349 2771 2486 2838 illic,
2528 2772 2620 2846 ubi
2650 2772 2796 2830 forte
2829 2783 2963 2830 sunt
3000 2776 3203 2848 reperti
3263 2777 3538 2848 periitto-

1950 2864 2124 2917 ralem
2177 2872 2356 2930 oram,
2389 2859 2534 2921 vello
2562 2871 2779 2943 contra
2812 2874 2866 2923 et
2917 2881 3126 2940 aggere
3157 2883 3283 2925 sese
3314 2868 3539 2924 munire

1950 2957 2358 3028 satagentibus,
2402 2961 2768 3032 certatimque
2814 2960 2882 3015 ad
2933 2961 2983 3016 id
3052 2962 3539 3033 comportantibus

1950 3047 2125 3114 (iulia,
2156 3059 2314 3106 scuta
2347 3052 2624 3124 praalonga
2683 3063 2735 3108 et
2774 3054 3014 3118 tabulas,
3067 3054 3271 3125 quibus
3310 3066 3539 3111 externo

1947 3142 2261 3197 commissis
2294 3143 2557 3215 intusque
2599 3158 2766 3202 arena
2801 3155 3062 3219 congesta
3119 3142 3395 3213 roboretis
3438 3140 3537 3206 Ica-

1949 3239 2061 3286 stra
2121 3235 2271 3289 velut
2321 3246 2420 3291 Sun
2469 3238 2709 3306 circum~
2739 3239 3105 3309 obvallarent,
3162 3251 3223 3298 ut
3283 3252 3396 3298 tum
3426 3242 3560 3298 isto‘

1947 3329 2105 3397 quasi
2146 3339 2304 3383 muro
2348 3338 2783 3402 extemporaneo
2821 3335 2927 3391 t'ela
2955 3337 3196 3393 hostium
3233 3339 3286 3392 in
3316 3338 3533 3410 objecta

1953 3423 2180 3476 materia
2215 3423 2380 3477 letum
2436 3425 2727 3494 perdentis
2761 3425 3185 3495 frustrarentur,
3221 3437 3339 3486 tum
3365 3445 3432 3483 ex
3465 3442 3533 3483 eo

1947 3527 2190 3586 superne
2241 3516 2488 3572 vicissim
2548 3515 2954 3588 iacularentur.
3000 3521 3122 3588 Quo
3164 3519 3269 3577 diu-
3308 3530 3535 3577 strenue

1948 3609 2261 3678 infesteq‘u'e
2289 3608 2560 3675 factitato,
2589 3609 2785 3668 cadere
2819 3614 3081 3685 utrinque
3109 3615 3378 3686 plurimos
3399 3629 3537 3670 cen-

1950 3703 2097 3775 tigit,
2135 3701 2315 3774 quoad
2353 3691 2881 3762 tandem-exauditis
2917 3708 3038 3764 sine
3064 3709 3171 3764 fine
3201 3706 3422 3765 iteratis
3462 3707 3532 3763 ab

1948 3795 2283 3866 imperatore
2325 3797 2610 3854 mandatis
2636 3799 2869 3855 sedatus
2911 3800 3212 3870 aliquando
3261 3800 3532 3856 tumultus

1947 3903 2055 3958 est,
2091 3909 2153 3948 ac
2192 3901 2326 3966 pace
2354 3892 2498 3950 facta
2532 3895 2920 3952 Rontzerianas
2976 3910 3100 3952 cum
3133 3911 3235 3952 suo
3269 3894 3407 3953 duce
3435 3911 3533 3952 co-

1947 3989 2052 4062 piae
2077 3989 2400 4046 conscensis
2442 3987 2676 4047 navibus
2711 3988 3064 4046 hibernatum
3106 3987 3382 4063 Cyzicumt
3415 3991 3531 4046 ive-

1948 4090 2102 4138 runt.
2134 4077 2323 4154 Cyzici
2363 4082 2456 4139 ubi
2487 4081 2665 4148 fuere,
2714 4083 2946 4140 admissi
2995 4087 3142 4148 intra
3193 4083 3535 4140 munitiones

1951 4175 2125 4232 multa
2153 4175 2374 4233 miseris
2406 4175 2520 4232 illic
2555 4175 2886 4249 degentibus
2929 4183 3113 4248 gravia
3169 4192 3271 4236 nec
3311 4176 3533 4232 mitiora

1950 4269 2243 4325 hostilibus
2283 4268 2554 4331 fecerunt.
2588 4270 2852 4340 pecunias
2883 4278 3307 4345 extorquentes,
3347 4271 3528 4324 anno-

1953 4376 2077 4418 nam
2111 4360 2465 4434 diripientes,
2518 4377 2716 4418 uxores
2748 4362 2952 4418 civium
2993 4363 3204 4423 violare
3242 4371 3530 4428 conantes,

1951 4469 2062 4510 uno
2093 4456 2284 4523 verbo,
2317 4453 2567 4512 collectis
2604 4455 2766 4512 isthic
2816 4453 3081 4511 Romanis
3134 4458 3284 4512 velut
3331 4457 3533 4528 emptis

1952 4545 2244 4619 mancipiis
2289 4547 2697 4619 superbissimo
2726 4548 3015 4604 dominatu
3075 4550 3388 4616 abutentes,
3421 4559 3528 4605 tant

260 4645 384 4686 esse
408 4633 676 4690 debitoris
716 4635 888 4702 infidi,
921 4641 990 4693 ab
1029 4656 1094 4694 eo
1121 4654 1181 4697 se
1221 4650 1474 4714 repetere
1529 4647 1720 4703 dixere
1750 4652 1838 4704 cui
1880 4626 1922 4693 ἰ)
1953 4640 2295 4698 intoleranda
2337 4641 2560 4713 quidem
2591 4643 2838 4709 licentia,
2879 4651 2940 4697 ut
2987 4641 3278 4698 Pharenda
3314 4641 3533 4698 Tzimes

260 4724 568 4791 dedissent,
607 4743 726 4782 cum
756 4728 1090 4800 imperatore
1122 4734 1226 4790 sibi
1264 4737 1401 4791 nihtl
1437 4753 1556 4794 esse
1588 4744 1793 4812 negotii
1824 4760 1840 4813 ;

259 4817 409 4874 inter
463 4819 949 4890 quae-ardescente
993 4825 1205 4898 jurgio,
1249 4840 1468 4884 ventum
1522 4833 1588 4887 ad
1624 4849 1841 4890 manum

259 4922 363 4968 est.
399 4912 706 4986 imperator
743 4918 941 4987 raptim
972 4917 1290 4976 admonitus
1327 4927 1601 4996 expedivit
1656 4930 1846 4984 confe-

271 4998 399 5061 Stitti
433 5018 742 5079 opportuna
770 5013 900 5066 rixa:
926 5013 1293 5083 dirimendas;
1332 5033 1501 5088 seque
1529 5021 1842 5090 professus,

261 5103 392 5156 licet
418 5101 468 5156 id
504 5113 650 5174 ante.
674 5106 970 5173 renuisset,
999 5123 1229 5163 summae
1262 5125 1294 5166 a
1337 5109 1721 5171 Genuensibus
1756 5133 1843 5170 re-

261 5194 448 5268 petitae
485 5193 811 5266 debitorem,
850 5215 945 5256 eos
983 5201 1124 5256 ultro
1173 5202 1238 5258 ad
1274 5205 1411 5259 satis
1458 5208 1842 5275 accipientium

258 5292 406 5360 quod
441 5291 643 5347 vellent
675 5295 928 5348 evocavit
963 5295 1028 5350 ad
1071 5313 1152 5361 se,
1193 5299 1366 5353 misso
1409 5301 1473 5355 ad
1511 5301 1563 5355 id
1621 5305 1844 5358 turbas-

259 5399 370 5453 que
439 5384 852 5455 componendas
924 5386 1209 5457 Stepbauo
1284 5388 1574 5449 Muzalone
1641 5409 1844 5465 magno

259 5478 568 5547 drungario
605 5480 688 5534 rei
723 5480 955 5536 navalis.
988 5482 1125 5538 Atis
1164 5492 1378 5539 tantum
1415 5487 1589 5542 abfuit
1614 5503 1642 5541 a
1679 5489 1846 5543 nimis

254 5571 371 5641 jam
405 5571 594 5626 adulta
657 5573 935 5629 seditione
975 5580 1410 5647 compescenda,
1455 5590 1512 5634 ut
1558 5583 1674 5652 ipse
1721 5596 1845 5637 cum

260 5681 372 5734 quo
403 5667 704 5722 vehebatur
730 5683 874 5739 equo
906 5671 1165 5728 concisus
1198 5672 1254 5727 in
1286 5671 1462 5728 frusta
1493 5674 1659 5730 fuerit
1693 5677 1850 5730 ensi-

262 5765 364 5818 bus
419 5761 533 5831 iam
579 5762 829 5818 cominus
872 5763 1251 5822 dimicantium
1309 5769 1849 5839 irrevocabiliterque

261 5859 716 5913 commissorum.
753 5856 890 5913 Hinc
928 5857 1040 5929 jam
1095 5860 1431 5917 inflammata
1483 5864 1760 5918 contentio
1794 5863 1844 5918 in

261 5953 503 6021 praelium
554 5953 813 6023 utrinque
880 5949 1302 6011 infestissimum
1365 5955 1531 6029 399
1572 5956 1843 6024 eii'erbuit,

1950 4739 2202 4808 pudenda
2262 4737 2595 4809 iniuriarum
2655 4737 2982 4809 indignitate
3023 4747 3354 4804 commotus,
3404 4754 3531 4793 cum

1949 4832 2303 4901 petulantiam
2333 4830 2736 4886 intolerandam
2775 4828 2981 4884 frustra
3018 4831 3420 4887 ﬂontzerianos
3443 4831 3530 4885 ln-

1951 4923 2229 4993 crepando
2260 4937 2322 4978 ac
2354 4919 2619 4976 beneﬁcia
2647 4921 2957 4992 meritaque
2981 4923 3033 4975 in
3055 4937 3150 4976 eos
3181 4922 3532 4992 imperatoris

1950 5014 2430 5070 commemorando
2472 5015 2768 5084 reprimere
2812 5022 2956 5083 sr‘c'pe
3003 5013 3373 5083 nequidquam
3411 5021 3533 5067 teu-

1951 5118 2138 5171 tasset,
2183 5108 2458 5173 barbaris,
2516 5108 2660 5164 duce
2706 5110 2840 5178 ipsis
2894 5107 3121 5179 preprio
3167 5108 3531 5172 assentiente,

1952 5201 2156 5256 monita
2190 5198 2581 5264 irridentibus,
2618 5200 2832 5255 otiosus
2865 5213 2989 5254 esse
3022 5199 3180 5254 testis
3207 5199 3530 5255 immanium

1952 5295 2220 5355 scelerum
2267 5310 2376 5349 non
2405 5293 2760 5355 sustinuerit.
2793 5291 2890 5347 sed
2924 5307 3055 5348 suas
3105 5309 3235 5347 vasa
3273 5293 3533 5361 colligere

1952 5389 2374 5458 copiosiussas,
2413 5388 2532 5444 suis
2569 5388 2861 5456 impositas
2909 5388 3145 5441 navibus
3183 5386 3407 5440 domum
3449 5400 3534 5439 rc-

1953 5481 2187 5536 duxcrit.
2217 5480 2337 5547 Quo
2390 5480 2620 5536 liberius
2646 5481 2842 5540 deinde
2878 5481 3231 5537 ltontzeriani
3287 5474 3534 5554 tyranni-

1951 5578 2072 5632 dem
2116 5577 2256 5632 intra
2286 5576 2468 5646 Cyzici
2494 5591 2682 5631 muros
2709 5579 2830 5631 sine
2870 5576 3314 5647 interpellatione
3355 5577 3530 5631 diram

1951 5679 2338 5734 exercuerunt,
2361 5669 2673 5738 rapacitati,
2691 5668 2976 5741 ingluviei,
2995 5669 3324 5724 libidinibus
3349 5669 3413 5722 ad
3438 5684 3530 5745 saf

1954 5765 2199 5819 tietatem
2234 5762 2613 5833 indulgentes;
2651 5778 2749 5815 nec.
2791 5764 3028 5818 obscure
3056 5763 3107 5816 id
3145 5762 3531 5840 ferentes,st

1956 5843 2157 5914 famam
2201 5873 2623 5929 quoquoversus
2653 5857 2718 5912 de
2755 5859 2840 5912 his
2877 5860 3121 5929 ipswum
3177 5859 3401 5928 ﬂagitiis
3443 5859 3530 5913 tlt-

1954 5955 2123 6010 ditam
2166 5953 2523 6009 securissime
2553 5962 3001 6018 contemnentes,
3029 5952 3231 6007 frustra
3267 5954 3531 6023 iungenti--
