4094 6280
564 328 672 398 439

1756 341 2079 405 GEORGII
2125 345 2611 411 PACHYMER/E

3718 351 3821 418 440

560 452 908 524 πανταχόθεν
948 455 1015 508 τὰ
1043 453 1194 510 δεινὰ
1241 455 1534 528 περιέστη,
1565 455 1662 528 καὶ
1709 455 2006 526 διεφώνουν
2041 458 2136 513 πά·
2174 463 2222 521 Α
2252 463 2506 535 ἡμμένην
2557 465 2820 533 λαμπάδα
2869 481 2964 521 και
3005 465 3442 538 περιερχομένην
3484 466 3544 520 τὸ
3580 467 3821 539 πόλισμα

557 563 800 619 σχοντες.

559 663 640 721 ια’.
675 668 813 736 Περὶ
853 670 962 724 τοῦ
1007 668 1324 736 κατὰ-τὴν
1372 673 1739 739 Μαγνησίαν
1787 672 2144 742 τεραστικοῦ

1198 743 1521 810 θαύματος.
1987 761 1992 766 ·

649 833 800 902 Ἐμοὶ
826 832 882 885 δὲ
912 834 1102 886 λοιπον
1129 833 1223 888 καί
1245 853 1300 888 τι
1338 836 1447 889 τῶν
1475 836 1807 901 θαυμαστῶν
1840 818 1961 890 καθ’
1990 840 2142 910 ἡμᾶς

559 927 811 980 τελεσθὲν
841 929 1100 993 ἐξειπεῖν,
1135 928 1371 1000 φοϐερὸν
1401 947 1503 1000 μεν
1526 932 1724 996 είπεῖν,
1761 931 1825 1004 [Ρ
1851 930 1984 1005 278]
2010 932 2141 986 ἄπι-

561 1039 687 1075 στον
717 1021 762 1073 δ’
789 1023 1043 1087 ἀκοῦσαι,
1075 1016 1118 1091 ᾧ
1149 1023 1214 1095 δὴ
1238 1026 1336 1079 καὶ
1363 1025 1525 1088 αὐτὸς
1551 1024 1888 1096 διηπίστησα
1918 1026 2006 1090 ἂν,
2037 1025 2139 1080 κᾶν

562 1115 630 1168 δι’
663 1115 794 1169 αὐτὸ
827 1116 920 1169 καὶ
953 1117 1278 1187 παρέλιπον,
1315 1117 1362 1172 tl
1416 1119 1490 1188 μή
1522 1135 1586 1186 γε
1635 1119 1824 1172 πολλοὶ
1852 1120 1954 1184 μὲν
1984 1119 2034 1172 οἱ
2063 1121 2142 1173 sl-

563 1214 759 1273 πόντες
787 1212 880 1264 καὶ
905 1210 1237 1275 ἀξιόπιστοι,
1264 1211 1462 1280 δεῖγμα
1489 1211 1547 1264 δὲ
1583 1211 1840 1281 προνοίας
1862 1211 1977 1282 ἔχει
2002 1211 2139 1266 Θεοῦ

563 1305 657 1357 καὶ
687 1305 785 1373 τῆς
810 1305 939 1373 περὶ
982 1304 1042 1359 τὸ
1088 1303 1430 1374 ἀνθρώπινον
1463 1304 1543 1358 ἔτι
1579 1305 1737 1374 γένος
1785 1305 2138 1374 κηδεμονίας,

561 1398 663 1449 κᾶν
721 1398 898 1462 ἄλλως
947 1397 1158 1466 βαθέως
1191 1397 1292 1451 καῖ
1316 1398 1460 1468 ὑπὲρ
1507 1399 1655 1468 ἡμᾶς
1685 1399 2017 1468 ἐνεργῶνται
2070 1399 2140 1460 τὰ

561 1491 682 1545 θεῖα
745 1493 1092 1564 βουλήματα,
1151 1492 1248 1546 καὶ
1286 1492 1404 1561 ἅμα
1454 1491 1550 1546 καὶ
1597 1491 1867 1561 βασιλέως
1899 1489 2136 1561 χρηστοῦ

561 1586 813 1653 δόξαντος
855 1585 1037 1652 δόξαν,
1086 1583 1224 1638 Θεοῦ
1280 1583 1563 1653 κρίνοντος
1597 1583 1817 1646 πάντως
1857 1583 1997 1652 μετὰ
2026 1580 2138 1639 τῶν

561 1679 1088 1751 ὲπιτετηδευμένων,
1129 1679 1225 1733 καὶ
1254 1678 1342 1746 ἐφ’
1378 1672 1468 1741 οἷς
1502 1680 1597 1731 καὶ
1638 1676 1822 1746 μόνοις
1847 1674 2137 1752 ἐπιτηδεύ-

561 1797 707 1842 ουσι,
733 1777 796 1830 τὸ
839 1776 952 1828 τῶν
982 1774 1289 1846 ἀνθρώπων
1322 1771 1548 1841 σφάλμα
1588 1771 1620 1840 ἢ
1655 1771 1753 1826 καὶ
1782 1769 2136 1842 κατόρθωμα.
2167 1811 2212 1871 Β

564 1872 706 1943 Ἤδη
753 1870 853 1942 μὶν
882 1869 976 1923 οὖν
1007 1868 1320 1936 φθάσαντες
1364 1866 1718 1935 ἐδηλώσαμεν
1756 1864 1874 1929 πῶς
1907 1863 2138 1933 Μαγνη-

563 1971 686 2032 σίας
739 1967 839 2037 τῆς
891 1966 1031 2022 κατὰ
1066 1964 1279 2035 Ἕρμον
1325 1962 1582 2033 βασιλεὺς
1621 1961 1870 2034 ἀπαίρει.
1922 1959 2140 2032 Ταύτης

564 2063 666 2132 μὲν
695 2062 1044 2133 προέστησαν
1061 2057 1243 2128 ἕτεροι
1269 2055 1536 2127 βασιλέως
1559 2055 1874 2127 ἀπηρκότος
1904 2054 2138 2122 ἐκεῖθεν,

563 2150 630 2228 ἦν
659 2154 716 2210 δὲ
743 2153 838 2208 καὶ
869 2153 897 2207 ὁ
925 2152 1022 2206 ἐπὶ
1043 2148 1326 2221 τραπέζης
1355 2145 1838 2217 Φιλανθρωπηνδς,
1873 2145 2014 2216 ἀνὴρ
2046 2145 2140 2199 εὐ·-

565 2247 753 2316 γενεέᾳ
774 2245 873 2300 καὶ
906 2247 1054 2317 γήρᾳ
1087 2243 1303 2298 συνέσει
1331 2259 1390 2296 τε
1417 2241 1514 2297 καὶ
1542 2239 1864 2312 ἐμπειρίαις
1894 2256 2139 2310 στρατη-

564 2340 750 2406 γικοῖς
779 2340 837 2402 ις
881 2338 1028 2392 ἅπαν
1060 2336 1460 2408 κοσμούμενος.
1510 2335 1598 2398 Ὦς
1626 2332 1756 2400 γοῦν
1795 2333 1857 2389 τὸ
1893 2333 2141 2402 πόλισμα

564 2430 980 2503 καστροφύλακι
1034 2430 1420 2500 ἐπετέτραπτο
1467 2428 1561 2484 καὶ
1611 2428 1714 2501 ἢδη
1759 2428 1816 2482 ὲν
1861 2427 2142 2497 ,φυλακαῖς

563 2531 772 2591 ἐκεῖνος
798 2524 1151 2596 διαγρυπνῶν
1189 2518 1260 2596 ἦν
1301 2523 1400 2594 ὀψὲ
1447 2524 1559 2576 τῶν
1595 2523 1832 2587 νυκτῶν,
1880 2520 2143 2585 πολλάκις

564 2708 671 2763 bus
697 2708 876 2764 ethoc
900 2705 1166 2764 malorum
1217 2704 1382 2778 5.00
1427 2702 1676 2760 auctario
1715 2710 1825 2757 tam
1862 2713 2009 2756 saevo
2034 2715 2137 2754 ex-

483 2863 485 2865 _
567 2811 742 2857 trema
772 2802 884 2871 jam
917 2798 1372 2856 consternatione
1418 2793 1905 2854 extahescentibus
1943 2792 2135 2849 deoio-

565 2894 863 2950 ratissimis
901 2891 1188 2948 Romanis.
1247 2958 1249 2961 η

755 3039 844 3099 15.
880 3039 952 3102 De
976 3037 1109 3097 miro
1141 3039 1284 3109 apud
1317 3036 1644 3110 Magnesiam
1680 3033 1944 3103 prodigio.

2248 555 2523 626 καθεώρα.
2560 557 2732 612 Τοῦτο
2764 559 2845 621 δὶς
2875 561 2970 613 καὶ
3002 561 3124 631 τρὶς
3143 561 3386 630 ςγεγονὺς
3414 561 3624 626 ἐννοίας
3651 564 3822 633 ἐπῆγε

2243 651 2334 702 τὸν
2359 652 2814 724 καστροφύλακα.
2854 653 2920 705 Ὃ
2971 651 3034 722 δὴ
3072 652 3164 706 καὶ
3210 654 3327 716 τοῖς
3367 653 3658 726 προέχουσι
3686 653 3824 707 κατὰ

2243 745 2304 797 τὸ
2344 745 2493 808 είκὸς
2549 745 2960 814 κοινωσάμενος
3008 745 3298 810 κάκείνους
3348 747 3427 809 είς
3474 747 3573 818 τὴν
3634 746 3826 817 ὁμοίαν

2248 839 2443 909 ἐνῆγεν
2473 839 2758 910 ἐκπληξινδ
2793 840 2939 903 Τέως
2976 839 3171 911 μαθεῖν
3201 839 3496 912 ἠόοὑλοντο
3529 840 3584 893 τί
3625 840 3690 896 ἂν
3731 837 3825 894 καὶ

2237 932 2324 1001 εἴη
2354 933 2531 989 τοῦτο.
2582 934 2690 988 Καὶ
2720 934 3032 1004 πέμπονται
3067 928 3172 1004 μὲν
3215 933 3310 990 καὶ
3351 934 3504 991 ἄλλοι
3551 951 3827 989 κατασκο-

2247 1027 2536 1097 πήσοντες,
2570 1027 2728 1081 οὐδὲν
2767 1028 2823 1082 δὲ
2854 1029 3016 1084 πλέον
3044 1026 3139 1082 τοῦ
3176 1030 3555 1101 πραττομένου
3595 1028 3825 1091 ἐκείνοις

2243 1119 2692 1178 ἀπεκαλὺπτετο.
2726 1123 2832 1176 Σῦν
2858 1123 3075 1185 πολλοῖς
3102 1123 3158 1178 δὲ
3178 1123 3290 1185 τοῖς
3317 1122 3502 1186 ἄλλοις
3523 1122 3826 1192 ἀπέρχεται

2243 1213 2338 1266 καὶ
2371 1213 2397 1265 ὁ
2435 1211 2522 1266 τοῦ
2570 1215 3027 1284 καστροφύλακος
3068 1216 3322 1287 ἁδελφὸς.
3358 1215 3422 1270 ὃν
3449 1216 3546 1270 καὶ
3582 1216 3829 1270 ἐκκεκω-

2242 1305 2514 1375 φευμένον
2561 1310 2624 1358 ὲκ
2662 1309 2886 1378 γενετῆς
2938 1311 2986 1361 οἱ
3047 1311 3252 1373 πάντες
3283 1309 3505 1382 ᾔδεσαν.
3567 1310 3674 1363 Καὶ
3711 1309 3831 1371 τοῖς

2245 1396 2344 1466 μὲν
2372 1398 2465 1460 τοῦ
2503 1399 2772 1467 συνήθους
2804 1399 2968 1453 πλέον
2991 1401 3092 1454 οὐκ
3116 1395 3186 1473 ἦν
3217 1402 3536 1473 μανθάνειν,
3573 1401 3652 1473 τῷ
3681 1402 3736 1455 δὲ
3768 1401 3830 1454 τὸ

2241 1488 2558 1561 θαυμαστὸν
2586 1493 2762 1546 ἐκεῖνο
2791 1492 2892 1545 καὶ
2924 1494 3239 1566 ἀπόρρητον
3275 1495 3457 1565 θέαμα
3489 1494 3832 1548 ἐκκαλύπτε-

2239 1600 2350 1638 ται.
2397 1585 2507 1638 Καὶ
2556 1587 2589 1658 ή
2633 1587 2813 1649 πίστις
2864 1587 3170 1660 προσετέθη
3221 1587 3299 1658 τῷ
3333 1591 3456 1644 κατ’
3486 1589 3648 1642 αὑτὸν
3689 1588 3830 1642 θαύ-

2244 1693 2375 1744 ματι
2397 1693 2410 1706 ·
2439 1677 2466 1729 ὁ
2499 1678 2604 1749 γὰρ
2642 1678 2818 1732 λαλῶν
2854 1679 2910 1745 ἐξ
2945 1680 3128 1734 ὲννεοῦ
3158 1681 3251 1735 καὶ
3283 1681 3471 1751 κωφοῦ
3502 1681 3694 1736 πιστόν
3722 1681 3823 1754 [Ρ.

2240 1765 2371 1840 9.79]
2429 1785 2487 1822 τε
2537 1770 2632 1822 καὶ
2674 1770 3074 1843 ἀναντίρρητον
3125 1774 3152 1825 ὃ
3187 1789 3238 1825 τι
3279 1771 3347 1827 ἂν
3388 1773 3534 1826 εἴποι
3569 1771 3828 1827 καθίστα.

2241 1862 2437 1919 Βλέπει
2465 1856 2558 1918 οὖν
2589 1865 2796 1928 ἐκεῖνος
2821 1866 3147 1937 προσμένων
3169 1868 3229 1921 οὐ
3260 1866 3522 1935 λαμπάδα
3543 1865 3828 1937 ἡμμένην.

2239 1952 2355 2008 ἀλλ’
2383 1954 2556 2025 ἀνδρα
2589 1955 2894 2026 βασιλικῶς
2923 1957 3290 2029 ἐσταλμένον,
3346 1959 3447 2025 τὰς
3495 1962 3595 2029 μὲν
3648 1959 3832 2014 αὐτῶν

2240 2047 2492 2115 φυλακὰς
2525 2041 2639 2103 οἷον
2667 2047 3076 2116 ἐξουθενοῦντα,
3111 2053 3273 2106 αὑτὸν
3304 2052 3360 2106 δὲ
3398 2052 3496 2124 τὴν
3524 2053 3831 2122 τῆς-φυλα-

2242 2138 2345 2208 κῆς
2381 2141 2685 2213 ἐπιτροπὴν
2719 2141 2867 2212 ἔχειν
2895 2141 3149 2212 λέγοντα.
3186 2146 3296 2198 Καὶ
3335 2144 3451 2213 ἅμα
3485 2147 3710 2200 είπὸντα
3748 2144 3832 2209 ὡς

2243 2231 2384 2305 πρὺς
2413 2234 2682 2290 ἀκούοντα
2714 2235 2896 2305 λέγειν
2916 2253 2933 2270 ⁸
2963 2238 3061 2293 καὶ
3092 2238 3201 2308 γὰρ
3245 2242 3273 2295 ὁ
3314 2225 3501 2311 κωφὸς
3528 2241 3697 2311 ἤκουε
3725 2257 3834 2293 πα-

2245 2325 2500 2395 ραυτίκα.
2535 2326 2917 2397 Προστάσσειν
2948 2329 3008 2384 δὲ
3038 2329 3138 2403 τὴν
3176 2332 3363 2401 φωνὴν
3412 2331 3628 2403 μεγάλῃ
3673 2333 3830 2403 φωνῇ

2242 2419 2358 2482 τοῖς
2388 2416 2620 2486 φύλαξιν
2655 2420 3018 2490 ἐπαγγέλλειν
3051 2423 3430 2495 ἐγρηγορότας
3451 2423 3526 2488 ὡς
3551 2423 3630 2478 ἔνι
3662 2424 3829 2493 μάλι-

2247 2501 2353 2565 στα
2378 2511 2478 2581 τῆς
2503 2513 2781 2585 σωτηρίας
2806 2514 3213 2585 ἐπιμελεῖσθαι.
3246 2517 3357 2570 Καὶ
3393 2515 3578 2586 θαῦμα
3610 2532 3831 2587 παραυ-

2245 2704 2305 2751 ut
2335 2694 2561 2750 fortuita
2604 2695 2687 2751 vel
2740 2696 3134 2756 aberrantibus
3188 2697 3455 2756 illudente
3502 2701 3681 2758 oculis
3723 2718 3832 2760 ue-

2244 2788 2448 2858 glecta,
2503 2801 2794 2860 postquam
2836 2791 3026 2849 eadem
3068 2793 3181 2864 jam
3237 2809 3298 2851 se
3325 2794 3488 2849 tertio
3529 2796 3837 2866 conspicue

2244 2889 2503 2949 ostentat,
2538 2882 2696 2966 401
2733 2885 2879 2942 haud
2907 2894 3060 2942 ratus
3092 2886 3554 2943 contemnendam
3587 2888 3835 2945 advoca-

2246 2976 2317 3034 tis
2353 2973 2676 3033 ductoribus
2705 2978 2960 3035 ordinum
2990 2979 3272 3051 primariis
3303 2971 3585 3052 indigitat,
3616 2995 3833 3053 eosque

2249 3070 2304 3124 in
2337 3085 2522 3141 parem
2564 3085 2759 3126 secum
2791 3063 3222 3131 admirationem
3267 3076 3560 3132 manifeste
3585 3090 3834 3132 cernen.

640 3177 746 3236 Sed
772 3176 906 3233 mihi
935 3176 1028 3233 diu
1056 3185 1293 3246 pertaesa
1327 3175 1711 3230 narrationum
1746 3171 2139 3237 infaustarum,
2174 3177 2216 3236 c
2253 3175 2332 3222 tes
2383 3165 2619 3223 inducit.
2670 3167 2854 3224 Placet
2904 3169 3126 3226 cunctis
3184 3169 3318 3226 dare
3366 3185 3588 3241 operam
3635 3179 3695 3228 ut
3733 3174 3840 3231 hoc

565 3266 799 3327 oﬂertur
846 3281 977 3324 ecce
1025 3273 1334 3337 opportune
1382 3262 1835 3321 commemoratio
1884 3263 2144 3335 auspica-

566 3363 680 3420 tior
717 3360 844 3417 miri
881 3359 1024 3431 apud
1073 3373 1174 3415 nos
1207 3357 1308 3414 visi
1347 3357 1602 3429 prodigii.
1644 3355 1800 3424 Quod
1827 3355 2036 3422 dicam,
2069 3356 2146 3420 ita

567 3455 816 3514 terribile
854 3454 1007 3511 dictu
1050 3463 1158 3520 est,
1193 3454 1273 3508 ita
1311 3451 1635 3508 incredibile
1672 3449 1896 3516 auditu,
1932 3459 1992 3508 ut
2043 3464 2146 3512 nec

569 3550 678 3620 ipsi
711 3549 805 3604 diu
859 3546 992 3603 mihi
1033 3545 1199 3603 [idem
1237 3544 1452 3610 fecerit,
1487 3553 1545 3600 et
1588 3543 1905 3600 emissurus
1938 3555 1995 3598 ut
2028 3559 2144 3599 rem

569 3639 986 3698 inverisimilem
1021 3637 1238 3702 fuerim,
1274 3637 1380 3692 nisi
1443 3642 1709 3692 constans
1747 3635 2044 3692 afﬁrmatio
2091 3644 2148 3691 et

568 3734 938 3807 plurimorum
972 3741 1028 3790 et
1078 3732 1410 3788 idoneorum
1475 3730 1698 3793 testium
1755 3730 1972 3786 tandem
2019 3730 2148 3786 reli-

570 3824 790 3895 gionem
833 3823 1136 3880 incussiset
1175 3821 1485 3877 inofficiosa
1535 3821 1820 3890 premendi
1872 3820 2149 3877 oblivione

569 3911 738 3978 facti,
773 3912 827 3966 in
857 3927 968 3983 quo
1003 3919 1059 3968 et
1101 3917 1488 3982 argumentum
1515 3917 1695 3965 exstat
1728 3909 1938 3964 clarum
1975 3909 2149 3964 divini

573 4003 832 4061 Numinis
870 4005 922 4059 in
959 4019 1047 4059 res
1077 4003 1348 4059 humanas
1377 4001 1764 4072 providentiae,
1804 4002 1858 4058 in
1891 4017 1999 4063 nos
2025 4019 2151 4073 pro-

575 4097 870 4177 teetionis,
915 4105 1197 4166 utcunque
1229 4096 1685 4156 inscrutabilibus
1717 4095 1786 4151 de
1822 4096 2006 4154 causis
2027 4096 2150 4170 ejus

574 4192 630 4247 in
663 4207 766 4256 nos
799 4191 1022 4247 eosdem
1073 4188 1285 4260 ﬂagella
1318 4190 1645 4258 deszeviant,
1686 4189 1925 4260 denique
1961 4189 2015 4245 in
2040 4205 2152 4262 quo

573 4284 821 4340 cernitur
857 4282 1062 4339 illustri
1089 4282 1363 4337 vindicata
1392 4283 1728 4339 documento
1761 4282 1904 4346 fama
1941 4291 1994 4339 et
2019 4299 2152 4341 san-

574 4379 740 4435 ctitas
771 4378 1041 4433 dominati
1083 4376 1246 4438 nobis
1286 4377 1416 4431 olim
1450 4392 1575 4431 cum
1628 4377 1943 4434 clementiae
1985 4378 2152 4434 laude

573 4471 838 4545 principis
859 4511 874 4536 ,
904 4470 1054 4530 circa
1086 4487 1248 4539 quem
1297 4471 1466 4526 libere
1507 4469 1835 4527 hominihus
1854 4470 2004 4525 varia
2033 4471 2153 4540 Opi-

2248 3259 2380 3332 quid
2415 3261 2487 3316 sit
2537 3259 2850 3323 addiscant.
2886 3262 3179 3320 Mittuntur
3207 3263 3277 3320 ab
3311 3264 3396 3321 bis
3433 3266 3528 3337 qui
3578 3268 3838 3322 cominus

2247 3351 2574 3410 accedentes
2600 3353 2668 3408 ad
2703 3354 2757 3410 id
2794 3355 2974 3412 lumen
3015 3359 3242 3428 propius
3271 3358 3558 3428 explorent
3589 3374 3654 3416 ac
3681 3375 3841 3417 com-

2249 3457 2404 3517 perta
2435 3445 2702 3502 referant.
2736 3446 2834 3503 lsti
2860 3449 2995 3505 nihil
3039 3449 3162 3521 plus
3193 3451 3536 3507 admovendo
3574 3467 3634 3510 se
3661 3468 3841 3524 prope

2249 3554 2414 3611 quam
2457 3541 2651 3611 procul
2699 3540 2966 3598 intuendo
3016 3543 3368 3615 detegebant,
3414 3546 3588 3602 solam
3639 3556 3692 3603 et
3731 3548 3844 3619 ipsi.

2249 3633 2556 3704 lampadem
2586 3634 2857 3703 videntes,
2895 3636 3074 3705 quoad
3129 3652 3255 3692 cum
3312 3640 3500 3699 multis
3534 3654 3600 3713 eo
3628 3639 3842 3698 missus

2251 3726 2493 3781 accurrit
2536 3725 2705 3782 frater
2755 3727 3003 3785 custodis
3057 3732 3232 3796 arcis,
3292 3746 3452 3799 quem
3503 3741 3715 3787 mutum
3783 3741 3839 3787 et

2252 3821 2482 3876 surdum
2517 3836 2583 3877 ex
2611 3831 2802 3877 ventre
2831 3823 3019 3879 matris
3055 3839 3250 3879 omnes
3274 3833 3492 3880 norant.
3524 3823 3705 3896 Atque
3731 3827 3834 3881 hu-

2250 3913 2343 3984 jus
2375 3914 2672 3971 comitibus
2701 3914 2838 3970 nihil
2881 3931 3048 3985 supra
3099 3917 3250 3988 prius
3282 3920 3484 3976 missos
3521 3920 3836 3990 conspicari

2253 4005 2533 4076 contigit:
2569 4005 2661 4060 uni
2697 4017 2850 4060 muto
2881 4006 2982 4074 illi,
3019 4007 3407 4079 mysteriorum
3470 4007 3631 4078 quasi
3665 4008 3835 4064 valvis

2255 4098 2767 4166 reseratis,‘novum
2791 4108 2874 4154 est
2900 4099 3270 4173 spectaculum
3303 4099 3577 4166 oblatum,
3612 4111 3666 4156 et
3694 4099 3837 4157 fidei

2255 4189 2378 4246 viso
2407 4205 2505 4260 per
2538 4191 2866 4245 miraculum
2909 4191 2964 4245 in
2989 4199 3188 4262 cpopta
3220 4191 3577 4249 manifestum
3626 4194 3836 4262 (ξοπιειὶ-

2256 4283 2323 4340 tit
2360 4301 2374 4361 ι
2421 4282 2547 4354 quis
2597 4287 2747 4340 enim
2783 4293 2941 4340 muto
2977 4285 3223 4356 loquenti
3253 4287 3478 4344 credere
3513 4286 3660 4358 quod
3697 4286 3819 4343 aﬂir

2255 4376 2439 4432 mabat
2485 4375 3033 4445 cunctareturllﬂic
3092 4376 3262 4446 igitur
3290 4392 3320 4432 e
3356 4377 3538 4433 vicino
3593 4385 3838 4434 attentus

2257 4484 2585 4539 permanens
2633 4470 2782 4526 clare
2828 4469 2972 4525 videt
3019 4485 3127 4524 non
3170 4469 3480 4542 lampadem
3523 4471 3836 4536 ardentem,

573 4565 722 4619 natis
758 4573 813 4618 et
839 4564 1070 4630 locetis,
1104 4565 1320 4621 videtur
1346 4565 1510 4628 Deus,
1543 4566 1631 4621 cui
1665 4572 1796 4622 sunt
1826 4563 1921 4619 uni
1951 4567 2154 4634 optime
2188 4563 2232 4620 ι)
2262 4564 2356 4622 sed
2405 4565 2592 4620 virum
2632 4563 2981 4634 imperatoris
3028 4573 3286 4620 ornatum
3337 4564 3649 4636 insignibus
3675 4604 3691 4631 ,
3744 4566 3840 4635 qui

575 4669 902 4720 cunctorum
936 4658 1079 4715 bona
1107 4660 1316 4731 pariter
1348 4667 1402 4713 et
1425 4673 1592 4729 prava
1635 4674 1805 4729 opera
1841 4670 2151 4730 perspecta,

574 4768 701 4808 eum
754 4751 927 4808 fuisse
975 4750 1431 4821 sibi.probatum
1474 4750 1677 4806 illustri
1711 4751 1956 4807 voluisse
2002 4754 2157 4812 testi-

575 4846 762 4901 monio
824 4851 1179 4899 monstrare-
1219 4842 1339 4900 Jam
1400 4850 1561 4898 antea
1613 4842 1960 4916 narravimus
2019 4850 2077 4896 ut
2127 4859 2158 4901 ο

574 4939 850 5013 Magnesia
871 4939 939 4994 ad
966 4937 1228 4993 Hermum
1254 4937 1361 4992 sita
1395 4935 1624 4992 Michael
1651 4937 2158 5006 imperatorjunior

574 5034 888 5091 recesserit.
934 5032 1065 5088 Post
1096 5031 1216 5102 ejus
1257 5031 1562 5086 discessum
1611 5031 1771 5090 istius
1804 5034 2027 5087 munitze
2069 5033 2148 5087 ci.-

575 5129 766 5184 vitatis
798 5126 1068 5182 custodiae
1114 5123 1450 5196 pra-fuerunt
1480 5123 1592 5189 alii,
1624 5140 1762 5194 quos
1796 5125 1938 5180 inter
1972 5125 2076 5181 fuit
2103 5135 2157 5182 et

577 5238 781 5278 inclusae
824 5220 1150 5291 praepositus
1183 5218 1705 5288 Philantlurupenus,
1731 5218 1812 5273 vir
1842 5218 2151 5285 nobilitate,

579 5323 884 5379 senectute,
915 5313 1209 5383 prudentia
1257 5322 1311 5365 et
1343 5311 1663 5370 bellicorum
1712 5320 2004 5366 eventuum
2057 5326 2158 5368 ex—

579 5410 897 5479 perimentis
924 5422 1137 5463 summe
1160 5403 1600 5460 commendatus.
1635 5405 1769 5459 Cum
1819 5404 1943 5458 huic
1990 5404 2156 5474 igitur

580 5501 800 5557 custodi
845 5513 909 5553 ac
961 5497 1318 5568 praesidiariae
1373 5495 1496 5551 duci
1544 5495 1755 5553 militiae
1804 5495 2014 5550 credita
2066 5494 2156 5549 illa

580 5595 778 5652 civitas
806 5600 971 5658 esset,
1001 5607 1174 5661 caque
1204 5591 1292 5647 ille
1320 5606 1451 5646 cura
1477 5589 1800 5660 fungeretur
1825 5590 2156 5659 intempesta

583 5687 866 5740 excubans
905 5692 1067 5738 nocte
1098 5697 1160 5736 ac
1196 5682 1410 5754 vigilias
1455 5681 1688 5736 militum
1728 5681 2044 5751 explorans,
2081 5681 2158 5735 vi-

578 5781 669 5836 det
712 5793 840 5833 ecce
892 5777 1014 5844 plus
1072 5776 1193 5830 vice
1234 5773 1467 5846 simplici
1515 5791 1805 5830 accensam
1854 5775 2156 5844 lampadem

559 5874 1021 5935 circumeuntem
1060 5887 1246 5936 muros
1298 5871 1470 5930 urbis.
1519 5869 1598 5934 fle
1628 5870 1795 5934 semel
1850 5872 2158 5946 iterumque

2265 4674 2375 4730 prae
2401 4673 2459 4716 se
2492 4657 2674 4713 ferens
2705 4656 2949 4714 difﬁdere
2972 4674 3030 4714 se
3053 4658 3348 4714 custodum
3381 4658 3547 4714 castri
3582 4660 3841 4714 excubiis

2266 4759 2325 4814 ut
2368 4747 2823 4811 insullicientibus
2857 4756 2913 4805 ct
2945 4746 3204 4818 languide
3247 4745 3522 4812 remissis,
3556 4761 3678 4801 sese
3722 4749 3840 4802 aie-

2265 4843 2358 4897 bat
2405 4842 2586 4912 ipsum
2643 4841 2796 4897 urbis
2838 4840 2944 4896 sibi
3004 4837 3221 4895 tuendae
3272 4854 3465 4895 curam
3528 4851 3840 4896 assumere.

2265 4934 2398 5003 Quae
2431 4936 2663 5005 loquens
2690 4935 3020 4993 audiebatur
3055 4950 3085 4988 a
3114 4934 3269 5005 prius
3292 4933 3464 4991 surdo
3497 4951 3509 4998 ;
3551 4933 3844 5004 eidemque

2266 5033 2533 5085 hactenus
2579 5029 2740 5083 etiam
2775 5037 2926 5083 muto
2961 5028 3269 5099 imperabat
3318 5037 3376 5082 ut
3405 5027 3757 5098 loqueretur,
3789 5034 3845 5082 et

2264 5122 2484 5194 quidem
2516 5139 2649 5179 voce
2675 5131 2954 5188 contenta,
2982 5123 3289 5180 admonens
3325 5121 3698 5192 praesidiarios
3742 5137 3845 5176 ex—

2265 5216 2545 5280 cubitores
2597 5217 2762 5271 etiam
2804 5223 2968 5285 atque
3027 5215 3195 5271 etiam
3248 5212 3467 5286 vigilias
3514 5213 3842 5280 intendere,

2265 5313 2576 5382 acriterque
2606 5309 2926 5381 prospicere
2961 5309 3122 5364 saluti
3160 5307 3530 5379 periclitantis
3572 5306 3838 5364 civitatis.

2267 5405 2329 5459 Et
2359 5420 2485 5460 ecce
2530 5404 2853 5458 miraculum
2885 5403 3151 5458 miraculo
3206 5402 3452 5458 additum
3489 5420 3504 5457 :
3536 5403 3630 5472 qui
3685 5403 3833 5457 enim

2266 5499 2428 5552 modo
2481 5498 2715 5567 primum
2746 5496 3002 5553 audierat
3033 5496 3163 5551 .sibi
3213 5496 3640 5566 praecipientem,
3692 5510 3840 5554 nunc

2265 5589 2450 5655 etiam,
2495 5590 2625 5645 dum
2668 5593 2840 5658 jussis
2890 5591 3273 5658 obtemperat,
3328 5602 3547 5657 semper
3606 5589 3841 5650 antehac

2267 5692 2452 5740 mutus
2498 5685 2689 5755 incipit
2728 5684 2902 5755 loqui,
2945 5683 3204 5752 clareque
3247 5679 3602 5752 praesidiariis
3635 5697 3756 5736 cum
3807 5696 3841 5734 ιι

2267 5791 2327 5829 se
2367 5779 2480 5831 visa
2518 5789 2630 5831 tum
2690 5777 2828 5847 ipsis
2880 5775 3138 5830 mandata
3174 5772 3520 5846 pronuntiat,
3567 5773 3726 5829 (idem
3755 5772 3842 5828 fa-

2267 5871 2370 5934 cilc
2424 5871 2657 5944 prodigii
2715 5871 2941 5951 pignore
3000 5871 3197 5937 idoneo
3245 5862 3570 5952 impetratis.
3629 5866 3840 5936 Nemini
