4094 6280
416 369 515 435 441
1341 377 1442 438 DE
1483 377 1932 440 ANDRONICO
1957 379 2426 448 PAL/EOLOGO
2451 385 2611 448 LIB.
2648 386 2716 448 V.
3554 383 3662 450 ΗΞ

413 486 542 539 τίκα
593 484 956 552 ἐπηκολούθει
995 483 1068 556 τῷ
1108 485 1392 567 θαύματι·
1439 490 1467 542 δ
1513 490 1622 560 γὰρ
1663 490 1881 544 ἀκούων
1911 487 1998 557 ἐφ’
2029 492 2071 549 Α
2102 493 2310 565 χάρων,
2375 495 2450 558 ὼς
2505 493 2661 548 αὐτοὶ
2696 494 2854 563 φαῖεν
2902 493 3005 560 ἀν,
3055 494 3247 561 Κάνιν,
3306 494 3404 548 καὶ
3437 497 3688 565 γαμικάς

417 579 446 633 ὃ
491 595 546 630 τι
586 577 782 647 πράξω
829 578 929 648 ἤδη
984 579 1078 632 καὶ
1124 580 1320 649 φωνῶν
1353 582 1609 652 ἠκούετο,
1660 585 1753 637 καὶ
1779 580 1999 647 ,ἔδειξεν
2098 585 2392 656 ἀπιμιξίας
2429 584 2726 657 προτείνει.
2771 587 2865 641 καὶ
2902 586 3208 658 ἐπαμύνειν
3240 588 3529 658 προσαξιοῖ
3573 585 3689 652 τοῖς

419 671 631 736 ἐκεῖνος
677 671 858 725 λαλῶν
911 688 972 725 τε
1032 672 1226 740 λόγους
1269 673 1521 737 πιστούς.
1577 674 1883 746 Προσπαίει
1944 673 2001 727 δὲ
2105 677 2215 730 τῶν
2260 677 2543 746 Ῥωμαίων
2581 679 2643 752 [Ρ
2677 679 3078 752 280]ὲσχάτως
3112 680 3296 751 έχουσι
3333 681 3691 752 πράγμασιν.

421 764 777 836 «iamduci:
817 764 910 818 καὶ
951 765 1149 834 ἀληθὲς
1191 761 1336 838 ﬁmi}
1366 767 1470 822 τοῦ·
1484 767 1751 839 βασιλέως
1789 766 2001 821 ἐκείνου
2117 770 2175 824 '0
2218 770 2272 824 δὲ
2323 771 2420 824 καὶ
2459 771 2557 843 τὴν
2609 772 2834 839 ἀξίωσιν
2880 772 3120 844 δέχεται,
3157 772 3254 827 καὶ
3283 770 3342 825 τὺ
3374 772 3535 841 κῆδος
3571 773 3689 838 (ἐπὶ

419 858 517 912 τοῦ
552 858 850 930 ὲλεήμονος
896 859 1170 923 Ἰωάννου,
1211 857 1395 924 καθὼς
1429 861 1495 913 ἂν
1543 859 1572 912 ὁ
1626 860 1797 924 Λυδὸς
1834 859 2002 927 εἴποι,
2105 867 2217 936 γὰρ
2244 869 2450 937 φυσικῇ
2485 865 2740 937 θυγατρὶ,
2776 863 2843 939 ἧς
2877 866 3044 929 αὐτὸς
3075 860 3330 936 βασιλεὺς
3362 865 3544 934 πατὴρ
3575 851 3692 918 Evo-

420 950 740 1013 ἀπιστασία,
768 951 826 1003 έν
901 967 975 1004 πα
985 950 1053 1020 pd
1071 951 1207 1004 Θεοῦ
1227 949 1599 1021 φυλάττεσθαι
1629 950 2000 1010 ὲπιστεύοντο.

424 1052 522 1110 ις’.
561 1045 695 1112 Περὶ
733 1043 841 1098 τοῦ
873 1046 1022 1100 κατὰ
1047 1047 1155 1111 τὰς
1186 1045 1450 1113 Σάρδεις.
1464 1045 1584 1099 τῶν
1608 1046 1911 1116 ἡμετέρων
1934 1045 2006 1100 ἐκ

775 1116 1086 1183 περινοίας
1112 1116 1667 1185 ἀνδραγαθήματος.

497 1220 609 1278 Ἦν
641 1226 741 1296 μὲν
765 1224 860 1280 οὖν
889 1226 960 1280 τὰ
987 1226 1275 1298 καθ’ήμᾶς
1302 1227 1396 1282 καὶ
1423 1227 1542 1282 λίαν
1571 1226 1743 1293 δεινά,
1770 1227 1881 1282 τῶν
1905 1227 2009 1298 μὲν

423 1319 580 1384 turb;
626 1318 838 1388 πόλεως
874 1319 1027 1378 οὐδὲν
1073 1320 1428 1376 ὑποστάντων
1478 1328 1579 1392 τὴν
1620 1321 1730 1375 τῶν
1778 1321 2009 1392 Περσῶν

424 1412 799 1467 ἀνυπόστατον
834 1412 1039 1485 ῥύμην,
1076 1413 1172 1468 καὶ
1203 1414 1295 1468 διὰ
1327 1413 1486 1469 τοῦτο
1511 1415 1620 1468 τῶν
1651 1416 1751 1484 μὲν
1781 1432 2009 1484 φονευο-

429 1503 630 1571 μένων,
657 1503 768 1558 τῶν
797 1504 843 1558 δ’
883 1505 1370 1577 ἀπανισταμένων,
1411 1509 1521 1562 τῶν
1570 1508 1668 1579 μὲν
1715 1511 1794 1572 είς
1829 1509 2013 1573 πόλεις

428 1597 525 1650 καὶ
556 1600 817 1670 φρούρια,
848 1600 1036 1655 τῶνδ’
1067 1603 1148 1665 είς
1176 1603 1396 1672 νήσους,
1425 1602 1600 1657 ἄλλων
1624 1603 1680 1656 δὲ
1710 1605 1808 1666 ,καὶ
1834 1603 1912 1665 είς
1943 1603 2011 1657 τὰ

429 1692 552 1744 κατ’
602 1694 969 1765 ἀντιπεραίαν
1021 1695 1259 1765 ἀσφαλῆ,
1318 1696 1451 1749 ὅπου
1484 1696 1552 1750 ἂν
1607 1697 1701 1751 καὶ
1759 1695 2010 1759 σωθεῖεν,

2112 959 2321 1034 μίζετο,
2357 961 2680 1035 συνεφώνει)
2716 963 3177 1034 προσαπεδέχετο,
3221 961 3319 1018 καὶ
3362 962 3689 1032 ὑποσχέσεις

2108 1053 2372 1122 ἀσφαλῶς
2427 1054 2603 1110 ἐδίδου
2684 1054 3109 1128 μετελεύσεσθαι
3163 1057 3292 1118 τοὺς
3356 1046 3688 1124 ἀλάστορας.

2110 1147 2285 1203 Τοῦτο
2319 1150 2617 1220 φημισθὲν,
2665 1151 2744 1214 ὡς
2779 1151 2944 1215 είκδς,
2985 1153 3101 1214 τοῖς
3141 1151 3240 1222 μὲν
3280 1148 3490 1214 λοιποῖς
3515 1148 3692 1210 ἄλλως

2110 1240 2444 1312 ᾠκονομεῖτο
2471 1245 2503 1313 ἡ
2529 1244 2660 1317 περὶ
2683 1245 2784 1308 τάς
2813 1245 3081 1307 συστολὰς
3105 1241 3333 1315 σπουδὴ,
3353 1243 3459 1298 κᾶν
3488 1245 3694 1314 ὴφρονς

2109 1336 2327 1391 τίστουν
2361 1337 2424 1390 τδ
2455 1337 2592 1402 τέως
2614 1356 2628 1371 ·
2670 1339 2751 1392 ἑνὶ
2779 1339 2834 1393 δὲ
2859 1336 3065 1393 τούτων
3097 1340 3176 1410 τῷ
3223 1337 3425 1392 Ἀλάῖδι
3455 1339 3524 1389 τὰ
3550 1323 3695 1389 κατᾶ

2111 1428 2210 1501 τὴν
2236 1430 2440 1486 Λυδίαν
2473 1432 2901 1503 καταδραμόντι,
2939 1433 3081 1488 ὥστε
3114 1417 3227 1487 ’καὶ
3277 1431 3430 1487 λείαν
3467 1428 3693 1494 Μυσῶν,

2113 1523 2174 1576 οὐ
2218 1524 2406 1579 Λυδῶν
2465 1525 2704 1595 φανῆναι
2735 1527 2912 1591 τάκεῖ,
2967 1525 3402 1593 κατασεισθὲντις
3432 1526 3497 1595 τῇ
3537 1523 3698 1596 φήμῃ

2114 1613 2241 1676 τοὺς
2291 1613 2592 1685 λογισμοὺς
2637 1615 2783 1682 ἔδοξε
2839 1603 3112 1687 προνοεῖν
3142 1615 3324 1684 ἑαυτῷ
3367 1633 3427 1668 τε
3459 1605 3696 1680 καὶτοῖς

2122 1706 2270 1768 ἰδίοις
2302 1706 2410 1760 τῶν
2435 1708 2497 1761 ὲκ
2525 1707 2778 1778 φυλακῆς
2810 1710 3227 1780 συμφερόντων.
3261 1708 3480 1780 Ἀμέλει
3501 1706 3700 1762 τοικαὶ

431 1783 740 1894 ρλεπδντων
806 1787 902 1840 καὶ
958 1787 1278 1858 ὁρμώντων,
1315 1788 1426 1840 τῶν
1478 1789 1522 1842 5'
1567 1788 1716 1851 ἐντὸς
1767 1789 1860 1842 καὶ
1892 1787 2014 1841 λίαν
2047 1835 2091 1894 Β
2121 1799 2232 1860 τοις
2261 1796 2401 1851 κατὰ
2432 1797 2494 1851 τὸ
2519 1798 2629 1851 τῶν
2647 1799 2899 1870 Σάρδεων
2932 1800 3194 1872 φρούριον
3224 1800 3421 1870 ὀχυρὸν
3450 1797 3622 1862 ἄλλως
3639 1796 3704 1865 δν,

430 1877 628 1941 ἐνδεῶς
649 1879 886 1946 ἐχόντων
914 1880 1025 1934 τῶν
1055 1881 1376 1946 ἀναγκαίων
1399 1881 1484 1934 διὰ
1504 1881 1735 1951 τὴνῖτῶν
1760 1881 2016 1952 ἐξωτερι-

429 1974 545 2028 κῶν
577 1973 938 2039 έξαπὼλειαν.
987 1974 1258 2036 Βασιλεὺς
1317 1975 1417 2044 μὲν
1462 1971 1557 2028 οὖν
1606 1975 1696 2029 διὰ
1738 1974 1913 2028 ταῦτα
1943 1972 2019 2037 ὡς

432 2061 544 2121 οἷόν
577 2065 629 2119 τ’
660 2060 730 2138 ἦν
775 2066 1316 2137 ἀντιπαλαμὼμενος
1364 2063 1504 2140 πρὸς
1549 2068 1642 2132 τὰς
1671 2068 1782 2120 τῶν
1827 2065 2020 2121 δεινῶν

437 2160 752 2232 ὶπιρῤοἰας.
815 2160 1060 2215 Ἀλανῶν
1139 2160 1241 2232 μὲν
1297 2162 1528 2216 ἐκείνων
1573 2161 1820 2216 καὶτῶν
1875 2161 2022 2217 ἰδίων

433 2251 797 2321 ἀπεγνωκὼς,
830 2254 926 2307 ἐπὶ
959 2254 1186 2324 σαθροῖς
1235 2255 1294 2308 δὲ
1328 2255 1574 2310 σαλεύων
1606 2255 1718 2318 τοῖς
1765 2235 2019 2320 ξενικοῖς,

437 2347 645 2419 πέμπει
676 2346 934 2418 καὶπρὸς
976 2346 1241 2418 Καζάνην
1274 2347 1365 2402 τὸν
1395 2347 1508 2405 τῶν
1546 2349 1886 2404 ἀνατολικῶν
1923 2349 2024 2403 Το-

436 2540 602 2598 porro
639 2524 728 2579 bis
752 2524 1114 2594 praesentium
1143 2523 1378 2580 dubium
1415 2524 1544 2590 fuit,
1573 2524 1627 2580 id
1661 2525 1810 2596 quod
1840 2526 2024 2597 reipsa

438 2634 626 2674 verum
669 2627 813 2684 erat,
859 2619 996 2688 quin
1043 2633 1142 2690 per
1176 2618 1282 2673 ista
1330 2619 1712 2676 declararetur
1753 2618 2021 2674 Joannem

437 2712 592 2769 illum
630 2712 760 2768 olim
799 2713 1190 2784 imperatorem
1217 2751 1232 2776 ,
1283 2721 1656 2784 cognomento
1707 2712 2015 2776 Batatzam,

439 2809 713 2883 Optimum
748 2809 1057 2880 principem
1089 2816 1148 2863 et
1170 2809 1673 2877 eleemosynarium
1711 2824 1741 2863 a
1775 2809 2028 2880 largitio-

440 2905 605 2961 nibus
639 2903 695 2960 in
737 2903 902 2976 402
948 2919 1222 2977 pauperes
1253 2903 1466 2960 crebris
1492 2913 1548 2959 et
1575 2891 1787 2975 magnis
1832 2905 2028 2958 merito

438 2998 828 3058 nominatum.
873 3013 989 3054 sua:-
1058 2997 1325 3068 peculiari
1384 3011 1533 3052 cum
1597 3012 1660 3052 ac
1695 2998 2026 3069 protectioni

443 3094 652 3166 (quam
683 3091 1013 3162 ἐπιστασίαν
1053 3089 1240 3162 Lydus
1288 3090 1544 3159 diceret)
1596 3089 1951 3145 commissam
1995 3103 2025 3143 a

2119 1887 2195 1952 ὡς
2227 1890 2464 1954 παλαιᾶς
2484 1890 2783 1962 ἀκρόπολιν
2809 1893 3035 1957 πόλεως,
3057 1893 3182 1948 καθ’
3217 1892 3276 1948 ἓν
3303 1892 3506 1947 ἄϐατον
3533 1890 3699 1963 μέρος

2121 1981 2215 2036 καὶ
2270 1983 2331 2036 τὸ
2376 1982 2564 2038 λοιπὸν
2620 1985 3002 2058 ἀπόκρημνον,
3049 1987 3138 2040 διά
3177 1988 3278 2057 τὴν
3315 1984 3446 2058 παρ’
3473 1984 3700 2062 ἐκείνων

2121 2075 2595 2149 ἐγκεκλεισμένην
2627 2079 2875 2134 ἐπίθεσιν
2906 2072 3143 2150 πέμπων
3170 2080 3265 2134 ἐπὶ
3291 2076 3702 2152 ρηταῖςδμολο-

2121 2165 2273 2235 τίαις
2309 2171 2699 2241 συνέπραττεν,
2728 2170 2814 2240 ἐφ’
2933 2170 3027 2226 τοῦ
3059 2171 3329 2243 φρουρίου
3374 2172 3704 2240 διαμεμερι-

2124 2259 2326 2328 σμένου
2366 2262 2564 2332 μακρῷ
2598 2279 2704 2317 τινι
2737 2262 2908 2334 τείχει
2957 2263 3050 2319 καὶ
3100 2265 3336 2334 ἀσφαλεῖ
3380 2265 3552 2335 ἥμισυ
3602 2262 3704 2334 μὲν

2122 2353 2389 2423 ἐκείνους,
2420 2356 2594 2429 ἥμισυ
2634 2357 2679 2412 δ’
2711 2357 3107 2432 αὐτοὺςοέχειν,
3156 2356 3454 2414 κάντεῦθεν
3477 2355 3702 2426 δεσμοῖς

2125 2538 2459 2594 auctoritate
2519 2541 2572 2594 in
2623 2541 2794 2596 duces
2853 2539 3120 2600 barbaros
3172 2538 3474 2596 Romanam
3537 2540 3705 2596 ditio-

2126 2647 2250 2685 nem
2277 2631 2669 2688 crudelissime
2694 2641 3001 2695 vastantes.
3034 2633 3116 2688 eis
3149 2642 3207 2687 ut
3240 2631 3311 2688 ab
3336 2632 3556 2710 injuriis
3607 2633 3706 2689 de:-

2127 2727 2329 2780 sistant
2351 2724 2606 2795 imperet,
2638 2741 2702 2780 ac
2728 2726 2781 2780 tti
2813 2724 3041 2787 faciant.
3067 2731 3308 2782 ulturum
3338 2741 3399 2781 se
3423 2720 3699 2789 minetur,

2127 2817 2318 2886 sicque
2348 2830 2683 2871 succurrere
2736 2815 2995 2884 dignetur
3025 2826 3276 2874 extreme
3320 2815 3704 2874 laborantibus

2127 2924 2189 2963 ac
2215 2924 2351 2978 pene
2377 2908 2487 2977 jam
2525 2907 2754 2978 perditis
2788 2907 3062 2965 Romanis
3104 2910 3290 2965 rebus.
3345 2909 3500 2966 Talia
3533 2910 3706 2966 Caza-

2128 3018 2226 3059 nes
2251 3002 2481 3058 audiens
2513 3002 2656 3057 haud
2688 3013 3021 3074 aspernatus
3047 3003 3366 3059 aﬂinitatem
3398 3011 3520 3070 est;
3554 3004 3708 3061 obia-

2129 3099 2322 3162 tasque
2374 3093 2571 3162 puellae
2603 3133 2620 3159 ,
2674 3108 2798 3162 quae
2842 3094 3025 3164 proles
3085 3094 3358 3150 naturalis
3403 3092 3706 3150 Andronici

443 3182 557 3239 Deo
610 3182 930 3240 custodisse
957 3195 1020 3237 ac
1081 3181 1278 3238 sedulo
1323 3181 1651 3238 defensasse
1696 3179 2027 3252 Magnesiam
2058 3191 2100 3248 ο
2131 3185 2360 3253 Augusti
2409 3185 2731 3268 putabatur,
2766 3185 3066 3243 admittens
3121 3188 3365 3259 nuptias,
3414 3169 3606 3257 ample.
3642 3201 3706 3243 ac

445 3276 748 3332 civitatem.

446 3369 538 3427 16.
565 3368 639 3426 De
663 3386 720 3425 re
744 3369 876 3425 bene
903 3385 995 3440 per
1019 3366 1297 3422 solertiam
1325 3385 1358 3423 a
1377 3367 1573 3424 nostris
1602 3368 1743 3439 apud
1773 3365 2029 3426 Sardum

1151 3453 1321 3512 gesta.

519 3557 689 3614 Erant
740 3571 906 3629 porro
946 3572 1045 3626 per
1087 3557 1203 3612 haec
1239 3567 1486 3627 tempora
1523 3571 1611 3614 res
1657 3565 1860 3611 nostrae
1893 3552 2034 3634 Cpti-

448 3647 808 3718 stantinopoli
844 3646 1164 3720 degentium
1205 3648 1258 3702 in
1290 3647 1525 3702 summis
1566 3647 1864 3718 angustiis.
1895 3645 2029 3702 Nam

448 3745 541 3814 qui
605 3725 766 3802 extra
813 3744 1007 3800 urbem
1061 3743 1123 3798 in‘
1157 3743 1306 3799 Asiae
1336 3741 1641 3798 continenti
1687 3741 2031 3799 domicilium

449 3838 746 3902 habebant,
790 3837 958 3908 plane
991 3837 1206 3891 conscii
1263 3850 1328 3891 ac
1361 3838 1554 3892 multis
1587 3834 2033 3906 miserrimisque

448 3931 846 4001 experimentis
875 3931 1328 4001 quotidianarum
1368 3931 1630 3997 caedium,
1666 3930 1872 4001 quibus
1905 3945 2033 4001 pas-

449 4027 551 4084 sim
580 4026 754 4082 sterni
781 4025 1128 4081 contribules
1159 4039 1293 4080 suos
1328 4039 1356 4078 a
1388 4023 1578 4080 Persis
1613 4024 1895 4088 videbant,
1919 4021 2036 4079 ma-

450 4117 653 4173 nifesto
684 4117 938 4188 persuasi
968 4117 1178 4172 nullam
1226 4118 1328 4174 sibi
1358 4119 1466 4172 vim
1493 4132 1620 4175 esse
1646 4118 1714 4174 ad
1749 4118 2030 4174 obsisten-

446 4211 575 4266 dum
605 4209 675 4264 iis
705 4207 982 4276 barbaris,
1039 4209 1236 4279 partim
1276 4210 1330 4263 in
1365 4209 1533 4265 urbes
1571 4219 1666 4263 aut
1713 4224 1871 4264 arces
1900 4223 2035 4264 con-

446 4301 764 4377 fugiebant,
818 4301 1020 4373 partim
1072 4303 1308 4358 salutem
1347 4303 1402 4358 in
1449 4301 1648 4357 insulis
1689 4303 2030 4374 quaerebant,

448 4397 643 4468 partim
693 4409 859 4465 quam
911 4402 1172 4465 poterant
1223 4393 1551 4466 longissime
1618 4410 1676 4451 se
1707 4413 1734 4450 a
1786 4396 2033 4466 periculo

449 4498 794 4563 removentes
858 4487 914 4544 in
965 4488 1173 4544 abditis
1231 4488 1479 4545 adversa:
1509 4490 1847 4546 continentis
1893 4491 2029 4548 locis

449 4598 705 4640 securum
754 4580 1017 4654 effugium
1076 4583 1290 4650 trepide
1342 4568 1673 4653 captabant.
1699 4585 1880 4654 Ipsius
1928 4599 2030 4639 att-

450 4685 557 4733 tem
615 4692 828 4747 magna:
862 4676 1020 4751 urbis
1051 4677 1249 4732 incolae
1305 4690 1501 4746 magna
1539 4677 1689 4732 intus
1727 4692 1915 4733 rerum
1959 4680 2027 4734 ad

454 4772 656 4827 victum
678 4769 1124 4843 necessariarum
1156 4771 1386 4841 penuria
1410 4770 1743 4841 urgebamur
1759 4770 1830 4828 ob
1851 4778 2032 4829 vasta-

453 4874 534 4920 tas
575 4865 784 4919 circum
841 4863 1238 4934 desolataeque
1291 4865 1584 4934 regiones,
1618 4864 1765 4924 unde
1819 4865 1885 4920 ad
1926 4880 2030 4922 nos

455 4955 664 5010 solebat
694 4969 912 5009 annona
937 4953 1201 5008 conferri.
1236 4954 1316 5008 Ad
1336 4953 1452 5010 haec
1481 4954 1825 5010 emendanda
1857 4971 2032 5026 quan-

458 5056 568 5102 tum
605 5055 822 5118 poterat
868 5060 1001 5102 cura
1050 5046 1401 5117 consilioque
1434 5047 1763 5122 incumbens
1793 5049 2030 5118 impera-

459 5150 562 5205 tor,
597 5153 740 5217 .cum
791 5123 1001 5194 nullam
1030 5137 1139 5209 jam
1201 5154 1358 5209 spem
1404 5138 1630 5195 haberet
1678 5140 1733 5194 in
1771 5138 2033 5198 Romanis

456 5233 649 5304 copiis,
705 5242 896 5287 extera
941 5246 1074 5288 vero
1121 5232 1380 5288 auxiliari
1414 5233 1602 5289 militia
1647 5245 1901 5304 proterva
1935 5251 2034 5292 ste-

456 5343 630 5400 Vaque
665 5327 971 5399 eademque
1031 5326 1181 5382 haud
1227 5328 1363 5384 satis
1409 5327 1512 5382 lida
1569 5337 1852 5397 uteretur,
1887 5333 2035 5388 unde

457 5437 556 5478 nec
585 5422 938 5490 acquiescere
965 5423 1152 5475 animo
1188 5427 1395 5492 posset,
1437 5423 1602 5476 vertit
1641 5424 2032 5493 cogitationem

455 5518 520 5571 ad
564 5516 771 5572 certius
809 5515 1075 5569 auxilium
1119 5531 1146 5569 a
1176 5515 1398 5570 Cazane
1426 5515 1802 5572 Tocltarorum
1835 5517 2035 5575 Orien-

458 5611 644 5676 talium
685 5624 945 5682 supremo
995 5610 1242 5680 principe
1272 5610 1466 5679 (Canin
1504 5611 1607 5680 ipsi
1648 5609 1864 5680 vocant)
1929 5612 2037 5668 Ro-

457 5718 620 5758 mano
651 5703 881 5774 imperio
916 5703 1344 5758 conciliandum.
1401 5704 1565 5759 Mittit
1600 5721 1730 5776 ergo
1769 5707 1834 5760 ad
1888 5707 2036 5764 hunc

459 5797 548 5865 qui
593 5796 817 5852 foederis
858 5811 1048 5852 secum
1099 5798 1470 5853 conditionem
1518 5798 1752 5870 nuptiali
1790 5801 2035 5858 necessi-

458 5889 647 5947 tudine
699 5889 950 5955 ﬁrmapdi
982 5889 1234 5960 oil‘erant,
1295 5887 1563 5966 orantque
1598 5904 1654 5948 ut
1683 5909 1790 5966 qua
1819 5895 2034 5955 valebat

2133 3277 2455 3335 solemniter
2498 3278 2757 3349 promisit
2798 3293 2923 3334 sese
2969 3282 3369 3350 coerciturum,
3419 3290 3476 3337 et
3512 3280 3568 3336 ni
3609 3295 3710 3352 pa-

2139 3382 2348 3436 rerent,
2403 3371 2576 3428 armis
2626 3387 3018 3442 repressurum
3076 3375 3296 3446 iniquus
3348 3387 3707 3446 grassatores,

2131 3463 2298 3538 403
2337 3465 2452 3520 Hac
2484 3464 2629 3535 apud
2673 3464 2943 3520 barbaros
2976 3479 3072 3532 per
3102 3463 3430 3522 Romaniam
3486 3468 3714 3538 impune

2134 3556 2584 3612 latrocinantium
2634 3557 2802 3614 duces
2848 3558 2957 3614 late
3001 3558 3258 3623 Cazanis,
3312 3559 3475 3631 cujus
3521 3567 3715 3630 poten-

2135 3650 2266 3705 tiam
2320 3640 2556 3718 norant,
2600 3651 3027 3707 comminatione
3078 3653 3298 3724 vulgata
3340 3655 3472 3709 moti
3519 3668 3712 3715 omnes

2136 3753 2287 3810 sunt,
2325 3745 2369 3801 si
2404 3746 2586 3801 minus
2615 3745 2681 3800 ad
2725 3743 3145 3813 continendam,
3193 3746 3387 3803 saltent
3419 3746 3485 3802 ad
3524 3749 3713 3803 mode-

2135 3838 2359 3892 randam
2419 3836 2786 3909 timidiusque
2831 3838 3094 3909 deinceps
3141 3837 3504 3895 exercendam
3559 3839 3718 3895 sauri-

2137 3931 2292 3984 tiam.
2327 3928 2463 3985 Nam
2496 3945 2525 3984 a
2557 3931 2842 4002 plerisque
2869 3933 3116 4002 ipsorum
3148 3945 3341 4001 parum
3370 3934 3504 3988 istas
3534 3932 3714 3987 minas

2134 4023 2488 4088 curantibus,
2524 4022 2877 4080 simulatione
2913 4034 3070 4079 tenus
3101 4025 3218 4082 sola
3256 4040 3356 4081 nec
3396 4039 3460 4079 ea
3515 4026 3672 4096 longa
3696 4063 3713 4089 ,

2134 4113 2378 4168 delatum
2436 4113 2619 4170 edicto
2667 4113 2838 4171 Canis
2878 4125 2962 4171 est
3009 4114 3200 4174 absisti
3240 4129 3281 4181 ,a
3334 4113 3712 4170 Romanorum

2139 4206 2493 4262 ini'estatione
2542 4205 2810 4276 iubentis.
2872 4206 3047 4264 Unius
3101 4208 3248 4265 inter
3305 4209 3443 4265 istos
3505 4208 3715 4264 Alaidis

2137 4298 2304 4368 paulo
2347 4296 2486 4353 forte
2515 4299 2700 4356 minus
2732 4308 3113 4354 contumacem
3148 4300 3433 4354 audaciam
3467 4300 3582 4355 haec
3612 4299 3711 4355 de-

2138 4390 2418 4446 nuntiatio
2467 4392 2773 4452 concussit.
2827 4391 2890 4451 .ls
2931 4401 3063 4448 tunc
3115 4391 3344 4464 Lydiam
3393 4393 3712 4460 incursatts,

2138 4483 2298 4552 quasi
2334 4493 2576 4539 verteret
2615 4495 2774 4541 vetus
2824 4485 3201 4557 proverbium,
3238 4484 3518 4558 Mysorum
3551 4502 3582 4542 e
3607 4486 3712 4558 Ly-

2134 4576 2221 4630 dis
2256 4573 2587 4646 cOngercbat
2621 4578 2858 4647 praedas.
2896 4577 3056 4646 Quod
3093 4579 3225 4636 dum
3261 4580 3408 4650 agit,
3447 4579 3572 4635 novi
3608 4581 3718 4635 Ca-

2133 4672 2288 4725 zanis
2351 4687 2476 4726 cum
2541 4674 2874 4741 imperatore
2923 4670 3151 4728 {mderis
3199 4670 3347 4728 fama
3411 4671 3716 4742 improviso

2133 4764 2300 4832 ictus,
2340 4766 2394 4820 in
2432 4767 2725 4835 quamdam
2763 4783 2878 4823 suae
2904 4780 2968 4821 ac
2998 4781 3223 4822 suorum
3255 4766 3540 4823 securitati
3582 4776 3717 4822 cond

2135 4857 2350 4914 sulendi
2420 4861 2848 4916 sollicitudinem
2905 4860 3226 4931 ingressus,
3290 4860 3436 4918 hanc
3490 4859 3710 4932 praedm,

2134 4967 2297 5022 quam
2341 4952 2618 5024 ingentem
2660 4963 2951 5023 paraverat
3011 4963 3067 5009 et
3091 4938 3178 5009 cui
3231 4952 3581 5024 potissimum
3644 4953 3712 5007 ti-

2137 5047 2343 5112 mebat,
2402 5046 2456 5100 in
2491 5054 2610 5101 tuto
2663 5047 2998 5102 collocanda:
3036 5048 3306 5102 rationem
3347 5031 3710 5116 excogitavit.

2136 5139 2234 5196 Est
2272 5141 2391 5209 ejus
2430 5139 2751 5211 metropolis
2791 5139 3090 5209 provincias
3130 5141 3358 5212 antiqua
3411 5139 3542 5196 urbs
3583 5139 3715 5194 Ssro

2135 5234 2253 5299 des,
2282 5224 2347 5287 in
2393 5249 2494 5303 qua
2542 5232 2649 5289 situ
2678 5233 2914 5289 validam
2944 5243 2999 5290 et
3026 5232 3158 5288 olim
3199 5234 3470 5288 munitam
3526 5247 3712 5288 arcem

2139 5335 2270 5381 tunc
2301 5326 2482 5382 adhuc
2510 5337 2829 5383 nostrorum
2866 5327 3091 5397 quidam
3121 5325 3474 5391 obtinebant,
3501 5325 3584 5397 ab
3604 5340 3712 5380 una

2137 5430 2291 5492 parte
2356 5422 2694 5477 inaccessam
2755 5421 2972 5493 objectu
3032 5419 3536 5493 impcnetrabilium
3595 5435 3714 5474 mo-

2139 5514 2293 5580 lium,
2318 5531 2381 5569 ex
2409 5515 2583 5572 altero
2607 5516 2780 5572 latere
2807 5517 3144 5582 immanibus
3169 5513 3487 5586 praecipitiis
3517 5511 3710 5567 defen-

2141 5625 2300 5675 sam;
2352 5609 2510 5679 eujus
2570 5609 2692 5666 ideo
2733 5610 2897 5666 etiam
2935 5625 2964 5665 a
3005 5603 3200 5679 paucis
3235 5617 3288 5664 et
3319 5607 3540 5678 prodire
3595 5621 3711 5662 non

2142 5704 2470 5760 audentibus
2527 5704 2752 5760 insessae
2786 5701 3007 5762 barbari
3059 5703 3189 5759 licet
3231 5717 3465 5758 numero
3499 5702 3714 5772 pollen-

2141 5808 2223 5854 tes
2251 5801 2712 5872 espugnationem
2739 5801 3145 5871 desperassent.
3182 5796 3359 5870 Hujus
3389 5795 3539 5854 Alais
3567 5797 3710 5868 prac-

2142 5895 2402 5955 sidiarios
2445 5894 2720 5968 colidquio
2773 5894 3025 5961 tentavit,
3079 5907 3279 5965 rogans
3337 5890 3708 5964 ut‘quoniaut
