4094 6280
437 374 544 438 445

1367 383 1470 445 DE
1509 385 1966 450 ANDRONICO
2001 387 2483 458 PALIEOLOGO
2522 395 2670 457 LIB.
2725 401 2790 464 ν’.

3601 400 3717 470 446

438 494 601 593 αυτὸν
625 495 908 593 κυδοιμοῦ,
929 497 1029 593 sgf
1065 490 1223 572 ᾧπερ
1277 504 1420 556 κατά
1460 503 1522 557 τὸ
1551 505 1698 568 εἰκὸς
1727 505 2023 575 ἀπονείμαι
2058 513 2099 568 Δ
2131 511 2304 582 κράλη
2342 513 2572 583 Σερϐίας
2603 516 2703 587 τῆς
2736 515 2871 579 ἰδίας
2921 516 3160 590 ἀδελφῆς
3205 515 3296 576 διὰ
3328 517 3388 574 τδ
3417 517 3516 573 τοῦ
3548 518 3708 593 βασι-

441 587 543 660 μὲν
598 589 719 675 τὴν¹
755 591 1150 666 προσκύνησιν,
1194 595 1458 650 ἀπολαύοι
1511 597 1569 651 δέ
1616 615 1681 666 γε
1733 599 1833 668 τῆς
1890 597 2018 660 θέας

437 684 704 738 δεσπότου
734 686 944 750 δοῦλος,
983 688 1185 752 ἄϐατος
1216 685 1283 763 ἦν
1315 692 1350 762 ή
1385 693 1542 756 πόλις
1572 693 1631 746 τὸ
1668 694 1934 763 παράπαν
1960 691 2022 756 ἐξ

437 775 848 846 ἐπιτάγματος·
877 779 946 834 τὰ
984 781 1092 854 γὰρ
1140 782 1202 854 ἐξ
1234 784 1478 853 ὑπογύου
1525 785 1839 858 πραχθέντα
1890 783 2020 855 παρ’

447 871 677 935 Ἰταλοῖς
711 874 853 928 κατὰ
887 875 1132 943 Κύζικον
1165 879 1262 931 καὶ
1301 877 1420 931 λίαν
1455 878 1632 933 ὠδύνα
1671 880 1763 933 τὸν
1794 879 2020 950 βασιλέα

433 966 727 1021 ἀνάπυστα
757 971 807 1021 οί
835 971 1124 1039 γεγονότα,
1154 973 1247 1027 καὶ
1273 974 1361 1028 διὰ
1395 975 1554 1030 τοῦτο
1593 977 1691 1030 καὶ
1729 976 1832 1047 τὴν
1881 977 2018 1048 πρὸς

433 1062 643 1115 ἐκεῖνον
693 1064 911 1133 ὁμιλίαν
941 1065 1354 1136 ἀπέστραπται.
1400 1067 1541 1141 Ἤδη
1576 1070 1631 1125 δὲ
1681 1072 1778 1125 καὶ
1807 1072 2017 1134 τελείας

431 1154 630 1220 ἐπιϐὰς
683 1157 896 1228 ὑγείας,
956 1159 1179 1231 σύναμα
1235 1165 1296 1232 τῇ
1354 1163 1643 1236 Αὐγούστῃ
1680 1163 1746 1237 [Ρ
1785 1164 1914 1237 282]
1947 1167 2014 1236 τῇ

432 1246 653 1316 ἑαυτοῦ,
697 1253 822 1305 ἐπεὶ
860 1255 956 1307 καὶ
981 1254 1120 1325 αὕτη
1156 1258 1323 1327 συνῆν
1359 1259 1558 1328 ἐκείνῳ
1590 1260 1730 1313 κατά
1763 1261 1862 1325 τὰς
1902 1261 2013 1328 Πη-

431 1345 531 1411 γὰς
583 1345 972 1416 ἀπαντήσασα,
1009 1349 1430 1420 διαπεραιοῦται
1489 1351 1634 1407 κατὰ
1682 1352 1859 1407 δύσιν.
1906 1353 2016 1406 Καὶ

431 1436 516 1505 ἐφ’
543 1437 784 1509 ἡμέραις
815 1443 926 1506 τοῖς
971 1442 1114 1498 κατὰ
1141 1443 1293 1498 δύσιν
1321 1446 1544 1518 χωρίοις
1566 1448 2011 1517 ἐναυλισάμενος,

430 1531 551 1583 ἐπεὶ
583 1531 689 1586 ἔδει
726 1535 822 1588 καὶ
853 1535 1157 1608 ἐπανήκειν
1190 1541 1248 1602 ἔς
1293 1541 1454 1594 πόλιν
1503 1542 1597 1598 καὶ
1644 1544 1670 1594 ὁ
1699 1542 1885 1612 πατὴρ
1921 1542 2015 1592 καὶ

430 1625 685 1694 βασιλεὺς
717 1626 914 1698 ἧπειγε
947 1629 1046 1702 τὴν
1080 1632 1404 1703 ἐπιδημίαν,
1437 1635 1622 1707 ἡμέρα
1664 1637 1761 1704 μὲν
1788 1637 2011 1704 είκοστῇ

425 1716 587 1789 τρίτη
673 1718 1150 1790 Ἑκατομϐαιῶνος
1203 1726 1375 1794 μηνὸς
1430 1716 1845 1797 καταλαμϐάνει
1913 1725 2012 1797 τὴν

425 1811 710 1880 Δρξπειαν,
753 1815 818 1886 τῇ
851 1813 898 1867 δ’
932 1815 1056 1887 ἑξῆς
1089 1817 1378 1891 ἐξέρχεται
1427 1818 1527 1891 μὲν
1575 1820 1852 1891 βασιλεὺς,
1886 1835 2014 1872 συν-

425 1904 712 1982 εξέρχεται
763 1907 820 1960 δὲ
875 1911 968 1962 καὶ
1014 1909 1160 1964 ἆπαν
1194 1913 1254 1966 τὸ
1297 1916 1427 1981 περὶ
1471 1914 1562 1968 τὸν
1606 1914 1856 1986 βασιλέα,
1913 1915 2008 1968 καὶ

429 2002 658 2068 μοναχοὶ
686 2001 782 2054 καὶ
819 2003 867 2055 οί
895 2002 997 2072 τῆς
1043 2005 1375 2076 Ἑκκλησίας
1401 2006 1642 2073 ἅπαντες
1676 2009 2006 2074 συνεξίασιν,

422 2088 542 2146 οὐδὲ
574 2093 635 2147 τὺ
683 2095 788 2169 τῆς
841 2098 1122 2163 πολιτείας
1160 2100 1292 2153 ὅσον¹
1335 2096 1402 2173 ἦν
1457 2099 1733 2173 ἔκκριτον,
1793 2101 2009 2157 ἐκεῖθεν

421 2175 730 2252 λείποντος.
773 2191 885 2245 Καὶ
927 2192 1048 2245 τότε
1091 2194 1233 2247 κατὰ
1282 2194 1339 2248 τὺ
1373 2195 1539 2266 μέσον
1570 2196 1670 2266 τῆς
1698 2195 1818 2249 ὁδοῦ
1855 2196 2010 2266 βασι-

420 2278 548 2345 λεὺς
601 2281 819 2352 βασιλεῖ
867 2287 1127 2358 συναντᾷ,
1185 2287 1281 2341 καὶ
1334 2288 1548 2358 χρόνιος
1598 2289 1872 2359 φαίνεται,
1911 2289 2006 2342 καί¹

420 2369 610 2443 ὥσπερ
644 2389 730 2438 τις
753 2375 1118 2448 τροπαιοῦχος
1154 2377 1261 2433 ὑπὸ
1303 2379 1528 2445 πολλαῖς
1562 2381 1681 2444 ταῖς
1704 2381 2005 2453 εὐφημίαις

419 2466 519 2538 τὴν
547 2468 704 2520 πόλιν
733 2470 1066 2544 εἰσέρχεται.

423 2591 513 2665 ιη’.
546 2589 687 2667 Περὶ
732 2589 844 2674 τῆς
885 2593 1268 2694 καξαδρομῆς
1316 2594 1467 2654 κατὰ
1511 2594 1620 2666 τόν
1660 2592 1852 2669 Αἷμον
1897 2597 2005 2652 τοῦ

955 2668 1479 2733 αφεντισθλάσου.

955 2684 1479 2723 ἀφαντισσλασου.

501 2752 593 2816 ’ί-Ῑν
626 2754 803 2824 τούτῳ
840 2755 896 2810 δὲ
937 2741 1035 2814 καὶ
1081 2759 1572 2827 ὐσφεντίσθλαϐος
1610 2761 1724 2817 τῶν
1761 2761 2006 2832 1300175.-

420 2864 550 2917 ρων,
592 2849 669 2912 ὡς
719 2849 851 2931 εἴπῃ
913 2869 1020 2921 τις,
1067 2850 1347 2928 βασιλεὺς,
1383 2855 1493 2909 εἴτε
1541 2856 1627 2917 διὰ
1681 2857 1778 2933 τὴν
1810 2860 1875 2916 ὲκ
1908 2858 2003 2910 τοῦ

421 3046 484 3085 ex
513 3046 581 3087 eo
609 3031 715 3088 sibi
750 3032 1031 3098 hominem
1070 3036 1266 3108 noluit,
1322 3039 1555 3112 ideoque
1601 3044 1848 3098 clausum
1883 3059 2004 3098 om-

424 3126 550 3180 nino
597 3128 776 3186 cuivis
841 3129 1019 3185 teneri
1070 3128 1339 3206 Pegarum
1404 3136 1661 3208 Oppidum
1719 3139 1998 3208 praecepit.

2122 606 2263 672 λέως
2303 609 2832 687 κῆδοςνπαρόρασιν,
2867 612 2974 664 είτε
3007 612 3074 666 δι’
3097 614 3270 685 αὐτὴν
3298 609 3458 678 αὖθις
3495 614 3592 669 καὶ
3615 615 3710 668 τὸν

2122 701 2391 774 ὲτῖηαύτῇ
2444 703 2696 774 γαμϐρὸν
2751 703 2842 758 τὸν
2899 707 3172 778 δεσπότην
3235 708 3611 779 ἐπεσχημένου
3649 707 3708 776 ἐξ

2121 797 2312 850 αίτιῶν
2349 791 2426 852 ὧν
2461 799 2762 869 ἐλέχθησαν
2794 803 3328 872 παρακεκνισμὲνος,
3355 803 3465 857 εττε
3498 803 3592 856 καὶ
3617 803 3708 856 διὰ

2121 891 2220 960 τὴν
2258 891 2368 944 τῶν
2406 895 2693 964 ἡμετέρων
2723 893 3010 965 δυνάμεων
3056 875 3415 965 ἐξασθένησιν
3458 896 3567 948 τῶν
3603 895 3705 967 βα·-

2121 985 2348 1039 σιλικῶν
2403 990 2829 1058 καταφρονήσας
2887 990 3234 1059 πραγμάτων
3293 991 3389 1044 καὶ
3444 982 3555 1041 οἷον
3604 989 3708 1060 τῆς

2119 1080 2290 1152 τύχης
2333 1081 2442 1134 τῶν
2511 1081 2804 1150 Ῥωμαίων
2859 1080 3247 1151 κατεπαρθεὶς,
3307 1080 3366 1146 ἐξ
3405 1081 3574 1150 αὐτῆς
3626 1079 3704 1144 ὡς

2119 1171 2232 1245 εἶχε
2274 1174 2601 1245 κατατρέχει
2631 1174 2704 1228 τὰ
2742 1175 2885 1229 κατά
2933 1174 3025 1226 τὸν
3069 1168 3244 1243 Αἶμον
3297 1172 3554 1245 φρούρια.
3593 1174 3703 1227 Καὶ

2119 1269 2263 1336 πλὴν
2298 1269 2496 1339 ὀλίγων
2526 1271 2595 1324 τὰ
2639 1269 2737 1340 μὲν
2761 1269 2902 1322 κατὰ
2925 1271 3126 1341 κράτος
3155 1268 3299 1340 ⁴ᾕρει,
3329 1268 3397 1321 τὰ
3425 1267 3482 1320 δὲ
3511 1267 3611 1321 καὶ
3633 1267 3702 1324 διν

2117 1364 2412 1432 ὁμολογίας
2451 1363 2785 1433 προσήγετο.
2844 1361 3222 1432 Προσδόκιμος
3255 1359 3302 1418 δ’
3330 1356 3401 1432 ἦν
3453 1360 3549 1413 καὶ
3592 1361 3704 1423 τοῖς

2117 1457 2328 1518 λοιποῖς
2387 1455 2760 1526 προσϐαλεῖν,
2822 1454 3042 1523 εὐκολίᾳ
3085 1445 3294 1523 ’καιροῦ
3362 1450 3704 1523 βαρϐαρικὴν

2120 1550 2399 1621 συμμίξας
2433 1549 2754 1603 αὐθάδειαν.
2798 1547 2859 1603 Ὀ
2895 1549 3079 1618 μέντοι
3115 1563 3177 1615 γε
3219 1545 3477 1616 βασιλεὺς
3505 1544 3700 1616 ἐπιθή-

2118 1630 2220 1714 κην
2252 1644 2344 1696 καὶ
2369 1643 2528 1696 τοῦτο
2559 1641 2855 1712 δεξάμενος
2884 1640 2994 1695 τῶν
3021 1639 3232 1705 δεινῶν,
3267 1637 3432 1693 καλὸν
3459 1639 3704 1710 ἡγούμε-

2116 1756 2203 1802 νος
2233 1737 2326 1791 καὶ
2363 1739 2630 1808 σωτήριον
2661 1740 2774 1799 τοῖς
2810 1736 2928 1788 ἐκεῖ
2948 1734 3133 1797 τόποις
3161 1730 3256 1786 τοῦ
3286 1731 3568 1803 βαρϐάρου
3600 1733 3703 1795 τὰς

2115 1831 2286 1903 ὀργὰς
2314 1828 2775 1902 προκαταλαϐεῖν,
2800 1828 3032 1891 ἐκείνοις
3063 1826 3163 1897 μὲν
3193 1825 3270 1886 ὡς
3300 1821 3415 1896 εἶχε
3443 1824 3705 1896 βοήθειαν

2116 1925 2360 1994 πέμπειν
2390 1923 2672 1995 ἠπείγετο,
2705 1922 2854 1992 ὅμως
2885 1936 2947 1991 γε
2993 1920 3177 1991 μέντοι
3208 1919 3302 1973 καὶ
3337 1903 3428 1979 τὸν
3453 1917 3514 1982 ἐξ
3534 1915 3700 1972 αὑτοῦ

2118 2017 2344 2089 βασιλέα
2387 2015 2524 2088 πρὸς
2559 2017 2713 2070 δύσιν
2746 2015 2933 2085 ὥρμα,
2974 2015 3074 2068 καὶ
3109 2015 3251 2074 τέως
3290 2012 3520 2067 αὐτόθεν
3562 2011 3702 2065 ὑπο-

2114 2111 2248 2166 νοῶν
2284 2110 2377 2164 καὶ
2407 2110 2501 2163 τὸν
2544 2110 2687 2162 κατὰ
2723 2109 2813 2160 τὸν
2854 2107 3099 2179 Κρουνὸν
3132 2105 3554 2178 ἐξάρχοντατὸν
3604 2102 3704 2158 τοῦ

2115 2202 2380 2276 Σμίλτζου
2409 2199 2660 2272 γαμϐρὸν
2701 2198 3060 2269 Ἐλτιμηρῆν,
3089 2197 3148 2264 ὃς
3172 2198 3314 2262 θεῖος
3345 2195 3444 2268 μὶν
3465 2191 3533 2266 ἦν
3562 2195 3700 2266 πρὸς

2113 2295 2324 2367 πατρὸς
2365 2292 2845 2363 Ὀσιρεντισθλάϐῳ
2889 2290 2987 2362 (τῷ
3013 2291 3124 2362 γὰρ
3154 2291 3403 2362 Τερτερῇ
3436 2288 3696 2363 ᾠμαιμό-

2111 2388 2237 2460 νει),
2277 2388 2541 2442 δεσπότου
2568 2385 2612 2440 δ’
2643 2379 2766 2456 ἐἷχε
2808 2383 2964 2454 παρὰ
2999 2383 3330 2454 Βουλγάροις
3363 2380 3542 2446 ἀξίαν.
3589 2379 3704 2435 Καὶ

2109 2485 2198 2538 διὰ
2267 2483 2442 2537 ταῦτα
2503 2483 2602 2554 τὴν
2661 2479 2968 2552 ὁμαιχμίαν
3025 2475 3279 2549 βασιλεὺς
3321 2473 3700 2547 ἀποκρουόμε-

2112 2595 2222 2642 νος,
2258 2575 2324 2648 [Ρ
2355 2573 2488 2648 285]
2523 2572 2619 2627 τοῦ
2652 2573 2727 2644 μὴ
2757 2575 3015 2626 κάκεῖνον
3062 2568 3434 2625 συνεισϐαλεῖν
3471 2569 3701 2637 Ὀσφεν-

2109 2670 2410 2741 τισθλάϐῳ,
2453 2670 2593 2725 ἀλλὰ
2621 2685 2684 2738 γε
2729 2667 2821 2722 καὶ
2875 2664 3334 2738 προσεπαμύνειν
3374 2660 3699 2732 Ῥωμαίοις,

2107 2768 2158 2820 εί
2214 2767 2461 2832 δυνατὸν,
2521 2764 2734 2817 ἐκεῖνον
2799 2763 2899 2835 μὲν
2941 2759 3168 2832 πέμψας
3225 2758 3422 2830 δώροις
3490 2744 3709 2828 ἱκανοῖς

2109 2859 2370 2929 ἐπειρᾶτο
2428 2856 2956 2929 διεκμειλίσσεσθαι,
3018 2852 3110 2921 καὶ
3160 2851 3444 2922 προνοίαις
3491 2847 3556 2902 ὲκ
3594 2845 3696 2916 τῆς

2106 3040 2730 3104 incursavit-Romanas
2776 3047 2933 3089 arces
2988 3031 3150 3087 limiti
3203 3029 3269 3088 ad
3315 3028 3561 3086 Haemum
3593 3025 3699 3082 im-

2107 3142 2346 3212 positas,
2408 3145 2652 3204 easque,
2705 3125 2908 3199 paucis
2966 3125 3241 3194 exceptis,
3277 3130 3372 3178 aut
3437 3119 3496 3176 vi
3548 3118 3695 3190 cepit

423 3218 548 3279 Post
581 3222 694 3277 haec
740 3223 855 3298 jam
889 3225 1230 3283 conﬁrmatis
1279 3229 1438 3298 plene
1472 3229 1706 3298 viribus,
1737 3247 1843 3290 una
1876 3248 1998 3288 cum
2037 3233 2080 3292 C
2107 3209 2210 3287 aut
2269 3224 2683 3286 conditionibus
2741 3218 2809 3275 ad
2880 3215 3210 3273 deditionem
3279 3211 3537 3285 perpulit.
3580 3209 3696 3266 Nec
3732 3235 3736 3242 ν

419 3329 519 3369 sua
546 3315 783 3388 conjuge
815 3319 1082 3389 Augusta,
1121 3335 1240 3393 quae
1272 3320 1330 3376 in
1368 3335 1663 3378 occursum
1699 3324 1802 3395 ipsi
1830 3323 2002 3397 Pegas

419 3417 790 3480 processerat,
832 3409 886 3466 in
928 3414 1306 3473 continentem
1337 3415 1467 3472 inde
1512 3415 1813 3490 Occiduam
1846 3421 2003 3493 traji-

415 3504 524 3570 cit;
550 3512 603 3562 et
635 3504 691 3560 in
725 3505 872 3561 villis
899 3506 1017 3575 ejus
1059 3514 1268 3567 tractus
1305 3524 1402 3578 per
1428 3509 1547 3567 dies
1578 3507 1787 3584 aliquot
1817 3513 2003 3569 diver-

415 3605 590 3665 satns,
629 3615 754 3662 cum
784 3614 944 3655 suum
975 3599 1200 3663 differre
1234 3601 1290 3656 in
1321 3603 1516 3661 urbem
1559 3605 1820 3670 reditum,
1851 3618 2005 3677 patre

415 3694 664 3764 Augusto
715 3693 1066 3765 impatienter
1124 3704 1395 3768 urgente,
1447 3696 1659 3758 diutius
1712 3707 1999 3772 nequiret,

415 3787 576 3847 tertia
606 3793 664 3841 et
696 3786 953 3848 vicesima
995 3784 1249 3847 Januarii
1282 3788 1371 3848 die
1415 3790 1669 3863 pervenit
1719 3789 2002 3863 Dripeam.

416 3879 691 3958 Postridie
724 3881 909 3952 prodit
938 3880 1420 3956 Constantinopoli
1458 3885 1759 3955 imperator
1791 3886 2002 3957 senior,

413 3974 594 4047 prodit
672 3983 728 4031 et
805 3973 927 4044 ejus
981 3976 1280 4036 comitatus
1348 3979 1684 4056 universus;
1748 3980 2002 4037 monachi

413 4078 677 4139 praeterea
707 4076 760 4124 et
793 4068 1159 4131 ecclesiastici
1203 4070 1449 4131 universi
1494 4072 1662 4134 simul
1702 4075 1998 4145 prodeunt,

411 4177 516 4219 nec
546 4162 838 4220 lectissimi
871 4161 1078 4241 quique
1111 4161 1315 4220 civium
1348 4180 1414 4220 ex
1443 4165 1578 4222 urbe
1610 4165 1850 4223 defuere.
1884 4167 1998 4224 Me-

411 4256 504 4317 dio
553 4257 699 4316 inter
733 4257 927 4320 urbem
976 4267 1031 4314 et
1083 4258 1337 4330 Dripeam
1388 4263 1571 4331 spatio
1623 4262 1997 4334 Augustorum

409 4365 676 4411 occursus
701 4351 956 4420 contigit,
993 4351 1064 4407 iis
1096 4353 1305 4409 mutuis
1337 4354 1837 4424 significationibus
1864 4357 2002 4414 aﬂ‘e-

412 4453 533 4500 ctus
568 4458 709 4515 quos
752 4444 902 4507 inter
937 4453 1048 4506 tam
1096 4444 1430 4515 coniunctos
1458 4455 1585 4515 post
1639 4457 1749 4504 tam
1781 4450 1995 4525 Iungam

413 4539 576 4619 406
612 4538 848 4606 primum
898 4538 1209 4597 absentiam
1269 4534 1514 4599 visentes
1575 4543 1845 4603 exsistere
1897 4561 1997 4615 par

416 4611 534 4688 fuit.
599 4628 740 4686 ilinc
774 4631 1029 4698 Michael,
1088 4633 1238 4688 velut
1302 4644 1505 4706 tropaea
1542 4634 1789 4694 referens
1841 4611 1995 4709 quis-
2027 4611 2074 4666 θ

413 4727 581 4798 piam,
626 4725 773 4785 inter
819 4725 1020 4787 multas
1068 4727 1497 4790 acclamationes
1553 4728 1761 4787 faustas
1800 4733 1991 4788 urbem

412 4821 738 4894 ingreditur.

416 4938 496 4994 18.
531 4934 609 4989 De
637 4933 940 4993 ἐπειτεὶοη
964 4930 1388 5015 Sphantisthlabi
1415 4935 1468 4993 iu
1496 4932 1765 5002 subiectas
1798 4934 1992 4994 thma

1068 5020 1326 5075 regiones.

477 5100 626 5162 inter
671 5100 786 5161 haec
817 5097 1310 5168 Spbenlistblabus
1342 5097 1730 5170 Bulgarorum,
1773 5109 1830 5154 ut
1865 5100 1991 5172 quis

407 5195 629 5260 dixerit,
680 5209 803 5259 rex,
849 5193 966 5249 sive
1015 5193 1069 5247 in
1121 5193 1386 5249 ultionem
1421 5194 1726 5264 repudiatae
1769 5211 1797 5249 a
1843 5195 1990 5248 crale

409 5272 615 5348 Serbian
646 5305 763 5348 sua}
808 5289 1045 5358 sororis,
1097 5288 1342 5342 Teneris
1377 5287 1521 5355 tilia,
1565 5279 1901 5356 adscitaque
1931 5290 1988 5343 in

404 5386 521 5457 ejus
567 5384 752 5444 locum
785 5382 906 5438 filia:
939 5381 1309 5454 imperatoris,
1361 5382 1478 5438 sive
1534 5382 1761 5452 indigne
1805 5383 1989 5439 ferens

403 5495 559 5536 suum
594 5476 852 5536 intimum
882 5471 1096 5535 amnem
1125 5473 1444 5534 Michaelem
1489 5476 1796 5545 despotam,
1842 5478 1989 5546 cius-

403 5573 524 5629 dem
583 5587 732 5628 nunc
781 5583 1059 5645 germanae
1110 5583 1228 5624 sum
1271 5570 1476 5632 virum,
1523 5574 1985 5647 comprehensum

401 5679 455 5728 et
479 5666 744 5724 custodia:
805 5663 1068 5719 traditum
1129 5666 1198 5722 ab
1233 5667 1479 5737 Augusto
1542 5667 1713 5726 fuisse
1763 5681 1985 5737 propter

400 5779 494 5821 eas
526 5777 666 5836 quas
717 5759 961 5822 diximus
1021 5753 1238 5825 causas,
1295 5760 1414 5819 sive
1473 5761 1732 5829 despectu
1769 5761 1985 5817 afﬂicta:

399 5853 614 5926 imperii
666 5851 902 5909 fortuna
938 5849 1012 5909 ob
1058 5861 1372 5909 nostrarum
1417 5853 1852 5909 debilitationem
1886 5871 1982 5909 cu-

400 5948 637 6020 piarum,
692 5947 748 6002 in
797 5952 922 6024 spes
975 5945 1299 6006 ambitiosas
1347 5947 1524 6007 elatus
1572 5957 1782 6005 armata
1817 5963 1979 6006 manu

2112 3323 2198 3378 bis
2251 3333 2377 3376 eum
2426 3316 2543 3372 fore
2597 3319 2918 3368 contentum
2965 3305 3267 3378 apparebat
3323 3309 3419 3359 aut
3483 3311 3698 3370 tempe-

2110 3425 2362 3471 raturum
2423 3424 2453 3465 a
2511 3404 2813 3479 tentandis»
2851 3401 3013 3465 aliis,
3083 3399 3216 3455 dum
3285 3397 3404 3468 ejus
3472 3395 3691 3452 mistam

2108 3505 2401 3564 ambitioni
2448 3499 2796 3559 barbaricam
2842 3494 3129 3552 audaciam
3165 3503 3276 3546 tam
3323 3489 3560 3560 benigna
3591 3503 3692 3557 op-

2109 3591 2424 3673 pertunitas
2480 3590 2949 3651 commodissima
2981 3584 3294 3670 occasionis
3331 3582 3400 3638 ad
3456 3580 3693 3636 ulterius

2107 3692 2540 3769 promovendum
2591 3688 2878 3745 invitaret.
2914 3683 3218 3753 imperator
3268 3679 3375 3735 isto
3418 3675 3689 3733 malorum

2107 3788 2364 3847 auctario
2397 3793 2679 3858 gravatus,
2733 3781 3025 3836 honestum
3061 3783 3114 3831 et
3149 3774 3392 3831 salutare
3429 3779 3704 3847 reputans

2104 3887 2341 3955 impetus
2376 3883 2430 3937 in
2460 3882 2578 3936 loca
2613 3878 2704 3932 illa
2745 3875 3005 3931 incitatos
3032 3870 3261 3926 barbari
3298 3880 3513 3923 mature
3553 3881 3694 3937 prte-

2103 3990 2343 4044 vertere,
2379 3963 2587 4047 iquibus
2635 3987 2762 4026 eum
2798 3966 3000 4023 minari
3046 3963 3367 4036 regionibus
3405 3960 3689 4020 credebat,

2102 4070 2385 4130 festinavit
2439 4064 2738 4123 submissis
2766 4070 2992 4118 strenue
3038 4057 3263 4114 auxiliis
3306 4055 3547 4111 firmare.
3582 4049 3694 4110 Sed

2103 4178 2157 4222 et
2187 4174 2451 4239 praeterea
2490 4159 2662 4216 filium
2701 4159 3008 4228 Angustum
3046 4153 3103 4208 in
3135 4148 3410 4208 Occiduos
3442 4148 3693 4204 destina-

2103 4263 2182 4317 vit
2215 4266 2448 4316 tractus.
2496 4255 2629 4323 Quae
2678 4251 2898 4307 interim
2947 4249 3077 4304 dum
3113 4244 3391 4318 expeditio
3436 4250 3695 4314 paratur,

2102 4361 2436 4425 suspectans
2484 4365 2554 4405 ne
2595 4364 2654 4405 se
2708 4341 3164 4417 Spbentistblabo
3209 4339 3264 4394 in
3321 4337 3450 4395 belli
3493 4351 3695 4404 contra

2103 4451 2383 4506 Romanos
2431 4447 2756 4512 societatem
2799 4441 3026 4497 adderet
3095 4439 3395 4493 Eltemercs
3445 4435 3694 4491 Smiltzte

2103 4560 2294 4616 gener,
2354 4540 2542 4596 Cruno
2607 4536 2800 4593 adsita:
2851 4535 3125 4589 exarchus
3182 4531 3450 4601 regionis,
3501 4540 3694 4600 utpote

2100 4634 2537 4709 Spbentistbiabi
2571 4643 2800 4704 patruus
2833 4628 3028 4704 (frater
3065 4627 3213 4683 enim
3244 4635 3365 4683 erat
3391 4624 3686 4694 'l‘erteris),

2095 4729 2304 4801 aliOqui
2338 4728 2520 4799 magni
2558 4724 2779 4793 habitus
2826 4741 2852 4776 ιι
2886 4721 3159 4790 Bulgaris,
3209 4721 3352 4790 apud
3403 4734 3541 4790 quos
3594 4718 3694 4774 de-

2096 4834 2273 4896 spota:
2343 4821 2664 4892 dignitatem
2721 4812 2883 4890 E07
2912 4814 3233 4878 obtinebat,
3296 4829 3689 4884 praeoccupare

2095 4920 2250 4973 illum
2300 4917 2465 4972 donis
2505 4914 2649 4968 haud
2701 4913 2886 4984 parvis
2932 4907 3168 4975 studuit,
3206 4924 3316 4964 non
3380 4899 3684 4980 desperans

2095 5014 2175 5071 sic
2209 5009 2476 5080 consequi
2516 5024 2575 5063 se
2607 5021 2792 5078 posse,
2828 5020 2937 5061 non
2969 5004 3130 5058 modo
3163 4989 3228 5060 ne
3263 5002 3312 5059 is
3333 5017 3464 5060 suas
3494 5002 3688 5074 copias

2095 5106 2148 5160 in
2181 5109 2553 5162 Romanorum
2589 5104 2787 5156 damna
2822 5099 3010 5154 fratris
3060 5096 3172 5152 lilio
3205 5096 3548 5168 adjun’geret,
3584 5098 3686 5160 sed

2095 5212 2150 5255 ut
2199 5209 2393 5254 contra
2437 5212 2535 5268 pro
2592 5195 2828 5267 imperio
2878 5203 3164 5264 pugnaret.
3217 5191 3278 5246 In
3340 5207 3460 5247 eam
3513 5191 3690 5262 igitur.

2093 5309 2249 5362 spem
2281 5294 2424 5347 bene
2461 5292 2739 5361 impensas
2775 5280 3096 5360 largitiones
3125 5297 3299 5353 ratus,
3327 5297 3522 5357 prmter
3560 5302 3684 5340 mu-

2092 5401 2222 5441 nera
2260 5385 2431 5440 missa
2485 5382 2746 5440 Eltemeri
2806 5382 3005 5438 obtulit
3034 5393 3268 5437 'annuas
3324 5395 3353 5435 e
3398 5379 3530 5434 llsco
3577 5393 3684 5442 sua

2093 5480 2415 5553 pensiones,
2467 5475 2834 5546 adhibuitque
2881 5475 2946 5528 ad
2989 5477 3090 5535 hoc
3127 5475 3177 5530 ei
3231 5475 3680 5544 persuadendum

2094 5588 2320 5630 socrum
2357 5570 2558 5640 ipsius,
2594 5583 2824 5624 uxorem
2852 5565 3117 5634 Smiltzae,
3155 5581 3374 5638 neptem
3406 5584 3469 5624 ex
3504 5568 3686 5627 fratre

2090 5680 2250 5721 suam
2301 5663 2452 5737 (nam
2500 5661 2593 5716 illa
2645 5677 2708 5717 ex
2744 5660 3188 5715 sebastocratore
3236 5667 3363 5712 nata
3395 5656 3678 5715 Constans

2092 5760 2209 5814 tino
2260 5756 2426 5829 erat),
2461 5771 2626 5829 quam
2674 5769 2775 5826 pro
2812 5753 3294 5823 consanguinitate
3344 5754 3536 5810 intima
3579 5768 3675 5809 se-

2088 5868 2251 5918 cum,
2303 5861 2359 5908 et
2408 5835 2822 5908 necessitudine
2871 5839 2994 5920 quae
3053 5847 3160 5920 ipsi
3220 5864 3342 5905 cum
3374 5847 3676 5917 "Eltemero

2089 5955 2276 6018 utpote
2329 5961 2532 6019 genero
2579 5943 2944 6002 intercederet
2987 5943 3295 6012 artissima,
3358 5944 3412 6000 in
3472 5942 3668 6023 primis
