4094 6280
470 385 578 453 469

1431 391 1528 455 DE
1560 392 2013 476 ANDRONICO
2045 397 2513 477 PALEOLOGQ
2540 399 2693 462 Lte.
2725 401 2795 464 v.

3629 402 3736 468 450

468 497 604 564 θεὶς,
640 500 918 568 γνωσθὲν,
969 502 1090 566 ταῖς
1144 503 1287 559 κατὰ
1321 506 1419 570 τὰς
1450 505 1763 578 Βλαχέρνας
1807 509 2054 578 εἱρκταῖς
2080 512 2129 573 Α
2155 511 2299 583 θήρα
2325 528 2410 577 τις
2439 511 2808 585 ἀνασοὸηθείη
2840 513 2934 567 καὶ
2960 498 3258 579 ἀντῖλαδὰς
3286 514 3428 570 δοτιν
3467 518 3580 581 τοῖς
3612 537 3732 590 σχι-

466 591 802 660 ἑγκλείεταιι

467 702 536 765 κ’.
563 694 706 776 Περὶ
735 705 850 778 τῆς
881 711 1131 784 εἰρήνης
1165 710 1284 767 τῶν
1329 695 1831 782 ἀποσχισθέντων
1855 713 2054 784 ἀρχιε-

840 781 996 850 ρέων
1022 782 1120 840 διὰ
1145 785 1255 836 τὸν
1298 781 1669 840 Ἀθανάσιον.

544 870 863 925 Κάντεῦθεν
899 875 1067 944 μηνὸς
1110 875 1204 930 τοῦ
1243 876 1408 931 αὐτοῦ
1444 876 1676 947 Κρονίου
1719 877 1814 932 καὶ
1855 879 1904 932 oi
1939 891 2056 950 σχι-

467 959 690 1028 ζόμενοι
773 963 881 1018 τῶν
947 967 1258 1039 ἀρχιερέων
1323 969 1707 1039 ἀπηυδηκότες
1758 966 1894 1024 ὀἷον
1954 969 2052 1025 καὶ

419 1052 767 1114 .πείσαντες
858 1054 1130 1123 ἑαυτοὺς,
1222 1058 1379 1129 μόλις
1469 1058 2054 1127 καταμαλακισθέντες

480 1146 578 1210 τὰς
659 1146 885 1220 γνώμας
980 1149 1250 1221 βασιλέως
1328 1153 1403 1215 ὼς
1480 1152 1703 1206 δυνατὸν
1797 1152 2055 1208 κατεπεί-

466 1255 681 1306 γοντος,
741 1243 800 1295 ἐν
861 1245 930 1316 τῇ
985 1245 1098 1298 τῶν
1157 1247 1338 1300 Βαΐων
1407 1247 1568 1318 ἑορτῇ
1633 1249 1699 1318 τῇ
1766 1249 1905 1318 μετά
1955 1247 2051 1303 τοῦ

478 1324 804 1393 Ἀθανασίου
857 1335 1048 1406 εἰρήνῃ
1104 1335 1522 1405 ἀφωσιώσαντο.
1590 1338 1648 1394 ’0
1692 1337 1750 1392 δέ
1785 1338 1838 1407 γτ
1901 1339 2052 1392 Ἀλε-

468 1419 757 1489 ξανδρείας
798 1422 1123 1508 Ἀ-θανάσιος
1154 1427 1420 1493 πολλάκις
1454 1429 1549 1484 καὶ
1572 1429 1738 1508 αὐτὸς
1769 1431 1921 1501 παρὰ
1957 1430 2053 1502 βαι

469 1509 661 1576 σιλέως
708 1506 1188 1584 παρακινούμενος
1231 1511 1400 1586 ἀπρὶξ
1451 1519 1552 1589 τῆς
1602 1506 1832 1591 γνώμης
1877 1521 2054 1592 εῐχετο

466 1605 562 1657 καὶ
606 1605 705 1657 οῦκ
737 1605 971 1660 ἐνεδίδου
1017 1599 1153 1673 ὅλως
1199 1609 1317 1662 οὐδὲ
1350 1608 1610 1672 κατένευε
1641 1611 1740 1675 τὴν
1767 1611 2048 1683 ὁμόνοιαν.

469 1698 606 1767 Παρ⁹
632 1698 702 1769 ἢν
731 1698 932 1763 αἰτίαν,
975 1699 1186 1775 καὶτοῦ
1222 1701 1376 1769 δόξαι
1401 1702 1590 1757 τοῦτον
1616 1704 1751 1775 μηδὲ
1781 1704 2052 1775 βασιλέως

469 1787 635 1839 αὑτοῦ
679 1791 1048 1860 μνημονεύειν
1077 1771 1393 1858 διὰταῦτα,
1427 1771 1744 1867 ἤθελον-μὲν
1771 1771 1867 1850 καὶ
1896 1799 2051 1852 αὐτοὶ
2126 1813 2131 1818 ’

463 1878 557 1932 τοῦ
583 1883 925 1953 πατριάρχου
965 1883 1378 1955 Ἀλεξανδρείας
1416 1887 1709 1942 ἐκκόπτειν
1735 1889 1842 1941 τῶν
1865 1891 2053 1945 διπτύ-
2083 1875 2125 1929 Β

466 1991 578 2042 χων
612 1977 981 2045 μνημόσυνον,
1039 1978 1215 2054 δεινὸν
1250 1980 1551 2051 ἡγούμενοι
1596 1981 1661 2055 ἢν
1699 1983 1908 2048 ἐκεῖνος
1948 1985 2046 2056 μὲν

469 2065 578 2118 οὐδ’
611 2066 794 2140 ἴκταρ,
859 2071 916 2123 τδ
968 2061 1070 2147 τοῦ
1126 2071 1311 2142 λόγου,
1368 2075 1510 2144 σφᾶς
1560 2092 1624 2144 γε
1672 2077 2049 2148 προσδέχοιτο,

469 2148 668 2213 ἐκεῖνοι
697 2161 753 2214 δὲ
793 2149 901 2216 ’καὶ
944 2161 1121 2229 οὕτως
1175 2166 1380 2233 ἀξιοῖεν
1433 2170 1642 2224 ἐκεῖνον
1691 2169 1783 2222 καὶ
1842 2187 2051 2241 μνημο-

462 2252 691 2312 νεύοιεν.
723 2253 873 2321 Τέως
907 2256 962 2310 se
1001 2259 1099 2311 καὶ
1142 2258 1292 2313 πόλλ’
1323 2260 1462 2314 ἄττα
1501 2260 1625 2315 κατ’
1653 2262 1923 2334 ἐπήρειαν
1958 2265 2047 2318 al-

470 2363 749 2416 τιωμενοι,
778 2350 1218 2421 καραδοκοῦντες
1245 2353 1338 2406 καὶ
1375 2353 1518 2407 οὕτω
1562 2354 1670 2426 τὴν
1690 2356 1788 2427 τῆς
1824 2355 2052 2428 γνώμης

473 2439 789 2506 μετάθεσιν,
817 2441 882 2514 [l'
910 2443 1036 2517 285]
1073 2444 1136 2498 τὸ
1174 2445 1275 2517 μὲν
1302 2446 1693 2519 ἀποθαρῥῆσαι
1727 2449 1931 2503 αὐτίκα
1949 2450 2052 2520 τὴν

471 2530 565 2583 τοῦ
600 2532 883 2604 ὀνόματος,
924 2538 1168 2610 ἐκκοπὴν
1226 2539 1301 2604 ὡς
1361 2540 1539 2603 ἄλλως
1597 2543 1798 2596 ἄτοπον
1849 2541 1930 2608 ὃν,
1976 2543 2052 2616 μὴ

474 2625 737 2699 φανείσης
765 2629 1050 2698 ἀξιολόγου
1078 2634 1255 2696 αἰτίας
1280 2637 1374 2687 καὶ
1396 2635 1653 2702 ἄντικρυς
1683 2635 1776 2688 ἐπὶ
1797 2636 2050 2708 δόγματι,

471 2722 811 2794 πατριάρχου
856 2725 1265 2783 ἀποϐάλλεσθαι
1313 2727 1522 2800 δνομα,
1578 2728 1656 2803 μὴ
1705 2732 1800 2786 καὶ¹
1849 2733 2052 2803 μᾶλλον

469 2904 712 2972 donavit,
747 2913 996 2985 exceptis
1025 2921 1208 2968 tamen
1246 2911 1496 2984 ejusdem
1543 2913 1754 2970 aedibus
1799 2914 2051 2979 urbanis.

467 3014 602 3069 quas
627 3002 877 3058 attribuit
898 3003 1097 3060 Joanni
1123 3005 1383 3076 despotae.
1413 3007 1508 3061 Sic
1535 3007 1880 3079 mancipatus
1895 3019 2056 3064 aeter-

469 3108 541 3161 no
565 3095 776 3158 carceri
803 3096 1033 3154 Michael
1062 3098 1244 3171 fugam
1270 3100 1399 3156 inde
1440 3109 1628 3172 postea
1664 3102 1912 3156 tentavit.
1948 3101 2053 3156 Sed

471 3187 854 3263 deprehensus
884 3192 939 3248 in
973 3195 1249 3263 ergastula
1281 3194 1716 3252 Blachernarum
1750 3206 1835 3252 est
1871 3203 2052 3252 trans-

471 3282 638 3366 latus,
676 3285 929 3341 securius
959 3285 1074 3340 illic
1108 3285 1426 3343 habendus.

462 3414 560 3472 '20.
591 3416 667 3471 De
693 3433 822 3487 pace
852 3417 1203 3472 abscissorum
1238 3418 1539 3473 antistitum
1572 3419 1633 3476 ob
1672 3422 2051 3479 Athanasium.

537 3551 671 3609 inde
707 3553 811 3613 hoc
861 3553 983 3625 ipso
1013 3570 1204 3611 mense
1240 3556 1440 3611 Martio
1481 3558 1714 3614 abscissi
1752 3560 2054 3629 antistites,

469 3634 686 3717 pertaesi
729 3649 1100 3716 secessionis,
1165 3651 1501 3722 tandemque
1565 3655 1885 3723 persuaderi
1946 3653 2054 3708 sibi

471 3728 618 3809 passi
679 3743 748 3797 ab
784 3743 1026 3799 instante
1076 3745 1345 3800 continuo
1397 3745 1730 3817 imperatore
1784 3759 1844 3802 ut
1890 3752 2052 3802 linem

470 3833 767 3904 aliquando
817 3837 1083 3894 turbandi
1144 3837 1412 3902 facerent,
1447 3839 1501 3893 in
1551 3821 1694 3897 festo
1743 3840 2053 3897 Palmarum

473 3928 870 3995 convenientes
937 3943 1129 4000 pacem
1212 3943 1335 3985 cum
1395 3923 1701 3989 Athanasio
1773 3931 2052 3990 fecerunt.

469 4022 875 4101 Alexandrinus
932 4031 1118 4101 tamen
1146 4023 1506 4098 Athanasius,
1542 4013 1822 4097 utcunque
1862 4026 2057 4082 crebro

471 4114 540 4172 ad
571 4117 716 4172 idem
762 4115 1072 4173 faciendum
1104 4117 1403 4188 inStigatus
1431 4119 1502 4174 ab
1529 4120 1804 4190 Augusto,
1842 4121 2055 4175 irrevo.

471 4211 726 4266 cabiliter
757 4210 813 4266 in
845 4210 1119 4267 sententia
1150 4212 1416 4281 perstitit,
1445 4213 1614 4268 nullis
1638 4213 2057 4270 conditionibus

473 4301 528 4357 in
572 4303 890 4358 concordiae
933 4291 1227 4356 consilium
1270 4302 1472 4357 attrahi
1526 4318 1589 4358 ac
1641 4305 1725 4359 vel
1769 4305 2054 4375 paululum

471 4393 678 4450 inﬂecti
707 4409 831 4449 sese
859 4385 1092 4470 passus.
1117 4391 1293 4459 Quam
1322 4396 1391 4450 oh
1437 4409 1660 4449 causam
1691 4395 1936 4467 episcopi
1967 4411 2060 4451 co-

472 4488 722 4558 gitarunt
767 4484 836 4541 de
864 4485 1092 4541 nomine
1148 4484 1321 4554 ipsius
1357 4485 1636 4542 eradendo
1674 4501 1741 4541 ex
1790 4487 2056 4544 ecclesia-

2158 605 2410 674 ζομένοις
2439 605 2520 669 είς
2550 606 2932 674 κατάγνωσιψ
2968 607 3282 680 σοφώτερον
3322 609 3378 663 δὲ
3413 613 3587 664 ποιεῖν
3620 611 3737 666 ἐδό-

2158 711 2289 748 κουν
2319 695 2414 749 καὶ
2460 696 2629 750 εἰσέτι
2661 695 2978 765 διευθετεῖν,
3020 696 3097 763 ὡς
3142 699 3346 756 αὐτίκα
3380 701 3734 771 ἐκκόψοντις,

2157 779 2437 842 είκαϊέη
2485 788 2706 860 ἀντέχοι
2740 777 2862 844 ’καί
2892 795 2992 863 τὴν
3045 792 3140 848 ἐπὶ
3186 794 3266 871 τῷ
3303 794 3608 868 ’Δθανασίῳ
3653 797 3731 870 μὴ

2155 879 2368 951 δέχοιτο
2395 883 2630 956 πρᾶξιν.
2681 884 2746 938 Ἦ
2791 886 2835 938 δ’
2873 887 3154 958 οἰκονομία
3181 887 3326 942 οὕτω
3361 888 3478 953 πως
3502 887 3593 962 ἦν,
3626 907 3736 944 πα-

2155 973 2424 1046 τριάρχην
2462 976 2562 1045 μὲν
2600 975 2764 1029 αὐτὸν
2798 975 2870 1048 μὴ
2892 978 3232 1048 λειτουργεῖν
3257 978 3414 1046 ὅλως,
3444 979 3520 1044 ὡς
3553 982 3620 1035 ἂν
3655 982 3732 1052 μὴ

2159 1063 2725 1140 συλλειτουργούντων
2754 1069 2900 1124 κατὰ
2939 1070 3000 1125 τὸ
3034 1070 3183 1136 εἰκὸς
3218 1073 3480 1128 διακόνων
3513 1075 3543 1126 δ
3583 1075 3742 1129 ’Δλεοε

2157 1160 2441 1234 ξανδρείας
2462 1163 2682 1219 ἐπὶτῶν
2705 1161 2983 1235 διπτύχων
3008 1182 3072 1218 συ
3083 1183 3231 1240 μμνη
3242 1165 3541 1234 μονεύοιτο,
3568 1167 3735 1239 ἱερεῖς

2155 1253 2212 1308 δὲ
2265 1253 2464 1319 μόνους
2519 1257 2652 1326 ἄτερ
2698 1256 2962 1312 διακόνων
3017 1257 3345 1328 ίεροιρργεῐν.
3409 1260 3520 1314 Καὶ
3572 1259 3734 1314 τοῦτο

2155 1348 2455 1418 ἐπράττετο
2490 1348 2590 1420 μὲν
2617 1331 2711 1404 καὶ
2738 1353 2796 1404 ὲν
2831 1351 3501 1426 ἁνακτόρων,πὲπράττετο
3526 1353 3584 1408 δὲ
3633 1355 3732 1408 καὶ

2155 1446 2248 1498 ἐπὶ
2275 1443 2353 1516 τῷ
2384 1446 2627 1517 μεγίστῳ
2659 1436 2794 1516 ναῷ,
2821 1447 2938 1517 ικαὶ
2965 1442 3157 1513 ἄλλαις
3196 1448 3296 1520 μὲν
3331 1449 3588 1522 ἡμέραις,
3624 1448 3731 1519 μά-

2154 1537 2312 1594 λιστα
2335 1540 2392 1594 δὲ
2423 1530 2746 1610 δημοτελέσι
2775 1543 2868 1596 καὶ
2898 1543 3267 1613 ἑορτασίμοις,
3299 1543 3375 1608 ὡς
3402 1545 3507 1596 κάν
3532 1546 3598 1615 τῇ
3630 1543 3729 1613 τῆς

2155 1631 2464 1711 ὁρθοδοξίας
2502 1634 2874 1705 κοινοπληθετ,
2909 1637 2995 1688 ὅτε
3034 1634 3297 1704 βασιλέως
3323 1637 3732 1707 ὲνδημήσαντος

2157 1724 2248 1777 καὶ
2283 1725 2522 1796 πλήθους
2555 1727 2744 1780 ἱκανοῦ
2778 1722 3139 1797 συναχθέντος
3175 1726 3204 1780 δ
3251 1727 3351 1797 μὲν
3383 1728 3731 1799 πατριάρχης

2155 1817 2450 1887 ὴπρὰκτει,
2506 1820 2686 1891 ἱερεὺς
2735 1814 2992 1891 δὲμόνος
3035 1810 3501 1892 ἂπερικτυπήτως
3552 1822 3730 1891 πάντη

2155 1913 2248 1965 καὶ⁵
2277 1912 2652 1984 ἀνηκούστως,
2698 1914 2867 1986 μηδὲν
2904 1914 3204 1969 ἐπαϊόντων
3229 1914 3317 1967 διὰ
3349 1914 3444 1968 τὸν
3475 1911 3727 1983 θόρυὸον,

2151 2002 2220 2056 τὰ
2253 2000 2366 2074 τῆς
2388 2006 2701 2076 ίερουργίας
2731 2007 3084 2077 ἐξέπραττεν.
3128 2006 3405 2070 Ὡσαύτως
3437 2006 3494 2060 δὲ
3530 2007 3625 2060 καὶ
3671 2007 3732 2061 ὲν

2151 2100 2272 2160 ταῖς
2302 2099 2630 2168 πασχαλίοις
2658 2101 2910 2176 ἐγένετο,
2939 2101 3212 2172 Ὕστερον
3253 2100 3297 2154 δ’
3333 2099 3554 2163 ἐσαῦθις
3586 2102 3730 2154 κατὰ

2151 2189 2252 2260 τὴν
2284 2191 2511 2261 μνήμην
2543 2192 2638 2248 τοῦ
2684 2194 2742 2246 ὲν
2788 2194 3026 2265 μάρτυσι
3078 2193 3414 2265 περιφανοῦς
3449 2192 3731 2263 Γεωργίου

2152 2280 2484 2357 ἐκκόπτουσι
2514 2285 2609 2336 καὶ
2643 2286 3011 2355 μνημόσυνον,
3061 2286 3201 2338 κατὰ
3235 2285 3326 2336 τὸν
3353 2284 3410 2336 ἐν
3440 2286 3551 2347 τοῖς
3585 2298 3731 2352 μαγε-

2152 2375 2337 2440 γάνοις
2357 2375 2492 2427 νεὼν
2520 2373 3039 2448 λειτουργήσαντες,
3057 2377 3112 2441 δς
3139 2378 3346 2430 ἀνεῖται
3367 2378 3445 2447 τῷ
3471 2377 3731 2448 μάρτυρι.

2154 2471 2259 2542 καί.
2289 2488 2431 2555 Περὶ
2458 2487 2576 2542 τῶν
2591 2483 3055 2559 καταλαϐόντων
3080 2489 3194 2559 τὴν·
3216 2489 3469 2559 περαίαν
3493 2488 3732 2555 δεινῶν,

2365 2558 2465 2612 καὶ
2494 2561 2581 2613 ἐτι
2614 2558 2732 2614 τῶν
2763 2558 3148 2627 όπηδήποτε,
3167 2558 3510 2630 elici-ralia.

2225 2650 2434 2717 Ηῦξανε
2458 2654 2503 2705 δ’
2526 2654 2799 2725 ὁσημέραι
2831 2656 2922 2707 καὶ
2955 2648 3111 2716 αὖθις
3138 2653 3197 2706 τὸ
3226 2653 3334 2705 ἀπὸ
3367 2652 3476 2705 τῶν
3503 2651 3729 2730 Περσῶν

2155 2746 2347 2810 δεινὸν,
2390 2746 2522 2801 ὥστ’
2556 2735 2984 2814 ἀποκεκλεῖσθαι
3023 2744 3301 2815 πανταχοῦ
3355 2746 3452 2808 τὰς
3483 2748 3580 2818 τῆς
3619 2758 3733 2799 σω-

2158 2906 2307 2961 natio
2366 2903 2510 2962 feras
2574 2918 2923 2973 prmprupere
2983 2901 3150 2975 410
3213 2902 3461 2970 abigeret
3497 2911 3550 2957 et
3601 2901 3730 2957 ‘novi

2155 2998 2441 3072 quidpiam
2475 2997 2807 3051 incommodi
2842 3011 2907 3051 ex
2943 2995 3086 3049 facto
3132 2995 3357 3063 ancipiti
3386 3002 3729 3058 nasceretur,

2160 3092 2304 3151 unde
2339 3106 2528 3146 ansam
2571 3088 2748 3145 avulsi
2789 3088 2970 3144 adhuc
3007 3088 3102 3143 alii
3139 3104 3365 3144 suarum
3398 3087 3736 3143 roboranda-

2155 3202 2278 3242 rum
2332 3185 2571 3255 partium
2623 3193 2927 3247 sumerent,
2961 3181 3271 3238 consultius
3326 3190 3457 3236 tunc
3508 3181 3748 3260 quidem

2157 3280 2331 3334 visum
2373 3283 2807 3347 temperamento
2839 3275 3079 3345 quodam
3119 3275 3198 3329 uti
3235 3274 3575 3343 hujusmodi,
3622 3289 3732 3343 quo

2152 3380 2207 3428 et
2259 3372 2564 3442 periculum
2597 3370 3059 3441 ejusignominiaa
3109 3369 3190 3425 sic
3240 3368 3617 3423 Alexandrino
3648 3370 3735 3424 ἰη-

2155 3467 2496 3530 tentaretur,
2531 3477 2587 3520 ut
2620 3481 2680 3519 re
2707 3474 2889 3518 tamen
2928 3472 3142 3532 integra
3194 3477 3301 3516 non
3350 3462 3734 3519 excluderetur

2155 3559 2300 3615 idem
2351 3557 2498 3612 aditu
2561 3555 2982 3627 resipiscentiaa,
3040 3571 3142 3612 nec
3193 3565 3372 3612 tamen
3431 3555 3549 3609 alea
3605 3555 3731 3610 novi

2154 3653 2340 3707 damni
2366 3653 2664 3721 jaceretur.
2703 3652 3074 3705 Decreverunt
3130 3648 3399 3718 deinceps
3449 3649 3731 3705 solemnes

2155 3760 2185 3800 a
2210 3745 2533 3817 patriarcha
2559 3743 2921 3800 celebrandas"
2946 3743 3064 3813 ipso
3085 3743 3335 3811 liturgias
3362 3744 3638 3807 omittere,
3675 3741 3733 3796 in

2153 3841 2362 3911 quibus
2387 3838 2640 3894 Videlicet
2669 3837 2884 3893 recitari
2913 3854 2940 3890 a
2965 3836 3215 3892 diaconis
3250 3837 3470 3890 nomina
3504 3838 3740 3916 patriar-

2156 3938 2385 3994 charum
2438 3933 2899 3997 orthodoxorum,
2947 3941 3147 3987 cuncto
3200 3931 3458 3986 audiente
3511 3931 3734 4001 populo,

2159 4047 2396 4088 necesse
2428 4029 2591 4093 foret,
2615 4030 2732 4084 vice
2763 4038 2942 4082 autem
2973 4042 3162 4082 earum
3203 4040 3364 4081 sacro
3390 4025 3616 4095 defungi
3643 4041 3737 4095 per

2157 4126 2432 4197 privatum
2469 4122 2726 4177 faciendo
2772 4120 3142 4184 sacerdotem,
3198 4119 3319 4175 sine
3373 4119 3735 4174 diaconorum

2159 4216 2492 4277 ministerio.
2529 4215 2641 4270 Hoc
2668 4213 2742 4268 ita
2785 4213 3026 4268 factitari
3056 4213 3252 4267 exinde
3291 4214 3458 4281 (capit
3515 4213 3568 4266 in
3619 4213 3736 4267 aede

2159 4312 2316 4367 sacra
2363 4308 2571 4379 palatii,
2607 4308 2709 4362 hoc
2753 4306 2896 4361 idem
2947 4306 3002 4359 in
3042 4305 3243 4371 templo
3304 4303 3563 4363 maximo,
3625 4319 3733 4358 non

2159 4403 2421 4478 profestis
2454 4401 2631 4458 solum
2662 4402 2880 4466 diebus,
2937 4398 3033 4452 sed
3085 4408 3137 4453 et
3198 4398 3254 4450 in
3288 4393 3740 4451 solemnitatibus

2160 4502 2327 4557 etiam
2359 4497 2548 4571 populi
2575 4509 2846 4552 concursu
2883 4490 3218 4548 celebribus.
3258 4491 3442 4556 itaque
3478 4487 3565 4542 die
3619 4488 3737 4558 ipsa

472 4580 628 4638 sticis
664 4577 938 4652 diptychis
967 4579 1385 4650 omittendaque
1427 4577 1572 4634 inter
1619 4593 1778 4636 sacra
1813 4594 2054 4636 comme-
2085 4586 2131 4643 ι)
2159 4590 2522 4654 οτῑιιοιίοχὶω,
2548 4602 2668 4641 cum
2698 4585 2841 4640 etde
2873 4599 3022 4638 more
3049 4581 3352 4652 imperator
3376 4579 3430 4633 in
3466 4579 3728 4649 templum

474 4674 783 4735 moratione
809 4673 953 4745 ejus,
1006 4689 1129 4729 cum
1163 4673 1469 4745 praesertim
1503 4682 1558 4728 et
1597 4673 1714 4744 ipse
1765 4682 2054 4746 putaretur

475 4770 528 4824 in
573 4768 695 4824 suis
748 4767 991 4839 liturgiis
1027 4765 1265 4837 Augusti
1328 4767 1659 4822 mentionem
1719 4767 2055 4835 praetermit-

476 4871 608 4928 tere,
635 4863 782 4932 quod
816 4860 1146 4931 patriarcha:
1177 4858 1282 4915 sibi
1317 4874 1426 4914 non
1465 4860 1697 4930 probato
1724 4860 2054 4915 adhaereret.

476 4952 585 5007 Nec
648 4952 796 5008 enim
845 4951 1129 5007 ferendum
1195 4951 1609 5006 arbitrabantur
1660 4952 2053 5006 inconcussam

477 5047 582 5117 ipsi
630 5045 839 5101 servari
886 5047 1023 5099 tanti
1067 5044 1474 5114 possessionem
1526 5045 1779 5110 honoris,
1835 5045 2053 5100 interim

478 5144 605 5197 dum
636 5142 729 5196 ille
767 5157 836 5196 ne
871 5139 1163 5194 minimum
1206 5139 1426 5206 quidem
1468 5138 1631 5193 vellet
1683 5138 1964 5192 remittere
1991 5138 2058 5192 de

481 5237 648 5304 fastu,
681 5251 791 5306 quo
811 5234 924 5301 jam
969 5232 1347 5302 conspirantia
1385 5241 1709 5288 cunctorum
1748 5232 2056 5286 antistitum

478 5332 683 5401 judicia
742 5325 897 5384 unus'
948 5327 1303 5397 pertinaciter
1363 5325 1700 5382 dissentiens
1741 5325 2060 5384 damnabat.

483 5425 608 5481 Haec
637 5425 784 5479 inter
815 5436 874 5476 se
909 5420 1076 5476 locuti
1119 5435 1224 5473 non
1271 5430 1453 5474 tamen
1488 5417 1750 5488 expedire
1801 5416 1856 5472 in
1905 5432 2064 5472 exse-

486 5516 760 5574 cutionem
814 5515 1076 5583 impetum
1133 5512 1254 5566 ausi
1286 5519 1439 5574 sunt,
1486 5524 1582 5564 seu
1612 5523 1707 5579 spe
1744 5507 2060 5563 attrahendi

485 5613 703 5664 tandem
741 5608 862 5675 ejus
896 5605 952 5669 in
981 5613 1188 5674 partes,
1232 5619 1327 5659 seu
1357 5602 1520 5658 veriti
1552 5617 1622 5658 ne
1670 5616 1778 5656 non
1806 5600 1944 5656 satis
1975 5614 2065 5654 ca-

482 5704 683 5761 nonica
716 5701 889 5755 videri
916 5708 1105 5776 posset
1145 5698 1283 5752 tanti
1316 5697 1643 5767 patriarchae
1671 5696 1760 5749 tali
1797 5697 1862 5750 de
1893 5709 2062 5751 causa

484 5814 513 5854 e
537 5795 712 5854 sacris
745 5792 950 5848 tabulis
981 5789 1186 5855 erasio,
1242 5789 1400 5860 cujus
1430 5788 1616 5844 nullus
1668 5788 1818 5843 circa
1858 5786 2060 5857 dogma

484 5905 638 5946 error
676 5893 1028 5959 argueretur.
1065 5881 1211 5955 Ergo
1242 5898 1310 5937 ne
1341 5881 1499 5952 quasi
1538 5880 1936 5936 tumultuosior
1967 5893 2064 5934 ve—

2165 4683 2479 4740 advenisset
2524 4688 2578 4736 et
2622 4679 2829 4734 densus
2873 4677 3094 4732 adesset
3121 4674 3385 4744 populus,
3422 4673 3737 4741 patriarcha

2166 4796 2274 4835 non
2332 4775 2660 4847 comparuit,
2720 4773 2981 4829 sacerdos
3045 4779 3228 4824 autem
3300 4768 3529 4836 simplex
3602 4759 3749 4822 citra'

2166 4885 2417 4943 pompam
2468 4877 2521 4923 et
2559 4876 2804 4928 cantum,
2843 4864 3082 4922 nemine.
3120 4859 3420 4932 prtesertim
3473 4860 3527 4913 in
3569 4861 3742 4913 turbae

2170 4975 2379 5030 magna:
2407 4958 2658 5029 strepitu,
2697 4954 3022 5009 exattdiente
3057 4951 3186 5022 quid
3219 4953 3534 5006 mussit’aret
3567 4961 3740 5022 mysta

2169 5055 2477 5118 celebrans,
2521 5065 2678 5107 sacro
2738 5059 3017 5127 utcunque
3065 5046 3358 5102 defunctus
3404 5044 3583 5097 officio
3633 5059 3662 5096 e
3699 5053 3740 5097 t.

2172 5145 2439 5201 Similiter
2478 5151 2531 5197 et
2569 5143 2622 5196 in
2666 5140 2822 5196 festis
2871 5147 3053 5194 actum
3086 5137 3470 5192 Paschalihus.
3509 5135 3742 5188 Eadem-

2170 5255 2277 5310 que
2308 5247 2428 5293 arte
2467 5237 2522 5291 in
2557 5235 2787 5290 solemni
2825 5247 3044 5302 quoque
3100 5232 3264 5299 paulo
3315 5238 3436 5301 post
3469 5228 3742 5283 celebrata

2163 5331 2349 5388 sancti
2382 5331 2639 5401 martyris
2662 5326 2879 5397 Georgii
2925 5324 3190 5378 memoria
3229 5319 3535 5376 necessitas
3563 5313 3762 5371 nomi-'

2174 5426 2340 5483 nandi
2391 5422 2569 5494 palam
2621 5437 2652 5477 e
2694 5419 2992 5491 Idiptychis
3044 5415 3400 5472 Alexandrini
3454 5412 3745 5467 luerifacta

2175 5530 2280 5581 est.
2314 5519 2524 5589 liturgia
2548 5518 2601 5569 in
2639 5517 2841 5584 templo
2871 5513 3289 5581 Manganorum,
3325 5507 3412 5562 ubi
3436 5515 3627 5561 sancto
3658 5503 3763 5590 isti

2175 5615 2350 5668 honos
2381 5626 2597 5666 annuus
2628 5609 2886 5670 habetur,
2917 5606 3192 5660 submisse
3223 5611 3460 5672 peracta.

2174 5709 2264 5763 21.
2307 5706 2507 5760 Rursus
2561 5705 2625 5757 de
2662 5701 2819 5755 malis
2855 5700 3155 5753 ulteriorem
3200 5697 3547 5750 continentem
3593 5691 3751 5745 inuti.

2247 5779 2521 5841 dantibus,
2554 5788 2598 5829 et
2625 5773 2804 5827 allatis
2834 5772 3171 5854 undecunque
3193 5767 3429 5821 tristibus
3455 5764 3678 5816 nuntiis.
3715 5798 3720 5803 -

2247 5871 2547 5929 Crescebat
2576 5870 2719 5924 inter
2752 5867 2867 5922 hac
2900 5867 3187 5948 magisque
3234 5874 3298 5917 ac
3332 5857 3506 5931 magis
3551 5855 3606 5914 in
3632 5855 3752 5929 dies
