4094 6280
384 413 494 481 ιδε
570 390 571 393 γ
1550 406 1878 474 GEORGII
1910 403 2405 472 PACHYMERAI
2992 457 2996 459 Α
3514 405 3642 474 tto

383 527 499 582 Kal
526 522 647 579 τότε
678 523 727 579 οί
760 524 858 596 μὲν
904 522 1244 595 ὑποστάντες
1285 523 1639 593 ἐσφάττοντο,
1671 521 1871 593 γύναια
1904 522 1961 577 δὲ
1990 529 2037 585 Α
2063 522 2406 586 ἑκατοστύας
2455 521 2705 577 ἔπιπτεν.
2752 523 2879 587 Τοῖς
2909 523 2965 577 δὲ
3004 522 3095 577 καὶ
3126 524 3433 595 πρόστιμον
3478 522 3641 593 ἐτέθη

385 621 483 675 καὶ⁴
512 618 778 690 παιδάρια
813 618 1016 689 πλῆθος
1052 620 1247 692 μυρίον
1277 619 1413 690 πρὸς
1440 617 1501 672 τδ
1530 618 1790 690 φρούριον
1823 620 1960 687 φεύ-
2066 614 2223 686 παρὰ
2253 614 2521 689 βασιλέως
2542 616 2748 687 ζημίας
2778 618 2858 681 εἰς
2889 616 3138 689 χιλιάδας
3163 619 3250 671 ἐπ’
3278 616 3429 687 αἰτίᾳ
3456 615 3547 670 τοῦ
3567 618 3644 687 μὴ

346 734 349 737 ·
384 694 556 783 invto.
583 711 730 781 ἄγρα
754 707 848 784 ,ἦν
894 698 1089 782 ἑτοίμη
1134 714 1248 777 τοῖς
1297 709 1797 783 προκαταλαϐοῦσι.
1853 709 1961 763 Καὶ
2064 710 2161 763 τὸν
2196 709 2377 780 μέγαν
2407 707 2667 775 δέξασθαι
2694 708 2882 777 δοῦκα,
2916 710 3059 765 οὕτω
3105 710 3199 764 τοῦ
3245 708 3511 782 βασιλέως
3542 710 3645 764 Μι-

386 805 541 869 τὲλος
562 807 611 859 oi
644 805 781 869 τέως
804 807 920 868 τοῖς
944 804 1125 867 ἄλλοις
1148 804 1599 877 προσεπαμὺνειν
1628 804 1963 861 άποστελλό-
2067 802 2206 873 χαὴλ
2242 803 2383 874 μετὰ
2410 806 2511 876 τὴν
2537 805 2749 860 ὲκεῖοεν
2780 806 3040 860 ἐπάνοδον
3064 804 3520 874 ἐπαγγείλαντος,
3548 804 3645 858 καὶ

390 914 545 969 μενοι
575 897 807 970 δρασμῷ
850 898 1200 970 μηχανῶνται
1232 898 1332 971 τὴν
1359 897 1655 969 σωτηρίαν,
1699 897 1793 952 καὶ
1823 896 1965 951 αὐτὰ
2066 896 2176 950 δέει
2200 895 2294 950 τοῦ
2325 897 2401 970 μὴ
2456 897 2650 952 παθεῖν
2696 899 2987 962 κάκείνους
3038 897 3107 953 τὰ
3157 899 3272 960 τοῖς
3315 896 3651 966 Κυζικηνοῖς

391 974 907 1062 προσαποϐαλόντες
959 994 1026 1046 τὸ
1091 992 1351 1065 βασιλικὰ
1408 995 1672 1064 χρήματα
1698 1007 1713 1025 '
1773 991 1967 1045 ἔπειτα
2032 995 2046 1003 ’
2070 989 2371 1069 ξυμϐάντα.
2408 991 2543 1046 Οὐδὲ
2580 993 2689 1062 γὰρ
2717 990 2927 1046 ἀνεκτὰ
2956 992 3068 1045 οὐδ’
3104 992 3231 1046 ὅσον
3258 991 3352 1045 καὶ
3385 990 3646 1059 ὑποσχεῖν

390 1085 505 1157 πῦρ
537 1085 954 1157 ὲναύσαντεςλοί
1001 1087 1188 1158 ἐχθροὶ
1236 1085 1307 1140 τά
1348 1086 1468 1155 ἐκεῖ
1498 1084 1669 1155 κάλλη
1702 1086 1784 1148 εἰς
1811 1082 1967 1147 τέλος
2069 1080 2272 1136 δυνατὰ
2300 1083 2453 1136 τάκεῖ
2493 1083 2837 1154 τολμηθέντα
2874 1082 3230 1151 ἠγγέλλοντο.
3260 1080 3375 1135 Βίοι
3407 1082 3517 1152 γὰρ
3546 1082 3645 1150 ἠρ-

389 1178 702 1249 ὴμάϐυναν.
732 1178 869 1233 Τότε
914 1179 1010 1233 καὶ
1071 1177 1282 1247 Ἀτμὰν
1316 1177 1676 1247 ὑποστρέφων
1727 1177 1823 1229 σὺν
1857 1180 1969 1240 τοῖς
2072 1172 2332 1238 πάζοντο,
2367 1174 2461 1227 καὶ
2493 1178 2755 1242 γυναῖκες
2778 1171 3087 1244 ὒὸρίζοντο,
3111 1176 3206 1228 καὶ
3228 1173 3386 1241 κόρια
3412 1170 3651 1241 διεφθεί-

390 1270 533 1341 ἀμφ⁹
567 1269 753 1337 αὐτὸν,
798 1270 924 1324 ἐπεὶ
960 1269 1206 1340 συνῆσαν
1252 1271 1405 1338 σφίσι
1454 1271 1598 1323 κατὰ
1648 1274 1969 1338 συμμαχίαν

394 1366 489 1419 καὶ
542 1363 950 1435 Βηλοκωμῖται,
1001 1363 1329 1435 προσλαϐὼν
1383 1361 1629 1427 ἐκείνους
1688 1364 1817 1433 κενῇ
1862 1366 1971 1416 τῶν

394 1442 635 1510 εποίκωῦ
682 1453 994 1531 Βηλοκὼμῃ
1040 1456 1375 1528 προσὸἀλλει
1414 1457 1511 1510 καὶ
1568 1454 1713 1510 κατά
1744 1456 1971 1527 ,κράτος

393 1549 563 1620 αἱρεῖ,
600 1546 697 1601 καὶ
734 1548 863 1609 τοὺς
900 1550 1001 1613 μὲν
1030 1548 1255 1611 κτείνει,
1288 1545 1451 1608 αὐτὸς
1486 1546 1545 1601 δὲ
1584 1547 1777 1617 μυρίον
1807 1544 1974 1600 πλοῦ-

392 1655 488 1693 τον
522 1638 699 1710 εὑρὼν
726 1638 1090 1707 ἐξολσίζεται,
1128 1639 1315 1694 καὶτὰ
1346 1638 1513 1694 πιστά
1539 1641 1587 1693 oi
1622 1639 1719 1708 τῆς
1744 1639 1811 1711 [Ρ
1842 1637 1972 1711 288]

395 1728 700 1800 ἀσφαλείας
729 1730 795 1785 ἐκ
842 1728 954 1785 τῶν
984 1730 1364 1800 ὀχυρωμάτων
1406 1731 1707 1800 περιποιεῖ.
1752 1728 1974 1784 Τούτων

2076 1281 2250 1337 ροντο.
2284 1267 2392 1321 Καὶ
2425 1268 2453 1319 δ
2486 1268 2585 1336 μὲν
2617 1266 2757 1337 ἔχων
2788 1266 2950 1330 εὐθὺς
2977 1266 3325 1330 ἐσκυλιύετο,
3361 1263 3650 1335 ἀγαπητὸν

2072 1357 2214 1430 ἔχων
2241 1359 2289 1411 εί
2331 1357 2509 1423 διδοὺς
2543 1359 2769 1424 σώζοιτο
2788 1376 2803 1392 ο
2832 1361 2860 1414 ὁ
2887 1360 2943 1413 δὲ
2977 1360 3053 1430 μὴ
3107 1359 3248 1431 ἔχων
3272 1361 3340 1431 τῇ
3378 1358 3474 1412 τοῦ
3494 1357 3652 1430 ἔχειν

2073 1450 2282 1523 ὑποψίᾳ
2308 1452 2720 1520 κατεδικάζετο,
2766 1454 2859 1507 καὶ
2910 1453 3144 1524 αίώραις
3174 1454 3379 1516 δειναῖς
3408 1452 3506 1505 καὶ
3551 1452 3652 1523 βα-

2076 1543 2261 1609 σάνοις
2300 1542 2552 1615 ὴτάζετο,
2588 1545 2845 1618 ἔγκλημα
2895 1546 3079 1619 φέρων
3121 1546 3185 1600 τὸ
3229 1545 3304 1619 μὴ
3351 1545 3653 1616 χρημάτων

2077 1637 2253 1691 Θέλειν
2287 1638 2387 1706 τὴν
2422 1639 2705 1708 σωτηρίαν
2756 1640 3100 1710 πορίζεσθαι.
3140 1640 3299 1694 Πᾶσα
3348 1638 3393 1692 δ’
3424 1637 3653 1691 ἐκείνων

2078 1731 2367 1801 περιουσία
2392 1733 2451 1786 οὑ
2487 1731 2689 1802 μᾶλλον
2708 1733 2802 1786 τοῦ
2835 1734 3180 1802 κεκτημένου
3212 1732 3247 1802 ἢ
3280 1731 3375 1785 τοῦ
3410 1730 3653 1785 καταλα-

395 1822 655 1876 ὰπώνατο
704 1822 814 1876 τῶν
869 1821 1060 1876 δεινῶν
1106 1821 1202 1876 καὶ
1250 1822 1493 1892 Προῦσα,
1542 1823 1683 1893 μόνη
1732 1824 1976 1892 περιλειο
2010 1875 2050 1895 η
2080 1818 2265 1882 δόντος
2296 1821 2406 1874 τῶν
2450 1821 2849 1894 Ἀμογαόάρων
2877 1823 3161 1893 ἐφαίνετο·
3191 1823 3335 1877 οὕτω
3371 1824 3481 1895 γὰρ
3515 1822 3657 1877 ἰδιω-

396 1913 595 1986 φθεῖσα
627 1875 737 1969 τῶν
785 1914 987 1981 ἔξωθεν
1034 1875 1333 1970 καλλονῶν.
1370 1875 1592 1969 Τούτων
1642 1875 1736 1969 καὶ
1793 1875 1978 1985 ίῖηγαὶ
2082 1875 2304 1987 νυμεῖτο
2337 1918 2398 1971 τὸ
2445 1875 2620 1985 ἔθνος,
2663 1875 2751 1988 τῷ⁵
2773 1875 2839 1985 ἐξ
2871 1875 3137 1990 ’Ᾱεάρυέῄ
3194 1875 3659 1990 οἶμαι,.κιατάτε-

397 2007 823 2079 παραθαλασσία
871 2006 1029 2072 πόλις
1064 2007 1173 2061 τῶν
1214 2006 1492 2078 δυσχερῶν
1521 2007 1808 2078 ἐπειράθη.
1856 2004 1979 2059 Τῶν
2083 2006 2231 2064 σθαι,
2262 2010 2338 2063 Οὐ
2374 2007 2535 2079 μόνον
2558 2008 2602 2063 δ’
2629 2009 2956 2079 αὐτόχθονες
2983 2011 3137 2065 ταῦτ’
3159 2009 3417 2081 ἔπασχον,
3445 2010 3558 2064 ἀλλ’
3580 2010 3659 2073 ὡς

397 2098 507 2170 γὰρ
536 2097 642 2166 ἔξω
672 2098 895 2153 πάντων
926 2098 1402 2168 συγκλεισθέντων
1435 2098 1606 2166 ἐντὸς,
1641 2100 1757 2153 ὅσοι
1796 2098 1890 2154 καὶ
1918 2097 1981 2152 τὸ

368 2189 557 2262 -ξίφος
585 2190 810 2261 ἔφυγον,
853 2191 1091 2247 ἐντίκτει
1140 2192 1295 2264 νόσον
1341 2191 1582 2262 λοιμώδη
1616 2190 1676 2245 τὸ
1713 2190 1979 2246 συνεπτύ-

398 2283 528 2357 χθαι
556 2282 701 2357 λιμῷ
729 2285 823 2340 καὶ
852 2277 1279 2348 κακοπαθείαις.
1317 2285 1439 2339 Ἔτι
1462 2284 1520 2338 δὲ
1540 2284 1634 2339 καὶ
1654 2285 1723 2354 τῇ
1760 2285 1900 2354 νόσῳ
1924 2285 1982 2347 ἐς

399 2476 674 2541 quotquot
710 2453 862 2522 hosti
927 2464 1138 2520 vultum
1200 2476 1312 2519 non
1368 2463 1562 2533 ignave
1609 2462 1980 2528 obverterunt,

401 2563 459 2618 in
494 2560 726 2633 vestigio
757 2566 882 2614 sunt
916 2556 1071 2621 caesi,
1099 2555 1297 2629 vulgus
1352 2561 1537 2610 autem
1586 2553 1987 2611 innumerabile

402 2644 693 2709 mulierum
723 2664 787 2705 ac
816 2662 1113 2721 puerorum
1144 2646 1319 2703 en‘uso
1346 2660 1513 2702 cursu
1545 2651 1612 2702 ad
1662 2660 1840 2703 arcem
1898 2647 1987 2701 fu-

400 2746 556 2819 giens
583 2754 770 2815 parata
797 2742 980 2815 prada
1040 2739 1456 2799 subsidentibus
1514 2740 1625 2796 illic
1685 2740 1990 2797 latronibus

403 2836 665 2897 occurrit.
693 2834 911 2907 Reliqui
939 2843 1253 2889 nostrorum
1279 2833 1537 2899 militum,
1555 2848 1621 2889 ne
1647 2832 1844 2889 castris
1862 2823 1991 2905 qui:-

404 2929 531 2986 dem
558 2928 805 2991 retentis.
840 2943 1007 2985 cursu
1063 2941 1201 2998 vago
1264 2926 1497 2983 salutem
1552 2926 1845 2997 quaesiere,
1895 2928 1991 2999 qui

405 3023 681 3081 servaturi
741 3020 879 3078 alios
932 3020 1145 3077 scilicet
1200 3026 1483 3085 venerant,
1516 3016 1747 3089 pecunia
1807 3018 1974 3075 etiam

406 3102 571 3186 quam
586 3114 654 3169 ab
671 3112 1003 3185 imperatore
1019 3112 1318 3168 attulerant
1361 3108 1720 3167 amissa.lnde
1736 3108 1859 3180 igne
1870 3110 1994 3180 pul-

2069 2100 2259 2154 Δεἰπεῖν
2288 2100 2523 2174 ἀνατολὴ
2559 2104 2707 2156 πᾶσα
2757 2101 3068 2173 Ῥωμαίων,
3100 2104 3183 2157 ὅτι
3230 2104 3329 2159 καὶ
3381 2104 3456 2168 ὡς
3486 2119 3660 2175 προσ-

2082 2192 2269 2263 φυγίῳ
2333 2194 2676 2264 χρησάμενοι
2720 2194 2799 2265 τῷ
2848 2196 3261 2267 ἑπιτειχίσματι
3315 2195 3514 2257 πάντες
3545 2195 3663 2248 ἐκεῖ

2083 2285 2449 2357 κατέδραμον,
2507 2286 2602 2340 καὶ
2658 2289 2817 2359 καινή
2876 2305 2957 2351 τις
3003 2288 3204 2352 ἅλωσις
3250 2284 3319 2361 ἦν
3371 2286 3523 2361 παρὰ
3550 2285 3660 2341 τῶν

2085 2462 2407 2519 nominatim
2442 2470 2691 2519 vetuerat
2718 2463 2969 2521 Michael
2998 2464 3286 2537 Augustus
3315 2465 3505 2537 iunior
3538 2476 3664 2539 post

2087 2570 2246 2611 suum
2277 2555 2403 2609 inde
2437 2555 2699 2622 reditum,
2727 2564 2873 2612 metu
2896 2572 2962 2613 ne
2991 2566 3045 2614 et
3078 2552 3157 2614 illi
3193 2565 3511 2629 paterentur
3544 2560 3667 2631 qua

2087 2644 2382 2717 Cyzicenis
2417 2645 2769 2713 accidissent,
2822 2646 2984 2717 plane
3024 2648 3392 2706 intolerabilia
3430 2650 3670 2710 et'omni

2090 2739 2379 2795 atrocitate
2404 2738 2613 2794 diriora
2647 2776 2661 2790 .
2684 2737 2818 2795 Nam
2844 2748 2898 2795 et
2938 2756 3025 2797 res
3064 2740 3352 2797 familiaris
3370 2728 3666 2814 victusque

2092 2829 2434 2885 domesticus
2493 2829 2713 2884 miseris
2758 2831 2972 2885 civibus
3018 2830 3394 2898 auferebatur,
3444 2843 3498 2888 et
3552 2849 3665 2891 non

2080 2922 2256 2977 'modo
2290 2921 2548 2976 mulieres
2591 2929 2687 2974 aut
2738 2932 2919 2992 nuptae
2962 2929 3057 2977 aut
3084 2923 3309 2994 puberis
3335 2925 3537 2990 :etatis,
3564 2924 3667 2981 sed

2094 3016 2281 3069 cruda
2320 3028 2539 3084 quoque
2584 3014 2924 3084 virguncula:
2956 3014 3042 3070 vix
3093 3030 3328 3086 egressae
3377 3016 3667 3072 infantiam

2098 3106 2326 3163 libidine
2409 3104 2635 3161 immani
2704 3107 3227 3178 corrumpebantur.
3289 3110 3368 3164 Ac
3416 3109 3672 3166 conscius

408 3204 561 3262 chris
596 3221 719 3277 eius
751 3213 962 3261 tractus
995 3202 1242 3260 aediﬁciis
1282 3201 1484 3272 injecto
1517 3202 1574 3257 in
1607 3202 1845 3257 cinerem
1869 3201 1997 3258 baro
2021 3236 2063 3296 ο
2100 3196 2324 3274 quidem
2357 3212 2417 3253 se
2438 3196 2644 3253 habere
2666 3196 2812 3267 quod
2841 3195 3019 3266 daret,
3057 3200 3205 3254 ultro
3252 3198 3495 3271 largiens
3513 3197 3670 3269 uagi-ﬁ

410 3296 531 3353 bari
561 3302 839 3352 verterunt
872 3294 1081 3350 omnia.
1117 3292 1193 3347 Ex
1222 3294 1323 3349 hoc
1350 3292 1478 3348 belli
1536 3307 1793 3348 successu
1822 3293 1995 3348 victor

412 3396 696 3446 revertens
731 3389 929 3441 Atman
974 3402 1099 3441 eum
1151 3387 1294 3452 suis,
1368 3385 1587 3456 cognito
1635 3385 1997 3442 Belocontitas

414 3479 698 3537 incastris
748 3476 917 3533 luisse
955 3476 1217 3531 Romanis
1269 3490 1394 3547 quae
1449 3476 1616 3532 modo
1661 3475 1997 3538 deleverant,

412 3571 759 3627 Belocomam
785 3565 1131 3640 aggrediendi
1163 3568 1275 3637 jam
1309 3570 1485 3638 ipsam
1525 3564 1728 3639 quippe
1772 3580 1999 3621 vacuam

413 3663 579 3739 διδ
619 3662 975 3735 ρικεὶἀίαιίἱε
1008 3670 1223 3731 tempus
1260 3669 1627 3732 Opportunum
1654 3660 1828 3714 duxit.
1861 3656 2001 3729 Ergo

413 3758 564 3813 illam
622 3757 878 3813 insiliens
914 3755 961 3808 vi
1011 3754 1179 3825 capit,
1217 3764 1272 3809 et
1316 3754 1389 3809 ibi
1434 3761 1684 3824 repertos
1718 3752 1999 3809 interﬁcit.

414 3850 538 3921 ipse
567 3857 747 3905 autem
790 3847 1078 3903 immensis
1107 3848 1306 3917 opibus
1354 3862 1419 3902 ea
1466 3847 1668 3902 clausis
1698 3844 2004 3901 munitione

414 3944 624 4013 potitus
677 3939 949 4012 praedives
992 3938 1120 3995 inde
1173 3946 1257 3994 est
1306 3938 1574 3995 habitus:
1610 3938 1754 3994 arcis
1805 3938 2006 4009 quippe

415 4034 565 4089 illius
598 4032 977 4099 munimentis,
1020 4029 1132 4087 situ
1185 4039 1239 4087 et
1271 4038 1389 4086 arte
1424 4030 1619 4086 validis
1647 4029 1715 4086 ad
1765 4032 2007 4101 quaesitae

418 4130 665 4195 prcnnia:
698 4124 1005 4180 custodiam
1053 4138 1219 4190 usus,
1264 4139 1492 4195 magnos
1536 4124 1641 4179 sibi
1694 4121 2003 4190 thesauros,

419 4237 455 4276 u
470 4223 577 4277 nde
599 4221 723 4281 belli
751 4236 815 4275 ac
846 4220 1189 4290 principatus
1206 4215 1487 4290 expediret
1513 4228 1787 4289 sumptus,
1813 4232 2008 4273 secure

417 4315 668 4370 cond.tos
697 4314 764 4369 ad
807 4328 1029 4369 manum
1095 4312 1312 4368 habuit.
1357 4310 1563 4366 Harum
1630 4326 1825 4381 magna
1879 4325 2007 4381 pars

420 4407 797 4463 calamitatum
852 4406 909 4461 in
964 4405 1194 4461 Prusam
1233 4403 1565 4460 redundavit
1613 4403 1693 4458 sic
1745 4403 2006 4457 nudatam

418 4500 771 4571 possessione
824 4499 939 4565 agri
975 4498 1062 4553 sui
1109 4508 1163 4553 et
1215 4495 1358 4552 intra
1395 4512 1680 4551 murorum
1739 4495 2005 4550 ambitum

2099 3289 2346 3345 tantibus
2386 3289 2751 3360 spoliabatur,
2806 3289 3289 3362 lucrovimputans
3332 3291 3477 3361 quod
3508 3292 3675 3349 rebus

2098 3382 2301 3455 ereptis
2329 3381 2520 3438 vivere
2558 3381 2840 3437 sineretur
2869 3401 2884 3438 :
2923 3381 3020 3453 qui
3049 3398 3179 3439 vero
3211 3384 3349 3440 nihil
3381 3400 3442 3442 se
3473 3386 3675 3443 habere

2098 3472 2454 3545 quantumvis
2498 3484 2632 3528 vere
2678 3470 2997 3539 allirmaret,
3052 3482 3343 3546 suspectus
3402 3478 3676 3535 mendacii

2101 3564 2279 3636 poenis
2324 3563 2723 3634 subjiciebatnr
2762 3565 3175 3635 acerbissimis,
3233 3570 3413 3639 quoad
3455 3574 3675 3627 condita

2104 3656 2365 3713 videlicet
2392 3662 2690 3728 promeret,
2731 3672 3032 3728 suspensus
3052 3699 3068 3724 ,
3106 3668 3335 3727 tractus,
3366 3663 3680 3719 cruciabili-

2103 3759 2188 3806 ter
2222 3758 2429 3809 tortus.
2484 3750 2555 3805 ab
2599 3752 3069 3822 exprobrantibus
3120 3752 3319 3811 merito
3358 3754 3481 3811 lucc
3520 3756 3678 3814 illum

2102 3843 2270 3917 416
2310 3844 2449 3916 pati,
2473 3844 2568 3916 qui
2601 3846 2833 3901 salutem
2887 3846 3055 3903 nollet
3100 3836 3329 3918 pecunia
3372 3847 3679 3907 redimere;

2106 3936 2226 4002 Quo
2255 3936 2312 3992 in
2347 3944 2460 3993 toto
2508 3936 2724 3992 nefario
2753 3952 2953 4010 genere
2973 3948 3219 4011 quaestus
3249 3928 3365 3995 tam.
3390 3940 3682 4015 impudens

2106 4031 2332 4088 licentia
2365 4039 2486 4087 erat
2543 4032 2780 4088 istorum
2821 4033 3291 4104 Amogaharorum
3324 4035 3427 4106 (sic
3459 4038 3684 4108 pr0prie

2106 4122 2409 4179 vocabatur
2461 4138 2522 4178 ea
2578 4136 2734 4193 gens,
2789 4122 2919 4202 inde
2969 4123 3137 4179 credo
3187 4126 3334 4196 quod
3368 4142 3435 4181 ex
3484 4126 3684 4185 Abaris

2107 4216 2375 4286 originem
2410 4214 2699 4287 traheret),
2724 4223 2785 4269 ut
2816 4215 3052 4286 quadam
3081 4218 3229 4273 velut
3258 4219 3369 4287 jam
3404 4234 3507 4275 usu
3527 4232 3685 4291 parta

2109 4308 2420 4378 raptoribus
2453 4310 2787 4365 auctoritate
2821 4309 3127 4380 praedandi,
3160 4311 3424 4381 quidquid
3449 4315 3687 4384 quisque

2109 4415 2273 4471 quam
2309 4399 2517 4469 optimo
2559 4413 2618 4454 se
2648 4408 2868 4471 putaret
2909 4401 3035 4471 jure
3083 4401 3384 4472 possidere.
3422 4402 3475 4458 id
3518 4401 3727 4460 simul-

2110 4502 2479 4563 apparuerat,
2534 4493 2642 4547 sibi
2698 4492 2859 4563 quasi
2907 4495 3149 4564 legitime
3199 4498 3490 4564 qumsitum
3548 4498 3688 4553 latro

424 4596 728 4657 redactam,
764 4593 916 4647 nullo
948 4592 1211 4661 deinceps
1234 4592 1565 4646 commercio
1593 4606 1715 4645 cum
1742 4589 2009 4644 suburba-
2046 4618 2087 4672 υ
2114 4586 2327 4640 advena
2389 4584 2865 4640 conﬁdemissime
2910 4597 3191 4657 armgaret
3226 4588 3486 4660 justeque.
3528 4605 3693 4645 usur-

425 4688 513 4746 nis
544 4687 690 4741 villis
744 4694 799 4741 et
830 4684 1070 4755 praediis,
1122 4700 1243 4753 qua:
1283 4698 1390 4737 non
1452 4699 1643 4755 parum
1674 4699 1891 4739 alumna
1956 4692 2010 4739 et

424 4788 624 4835 ornata
689 4777 743 4832 in
808 4778 1085 4835 territorio
1158 4777 1424 4833 habuerat
1490 4776 1746 4847 plurima.
1816 4776 2010 4831 Clades

426 4872 542 4925 haec
604 4875 793 4925 eadem
857 4869 1030 4937 Pegas
1100 4868 1313 4933 adlisit,
1395 4871 1585 4923 urbem
1656 4863 2008 4922 maritimam.

423 4963 562 5019 Cum
602 4960 747 5016 enim
776 4970 899 5031 post
934 4960 1322 5025 barbarorum,
1364 4975 1526 5029 quam
1552 4960 1692 5025 dixi,
1722 4960 2011 5013 victoriam

425 5052 608 5110 cuncti
654 5068 915 5125 pagorum
950 5052 1163 5113 incolae,
1190 5050 1285 5121 qui
1317 5050 1553 5121 ellugere
1580 5058 1871 5121 potuerant
1897 5051 2015 5120 gla-

430 5150 579 5203 dium
619 5147 892 5205 liostilem.
933 5144 1036 5198 sub
1070 5146 1331 5199 moenium
1372 5152 1427 5199 et
1473 5143 2012 5214 prOpugnacnlorum

425 5240 547 5312 ejus
591 5237 780 5309 oppidi
828 5234 1024 5305 cupide
1094 5240 1318 5290 tutelam
1362 5236 1752 5300 accurrisse-nt,
1786 5234 2018 5303 contigit

432 5334 543 5389 illic
591 5330 891 5400 constipari
930 5329 1145 5383 turbam
1183 5329 1462 5401 ingentem
1494 5328 1669 5398 inopis
1701 5326 2005 5381 multitudi-

432 5428 539 5491 nis,
566 5440 628 5479 ex
664 5424 826 5494 cujus
869 5422 1053 5476 illuvie
1104 5437 1169 5475 ac
1203 5421 1333 5475 fa:ce
1376 5419 1651 5488 corruptis
1687 5418 2014 5487 corporibus

432 5518 543 5573 cito
571 5520 690 5572 lues
720 5514 949 5576 exarsit,
978 5528 1085 5583 qua
1120 5522 1249 5567 totae
1299 5512 1459 5567 simul
1491 5511 1773 5565 hominum
1820 5518 2016 5564 centu-

432 5609 531 5665 riae'
567 5608 860 5663 eadebant.
896 5605 1141 5673 Quorum
1178 5604 1233 5659 in
1274 5604 1554 5659 cumulum
1604 5605 1872 5657 malorum
1923 5618 2017 5658 su-

432 5700 684 5772 pervenit
734 5698 939 5753 indlcta
982 5696 1323 5769 Pegensibus
1363 5696 1431 5751 ab
1475 5697 1804 5767 imperatore
1846 5697 2014 5749 multa

435 5795 738 5851 multorum
776 5792 1008 5847 millium
1038 5806 1323 5845 nummum
1353 5790 1424 5844 ob
1460 5788 1867 5845 admissuurab
1909 5790 2017 5844 illis

433 5888 577 5942 intra
602 5887 792 5943 urbem
852 5898 1112 5957 magnum
1165 5884 1400 5953 ducem;
1451 5883 1596 5955 quod
1660 5881 2015 5941 uevfaccrent

2113 4693 2277 4748 passe
2308 4676 2483 4733 videri
2520 4679 2707 4734 vellet.
2746 4676 2856 4733 Nec
2912 4680 3184 4750 indigenis
3240 4684 3354 4737 hmo
3386 4683 3562 4737 solum
3595 4691 3691 4738 aut

2112 4769 2262 4825 natis
2297 4767 2476 4840 Cyzici
2527 4770 2749 4839 ﬁebant,
2791 4769 2883 4826 sed
2938 4772 3058 4826 sine
3121 4772 3443 4829 discrimine
3486 4783 3693 4845 pariter

2112 4863 2328 4918 cunctis
2358 4863 2452 4932 qui
2496 4878 2526 4919 e
2578 4864 2787 4919 circum
2834 4866 3110 4921 universis
3153 4867 3379 4924 ditionis
3435 4866 3693 4925 Romana:

2114 4958 2431 5028 regiOnibns
2476 4958 2618 5013 intra
2655 4976 2797 5026 eum,
2832 4971 2895 5015 ut
2948 4968 3028 5015 est
3052 4960 3261 5015 dictum
3286 5002 3301 5026 ,
3329 4962 3688 5017 munitionem

2117 5051 2348 5122 perfugii
2386 5052 2562 5121 gratia
2599 5068 2721 5107 sese
2769 5062 3115 5120 receperant.
3158 5054 3432 5109 Praetereo
3470 5050 3693 5109 mutila-

2128 5142 2308 5199 tioncs
2362 5159 2746 5213 corporumac
2799 5146 2974 5200 caedes
3030 5145 3493 5217 infandnrumquc
3532 5164 3695 5204 omne

2114 5251 2289 5308 genus
2317 5236 2606 5291 colluviem
2641 5238 2939 5303 scelerum,
2979 5253 3075 5309 per
3108 5254 3259 5309 quae,
3292 5242 3386 5309 qui
3416 5241 3694 5299 defensuri

2118 5330 2327 5386 scilicet
2368 5342 2661 5397 venerant,
2721 5332 3061 5387 miserrimos
3106 5333 3442 5391 immanitate
3492 5334 3697 5393 furoris

2117 5434 2362 5479 extrema
2403 5424 2645 5494 undique
2664 5440 2957 5495 oppressos
2980 5428 3333 5485 obterebant.
3372 5431 3551 5486 Causa
3581 5444 3700 5488 erat

2118 5517 2480 5587 Amogabaris
2509 5518 2622 5572 haec
2658 5516 2973 5588 frequenter
3012 5529 3067 5575 et
3106 5522 3286 5592 palam
3322 5524 3516 5594 agendi
3553 5526 3699 5596 quod

2119 5610 2341 5678 impune
2394 5610 2687 5673 faciebant,
2721 5627 2917 5682 magno
2947 5615 3104 5679 duce,
3128 5631 3291 5686 quem
3331 5598 3500 5674 unum
3532 5635 3701 5676 vene-

2120 5702 2413 5768 rabantur,
2451 5704 2589 5773 ipsis
2633 5705 2872 5759 obnoxio
2900 5708 3095 5775 partim
3130 5709 3272 5780 grati
3313 5711 3483 5766 animi
3534 5727 3703 5769 sensu

2122 5797 2320 5867 partim
2359 5796 2654 5851 formidine
2687 5817 2701 5853 :
2740 5816 2861 5853 nam
2912 5808 2967 5856 et
3014 5801 3081 5857 ab
3115 5803 3239 5859 aliis
3276 5815 3471 5877 sponte
3506 5821 3563 5879 se
3598 5808 3706 5878 ipsi

2124 5889 2567 5960 subjicicntibns,
2604 5910 2707 5964 qua
2752 5894 3050 5964 omittebat,
3076 5904 3399 5967 potestatem
3424 5900 3705 5973 accepisse
