4094 6280
520 348 635 429 467

1762 364 2092 428 GEORGII
2132 368 2435 433 PACHYM
2450 372 2618 433 ΕΒΔΞ

3689 354 3803 422 468

497 468 629 541 Χρὴ
664 470 967 554 πιστεύειν,
1002 473 1099 529 καί
1128 491 1242 528 τισι
1288 474 1356 531 δι’
1386 476 1623 549 ἀγχόνης
1653 480 1818 551 μόρον
1847 480 1992 536 κατὰ
2017 481 2109 535 τδν
2139 488 2180 547 Α
2215 486 2305 558 ριξ
2329 487 2570 560 φρούρια
2610 486 2670 554 ἐξ
2700 484 2992 557 ὁμολογίας
3012 480 3101 536 διὰ
3131 481 3231 553 τὴν
3276 476 3522 544 ἀνάγκην
3559 472 3806 543 Πέρσαις

520 560 725 632 τρόπον
755 564 863 618 τῶν
886 564 1111 621 Ἰταλῶν
1145 567 1348 639 ἐπῆξεν
1377 572 1407 624 ὁ
1436 571 1841 643 ἀφηγούμενος,
1880 573 1940 628 οὐ
1970 574 2101 644 παρ’

525 654 654 709 ἄλλο
697 676 752 712 τι
804 658 835 728 ἥ
883 660 944 715 τὸ
984 661 1162 716 θέλειν
1195 662 1437 728 ἐκείνους
1492 669 1802 737 περιποιεῖν
1841 666 2102 737 σφέτερα.

2208 581 2516 647 ὑπέκειντο,
2539 578 2678 654 ἦσαν
2709 579 2754 633 δ’
2787 571 2934 633 οὗτοι
2958 576 3009 629 οἱ
3043 574 3168 645 περὶ
3201 570 3293 627 τὸν
3326 566 3622 639 Ἀλισύραν
3652 565 3810 633 Καρ-

2212 677 2373 747 μανοὶ
2418 675 2485 730 τὰ
2536 675 2808 747 κράτιστα
2837 671 2948 725 τῶν
2999 666 3251 739 Περσῶν,
3306 662 3621 731 πέμψαντες
3666 657 3719 711 οἱ
3750 656 3810 710 ἒν

534 750 593 804 ’θ
618 749 674 807 δὲ
699 751 1163 826 εἶτ’πάιιυνόμενος
1195 756 1422 811 αὐτόθεν
1452 757 1562 811 εἶδε
1595 758 1702 830 μὴν
1722 760 1815 814 καὶ
1843 762 1971 823 τοὺς
1993 760 2109 813 λοι·
2208 772 2322 834 τοῖς
2356 768 2638 841 φρουρίοις
2675 767 2818 822 κατὰ
2849 764 2951 836 τὴν
2981 761 3116 835 περὶ
3161 759 3254 814 τὸν
3308 754 3533 812 Αὓλακα
3592 748 3814 821 διατρί-

523 846 660 909 ποὺς
686 845 1080 917 δεδιττόμενος,
1117 850 1211 905 καὶ
1246 851 1352 904 ὑπὸ
1377 851 1505 915 τοὺς
1539 852 1770 915 δώδεκα,
1806 853 1881 918 ὡς
1916 853 2108 920 ἐλέγε-

522 953 605 1004 το,
634 936 1029 1011 ἀπηγχόνισεν,
1062 943 1198 997 ὅπου
1234 960 1297 1012 γε
1330 945 1429 1000 καὶ
1476 944 1642 999 αὐτὸν
1667 946 1759 999 τὸν
1789 946 1943 1014 σφῶν
1984 947 2113 1016 ἑξη-

524 1030 814 1101 γούμενον,
839 1033 1006 1105 ἄνδρα
1032 1036 1254 1108 ἀρεῖκὺν
1286 1028 1352 1091 ἔκ
1372 1037 1699 1107 Βουλγάρων
1726 1038 1825 1093 καὶ
1851 1039 2029 1111 μέγαν
2052 1039 2111 1109 ἑξ

526 1125 861 1197 ἀξιωμάτων
884 1130 1173 1197 τζαούσιον
1207 1131 1300 1186 τὸν
1328 1133 1763 1204 Χρανίσθλαῆον,
1816 1135 1874 1189 ὃν
1903 1136 1968 1190 ὲκ
2013 1136 2109 1191 τοῦ

528 1223 671 1276 κατὰ
697 1222 788 1277 τὸν
814 1225 1072 1296 Λαχανᾶν
1091 1225 1328 1298 πολέμου
1352 1228 1446 1281 ἐπὶ
1470 1227 1693 1299 Μιχαὴλ
1720 1227 1817 1283 τοῦ
1846 1227 2112 1300 βασιλέως

527 1315 726 1371 ἁλόντα
785 1318 877 1373 καί⁴
919 1319 1140 1391 δεσμοῖς
1176 1321 1261 1390 ἐφ’
1295 1320 1517 1391 εἱρκτῆς
1553 1321 1951 1393 συνισῃμὲνον
1985 1324 2116 1375 πολ-

525 1407 639 1471 λοῖς
664 1406 896 1481 ὕστερον
920 1412 1136 1483 χρόνοις
1175 1410 1432 1483 βασιλεὺς
1458 1416 1557 1483 τῆς
1591 1413 1819 1483 εἱρκτῆς
1865 1412 2115 1473 ὲκὸαλὼν

527 1502 622 1556 καὶ
649 1503 892 1574 τιμήσας
919 1504 998 1573 τῷ
1023 1504 1294 1579 ἀξιώματι
1316 1510 1430 1571 τοῖς
1457 1509 1573 1562 ἐκεί
1611 1508 1836 1580 μέρεσιν
1869 1507 1962 1562 ἐπὶ
1990 1507 2118 1580 χρό-

528 1612 640 1661 νοις
675 1598 926 1675 ἀρχηγὸν
963 1595 1101 1670 εἷχε,
1147 1600 1244 1654 καὶ
1283 1601 1446 1656 αὐτὸν
1502 1602 1633 1670 γοῦν
1664 1602 1879 1665 τοῦτον,
1909 1602 1986 1669 ὡς
2032 1599 2120 1655 λέ-

530 1705 710 1757 γιται,
741 1691 799 1757 ἐξ
830 1691 1048 1763 ἑτοίμου
1076 1695 1140 1763 τῇ
1196 1694 1441 1767 μαχαίρᾳ
1464 1681 1684 1767 τρώσας
1724 1698 1834 1758 τοῖς
1862 1695 2115 1765 ἀπαγχο-

531 1784 741 1839 νίσουσι
774 1786 1086 1858 παρεδίδου.
1113 1787 1231 1842 Κᾶν
1261 1791 1354 1842 καὶ
1380 1787 1525 1843 τοῦτ’
1559 1788 1825 1857 ἐγεγόνει,
1872 1789 1920 1841 εί
1954 1788 2116 1858 μήγε

532 1879 722 1934 πολλοὶ
759 1880 853 1941 καὶ
879 1882 1015 1951 πρὸς
1050 1882 1290 1939 ἱκετείαν
1322 1883 1591 1955 ἀξιόχρεῳ
1619 1882 1759 1953 ὑπὲρ
1783 1880 1875 1936 τοῦ
1922 1882 2112 1947 ἀνδρὸς

530 1972 631 2026 οὐκ
669 1973 824 2043 ὀλίγα
857 1976 1232 2047 προτείνοντες
1253 1976 1439 2030 δίκαια
1468 1977 1830 2047 ὲξηρήσαντο.
1865 1974 2115 2029 Κάντεῦ-

532 2067 625 2120 θεν
663 2068 881 2138 Χλιαρόι
911 2068 1136 2123 διελθὼν
1162 2070 1257 2123 καὶ
1278 2069 1445 2124 τᾶλλα
1473 2069 1573 2140 τὴν
1600 2072 1695 2125 ἐπὶ
1726 2068 2117 2134 Φιλαδελφείας

531 2158 794 2216 ἔσπευδεν
830 2163 1097 2233 ἐσχάτως,
1130 2162 1206 2223 ὡς
1249 2162 1474 2235 ἐρρέθη,
1523 2163 1960 2217 κινδυνεύουσαν.
2007 2163 2121 2217 Κὰ-

530 2254 694 2325 πειδὴ
726 2254 980 2325 ἡλίσκετο
1013 2254 1115 2327 μὲν
1140 2256 1403 2329 Τρίπολις
1432 2255 1538 2329 πρὸ
1581 2256 1798 2328 καιροῦ,
1828 2258 1896 2315 τὰ
1929 2256 1987 2310 δὲ
2019 2256 2118 2310 πέ-

533 2439 730 2506 laqueo
763 2437 831 2493 de
863 2451 1015 2494 more
1045 2436 1305 2495 italorum
1339 2452 1529 2495 necem
1560 2435 1892 2510 quibusdam
1921 2448 2117 2511 eorum

534 2530 738 2587 ductor
792 2532 1002 2596 intulit,
1049 2548 1157 2589 non
1201 2534 1309 2589 alia
1341 2532 1408 2588 de
1436 2546 1608 2589 causa
1638 2547 1807 2603 quam
1854 2531 2000 2602 quod
2030 2543 2119 2585 res

535 2640 666 2682 suas
723 2625 779 2681 in
818 2627 1000 2698 praeda
1034 2625 1260 2684 Persica
1319 2626 1535 2698 agnitas
1584 2640 1866 2690 resumere
1931 2624 2010 2679 illi
2056 2637 2121 2679 ac

534 2719 644 2775 sibi
687 2718 973 2776 vindicare
1021 2720 1353 2784 voluissent.
1420 2716 1531 2774 Sed
1594 2717 1861 2790 quidquid
1917 2717 1991 2772 sit
2049 2714 2118 2771 de

533 2826 702 2869 causa
737 2812 892 2881 facti,
943 2813 1013 2868 de
1048 2812 1195 2869 facto
1226 2813 1448 2884 quidem
1501 2813 1638 2868 satis
1686 2821 1903 2868 constat
1952 2809 2123 2882 426

507 2893 858 2961 testimonio
906 2905 1230 2971 multorum,
1288 2906 1543 2962 homines
1588 2904 1845 2961 videlicet
1897 2902 2119 2958 circiter

540 2997 834 3055 duodecim
867 2998 1031 3069 jussu
1062 2999 1225 3057 ducis
1254 3000 1463 3071 magni,
1495 2999 1612 3056 sive
1640 2997 1961 3055 ulciscentis
1992 3012 2121 3069 pec-

541 3102 726 3151 catum
766 3094 1094 3166 quodpiam,
1128 3094 1244 3150 sive
1271 3093 1631 3164 praecaventis
1671 3091 1727 3147 in
1775 3090 2020 3145 futurum
2065 3096 2121 3144 et

540 3200 755 3247 terrore
788 3187 1211 3258 praemunientis
1244 3204 1375 3245 suos
1418 3203 1486 3244 ne
1528 3195 1844 3257 peccarent.
1875 3193 2124 3256 strangu-

539 3285 699 3341 latos.
749 3292 885 3340 tunc
938 3282 1245 3354 suspendio
1299 3283 1493 3344 fuisse,
1557 3280 1782 3352 quando
1835 3289 1890 3334 et
1938 3276 2121 3346 ipsum

536 3380 736 3439 ducem
792 3380 961 3436 istius
1022 3377 1295 3443 cohortis,
1333 3391 1399 3431 ex
1462 3392 1570 3447 qua
1602 3375 1691 3431 isti
1733 3383 1913 3440 erant,
1939 3372 2121 3426 virum

536 3474 811 3547 inclytum
857 3475 1065 3528 virtute
1128 3472 1381 3538 militari,
1459 3480 1585 3527 ortu
1650 3468 1967 3539 Bulgarum,
2035 3465 2123 3521 cui

535 3568 722 3639 fuerat
790 3568 1034 3639 dignitas
1097 3566 1303 3622 collata
1355 3565 1535 3636 magni
1596 3564 1835 3627 tzausii,
1890 3560 2127 3617 Chraui-

538 3662 819 3719 stlilabum
874 3661 1120 3737 nomine,
1153 3674 1318 3731 quem
1381 3657 1528 3713 bello
1579 3664 1776 3712 contra
1813 3653 2124 3709 Lachanam

538 3753 773 3811 Michael
812 3754 1097 3825 Angustus
1137 3751 1328 3809 senior
1385 3750 1517 3807 olim
1552 3758 1776 3821 captum
1832 3749 2037 3818 diuque
2070 3746 2125 3800 in

540 3860 770 3905 carcere
832 3846 1202 3904 constrictum
1259 3844 1499 3902 vinculis
1562 3845 1848 3900 detentum
1879 3880 1895 3907 ,
1962 3841 2127 3911 longo

539 3949 667 4014 post
740 3950 990 4011 tempore
1049 3938 1406 3995 Andronicus
1479 3937 1786 4006 imperator
1857 3934 2124 3991 emissum

540 4035 795 4095 custodia
831 4046 887 4092 et
931 4049 997 4091 ea
1029 4048 1197 4106 quam
1246 4030 1361 4087 dixi
1403 4039 1658 4086 ornatum
1687 4028 1981 4099 dignitate,
2015 4026 2126 4083 illis

540 4131 637 4190 diu
694 4132 752 4186 in
810 4128 1060 4202 partibus
1116 4125 1329 4182 militiae
1382 4126 1578 4181 ducem
1618 4124 1834 4191 habuit,
1870 4128 1927 4179 et
1955 4123 2127 4185 hunc,

542 4227 804 4300 inquam,
866 4232 926 4280 ut
982 4220 1213 4288 dcitur,
1270 4220 1383 4295 dux
1431 4233 1680 4291 magnus
1750 4216 1850 4275 ira:
1921 4214 2130 4289 impetu

541 4325 722 4395 primo
778 4319 1287 4392 asevulneratum
1336 4318 1519 4390 gladio
1547 4315 1908 4374 carniﬁcibus
1935 4315 2131 4384 laqueo

546 4406 1243 4479 sttﬂ‘ocandum'~"tradidit,
1289 4409 1617 4481 finissetque
1686 4409 1735 4473 is
1782 4406 1929 4464 haud
1964 4401 2133 4462 dubie

543 4510 715 4565 vitam
767 4485 1098 4578 suspendio,
1127 4503 1233 4561 nisi
1266 4503 1425 4558 multi
1456 4504 1709 4558 certatim
1773 4508 2132 4556 accurrentes

2211 860 2361 915 σοντι
2387 838 2780 930 ἆναχγέλλουσι
2816 856 2915 926 μὲν
2948 853 3048 924 τὴν
3100 851 3241 921 βίαν,
3294 842 3738 919 προσλιπαροῦσι
3764 838 3810 897 δ’

2213 951 2516 1025 ἐπαμύνειν
2545 949 3167 1023 ἀντιπροσχωρήσουσιν
3205 942 3271 1010 ἐξ
3317 942 3564 1012 ἑτοίμου,
3597 940 3668 1009 ἢν
3705 953 3813 989 που

2214 1048 2434 1120 φανείη,
2477 1044 2775 1118 Ῥωμαίοις
2824 1060 2892 1113 γε
2936 1037 3056 1096 οὖσι
3090 1040 3183 1095 καὶ
3222 1039 3289 1110 τῇ
3325 1034 3421 1090 τοῦ
3464 1031 3662 1109 καιροῦ
3718 1030 3823 1105 βίᾳ

2215 1144 2442 1209 είξασιν.
2491 1142 2549 1196 '0
2587 1141 2645 1196 δὲ
2690 1136 2903 1212 δέχεταί
2936 1156 2997 1192 τε
3031 1135 3130 1206 τὴν
3181 1130 3421 1187 ἱκετείαν
3456 1125 3813 1196 καὶάμύνειν

2215 1235 2746 1306 κατεπαγγέλλεται.
2773 1235 2850 1291 Οὐ
2879 1232 2986 1303 μὴν
3021 1226 3222 1285 eam
3254 1225 3352 1281 καὶ
3385 1222 3639 1277 ἐντεῦθεν
3676 1218 3815 1291 θάρ-

2220 1336 2311 1406 ρος
2334 1332 2518 1387 λαϐὼν
2544 1331 2646 1385 οὐκ
2674 1328 2948 1391 ὀλίγιστον
2985 1326 3129 1397 πρὸς
3156 1321 3479 1393 συμπλοκὰς
3502 1318 3644 1373 κατὰ
3674 1318 3817 1387 Περ-

2219 1426 2330 1481 σῶν
2360 1423 2713 1497 ἡτοιμάζετο.
2738 1422 2826 1496 [Ρ.
2854 1420 2988 1494 296]
3024 1419 3172 1491 Πλὴν
3196 1418 3243 1471 δ’
3270 1415 3385 1470 ἀλλ’
3426 1413 3545 1469 οὐδὲ
3570 1413 3816 1482 Πέρσαις

2218 1521 2533 1592 ἀνήκουστα
2558 1518 2811 1593 τακείνου
2844 1516 3111 1583 κατέστη.
3139 1511 3279 1567 ἀλλὰ
3303 1509 3395 1566 καὶ
3416 1507 3575 1562 αὐτοὶ
3610 1504 3817 1571 μαθόν-

2218 1632 2310 1677 τες
2367 1608 2896 1685 προσητοιμὰζοντοζ
2956 1606 3068 1663 Καί
3116 1621 3222 1658 που
3286 1604 3417 1673 περὶ
3461 1600 3553 1652 τὸν
3585 1596 3818 1652 Αΰλακα

2223 1708 2572 1767 συνελθόντες
2606 1702 2708 1760 οὐκ
2757 1702 2887 1770 ἄξια
2920 1701 3020 1768 μὲν
3050 1698 3146 1755 τοῦ
3188 1698 3432 1768 πλήθους
3463 1693 3588 1749 οὐδὲ
3620 1708 3687 1760 γε
3717 1690 3820 1759 τῆς

2223 1801 2585 1873 παρασκευῆς
2615 1800 2895 1868 ἑκατέρων
2918 1792 3184 1863 ἀλλήλους
3213 1792 3472 1861 ἑδρασαν,
3523 1786 3750 1851 λέγεται
3773 1781 3818 1836 δ’

2223 1898 2373 1967 ὅμως
2400 1895 2705 1965 τρωθέντος
2734 1891 2933 1946 αὐτίκα
2959 1889 3053 1943 τοῦ
3079 1886 3375 1957 Ἀλισύρον
3404 1884 3497 1938 καὶ
3530 1884 3608 1943 εἰς
3631 1878 3822 1950 φυγὴν

2224 1990 2312 2044 διὰ
2356 1988 2529 2044 ταῦτα
2568 1987 2866 2059 βλέψαντος
2922 1972 3140 2053 Πέρσας
3202 1980 3300 2051 μὲν
3358 1976 3477 2047 μετ’
3509 1972 3821 2043 εὐκοσμίας

2225 2082 2486 2137 καὶκατὰ
2520 2081 2723 2152 τρόπον
2756 2077 3085 2148 ἀναχωρεῖν,
3107 2075 3219 2137 τοῖς
3249 2072 3305 2126 δὲ
3341 2069 3485 2125 κατὰ
3516 2068 3609 2127 τθιν
3639 2066 3823 2139 pem

2224 2178 2393 2234 δοῦκα
2422 2176 2735 2250 συναχθεῖσι
2771 2172 2916 2227 κατὰ
2946 2170 3197 2240 φρήτρας
3227 2165 3390 2237 τριχῆ
3423 2164 3524 2217 οὐκ
3561 2158 3632 2234 ἦν
3685 2158 3826 2215 ἀτά-

2227 2289 2371 2335 κτως
2405 2271 2540 2344 μίγα
2588 2270 2722 2323 πᾶσι
2751 2267 2986 2321 διώκειν.
3025 2263 3289 2317 Ἐκαστοι
3316 2259 3362 2313 δ’
3388 2256 3624 2328 ὁρῶντες
3655 2253 3825 2325 ἀλλή-

2230 2459 2384 2515 duei.
2416 2456 2622 2513 Verum
2683 2446 2775 2510 tali
2829 2460 3151 2509 coactarum
3205 2444 3495 2516 subjacere
3553 2436 3822 2497 servituti

2227 2552 2446 2607 arcium
2484 2548 2705 2613 incolae,
2743 2545 2937 2602 audito
2964 2544 3269 2599 adventare
3308 2551 3567 2607 magnum
3593 2533 3823 2598 ducem,

2228 2660 2353 2703 eum
2405 2644 2519 2715 jam
2569 2643 2783 2697 circum
2814 2638 3082 2709 Anlaccm
3110 2632 3315 2690 castris
3344 2629 3542 2705 positis
3587 2641 3822 2683 moran-

2233 2748 2342 2795 tem
2382 2737 2656 2809 legatione
2690 2733 2857 2787 missa
2894 2728 3270 2785 communiter
3306 2732 3579 2795 rogarunt
3623 2732 3685 2775 ut
3714 2720 3823 2776 sibi

2232 2834 2301 2887 ab
2355 2828 2733 2889 rebellandum
2770 2823 2980 2896 paratis
3012 2822 3232 2876 admoto
3288 2817 3517 2889 pronius
3568 2813 3824 2870 exercitu

2232 2927 2493 2983 adesset:
2526 2936 2650 2979 sese
2683 2920 2856 2981 enim,
2909 2915 3076 2973 simul
3108 2924 3227 2970 tuto
3259 2913 3312 2968 id
3350 2920 3580 2982 possent
3611 2910 3824 2971 facere,

2230 3028 2416 3093 pacta,
2447 3016 2652 3087 quibus
2680 3028 2739 3071 se
2760 3026 2975 3069 summa
3006 3012 3053 3064 vi
3082 3007 3263 3062 adacti
3297 3014 3354 3061 et
3384 3004 3646 3060 cedentes
3673 3011 3816 3057 tem-

2234 3108 2357 3183 pori
2409 3111 2602 3165 contra
2648 3103 2989 3158 voluntatem
3049 3098 3464 3154 obstrinxerant
3532 3093 3821 3156 barbaris,

2152 3229 2196 3289 ρ
2232 3204 2602 3262 rescissuros,
2648 3207 2702 3254 et
2754 3196 2900 3253 sicut
2929 3192 3094 3267 427
3130 3190 3367 3247 Romani
3412 3196 3592 3254 erant,
3629 3186 3827 3269 missis

2228 3297 2298 3353 ab
2330 3298 2671 3366 imperatore
2718 3290 2919 3359 copiis,
2955 3288 3143 3344 statim
3177 3296 3342 3355 atque
3382 3283 3475 3338 illa
3520 3281 3578 3339 in
3618 3280 3825 3337 vicinia

2228 3388 2708 3461 comparuissent,
2741 3399 2869 3441 sese
2919 3382 3102 3455 palam
3155 3378 3542 3449 adiuncturos.
3603 3373 3826 3431 Annuit

2228 3482 2324 3540 ille
2350 3481 2607 3553 precibus
2650 3478 2985 3550 supplicum,
3025 3484 3091 3530 et
3125 3473 3417 3529 ducturum
3454 3485 3519 3527 se
3563 3481 3677 3538 quo
3705 3468 3828 3524 vel-

2229 3577 2346 3632 lent
2400 3575 2593 3645 copias
2650 3572 2928 3643 promisit,
2989 3586 3054 3626 eo
3098 3569 3367 3625 libentius
3417 3565 3566 3637 quod
3604 3581 3674 3621 ex
3718 3568 3826 3621 hoc

2232 3670 2353 3741 ipso
2401 3679 2510 3723 tam
2548 3676 2857 3738 opportune
2907 3664 3116 3721 auxilio
3156 3663 3343 3719 oblato
3371 3676 3478 3716 non
3518 3674 3717 3731 parum
3766 3672 3826 3714 se

2228 3759 2553 3818 confirmari
2604 3757 2884 3815 sentiebat
2939 3755 3007 3811 ad
3045 3756 3186 3811 bene
3214 3752 3550 3823 sperandum
3585 3750 3654 3805 de
3696 3764 3827 3805 suc-

2230 3868 2395 3912 cessu
2441 3851 2818 3921 expeditionis
2857 3850 3042 3921 hujus.
3078 3846 3222 3917 Ergo
3254 3855 3409 3903 tanto
3454 3860 3513 3901 se
3541 3844 3668 3902 inde
3702 3844 3826 3899 ala.
3918 3878 3921 3881 ς

2231 3947 2386 4005 crius
2430 3945 2498 4001 ad
2547 3943 2865 4001 conflictum
2918 3958 3041 3999 cum
3082 3940 3266 3998 Persis
3304 3940 3668 4012 comparavit.
3714 3937 3823 4005 Qui

2233 4039 2480 4097 vicissim
2542 4054 2640 4110 per
2695 4042 3083 4108 exploratores
3129 4035 3356 4107 cognito
3416 4035 3596 4105 magni
3662 4035 3826 4090 ducis

2233 4142 2431 4192 contra
2466 4135 2617 4204 ipsos
2651 4133 2929 4189 moventis
2960 4132 3200 4186 adventu
3238 4130 3455 4187 obviam
3492 4129 3567 4185 illi
3603 4130 3828 4199 prodire

2236 4232 2633 4297 occuparunt,
2695 4222 2957 4294 promoto
3011 4223 3257 4279 exercitu
3302 4236 3473 4293 prope
3522 4221 3825 4283 Autacem.

2237 4317 2326 4372 ubi
2379 4331 2504 4371 eum
2558 4315 2756 4371 stativa
2808 4316 2997 4370 tlxisse
3034 4311 3405 4370 ostendimus.
3446 4312 3826 4369 Commissum

2240 4410 2357 4466 illic
2386 4410 2534 4469 inter
2559 4409 2706 4467 acies
2740 4409 3006 4466 adversas
3037 4418 3127 4464 est
3154 4407 3431 4478 praelium,
3468 4406 3694 4478 segnius
3738 4422 3827 4462 re-

2243 4503 2589 4574 missiusqnc
2639 4518 2806 4575 quam
2856 4517 2886 4557 a
2929 4512 3039 4557 tam
3093 4500 3405 4557 numerosis
3455 4499 3629 4572 c0piis
3666 4507 3827 4553 tanto

546 4612 603 4660 et
642 4600 904 4671 precibus
952 4598 1160 4653 intimis
1202 4610 1253 4654 ct
1314 4596 1629 4653 rationibus
1679 4592 1918 4656 idoneis.
1968 4593 2122 4648 meri-

2246 4598 2510 4670 utrinque
2546 4605 2814 4669 apparatu
2854 4596 3055 4652 infeste
3088 4593 3323 4651 invicem
3354 4593 3824 4650 concurrentibus

546 4701 736 4769 tisque
778 4696 954 4766 ipsius
1004 4709 1071 4751 ac
1120 4693 1467 4751 defensionis
1501 4689 1848 4773 argumentis
1890 4688 2134 4759 allegan—

546 4792 636 4850 dis
691 4788 967 4861 plurimis,
1022 4800 1167 4859 aegre
1223 4785 1447 4841 tandem
1493 4781 1859 4839 Rontzerium
1902 4778 2135 4834 avertis-

547 4890 674 4941 sent
705 4898 733 4938 a
766 4880 1053 4953 proposito
1102 4878 1229 4937 talis
1271 4877 1374 4934 viri
1416 4877 1526 4933 leto
1580 4873 1804 4930 informi
1842 4870 2130 4929 enecandi.

551 4977 721 5033 Porro
753 4978 884 5031 hinc
914 4973 1025 5029 dux
1071 4972 1215 5029 idem
1253 4986 1483 5043 magnus
1521 4970 1743 5026 Chliara
1772 4978 1830 5024 et
1864 4968 1978 5022 loca
2011 4966 2149 5034 ejus.

547 5073 651 5128 vim
700 5079 898 5126 cetera
949 5068 1348 5138 pertransiens,
1403 5064 1609 5120 ducere
1648 5063 1907 5119 festinato
1945 5059 2133 5139 copias

548 5164 754 5220 institit
809 5172 963 5219 recta
1018 5159 1455 5231 Philadelphiam
1484 5173 1700 5222 versus,
1748 5166 2017 5217 extreme,
2072 5161 2132 5208 ut

549 5264 757 5318 dictum
791 5272 898 5323 est,
952 5257 1373 5328 periclitantem.
1435 5253 1705 5321 Quoniam
1740 5261 1925 5307 autem
1953 5248 2133 5306 conti-

549 5364 702 5427 gerat
744 5353 1027 5422 aliquanto
1087 5358 1216 5405 ante
1261 5349 1381 5419 capi
1439 5346 1726 5418 Tripolim,
1782 5358 1939 5401 arces
2010 5357 2132 5412 qua:

550 5432 697 5502 circa
752 5447 897 5499 illam
956 5444 1148 5498 urbem
1211 5449 1373 5497 erant.
1433 5439 1751 5496 necessario
1817 5451 1950 5508 pace
2001 5448 2130 5488 cum

550 5541 738 5598 Persis
796 5540 1129 5611 quihusdam
1192 5536 1606 5594 conditionibus
1665 5534 1807 5590 facta
1863 5531 2126 5601 subjecta:

554 5635 690 5707 ipsis
733 5634 1140 5703 quadamtenus
1193 5640 1377 5695 erant,
1426 5630 1562 5684 citra
1605 5638 1787 5683 tamen
1839 5624 2131 5680 admissio.

484 5800 487 5803 Ἴ
553 5742 678 5784 nem
714 5725 952 5797 pr‘nsidii
988 5720 1197 5779 Persici
1235 5737 1333 5780 seu
1383 5721 1565 5794 potius
1617 5718 1926 5774 Carmauici
1956 5736 1968 5771 ι
2001 5732 2126 5771 nam

556 5822 608 5874 Ιιι
664 5834 787 5874 cum
849 5818 1052 5888 quibus
1111 5815 1217 5872 ista
1276 5817 1595 5885 pepigerant
1640 5813 1896 5867 Garmani
1948 5818 2127 5875 erant,

557 5915 816 5988 praecipui
859 5926 913 5970 et
938 5912 1223 5971 fortissimi
1258 5911 1578 5980 Persarum,
1621 5908 1849 5979 Alisyrze
1875 5912 2130 5978 parentes

2237 4691 2550 4763 exspectari
2620 4690 2913 4747 debuerat.
3001 4687 3213 4743 Dicitur
3284 4698 3470 4744 tamen
3532 4687 3826 4741 vulnerato

2236 4786 2457 4857 Alisyra
2491 4784 2685 4856 primis
2711 4784 2899 4840 statim
2930 4781 3393 4856 iaculationibus,
3426 4796 3492 4836 ac
3531 4792 3822 4852 propterea

2244 4877 2429 4945 fugam
2484 4879 2760 4948 respicere
2827 4888 3045 4942 coacto,
3102 4887 3254 4932 retro
3304 4862 3545 4931 cessisse
3597 4874 3823 4944 quidem

2240 4967 2462 5033 Persas,
2507 4966 2602 5022 sed
2650 4966 2869 5021 militari
2929 4965 3100 5037 gradu
3140 4974 3194 5021 et
3240 4968 3378 5020 citra
3433 4964 3821 5021 confusionem

2238 5074 2335 5117 aut
2370 5060 2704 5117 solutionem
2738 5060 3020 5115 ordinum.
3058 5058 3169 5112 llos
3204 5074 3274 5113 ne
3300 5058 3487 5114 acrius
3522 5066 3577 5113 et
3602 5059 3823 5129 longius

2238 5153 2415 5222 copia:
2443 5152 2624 5225 magni
2662 5151 2821 5205 ducis
2855 5152 3299 5217 insequerentur,
3334 5164 3398 5203 ea
3426 5164 3593 5204 causa
3635 5150 3815 5205 obstio

2243 5246 2380 5302 tisse
2442 5245 2752 5309 dicebatur,
2799 5243 2949 5314 quod
2993 5244 3077 5297 lia:
3119 5240 3395 5296 trifariam
3435 5243 3491 5295 in
3530 5258 3729 5313 genera
3766 5254 3818 5298 ct

2237 5355 2474 5409 corpora
2528 5338 2759 5393 totidem
2809 5338 3003 5392 divisae
3052 5338 3231 5406 (suam
3284 5335 3432 5391 enim
3472 5337 3577 5391 sibi
3615 5337 3818 5406 quique

2238 5437 2473 5493 seorsim
2526 5434 2677 5499 ltuli,
2712 5434 2869 5488 Alani
2911 5443 2967 5486 et
3021 5430 3252 5486 Romani
3307 5431 3464 5502 quasi
3506 5442 3814 5501 separatam

2232 5529 2413 5583 .aciem
2451 5527 2751 5595 habebant)
2779 5527 3091 5581 immiscere
3119 5540 3178 5580 se
3209 5526 3469 5588 invicem,
3495 5534 3659 5595 prout
3681 5541 3817 5597 opus

2240 5630 2360 5677 erat
2410 5622 2475 5675 ad
2543 5631 2769 5675 strenue
2821 5619 3140 5674 instandum
3180 5618 3528 5683 cedentibus,
3566 5622 3816 5683 noluere,

2240 5717 2337 5773 sed
2364 5732 2425 5773 se
2456 5727 2644 5770 mutuo
2683 5714 3062 5773 intuebantur,
3081 5712 3433 5785 opperientes
3475 5713 3516 5767 si
3542 5714 3634 5782 qui
3669 5714 3814 5782 prio-
3845 5725 3848 5728 '

2245 5828 2329 5869 res
2363 5810 2662 5873 insilirent,
2709 5808 2883 5878 quasi
2924 5823 3051 5861 mox
3091 5816 3146 5865 et
3192 5806 3296 5877 ipsi
3339 5807 3606 5866 uenturi.
3645 5806 3815 5861 Caele.

2242 5922 2363 5963 rum
2425 5920 2494 5961 ne
2551 5903 2645 5975 qui
2707 5901 2868 5973 primi
2918 5900 3237 5974 expedirent
3269 5899 3336 5957 ad
3371 5901 3476 5957 hoc
3524 5900 3811 5970 itupetutn,
