4094 6280
521 346 634 425 467

1763 365 2111 437 GEORGII,
2132 368 2436 434 PACHYM
2450 372 2619 433 ΕΒίΕ

3687 354 3797 423 468

498 467 630 541 ,χρὴ
664 470 968 553 πιστεύειν,
1003 472 1099 529 καί
1129 490 1242 528 τισι
1288 474 1356 531 δι’
1386 476 1624 549 ἀγχόνης
1654 478 1819 550 μόρον
1849 480 1992 535 κατὰ
2018 481 2109 535 τὸν
2139 487 2179 546 Α
2215 486 2305 558 ριξ
2330 486 2571 559 φρούρια
2611 486 2671 554 ἐξ
2701 484 2992 557 ὁμολογίας
3012 480 3101 537 διὰ
3132 481 3232 553 τὴν
3276 476 3523 545 ἀνάγκην
3562 472 3801 543 Πέρσαις

520 560 725 631 τρόπον
755 564 863 617 τῶν
886 564 1112 621 Ἰταλῶν
1145 567 1348 639 ὲπῆξεν
1378 571 1408 624 ὁ
1437 570 1841 642 ἀφηγούμενος,
1881 573 1941 627 οὐ
1971 573 2102 644 παρ’

525 654 655 708 ἄλλο
698 675 753 711 τι
803 659 836 728 ἢ
883 659 943 714 τὸ
985 660 1163 715 θέλειν
1195 662 1437 728 ἐκείνους
1492 669 1802 736 περιποιεῖν
1841 666 2103 737 σφέτερα.

2208 581 2517 647 ὑπέκειντο,
2539 578 2679 653 ἦσαν
2710 579 2755 633 δ’
2788 570 2935 634 οὗτοι
2958 577 3009 630 οἱ
3044 574 3169 645 περὶ
3202 570 3293 627 τὸν
3326 566 3622 639 ’Δλισύραν
3652 566 3804 634 Καρ-

2212 676 2373 747 μανοὶ
2418 675 2486 730 τὰ
2537 675 2809 747 κράτιστα
2837 670 2948 726 τῶν
3000 666 3250 739 Περσῶν,
3306 662 3621 732 πέμψαντες
3664 658 3714 711 oi
3746 656 3805 711 έν

534 750 594 804 ’θ
619 748 674 808 δὲ
700 750 1164 825 σῖτ’νάμυνόμενος
1195 755 1422 811 αὐτόθεν
1452 756 1562 810 εἴτε
1596 758 1702 830 μὴν
1723 759 1816 813 καὶ
1844 762 1972 823 τοὺς
1994 760 2108 813 λοι·
2208 772 2323 833 τοῖς
2356 768 2639 841 φρουρίοις
2676 767 2818 822 κατὰ
2850 764 2951 835 τὴν
2982 761 3116 835 περὶ
3161 760 3255 813 τὸν
3309 755 3534 812 Λῦλακα
3593 749 3809 821 διατρί-

524 845 661 908 ποὺς
686 844 1080 917 δεδιττόμενος,
1117 850 1212 905 καὶ
1246 850 1352 904 ὑπὸ
1378 850 1506 914 τοὺς
1540 851 1770 916 δώδεκα,
1807 853 1881 918 ὡς
1916 853 2108 920 ἐλέγε-

522 953 606 1004 το,
634 936 1029 1010 ἀπηγχόνισεν,
1062 942 1198 997 ὅπου
1234 960 1298 1013 γε
1331 945 1429 1000 καὶ
1476 943 1642 999 αὐτὸν
1668 945 1759 999 τὸν
1789 945 1943 1014 σφῶν
1985 946 2113 1016 ἑξη-

524 1030 814 1101 γοῦμενον,
839 1032 1006 1105 ἄνδρα
1032 1035 1255 1107 ἁρεῖκδν
1286 1028 1352 1091 ἐκ
1373 1037 1700 1107 Βουλγάρων
1727 1038 1825 1093 καὶ
1852 1039 2030 1110 μέγαν
2052 1038 2112 1109 ἐξ

526 1124 861 1197 ἀξιωμάτων
884 1129 1174 1196 τζαούσιον
1207 1131 1299 1186 τὸν
1328 1132 1763 1204 Χρανίσθλαῦον,
1816 1134 1875 1188 ὃν
1903 1135 1968 1190 ὲκ
2014 1135 2109 1191 τοῦ

528 1222 671 1275 κατὰ
697 1222 788 1276 τὸν
814 1224 1072 1296 Λαχανᾶν
1091 1225 1329 1298 πολέμου
1352 1228 1446 1280 ἐπὶ
1470 1227 1693 1299 Μιχαὴλ
1720 1227 1817 1283 τοῦ
1846 1227 2112 1299 βασιλέως

527 1314 726 1370 ἁλόντα
785 1317 877 1372 καὶ⁵
920 1319 1140 1389 δεσμοῖς
1177 1321 1261 1389 ἐφ’
1296 1319 1517 1390 εἱρκτῆς
1553 1321 1951 1392 συνισχημένον
1985 1323 2115 1375 πολ-

526 1406 639 1471 λοῖς
664 1406 897 1480 ὕστερον
920 1412 1136 1482 χρόνοις
1175 1410 1433 1483 βασιλεὺς
1459 1416 1557 1483 τῆς
1590 1412 1819 1483 εἱρκτῆς
1865 1411 2116 1468 ἐκϐαλὼν

527 1501 621 1556 καὶ
649 1503 892 1573 τιμήσας
920 1504 998 1572 τῷ
1023 1503 1295 1578 ἀξιώματι
1316 1510 1431 1571 τοῖς
1457 1508 1573 1562 ἐκεῖ
1611 1507 1836 1579 μέρεσιν
1869 1507 1962 1561 ἐπὶ
1990 1506 2119 1578 χρό-

528 1611 640 1659 νοις
675 1598 926 1668 ἀρχηγὸν
963 1594 1101 1669 εἶχε,
1147 1600 1244 1654 καὶ
1283 1601 1446 1656 αὐτὸν
1502 1601 1633 1670 γοῦν
1664 1601 1879 1665 τοῦτον,
1909 1601 1986 1667 ὡς
2032 1599 2120 1654 λέ-

530 1704 709 1757 γεται,
740 1690 799 1757 ἐξ
830 1690 1049 1762 ἑτοίμου
1076 1695 1141 1762 τῇ
1196 1694 1441 1766 μαχαίρᾳ
1464 1681 1684 1767 τρώσας
1724 1697 1836 1759 τοῖς
1863 1695 2115 1764 ἀπαγχοι-

531 1783 741 1839 νίσουσι
774 1785 1086 1858 παρεδίδου.
1114 1787 1230 1841 Κᾶν
1262 1790 1354 1841 καὶ
1380 1787 1525 1842 τοῦτ’
1559 1788 1825 1856 ἐγεγόνει,
1871 1789 1920 1841 ει
1955 1788 2029 1858 μή
2052 1803 2116 1853 γε

533 1878 722 1933 πολλοὶ
760 1880 853 1933 καλ⁵
879 1881 1015 1951 πρὸς
1050 1881 1290 1938 ἱκετείαν
1322 1882 1592 1954 ἀξιόχρεῳ
1618 1882 1760 1953 ὑπὲρ
1783 1879 1875 1935 τοῦ
1922 1881 2112 1947 ἀνδρὸς

530 1972 630 2026 οὐκ
668 1971 825 2043 ὀλίγα
857 1976 1232 2046 προτείνοντες
1252 1975 1439 2029 δίκαια
1468 1976 1831 2046 ὲξηρήσαντο.
1865 1974 2114 2029 Κὰντεῦ-

531 2066 625 2120 θεν
662 2068 881 2137 Χλιαρᾶι
912 2068 1137 2122 διελθὼν
1162 2069 1257 2122 καὶ
1278 2069 1445 2124 τᾶλλα
1473 2069 1572 2139 τὴν
1600 2071 1695 2124 ἐπὶ
1725 2068 2117 2134 Φιλαδελφείας

531 2158 794 2215 ἔσπευδεν
830 2162 1097 2232 ἐσχάτως,
1130 2162 1207 2222 ὡς
1249 2162 1474 2234 ἐρρέθη,
1522 2162 1959 2217 κινδυνεύουσαν.
2007 2162 2121 2217 Κά-

530 2253 693 2325 arctoi]
726 2252 980 2324 ἡλίσκετο
1012 2254 1115 2326 μὲν
1140 2254 1403 2328 Τρίπολις
1432 2255 1538 2329 πρὸ
1580 2256 1797 2328 καιροῦ,
1827 2257 1896 2314 τὰ
1928 2255 1986 2310 δὲ
2019 2255 2118 2309 πέ-

533 2439 729 2505 laqueo
763 2436 831 2492 de
864 2450 1016 2493 more
1046 2435 1305 2494 Italorum
1338 2452 1528 2495 necem
1560 2435 1891 2510 quibusdam
1920 2447 2116 2513 eorum

534 2529 738 2586 ductor
792 2531 1002 2595 intulit,
1049 2547 1157 2588 non
1200 2533 1309 2588 alia
1341 2532 1408 2588 de
1436 2546 1608 2589 causa
1637 2547 1806 2603 quam
1854 2530 2000 2601 quod
2030 2542 2119 2585 res

535 2639 666 2681 suas
723 2625 778 2680 in
818 2627 1000 2697 praeda
1034 2624 1260 2684 Persica
1318 2626 1534 2697 agnitas
1584 2640 1865 2691 resumere
1930 2624 2010 2679 illi
2055 2637 2121 2679 ac

533 2718 645 2775 sibi
687 2717 973 2775 vindicare
1020 2719 1353 2783 voluissent;
1419 2716 1531 2774 Sed
1593 2716 1861 2790 quidquid
1917 2717 1991 2771 sit
2048 2714 2118 2770 de

506 2826 702 2883 causa
737 2811 892 2881 facti,
943 2812 1013 2867 de
1049 2811 1196 2868 facto
1226 2812 1448 2884 quidem
1500 2812 1638 2867 satis
1686 2820 1902 2867 constat
1951 2808 2121 2882 ἥδε

535 2904 858 2960 testimonio
906 2905 1230 2970 multorum,
1288 2905 1542 2961 homines
1588 2904 1845 2961 videlicet
1897 2902 2119 2958 circiter

539 2996 834 3054 duodecim
867 2997 1030 3068 jussu
1062 2997 1224 3056 ducis
1253 3000 1462 3071 magni,
1495 2998 1612 3055 sive
1640 2997 1961 3054 ulciscentis
1991 3011 2120 3068 pec-

540 3100 725 3150 catum
765 3093 1094 3165 quodpiam,
1127 3094 1244 3150 sive
1271 3093 1631 3165 praecaventis
1671 3091 1726 3146 in
1775 3090 2020 3144 futurum
2064 3096 2120 3143 et

540 3199 754 3246 terrore
788 3186 1210 3257 praemunientis
1244 3203 1375 3244 suos
1418 3202 1485 3243 ne
1527 3194 1843 3257 peccarent,
1874 3193 2123 3255 strangu-

539 3284 699 3341 latos
749 3291 885 3339 tunc
938 3281 1244 3353 suspendio
1299 3282 1493 3344 fuisse,
1557 3279 1782 3352 quando
1834 3288 1889 3333 et
1938 3275 2120 3345 ipsum

536 3379 736 3438 ducem
792 3379 961 3435 istius
1022 3376 1294 3443 cohortis,
1333 3390 1399 3431 ex
1461 3390 1569 3446 qua
1603 3375 1690 3430 isti
1733 3383 1913 3439 erant,
1939 3371 2121 3426 virum

536 3473 811 3546 inclytum
857 3475 1065 3528 virtute
1127 3471 1381 3538 militari,
1459 3479 1584 3526 ortu
1650 3468 1966 3539 Bulgarum,
2034 3464 2122 3521 cui

534 3568 722 3637 fuerat
790 3568 1033 3638 dignitas
1097 3565 1302 3621 collata
1355 3565 1534 3635 magni
1595 3563 1835 3626 tzansii,
1890 3559 2127 3616 Chrani-

537 3661 819 3718 stblabum
873 3660 1119 3737 nomine,
1153 3673 1318 3730 quem
1380 3656 1527 3713 bello
1578 3662 1774 3711 contra
1812 3652 2123 3708 Lachanam

537 3751 773 3810 Michael
812 3753 1097 3824 Augustus
1136 3750 1327 3808 senior
1385 3749 1516 3806 olim
1551 3757 1776 3820 captum
1831 3749 2036 3817 diuque
2069 3746 2125 3800 in

540 3845 1202 3904 carcere-constrictum
1258 3843 1498 3901 vinculis
1562 3844 1847 3899 detentum
1878 3879 1895 3905 ,
1961 3840 2126 3910 longo

539 3949 667 4012 post
739 3949 989 4010 tempore
1048 3937 1405 3994 Andronicus
1478 3936 1785 4005 imperator
1856 3933 2123 3990 emissum

540 4034 795 4094 custodia
831 4045 886 4111 et
931 4048 997 4090 ea
1029 4047 1197 4104 quam
1245 4030 1361 4086 dixi
1402 4038 1657 4085 ornatum
1686 4026 1981 4099 dignitate,
2014 4024 2125 4082 Illis

540 4129 637 4188 diu
693 4131 751 4185 in
809 4127 1059 4201 partibus
1116 4124 1328 4181 militiae
1382 4124 1577 4180 ducem
1618 4123 1833 4191 habuit,
1870 4128 1926 4178 et
1954 4122 2126 4183 hunc.

541 4226 804 4298 inquam,
865 4230 926 4279 ut
980 4219 1212 4286 dcitur,
1269 4219 1382 4293 dux
1444 4232 1679 4290 magnus
1750 4215 1849 4275 ira:
1921 4212 2129 4288 impetu

540 4323 722 4393 primo
778 4319 1287 4391 a‘sevulneratum
1335 4317 1518 4389 gladio
1547 4314 1907 4373 carniﬁcibus
1934 4314 2130 4383 laqueo

544 4406 1242 4477 suﬁ‘ocandumi'tr‘adidit,
1288 4408 1616 4480 ﬁnissetque
1686 4408 1733 4472 is
1781 4406 1928 4462 baud
1963 4400 2132 4461 dubie

541 4508 714 4564 vitam
766 4484 1098 4577 suspendio,
1126 4502 1232 4559 nisi
1266 4502 1424 4557 multi
1455 4502 1708 4557 certatim
1772 4507 2131 4555 accurrentea

2212 859 2361 915 Govrt
2388 840 2780 930 ἀναγγέλλουσι
2816 855 2915 927 μὲν
2948 853 3048 924 τὴν
3100 851 3241 922 βίαν,
3294 843 3733 919 προσλιπαροῦσι
3759 840 3805 897 δ’

2213 951 2516 1025 ἐπαμύνειν
2546 950 3167 1023 ἀντιπροσχωρήσουσιν
3205 941 3270 1010 ἐξ
3317 941 3564 1012 ἑτοίμου,
3597 939 3665 1009 ἦν
3701 954 3808 990 που

2214 1048 2435 1120 φανείη,
2477 1044 2775 1119 Ῥωμαίοις
2824 1061 2892 1113 γι
2936 1037 3056 1097 οὖσι
3091 1040 3184 1095 καὶ
3222 1040 3289 1110 τῇ
3325 1034 3421 1090 τοῦ
3465 1031 3659 1111 καιροῦ
3713 1031 3818 1104 βίᾳ·

2216 1144 2465 1209 είξασιν.,
2491 1142 2549 1196 '0
2586 1141 2645 1196 δὲ
2689 1136 2903 1211 δέχεταί
2936 1156 2997 1191 τε
3031 1135 3131 1206 τὴν
3181 1130 3421 1187 ἱκετείαν
3456 1128 3553 1188 καὶ
3575 1126 3808 1197 ἀμύνειν

2215 1235 2746 1306 κατεπαγγέλλεται.
2774 1235 2850 1287 Οὐ
2879 1231 2986 1303 μὴν
3021 1226 3222 1285 δ’ἀλλὰ
3255 1225 3351 1281 καὶ
3386 1222 3638 1278 ἐντεῦθεν
3673 1218 3809 1291 θάρο

2220 1336 2311 1406 ρος
2334 1332 2517 1387 λαὸὼν
2544 1331 2646 1385 οὐκ
2674 1328 2948 1392 ὀλίγιστον
2986 1326 3129 1397 πρὸς
3156 1321 3479 1393 συμπλοκὰς
3502 1318 3642 1373 κατά
3671 1318 3811 1387 Περ-

2219 1426 2330 1481 σῶν
2360 1423 2713 1497 ἡτοιμάζετο.
2738 1422 2827 1496 [Ρ.
2854 1419 2988 1494 296]
3024 1419 3172 1490 Πλὴν
3197 1417 3243 1471 δ’
3271 1415 3385 1470 ἀλλ’
3426 1413 3545 1469 οὐδὲ
3570 1412 3810 1481 Πέρσαις

2218 1520 2533 1592 ἀνήκουστα
2558 1516 2811 1593 τακείνου
2844 1515 3111 1583 κατέστη,
3139 1511 3278 1566 ἀλλὰ
3303 1508 3395 1565 καὶ
3416 1507 3575 1562 αὐτοὶ
3609 1505 3811 1572 μαθόν-

2218 1631 2310 1676 τες
2368 1607 2896 1685 προσητοιμάζοντοζ
2956 1606 3068 1663 Καί
3115 1621 3222 1658 που
3286 1603 3417 1672 περὶ
3461 1600 3552 1653 τὸν
3585 1596 3811 1652 Αὓλακα

2223 1706 2572 1767 συνελθόντες
2607 1703 2708 1759 οὐκ
2757 1702 2887 1770 ἄξια
2920 1701 3020 1768 μὲν
3050 1698 3146 1755 τοῦ
3188 1698 3432 1768 πλήθους
3462 1693 3587 1748 οὐδέ
3618 1708 3683 1759 γε
3710 1690 3812 1759 τῆς

2223 1800 2585 1872 παρασκευῆς
2615 1800 2895 1868 ἑκατέρων
2918 1792 3183 1863 ἀλλήλους
3212 1792 3471 1862 ἔδρασαν,
3522 1786 3744 1851 λέγεται
3766 1781 3811 1836 δ’

2223 1898 2373 1967 ὅμως
2400 1894 2705 1965 τρωθέντος
2734 1891 2933 1946 αὐτίκα
2959 1889 3053 1943 τοῦ
3078 1886 3375 1957 Ἀλισύρον
3404 1884 3497 1938 καὶ
3529 1883 3607 1943 εἰς
3630 1878 3815 1951 φυγὴν

2224 1990 2312 2043 διὰ
2355 1989 2528 2043 ταῦτα
2568 1986 2865 2060 βλέψαντος
2922 1984 3140 2053 Πέρσας
3201 1980 3300 2051 μὲν
3357 1977 3477 2047 μετ’
3508 1969 3829 2043 εὐκοσμίας

2225 2083 2319 2137 καὶ
2341 2081 2486 2136 κατὰ
2520 2081 2723 2152 τρόπον
2756 2076 3085 2148 ἀναχωρεῖν,
3107 2075 3218 2137 τοῖς
3249 2072 3305 2126 δὲ
3341 2070 3483 2125 κατὰ
3516 2069 3607 2127 τὴν
3636 2066 3704 2138 μέ
3720 2082 3817 2133 ίαν

2224 2177 2393 2234 δοῦκα
2423 2176 2735 2250 συναχθεῖσι
2770 2173 2916 2228 κατὰ
2946 2169 3197 2240 φρήτρας
3228 2165 3389 2237 τριχῆ
3422 2163 3524 2218 οὐκ
3560 2158 3630 2234 ἦν
3679 2158 3819 2215 ἁτά·

2226 2288 2371 2335 κτως
2404 2270 2539 2345 μίγα
2588 2270 2722 2323 πᾶσι
2750 2267 2986 2321 διώκειν.
3024 2262 3289 2317 Ἕκαστοι
3315 2258 3361 2312 δ’
3388 2256 3622 2329 ὁρῶντες
3652 2253 3819 2330 ἀλλή-

2230 2459 2384 2523 duci.
2415 2455 2622 2512 Verum
2683 2452 2775 2510 tali
2828 2459 3150 2509 coactarum
3204 2444 3494 2516 subjacere
3552 2437 3814 2497 servituti

2227 2551 2445 2607 arcium
2483 2548 2705 2613 incolae,
2742 2545 2937 2601 audito
2963 2543 3268 2598 adventare
3307 2550 3566 2608 magnum
3592 2533 3817 2599 ducem,

2227 2659 2353 2703 eum
2404 2643 2519 2715 jam
2568 2642 2783 2697 circum
2814 2638 3081 2709 Agulacem
3109 2632 3315 2689 castris
3343 2629 3540 2705 positis
3587 2641 3816 2683 moran-

2233 2747 2340 2795 tem
2382 2737 2655 2809 legatione
2689 2733 2857 2787 missa
2894 2728 3270 2784 communiter
3305 2732 3577 2795 rogarunt
3621 2732 3680 2775 nt
3707 2720 3816 2776 sibi

2231 2833 2301 2887 ab
2353 2828 2732 2886 rebellandum
2770 2822 2979 2896 paratis
3011 2821 3230 2876 admoto
3288 2818 3516 2889 propius
3567 2813 3817 2869 exercitu

2231 2927 2492 2982 adesset:
2526 2937 2650 2978 sese
2682 2920 2855 2982 enim,
2908 2915 3076 2973 simul
3107 2923 3226 2970 tuto
3258 2913 3311 2969 id
3349 2920 3579 2981 possent
3609 2910 3817 2972 facere,

2228 3027 2415 3093 pacta,
2446 3016 2653 3087 quibus
2679 3028 2738 3071 se
2759 3026 2975 3068 summa
3005 3011 3052 3064 vi
3082 3007 3261 3062 adacti
3296 3015 3353 3061 et
3383 3003 3643 3061 cedentes
3668 3011 3809 3056 tem-

2232 3092 2356 3183 pori
2408 3114 2601 3164 contra
2647 3103 2989 3158 voluntatem
3049 3098 3463 3154 obstrinxerant
3530 3092 3815 3155 barbaris.

2152 3229 2196 3288 ρ
2231 3204 2601 3262 rescissuros,
2647 3207 2701 3255 et
2752 3196 2899 3252 sicut
2929 3192 3094 3268 427
3130 3190 3366 3247 Romani
3411 3195 3591 3254 erant,
3626 3186 3820 3269 missis

2227 3297 2298 3353 ab
2329 3298 2670 3365 imperatore
2717 3290 2918 3360 sepiis,
2955 3287 3143 3343 statim
3177 3296 3342 3356 atque
3381 3282 3474 3338 illa
3519 3281 3578 3338 in
3616 3280 3818 3337 vicinia

2228 3388 2708 3460 comparuissent,
2741 3398 2869 3441 sese
2918 3382 3102 3454 palam
3154 3378 3541 3448 adiuncturos.
3601 3373 3819 3431 Annuit

2227 3482 2323 3539 ille
2349 3481 2607 3553 precibus
2648 3477 2984 3550 supplicum,
3024 3484 3078 3530 et
3124 3473 3417 3529 ducturum
3453 3485 3517 3527 se
3562 3480 3674 3538 quo
3698 3468 3820 3523 vel-

2229 3576 2345 3631 lent
2400 3575 2592 3645 copias
2648 3571 2927 3642 promisit,
2989 3569 3366 3641 eoiibentius
3416 3565 3565 3637 quod
3603 3581 3673 3622 ex
3710 3567 3819 3622 hoc

2230 3669 2352 3740 ipso
2399 3678 2509 3724 tam
2547 3676 2855 3738 opportune
2907 3664 3115 3721 auxilio
3155 3662 3342 3719 oblato
3370 3676 3478 3715 non
3516 3674 3709 3731 parum
3757 3673 3820 3715 se

2229 3758 2552 3817 confirmari
2603 3756 2882 3814 sentiebat
2937 3755 3005 3810 ad
3044 3756 3186 3811 bene
3214 3752 3549 3823 sperandum
3584 3750 3653 3805 de
3692 3764 3821 3805 suc-

2228 3868 2391 3911 cessu
2437 3851 2817 3921 expeditionis
2856 3849 3041 3920 hujus.
3077 3846 3221 3917 Ergo
3253 3854 3408 3902 tanto
3453 3860 3513 3900 se
3540 3845 3668 3901 inde
3698 3843 3821 3898 ata-

2231 3946 2385 4003 crius
2429 3944 2497 4000 ad
2546 3942 2864 4000 conﬂictum
2917 3958 3041 3999 cum
3082 3940 3266 3998 Persis
3303 3940 3667 4011 comparavit.
3709 3936 3818 4005 Qui

2232 4038 2479 4096 vicissim
2542 4054 2640 4110 per
2693 4042 3082 4107 exploratores
3128 4036 3354 4107 cognito
3416 4034 3617 4113 magni.
3661 4035 3822 4090 ducis

2233 4142 2430 4191 contra
2464 4134 2615 4204 ipsos
2650 4132 2928 4188 moventis
2960 4131 3199 4186 adventu
3238 4130 3453 4187 obviam
3491 4129 3824 4204 iliiprodire

2234 4203 2633 4296 occuparunt,
2694 4223 2956 4294 promoto
3010 4223 3256 4279 exercitu
3301 4236 3470 4293 prope
3521 4203 3822 4283 Aulacem,

2237 4317 2325 4371 ubi
2378 4330 2503 4371 eum
2558 4314 2754 4369 stativa
2808 4315 2995 4369 fixisse
3032 4311 3405 4369 ostendimus.
3445 4311 3823 4369 Commissum

2240 4409 2357 4466 illic
2385 4409 2533 4471 inter
2558 4408 2704 4466 acies
2739 4408 3004 4465 adversas
3035 4418 3127 4463 est
3153 4407 3429 4478 praelium,
3467 4407 3692 4478 segnius
3735 4421 3824 4461 re-

2243 4502 2587 4573 missiusque
2637 4517 2804 4574 quam
2855 4517 2885 4556 a
2928 4511 3038 4556 tam
3092 4500 3404 4561 numerosis
3454 4499 3628 4573 ecpiis
3664 4507 3825 4553 tanto

544 4610 602 4658 et
641 4600 903 4670 precibus
951 4597 1159 4653 inﬁmis
1201 4608 1253 4652 cl
1314 4595 1628 4651 rationibus
1678 4592 1917 4655 ἰιιθηεὶε.
1967 4592 2123 4647 meri-
2159 4601 2215 4662 Β
2245 4597 2509 4669 utrinque
2545 4605 2813 4668 apparatu
2852 4595 3054 4651 infeste
3086 4593 3322 4651 invicem
3353 4582 3823 4650 concurrentibus

545 4700 735 4769 tisque
776 4694 953 4765 ipsius
1003 4708 1069 4749 ac
1120 4692 1466 4751 defensionis
1499 4689 1847 4771 argumentis
1889 4687 2133 4757 allegan—

544 4792 634 4850 dis
690 4788 966 4861 plurimis,
1021 4800 1166 4858 aegre
1222 4784 1445 4840 tandem
1492 4780 1857 4838 Rontzerium
1900 4776 2134 4833 avertis-

545 4890 732 4941 senta
765 4880 1052 4953 proposito
1101 4878 1227 4937 talis
1270 4876 1373 4933 viri
1415 4878 1525 4932 leto
1580 4872 1803 4929 informi
1840 4869 2128 4927 enecandi.

549 4977 719 5032 Porro
752 4977 882 5031 hinc
913 4973 1024 5029 dux
1070 4972 1214 5028 idem
1252 4985 1483 5043 magnus
1520 4968 1741 5025 Cbliara
1772 4977 1829 5023 et
1863 4967 1977 5020 loca
2009 4964 2147 5033 ejus.

544 5073 649 5128 vite
698 5079 896 5126 cetera
947 5068 1346 5138 pertransiens,
1402 5064 1608 5119 ducere
1647 5062 1906 5117 festinato
1944 5060 2132 5128 copias

546 5164 753 5220 institit
807 5173 961 5219 recta
1017 5158 1454 5229 Philadelphiam
1483 5172 1699 5220 vet-sus,
1747 5164 2016 5217 extreme,
2071 5160 2131 5207 ut

547 5264 756 5318 dictum
790 5272 897 5322 est,
951 5256 1372 5327 periclitantem.
1434 5252 1704 5319 Quoniam
1738 5259 1924 5306 autem
1952 5247 2132 5305 conti-

547 5364 700 5426 gerat
742 5352 1025 5422 aliquanto
1086 5356 1216 5403 ante
1260 5347 1380 5417 capi
1438 5345 1724 5416 Tripolim,
1781 5358 1938 5399 arces
2008 5356 2131 5411 quae

548 5450 695 5502 circa
750 5446 896 5498 illam
955 5442 1147 5497 urbem
1210 5448 1372 5496 erant
1432 5438 1750 5495 necessario
1815 5450 1949 5507 pace
2000 5448 2129 5487 cum

548 5528 736 5598 Persis
795 5539 1127 5611 quibusdam
1191 5535 1605 5592 conditionibus
1663 5533 1805 5589 facta
1861 5530 2125 5600 subjectae

551 5636 687 5708 ipsis
732 5634 1140 5703 quadamtenus
1192 5640 1376 5694 erant,
1425 5630 1561 5683 citra
1603 5636 1785 5681 tamen
1838 5622 2130 5679 admissio.

480 5800 483 5803 Α
551 5744 675 5785 nem
712 5724 950 5796 pr-nsidii
988 5720 1196 5779 Persici
1234 5736 1332 5779 seu
1382 5720 1563 5793 potius
1615 5718 1924 5774 Carmavtici
1955 5735 1967 5769 :
2000 5731 2125 5770 nam

554 5823 607 5875 lii
662 5834 786 5873 cum
847 5818 1051 5887 quibus
1110 5815 1217 5871 ista
1275 5816 1593 5884 pepigerant
1638 5812 1895 5867 Garmani
1947 5817 2126 5874 erant,

556 5914 815 5987 praecipui
858 5926 911 5969 et
937 5911 1222 5969 fortissimi
1256 5910 1576 5979 Persarum,
1620 5907 1847 5978 Alisyrze
1873 5912 2129 5977 parentes

2236 4690 2549 4762 exspectari
2618 4689 2912 4745 debuerat.
3000 4686 3212 4743 Dicitur
3283 4697 3468 4744 tamen
3530 4687 3825 4741 vulnerato

2236 4785 2455 4856 Misyra
2490 4783 2684 4855 primis
2710 4784 2897 4839 statim
2930 4781 3392 4854 iaculationibus,
3425 4796 3490 4836 ac
3530 4792 3821 4853 propterea

2243 4876 2428 4944 fugam
2484 4878 2759 4947 respicere
2825 4887 3044 4941 coacto,
3101 4886 3253 4932 retro
3303 4861 3543 4931 cessisse
3596 4874 3821 4944 quidem

2238 4966 2461 5031 Persas,
2506 4966 2601 5021 sed
2649 4966 2868 5021 militari
2928 4964 3099 5037 gradu
3139 4974 3193 5020 et
3239 4966 3377 5020 citra
3432 4964 3821 5020 confusionem

2237 5073 2334 5116 aut
2369 5059 2703 5116 solutionem
2737 5060 3019 5115 ordinum.
3058 5057 3168 5113 llos
3204 5073 3272 5113 ne
3300 5058 3486 5114 acrius
3520 5066 3576 5112 et
3600 5058 3823 5128 longius

2236 5152 2414 5221 copiae
2442 5151 2623 5225 magni
2661 5150 2820 5205 ducis
2854 5152 3298 5217 insequerentur,
3333 5164 3397 5203 ea
3425 5163 3591 5204 causa
3633 5150 3815 5205 obstio

2242 5245 2379 5301 tisse
2441 5244 2750 5309 dicebatur,
2798 5242 2947 5313 quod
2992 5242 3075 5297 ita:
3118 5240 3394 5296 trifariam
3433 5243 3489 5295 in
3528 5257 3727 5312 genera
3766 5256 3820 5299 ct

2236 5354 2473 5409 corpora
2527 5338 2758 5393 totidem
2808 5337 3001 5391 divisae
3050 5338 3229 5405 (suam
3282 5335 3430 5391 enim
3470 5336 3576 5391 sibi
3613 5337 3821 5406 quique

2236 5436 2472 5490 seorsim
2525 5433 2675 5499 ltuli,
2712 5433 2868 5488 Alani
2910 5443 2966 5486 et
3019 5430 3250 5486 Romani
3306 5432 3463 5502 quasi
3504 5443 3817 5501 separatam

2230 5528 2412 5583 aciem
2450 5525 2749 5595 habebant)
2778 5526 3090 5581 immiscere
3119 5539 3177 5580 se
3208 5527 3467 5589 invicem,
3494 5534 3657 5594 prout
3679 5542 3821 5597 opus

2239 5629 2359 5675 erat
2409 5620 2474 5674 ad
2542 5630 2767 5674 strenue
2820 5618 3138 5673 instandum
3178 5618 3527 5682 cedentibus,
3564 5622 3820 5685 noluere,

2238 5716 2335 5772 sed
2363 5732 2423 5772 se
2454 5727 2643 5769 mutuo
2681 5712 3431 5785 intuebantur,opperientes
3473 5713 3515 5767 si
3540 5714 3632 5782 qui
3667 5714 3819 5783 prio-

2243 5828 2328 5867 res
2362 5809 2661 5872 insilirent,
2707 5806 2882 5877 quasi
2922 5822 3049 5861 nios
3090 5815 3145 5865 et
3191 5806 3296 5877 ipsi
3338 5807 3605 5866 secuturi.
3643 5805 3820 5861 Cmte-

2241 5921 2362 5963 rum
2423 5919 2492 5961 ne
2549 5902 2645 5974 qui
2705 5900 2867 5973 primi
2917 5901 3236 5973 expedirent
3268 5898 3334 5957 ad
3370 5900 3475 5957 boc
3524 5900 3815 5969 impetum.
