4094 6280
516 317 613 380 471

1708 318 2032 413 GEORGII
2071 320 2554 386 PACHYMERIE

3673 313 3773 383 £72

517 429 840 499 ποιοῦμενος
864 472 881 498 ,
923 428 1065 498 ἔγνω
1096 428 1197 501 μὲν
1251 429 1349 503 τὴν
1378 431 1454 497 ὡς
1484 430 1709 503 βασιλέα
1749 431 2092 505 τεχνιτεῦσαι
2124 441 2164 496 Α
2200 436 2437 505 μεγάλου
2481 433 2698 504 δουκὺς,
2728 435 2804 502 ὥς
2826 434 2992 509 δῆθεν
3036 436 3173 509 πρὸς
3202 438 3298 491 τον
3335 430 3654 490 κανικλείου
3676 432 3775 501 δη-

518 523 841 599 ἀπᾴδρασιν,
883 524 1020 593 ταχὺ
1049 521 1106 576 δὲ
1156 524 1398 594 παρέσχε
1440 526 1535 578 καὶ
1567 526 1601 596 ἡ
1649 524 1786 596 τύχη
1824 524 1923 594 τὴν
1951 522 2093 594 πρόο

519 631 703 685 φασιν.
743 615 807 669 Ἦ
839 616 868 669 δ
916 611 1007 687 ἦν,
1040 616 1318 687 πέμπεται
1378 619 1477 686 μὲν
1527 618 1676 689 παρὰ
1709 616 1803 672 τοῦ
1850 617 2092 689 μεγάλου

516 708 709 770 δουκδς
738 708 876 779 ἀνὴρ
907 710 1107 772 οἰκεῖος
1134 712 1203 780 τῇ
1256 708 1495 782 πενθερᾷ
1519 712 1567 763 οἱ
1609 711 1639 763 ὁ
1683 709 2093 781 Κανναῦούριος

520 802 661 871 πρὸς
696 800 1278 855 Κωνσταντινούπολιν
1317 803 1407 857 διά
1459 802 1509 856 τ’
1548 801 1707 867 ἄλλα,
1747 802 1842 857 καὶ
1879 801 2093 868 ἀξιοῦν-

518 910 610 957 τςς
643 892 1020 962 ἀποσταλῆναι
1048 896 1147 965 τὴν
1170 896 1418 966 γαμετήν
1436 913 1447 929 -
1475 895 1600 949 ἐπεὶ
1622 894 1667 948 δ’
1691 894 1798 949 ἔδει
1825 894 1924 965 τῆς
1951 892 2096 950 κατὰ

518 984 621 1056 τὴν
643 984 761 1039 ὁδὸν
794 986 1098 1054 ἀσφαλείας
1123 986 1199 1056 τῷ
1225 987 1380 1058 ἀνδρὶ
1404 985 1915 1058 προμηθεὼασθαι,
1948 986 2093 1058 πέμ-

524 1092 616 1127 πει
651 1076 789 1147 πρὸς
818 1074 909 1128 τὸν
930 1104 933 1105 ν
954 1076 1265 1145 Νοστόγγον
1318 1075 1650 1145 παρεγγυῶν
1689 1075 1954 1130 ίκανῶσαι
1983 1073 2098 1129 δια-

525 1167 761 1231 σώσταις
791 1169 855 1221 ἐκ
892 1170 983 1223 τοῦ
1040 1170 1432 1242 στρατιωτικοῦ
1465 1171 1558 1226 τὸν
1606 1169 2094 1240 ἀποστελλόμενον.

521 1260 694 1325 Αὐτὸς
720 1260 778 1314 δὲ
798 1262 895 1326 τὰς
929 1264 1284 1333 παρεγγυήσε
1297 1281 1341 1327 ις
1367 1264 1658 1337 δεξάμενος
1687 1264 1763 1334 τῷ
1794 1265 1972 1318 δοκεῖν
2001 1263 2096 1317 καὶ

524 1353 667 1423 ὑπὲρ
698 1355 763 1406 ἐκ
794 1353 1054 1423 περισσοῦ
1091 1358 1160 1412 τὰ
1206 1356 1584 1429 ἐπεσταλμένα
1616 1355 1796 1411 θέλειν
1825 1355 2094 1429 πληροῦν,

523 1445 598 1506 ὡς
623 1444 786 1509 αὐτὸς
818 1447 956 1518 ὑπὲρ
991 1446 1149 1501 ἄλλον
1181 1450 1261 1511 εἰς
1292 1449 1459 1519 χάριν⁵
1487 1448 1603 1519 ἅμα
1650 1449 1763 1513 τοῖς
1801 1449 1953 1512 ἰδίοις
1981 1448 2098 1503 δια-

526 1538 868 1608 σωσάμενος,
924 1539 1264 1611 ὲτεχνίτευεν
1318 1540 1399 1612 [Ρ.
1444 1540 1575 1614 298]
1633 1542 1946 1612 ἀποφυγήν.
2008 1540 2098 1593 Ἐν

522 1632 700 1705 τούτῳ
735 1633 791 1686 δὲ
823 1634 919 1689 καί
941 1652 1025 1699 τις
1042 1635 1150 1688 τῶν
1172 1637 1231 1699 ἐς
1262 1637 1626 1707 γραμματὲας
1654 1634 1845 1705 ἐκείνῳ
1880 1632 2099 1688 τελούνο

525 1743 653 1791 των,
692 1727 814 1780 ἐπεὶ
866 1729 959 1781 καὶ
1009 1727 1157 1799 αὐτῴ
1189 1728 1362 1782 ἐδόκει
1415 1727 1509 1782 τοῦ
1558 1729 1903 1799 κεκτημένου
1938 1726 2097 1780 ἀλλο-

526 1786 830 1890 τριοτῦσθαι,
863 1818 1017 1873 ἐνθεν
1055 1786 1153 1889 μὲν
1182 1813 1358 1884 οὗτος,
1388 1820 1541 1874 ἔνθεν
1566 1819 1612 1873 δ’
1641 1786 1848 1882 ὲκείνας
1878 1818 1977 1891 τὴν
1999 1817 2096 1870 πό·
2130 1786 2171 1841 Β

528 1912 610 1967 λιν
634 1913 1135 1982 καταλαμὸἀνουσι.
1186 1914 1327 1967 Ἀλλ’
1361 1916 1388 1968 ὁ
1432 1913 1529 1985 μὲν
1578 1913 1704 1967 ἐπεὶ
1753 1913 1906 1968 οὐδὲν
1952 1911 2100 1983 ἑώρα

527 2006 786 2060 ἀκίνδυνα
813 2006 993 2076 ἑαυτῷ
1040 2006 1129 2060 διὰ
1176 2007 1272 2078 τὴν
1301 2007 1403 2076 τῆς
1428 2009 1621 2078 ὲνοχῆς
1665 2006 1975 2076 παράλυσιν
2005 2003 2099 2059 καὶ

532 2100 631 2169 τὴν
660 2101 716 2163 ἐς
753 2099 974 2169 βασιλέα
1006 2099 1351 2170 προσφυγὴν,
1379 2100 1696 2171 πατριάρχῃ
1733 2096 2100 2170 προσφεύγειο

531 2196 561 2235 Α
584 2192 642 2245 δὲ
671 2192 1039 2264 γραμματεὺς
1069 2192 1296 2256 ἐπιστὰς
1331 2192 1436 2262 πρὸ
1463 2190 1677 2258 τούτου,
1716 2191 1809 2245 καὶ
1836 2189 1905 2244 τὰ
1935 2186 2104 2243 πιστὰ

530 2285 849 2356 προσδοκῶν
875 2284 1021 2357 ἔχειν
1070 2283 1133 2340 ἔκ
1165 2303 1310 2351 τινος
1353 2286 1684 2359 γράμματος
1729 2284 1826 2339 τοῦ
1866 2283 1976 2338 ἀπὸ
2006 2281 2102 2336 τοῦ

529 2465 747 2518 instans
782 2470 1129 2532 praevertere,
1166 2470 1220 2516 et
1242 2461 1613 2533 ignominiam
1646 2458 1731 2517 vel
1772 2460 1953 2517 delere
1987 2460 2103 2531 jam

530 2556 771 2611 inustam
832 2556 915 2610 vel
971 2570 1042 2609 ne
1101 2554 1211 2611 sibi
1266 2554 1659 2625 impingeretur
1711 2554 1767 2610 in
1818 2562 2103 2626 posterum

533 2662 843 2718 praecavere
880 2649 1132 2707 studens.
1166 2661 1332 2701 unam
1364 2647 1626 2716 optimam
1654 2654 1912 2702 votorum
1950 2660 2101 2701 asse-

533 2744 881 2815 qttcndorum
925 2743 1138 2812 putavit
1191 2741 1490 2805 rationem,
1541 2741 1925 2810 imperatorem
1956 2740 2109 2795 adire

501 2820 973 2908 quamprimum,
1027 2833 1071 2889 si
1121 2850 1282 2904 quem
1336 2834 1497 2889 modo
1547 2832 1891 2902 plausibilem
1948 2833 2106 2887 dese-

538 2932 718 2986 rendae
766 2929 1059 3000 provincia:
1099 2928 1344 2983 nancisci
1392 2936 1719 3000 prmtextum
1754 2936 1958 2997 posset.
2004 2925 2107 2983 Fa-

533 3025 612 3079 vit
661 3024 714 3077 in
772 3026 877 3078 hoc
924 3022 973 3078 ei
1028 3020 1270 3089 fortuna,
1314 3021 1664 3077 occasionem
1698 3019 1846 3075 brevi
1872 3018 2108 3076 offerens

2192 525 2413 591 λοῦντος
2442 527 2544 600 τὴν
2572 529 2836 583 ἀπόλυσιν
2866 527 2944 594 ὡς
2978 527 3248 597 ἑκούσιος,
3284 526 3473 581 ἐλπίσι
3505 526 3775 596 χρησταῖς

2193 622 2444 695 ᾐωρεῖτο.
2480 622 2653 689 Λόγος
2687 622 2733 676 δ’
2756 618 2824 693 ἦν
2864 621 3211 693 ἀμφοτέρους
3239 618 3598 682 συνελθόντας
3634 616 3773 688 πρὸς

2194 711 2544 784 πατριάρχην
2569 712 2958 780 ἀπολογεῖσθαι
2991 714 3080 769 διὰ
3105 714 3298 768 τούτου
3321 711 3399 785 τῷ
3428 710 3643 784 βασιλεί
3670 711 3771 779 τὴν

2193 804 2259 858 ἐκ
2292 804 2382 859 τοῦ
2409 806 2653 884 μεγάλου
2694 807 2885 872 δουκδς
2920 806 3294 880 ἀναχώρησιν,
3340 806 3407 860 τὰ
3455 803 3627 859 πολλᾶ
3661 802 3773 857 τῶν

2193 897 2392 968 ἐκείνῳ
2428 897 2821 971 πραττομένων
2858 897 3209 968 ἀταμιεύτοις
3234 895 3573 973 παρῤησίαις
3602 892 3776 947 καθα-

2196 992 2517 1063 πτομένους.
2558 992 2624 1044 'A
2650 993 2746 1045 καὶ
2778 990 3137 1060 ἀγγελθέντα,
3158 990 3257 1062 οὐχ
3288 989 3437 1057 ὅπως
3453 988 3503 1041 οί
3520 986 3775 1053 λέγοντες

2195 1082 2432 1149 ἔπειθον,
2461 1082 2598 1137 ἀλλὰ
2622 1083 2719 1139 καὶ
2746 1083 3123 1154 δυσμεναίνιιν
3147 1083 3362 1146 ἑαυτοῖς
3393 1081 3486 1134 τὸν
3507 1076 3775 1149 κρατοῦν-

2193 1180 2264 1243 τα
2297 1178 2516 1231 ἐποίουν
2537 1193 2552 1209 ο
2584 1176 2837 1247 βασιλεὺς
2869 1176 2979 1247 γὰρ
3008 1175 3233 1249 κακίας,
3277 1174 3380 1229 οὐκ
3408 1172 3671 1246 ἀληθείας
3702 1169 3774 1224 τὰ

2194 1267 2467 1339 λεγόμενα
2495 1268 2720 1340 κρίνων,
2754 1268 2849 1322 καὶ
2886 1268 3294 1338 ὑπεκκαύματα
3335 1264 3533 1334 φθόνου
3568 1264 3775 1335 μᾶλλον

2196 1360 2230 1430 ἢ
2264 1360 2585 1431 προνοήσεις
2617 1357 2675 1425 ἐξ
2702 1358 2915 1420 εὐνοίας
2949 1357 3092 1428 ὑπὲρ
3115 1354 3305 1423 αὑτοῦ,
3345 1356 3576 1418 ἐκείνοις
3608 1352 3773 1424 ὲχόλα

2199 1454 2290 1508 καὶ
2343 1452 2692 1523 ὲξωργίζετο.
2748 1449 2856 1504 Τοῦ
2905 1449 2953 1504 δ’
2981 1450 3074 1507 ἐπὶ
3107 1448 3323 1513 τούτοις
3359 1448 3457 1503 καὶ
3492 1446 3774 1518 μετελθεῖν

2196 1544 2290 1599 τοῦ
2343 1547 2443 1617 μὲν
2469 1546 2529 1599 τὸ
2560 1546 2659 1598 οὐκ
2690 1546 2773 1610 είς
2802 1543 2957 1613 ὀλίγα
3006 1544 3277 1614 χρήσιμον
3309 1541 3637 1612 παρῃτεῖτο,
3671 1537 3771 1592 τοῦ

2197 1638 2255 1692 δὲ
2279 1638 2340 1691 τὸ
2392 1637 2724 1707 ἁξιοπρεπὲς
2762 1636 2842 1699 είς
2872 1635 2971 1706 τὴν
3020 1634 3127 1689 ἀπὸ
3162 1622 3427 1705 βασιλέως
3461 1632 3775 1702 παρόρασιν

2197 1731 2509 1788 διεκώλυεν.
2546 1725 2656 1784 Ἧν
2680 1728 2723 1782 δ’
2745 1729 2923 1792 ἄλλως
2960 1727 3209 1797 ἐμποδὼν
3240 1725 3374 1796 πρὸς
3412 1723 3578 1779 τοῦτο
3606 1723 3701 1775 καὶ
3738 1723 3772 1789 ἡ

2201 1830 2339 1896 προς
2358 1822 2450 1876 τὸν
2479 1820 2823 1893 πατριάρχην
2850 1818 3141 1890 καταφυγὴ
3170 1817 3264 1872 τοῦ
3293 1816 3630 1884 Νοστόγγου,
3651 1811 3776 1867 ὅθεν

2199 1916 2338 1989 ῷετο
2365 1915 2510 1987 ἔχειν
2538 1913 2638 1985 τὴν
2664 1914 2720 1977 ἐς
2746 1912 2891 1967 ἅπαν
2921 1910 3151 1965 ἀσυλίαν
3177 1912 3242 1981 τῇ
3270 1910 3372 1980 τῆς
3402 1906 3776 1980 Περιῦλέπτου

2201 2009 2339 2071 τέως
2386 2005 2842 2076 ἐγκεκλεισμένον
2904 2005 3061 2076 μονῇ.
3114 2002 3277 2057 Ὅθεν
3322 2000 3419 2056 καὶ
3473 1998 3628 2070 παρὰ
3675 1995 3780 2067 τῆς

2202 2101 2437 2171 ἀδελφῆς
2466 2097 2732 2171 ὁκρατῶν
2765 2097 3023 2159 πολλάκις
3058 2094 3500 2166 παρωξυμμένος
3534 2090 3777 2159 (avdire-

2204 2212 2306 2250 στα
2335 2194 2446 2265 γὰρ
2487 2191 2717 2264 κάκείνῃ
2744 2192 2814 2246 τὰ
2868 2189 3128 2262 λεχθέντα
3159 2189 3300 2243 κατὰ
3323 2186 3383 2240 τὸ
3412 2185 3555 2248 εἰκὸς
3592 2181 3782 2252 ἐγεγό-

2203 2305 2305 2352 νει,
2336 2289 2432 2343 καὶ
2470 2284 2795 2357 ὐσριοπάθει
2822 2282 2894 2337 τὰ
2924 2281 3179 2353 μέγιστα,
3212 2280 3262 2334 εί
3310 2279 3383 2348 μή
3416 2292 3481 2346 γε
3519 2274 3567 2328 οἱ
3594 2287 3782 2328 κατει-

2207 2473 2290 2531 uti
2344 2470 2740 2533 destinaverat,
2772 2468 2838 2523 ad
2872 2468 3077 2539 ipsum,
3105 2476 3157 2522 et
3178 2463 3468 2521 audientia
3504 2460 3781 2535 poscenda

2205 2567 2326 2639 ejus
2351 2564 2607 2637 potestati
2633 2578 2693 2619 se
2716 2563 3053 2633 permittere,
3086 2559 3269 2627 Quare
3300 2559 3366 2615 ad
3407 2555 3780 2631 patriarcham

2199 2676 2268 2716 se
2317 2658 2553 2722 confert,
2612 2656 2750 2729 asyli
2792 2653 2918 2726 jure
2970 2669 3203 2710 securus
3258 2653 3373 2708 illic
3425 2650 3667 2716 futurus,
3723 2658 3782 2705 et

2207 2750 2397 2808 eodem
2436 2750 2633 2806 idoneo
2684 2745 3162 2804 reconciliationis
3214 2753 3501 2814 sequestro
3549 2743 3616 2797 ad
3664 2743 3782 2796 Au-

2208 2854 2430 2916 gustum
2483 2857 2709 2899 usurus.
2763 2838 2983 2906 Scriba,
3028 2839 3124 2911 qui
3170 2838 3320 2910 prior
3356 2839 3407 2892 in
3444 2836 3657 2903 urbem,
3685 2849 3780 2891 ex-

2210 2937 2449 3008 peditius
2501 2936 2588 2991 via
2651 2948 2899 2998 emensa,
2957 2943 3310 3004 pervenerat,
3374 2931 3616 2985 Iactatus
3680 2942 3782 2999 spe

2210 3030 2380 3093 inani,
2416 3026 2725 3096 cuiusdam,
2757 3042 2921 3097 quam
2967 3025 3253 3091 attulerat,
3291 3033 3529 3093 acceptae
3577 3038 3606 3079 a
3658 3037 3779 3077 ma-

533 3117 655 3186 cjus
686 3116 786 3171 vim
818 3114 1185 3186 probabilem,
1230 3115 1371 3170 hanc
1420 3113 1651 3170 scilicet.
1684 3111 1897 3169 Mittere
1932 3127 2028 3185 per
2055 3113 2105 3167 id
2136 3133 2178 3192 ο
2214 3136 2320 3193 Βιιο
2347 3120 2578 3177 (ιυοθηαά
2608 3119 2835 3175 caniclei
2863 3116 3178 3189 praefectum
3220 3115 3484 3185 epistolae,
3513 3128 3621 3186 qua
3652 3128 3779 3170 cum

535 3218 757 3280 tempus
806 3208 979 3263 voluit
1010 3209 1118 3263 dux
1153 3223 1383 3279 magnus
1422 3209 1486 3262 ad
1525 3223 1741 3261 socrum
1776 3222 1955 3271 suam,
1989 3223 2110 3278 ger-

538 3317 758 3357 manam
815 3301 1164 3371 imperatoris
1206 3299 1683 3369 Constantinopoli
1733 3308 1862 3353 tunc
1911 3301 2113 3368 degen-

534 3407 668 3463 tem,
717 3397 1027 3452 ministrum
1067 3394 1145 3449 illi
1201 3405 1467 3450 matronae
1517 3393 1571 3447 in
1622 3389 1811 3463 primis
1862 3390 2025 3445 fidum
2057 3399 2110 3445 et

533 3490 730 3546 intime
761 3490 1115 3553 familiarem,
1152 3488 1590 3550 Canuaburium,
1626 3495 1738 3540 tum
1775 3495 1836 3541 ut
1866 3484 1971 3539 alia
2003 3483 2108 3540 sibi

536 3585 843 3639 desiderata
892 3584 1139 3653 quaedam
1195 3596 1288 3649 per
1333 3595 1452 3636 eam
1507 3581 1559 3633 in
1599 3578 1722 3632 aula
1788 3576 2104 3640 conficeret,

541 3685 656 3730 tum
696 3683 756 3729 ut
808 3688 1038 3728 uxorem
1080 3672 1220 3742 apud
1274 3682 1500 3728 matrem
1535 3671 1905 3726 dirersantem
1954 3666 2019 3723 ad
2053 3683 2115 3723 se

538 3777 869 3823 accerseret.
906 3765 1044 3834 Quia
1081 3780 1214 3820 vero
1264 3780 1361 3835 per
1408 3765 1638 3820 infestas
1680 3762 1975 3819 hostilibus
2026 3761 2112 3815 in-

536 3860 792 3917 cursibus
816 3858 1230 3930 regioneshaud
1257 3867 1433 3913 tutum
1467 3857 1791 3913 incomitato
1820 3855 2013 3910 viatori
2037 3854 2117 3909 vi-

535 3955 696 4011 debat
720 3955 821 4010 iter
846 3955 981 4019 fore,
1010 3952 1292 4024 Nostongo
1317 3951 1597 4007 mandavit
1623 3963 1681 4006 ttt
1705 3966 1827 4009 eum
1858 3958 1979 4005 tuto
2019 3948 2116 4005 de-

536 4057 855 4119 putatorutn
908 4063 939 4103 e
968 4063 1069 4104 sua
1110 4048 1336 4113 cohorte
1376 4047 1431 4102 in
1461 4046 1647 4101 urbem
1695 4058 1889 4101 secure
1918 4041 2115 4099 deduci

534 4142 794 4214 pnusidio
831 4153 1067 4196 curaret.
1089 4139 1247 4207 quod
1277 4137 1369 4195 ille
1397 4140 1716 4195 mandatum
1756 4137 2016 4233 obnoxieJ
2030 4152 2119 4192 ac-

539 4236 777 4306 cipiens,
802 4235 961 4305 quasi
994 4234 1332 4289 ostentando
1357 4232 1748 4288 abundantiori
1783 4232 1965 4287 studio
1991 4232 2120 4302 "gra-

539 4329 785 4383 titicandi
834 4329 961 4383 duci
1006 4341 1227 4398 magno,
1264 4326 1429 4381 simul
1461 4326 1579 4397 plus
1615 4339 1780 4396 quam
1829 4322 2120 4399 petebatur

2211 3210 2477 3268 declarari
2512 3209 2838 3267 credidisset
2869 3223 2928 3264 se
2956 3208 3227 3280 legitimas
3260 3207 3549 3262 habentem
3579 3220 3782 3262 causas

2212 3305 2519 3362 ahnuenda:
2549 3302 2825 3360 ulterioris
2862 3316 3029 3358 morae
3074 3302 3127 3357 in
3178 3300 3447 3372 obsequio
3491 3297 3782 3369 Nostongi,

2214 3414 2243 3455 a
2278 3414 2390 3470 quo
2421 3396 2667 3468 indignis
2706 3394 2885 3452 modis
2933 3402 3289 3460 tractaretur,
3333 3393 3663 3450 auctoritate
3689 3407 3785 3448 su-

2215 3490 2417 3565 periori
2462 3489 2619 3547 ducis
2648 3489 2827 3561 magni
2856 3503 2884 3543 a
2912 3487 3173 3544 famulatu
3192 3470 3379 3560 magni
3408 3484 3786 3543 hetazriarchte

2216 3588 2321 3642 rite
2371 3583 2544 3640 tuisse
2594 3581 2930 3647 absolutum,
2958 3590 3247 3651 postquam
3296 3595 3357 3636 ea
3407 3578 3620 3634 reddita
3669 3576 3786 3646 epi-

2216 3678 2356 3734 stola
2385 3674 2696 3749 promoveri
2728 3687 2791 3729 ea
2823 3673 2909 3727 via
2952 3673 3228 3743 negotium
3256 3686 3365 3726 non
3394 3668 3566 3726 sensit
3594 3683 3782 3732 suum,

2216 3770 2331 3828 sive
2381 3769 2474 3825 illa
2529 3764 2898 3840 perfunctoria
2946 3764 3351 3822 commendatio
3403 3763 3621 3826 fuisset,
3671 3762 3788 3816 sive

2217 3863 2474 3936 quamvis
2504 3869 2781 3926 accurata,
2806 3873 3000 3929 pamm
3027 3858 3169 3929 apud
3196 3854 3510 3928 praefectum
3538 3852 3788 3909 caniclco

2219 3958 2450 4024 valeret,
2485 3957 2603 4010 vela
2633 3952 2938 4010 secundum
2987 3966 3179 4008 auram
3217 3959 3431 4007 vertere
3458 3948 3672 4013 statuit,
3699 3961 3789 4002 reo

2217 4049 2625 4118 conciliataque
2671 4062 2796 4102 cum
2829 4043 3114 4115 Nostongo
3142 4043 3315 4115 gratia
3350 4041 3617 4098 societate
3661 4050 3785 4093 cum

2218 4161 2289 4203 eo
2361 4144 2603 4201 incunda
2668 4140 2912 4205 consilii,
2978 4139 3044 4193 ad
3118 4135 3488 4208 patriarcham
3548 4143 3603 4191 et
3668 4132 3789 4203 ipse

2217 4237 2490 4307 confugit,
2526 4249 2709 4307 parem
2746 4249 2856 4306 prae
2886 4248 2945 4290 se
2983 4234 3163 4287 ferens
3231 4231 3577 4286 aversionem
3611 4240 3641 4281 a
3674 4239 3793 4279 ma-

2221 4344 2329 4401 gno
2364 4328 2528 4384 duce.
2570 4326 2645 4382 lhi
2709 4336 2943 4395 uterque
2991 4322 3252 4378 concordi
3308 4328 3509 4378 conatu
3561 4317 3792 4373 studue-

542 4422 713 4486 dedit,
774 4420 940 4476 simul
1002 4431 1185 4492 aptam
1246 4420 1487 4490 captavit
1549 4420 2009 4490 opportunitatem
2064 4416 2115 4471 id
2148 4487 2179 4492 _
2223 4430 2355 4478 runt
2388 4420 2661 4476 infamare
2716 4417 2861 4489 apud
2890 4418 3197 4486 Angustum
3242 4416 3420 4485 magni
3455 4410 3611 4468 ducis
3643 4418 3790 4477 acta,

539 4514 686 4584 quod
739 4528 838 4569 sua
888 4487 1055 4569 causa
1112 4487 1336 4583 optabat
1382 4508 1548 4584 530
1588 4487 1818 4583 agendi.
1866 4508 2109 4565 Ofﬁcium

2220 4515 2457 4589 querelis
2513 4522 2707 4570 contra
2747 4487 2868 4583 ejus
2926 4522 3177 4573 avaram,
3214 4516 3566 4578 arrogantem
3608 4515 3666 4560 et
3703 4513 3792 4577 ty.

539 4609 747 4677 quippe
792 4606 1109 4660 deduc-toris
1140 4606 1243 4661 sibi
1295 4619 1419 4659 cum
1454 4603 1708 4674 praetoria
1746 4618 1842 4658 sua
1894 4601 2123 4657 cohorte

540 4714 851 4767 assumens,
876 4698 1288 4754 Cannaburium
1333 4697 1873 4768 Constantinopolim
1918 4695 2119 4767 perdu-

545 4795 645 4850 xit.
681 4793 804 4861 Quo
862 4794 982 4863 ipso
1048 4802 1296 4861 tempore
1342 4791 1563 4860 quidam
1611 4790 1666 4845 in
1715 4789 1962 4860 ejusdem
2013 4787 2123 4843 No-

546 4889 729 4960 stnugi
783 4886 1107 4958 provinciali
1170 4885 1436 4941 comitatu
1495 4884 1691 4939 scribae
1757 4867 2124 4939 ministerium

542 4998 831 5046 exercens,
866 4997 988 5036 cum
1041 4981 1379 5035 decrevisset
1406 4978 1591 5032 nescio
1638 4992 1745 5047 qua
1788 4992 1846 5031 re
1880 4976 2124 5031 offensus

542 5079 611 5131 ah
667 5077 822 5131 exesi
855 5075 961 5130 sibi
1014 5072 1226 5128 domini
1287 5074 1514 5128 servitio
1578 5072 1857 5137 recedere,
1911 5079 1964 5125 et
2006 5070 2122 5139 ipse

545 5171 651 5224 iter
712 5168 905 5222 urbem
960 5182 1156 5222 versus
1208 5166 1352 5219 clam
1405 5163 1656 5233 arripuit.
1715 5165 1906 5231 itaque
1959 5164 2121 5217 ambo

542 5263 664 5331 pari
706 5260 961 5325 consilio,
992 5256 1127 5314 licet
1160 5260 1392 5313 invicem
1434 5257 1633 5327 ignari,
1678 5255 1896 5312 furtivis
1942 5256 2123 5326 profe-

542 5353 823 5407 ctioaibus
887 5348 1426 5419 Constantinopoiim
1481 5362 1796 5418 pervenere.
1854 5344 1960 5401 Ubi
2012 5343 2119 5398 No-

544 5456 776 5513 stoogus
813 5445 1067 5514 inspecto
1108 5458 1293 5497 rerum
1347 5448 1519 5505 statu,
1558 5454 1682 5495 cum
1726 5439 1954 5493 minime
1987 5449 2117 5507 spe-

545 5548 697 5594 raret
733 5540 970 5608 probare
1002 5552 1061 5591 se
1115 5533 1433 5604 imperatori
1468 5547 1654 5602 posse,
1703 5530 2014 5585 manifestis
2064 5529 2116 5583 in

547 5633 793 5688 favorem
873 5631 1053 5700 magni
1128 5629 1283 5683 ducis
1357 5637 1738 5698 praeoccupato
1804 5623 2118 5690 affectibus,

545 5745 688 5797 quas
742 5744 900 5783 veras
949 5727 1213 5780 habuerat
1262 5738 1463 5780 causas
1506 5738 1535 5778 e
1568 5719 1850 5793 provincia
1908 5718 2115 5787 iniussu

547 5823 886 5892 discedendi,
941 5821 1084 5878 haud
1147 5828 1326 5875 tutum
1381 5818 1487 5876 sibi
1537 5817 1749 5889 putavit
1798 5814 2117 5884 confugere,

2223 4606 2505 4664 Itannicam
2560 4606 3013 4677 gubernationem
3055 4603 3208 4657 libris
3255 4602 3397 4671 apud
3422 4597 3792 4670 patriarcham

2223 4697 2588 4769 deponendis,
2641 4711 2780 4766 quas
2838 4694 2927 4751 iile
2977 4693 3231 4749 videlicet
3280 4693 3345 4747 ad
3402 4692 3791 4760 imperatorem

2222 4789 2483 4856 deferret,
2516 4799 2570 4844 et
2596 4802 2695 4860 pro
2740 4802 2801 4842 ea
2832 4800 2937 4858 qua
2966 4785 3202 4856 pollebat
3225 4784 3368 4854 apud
3413 4785 3591 4853 ipsum
3618 4781 3791 4854 gratia

2225 4884 2467 4939 creditas
2514 4882 2623 4936 sibi
2649 4882 3018 4951 probatasque
3061 4878 3622 4949 persuaderetiustas
3646 4889 3789 4930 esse.

2229 4975 2333 5031 Sed
2365 4988 2626 5030 successu
2660 4987 2721 5027 ea
2754 4986 2844 5027 res
2889 4970 3107 5025 caruit:
3136 4967 3339 5023 auditis
3383 4965 3526 5022 enim
3558 4964 3795 5035 impera.

2225 5078 2312 5123 tor
2358 5082 2384 5121 a
2414 5064 2730 5136 patriarcha
2778 5077 2901 5131 quae
2929 5059 3242 5133 Nostongus
3281 5067 3336 5115 et
3366 5060 3485 5128 ejus
3509 5057 3691 5113 scriba
3735 5056 3792 5112 in

2224 5173 2420 5229 magno
2446 5157 2581 5212 duce
2608 5156 2913 5225 culparent,
2940 5153 3077 5209 adeo
3119 5166 3226 5207 non
3253 5161 3340 5207 est
3387 5163 3685 5220 persuasus
3737 5156 3799 5203 ut

2223 5251 2367 5307 iram
2402 5250 2585 5322 potius
2620 5265 2727 5304 non
2761 5246 3092 5302 mediocrem
3130 5244 3186 5300 in
3224 5250 3573 5299 accusatores
3609 5252 3797 5297 osten-

2224 5347 2405 5409 deret,
2460 5342 2563 5397 hos
2607 5340 2867 5407 iudicans
2922 5340 3057 5395 falso
3087 5346 3143 5394 et
3185 5351 3352 5408 prava
3407 5335 3685 5389 voluntate
3714 5334 3802 5390 in-

2223 5437 2533 5506 stinetuque
2544 5430 2701 5508 431
2721 5434 2936 5501 maligni
2963 5432 3172 5495 livoris,
3189 5445 3296 5486 non
3318 5438 3523 5493 autem,
3546 5437 3604 5484 ut
3626 5428 3798 5485 videri

2222 5532 2495 5595 volebant,
2537 5529 2653 5585 zelo
2681 5528 2883 5597 publici
2917 5526 3045 5583 boni
3078 5534 3132 5580 et
3170 5523 3354 5582 studio
3385 5524 3651 5579 benevolo
3678 5537 3798 5580 ser-

2222 5624 2400 5679 viendi
2434 5620 2744 5690 imperatori
2774 5620 2839 5675 ad
2869 5621 3027 5676 istam
3064 5615 3454 5683 calumniosam
3487 5628 3542 5671 et
3574 5614 3801 5671 menda-

2224 5733 2347 5773 cem
2382 5716 2710 5771 delationem
2763 5710 3132 5785 processisse.
3170 5707 3313 5779 Ergo
3370 5706 3425 5762 in
3485 5721 3583 5762 eos
3614 5704 3796 5778 paiam

2225 5810 2559 5882 indignatus,
2596 5806 2831 5865 scribam
2859 5803 3076 5876 quidem
3107 5810 3164 5858 ut
3202 5799 3357 5857 nihili
3404 5786 3804 5856 homunculum
