4094 6280
315 373 383 440 47
391 377 425 440 3

1242 366 1345 441 DE
1375 376 1816 442 ANDRONICO
1857 375 2332 441 PALBOLOGO
2366 375 2522 438 LIB.
2577 373 2645 438 V.

3479 360 3586 429 474

315 489 512 553 «εόντες
540 488 701 554 ἀξίας
743 488 840 554 τὰς
867 488 1021 553 δίκας
1045 493 1281 557 τίσαιεν,
1317 493 1454 561 μηδὲ
1486 492 1898 563 προσέξεινᾶλ-
1924 497 1973 560 Α
2001 490 2270 564 ὲλπισμδν
2305 486 2653 559 συμπαθείας
2679 484 2780 553 τῆς
2818 482 2991 555 μονῆς
3020 480 3309 546 ἀπελύετο,
3340 480 3374 550 ἡ
3397 480 3454 533 δὶ
3478 480 3582 551 τῆς

318 582 410 634 λον
438 581 516 651 τῷ
556 581 874 652 στρατηγῷ,
929 581 1005 651 μὴ
1036 581 1145 635 τῶν
1199 584 1454 653 φυγάδων
1504 585 1731 639 ἐκείνων
1760 586 1893 640 bno-

318 673 562 743 σχόντων
594 673 696 734 τὰς
740 671 918 740 δίκας)
949 671 1085 724 ἀλλὰ
1112 670 1175 724 τὸ
1203 673 1304 741 μὲν
1336 676 1473 743 μονῇ
1509 673 1894 739 ἐγκεκλεῖσθαι

321 763 414 818 καὶ
444 762 556 818 ἀπὺ
580 761 876 833 προσώπου
907 759 1051 816 εἶναι
1078 763 1156 833 τῷ
1188 763 1404 833 βασιλεῖ
1429 766 1664 837 ἀρκετὸν
1706 766 1786 829 είς
1816 784 1901 820 τι-

321 856 540 929 μωρίαν
568 855 805 926 ἔκρινεν,
851 855 1029 910 ἐκεῖνο
1072 856 1206 923 παρ’
1235 858 1431 912 ἑαυτοῦ
1465 860 1896 915 καταδικασθέν-

316 960 410 1012 τος
436 949 577 1019 ὅπερ
619 949 686 1003 ἂν
718 946 970 1019 βασιλεὺς
1024 951 1219 1003 παθεῖν
1250 952 1459 1005 ἐκεῖνον
1490 950 1566 1015 ὡς
1596 952 1899 1025 πρόστιμον

320 1041 587 1105 ἐδικαίου,
614 1041 715 1112 τῆς
743 1042 927 1111 μονῆς
947 1044 1067 1097 ἀντὶ
1096 1043 1348 1114 φυλακῆς
1377 1044 1545 1115 οὔσης
1590 1046 1814 1111 αὐτίκα,

321 1134 386 1206 δὴ
419 1136 516 1188 καὶ
565 1136 715 1206 παρὰ
765 1136 1105 1207 πατριάρχου
1159 1137 1487 1201 ἀποσταλεὶς
1518 1137 1895 1207 ἐγκέκλειστο.

322 1227 415 1297 Τῷ
439 1228 495 1283 δέ
517 1244 582 1296 γε
613 1232 1008 1299 γραμματιστῇ
1030 1229 1448 1298 ἀπεπροσπάθει
1477 1228 1554 1294 ὡς
1588 1228 1663 1300 μὴ
1686 1229 1816 1299 νίδίῳ
1837 1228 1899 1281 τὸ

326 1322 547 1377 σύνολον
578 1324 690 1377 sm
722 1324 818 1377 καὶ
846 1324 921 1387 ὡς
946 1323 1181 1386 ἔκθτινος
1207 1323 1467 1395 λατρείας
1500 1323 1733 1386 ἐκείνοις
1764 1324 1899 1376 ἁνα-

322 1411 616 1481 ληφθέντι·
647 1414 757 1467 δεῖν
785 1414 894 1483 γὰρ
920 1416 1033 1476 τοῖς
1058 1412 1160 1482 τῆς
1177 1412 1290 1465 τῶν
1304 1411 1585 1483 ἀρχόντων
1602 1412 1695 1466 ἐπὶ
1718 1410 1901 1480 πλημ-

328 1508 459 1575 μελή
472 1524 607 1577 μασι
631 1506 903 1577 τιμωρίας
943 1508 1043 1577 οὐχ
1077 1501 1239 1577 ἦττον
1268 1506 1519 1566 κολάσεις
1545 1504 1577 1573 ἢ
1602 1504 1901 1575 καθάρσεις

322 1597 489 1663 οὔσας
524 1600 677 1660 ἰδίοις
711 1602 1028 1670 προσήκειν,
1064 1600 1113 1652 εί
1148 1599 1393 1670 μέλλοιεν
1427 1599 1477 1651 οἱ
1510 1598 1612 1669 μὲν
1646 1598 1902 1663 κολάζον-

321 1710 413 1754 τες
448 1692 753 1762 κερδαίνειν
774 1732 788 1755 ,
834 1693 885 1745 οἱ
913 1691 966 1745 ﬁt
1010 1693 1161 1745 δεινὰ
1212 1694 1517 1763 πάσχοντες
1546 1689 1899 1759 ὡφελεῖσθαι,

324 1782 467 1838 κατὰ
499 1785 597 1853 τὴν
618 1786 697 1847 είς
734 1784 955 1837 τούπιὸν
980 1785 1172 1855 χρείαν
1201 1783 1262 1838 τὸ
1286 1785 1559 1855 χρήσιμον
1594 1781 1903 1853 παρεξόμε-

1996 585 2293 656 ὀλιγωρίας
2314 580 2443 647 δόξα
2477 580 2569 634 καὶ
2602 580 2685 632 ἔτι
2706 576 3013 642 ἀναζέουσα
3042 571 3133 647 ἦν,
3165 575 3261 629 καὶ
3289 572 3418 628 δείν’
3447 573 3585 629 ἄττα

1992 676 2122 741 τοὺς
2160 673 2240 746 τῷ
2272 672 2497 745 μεγάλῳ
2535 670 2689 724 δουκὶ
2754 667 3195 738 προσκειμένους
3240 665 3582 735 ὑπὲσμυχον,

1996 770 2047 824 εί
2073 768 2490 838 καταφρονοῖτο,
2522 765 2618 819 καὶ
2662 762 2898 833 μάλιστα
2944 760 3096 831 παρὰ
3137 760 3243 812 τῶν
3274 757 3583 812 δοκούντων

1998 864 2094 919 καὶ
2119 864 2176 917 ὲν
2223 861 2406 928 ἀξίαις
2432 861 2566 931 (τοῖς
2598 858 2708 930 γὰρ
2750 856 3131 927 καιριωτέροις
3172 856 3419 924 μέρεσιν.
3448 852 3577 905 ὅταν

1998 956 2134 1027 ινδῷ
2157 955 2294 1027 πρὸς
2324 955 2388 1009 τὸ
2414 955 2617 1025 χεῖρον,
2646 954 2859 1023 ἀνάγκη
2888 947 3345 1017 ωνδιεπράφθαι
3376 946 3470 1000 καὶ
3507 946 3579 1000 τὰ

1997 1050 2186 1114 λοιπὰ,
2236 1049 2304 1120 ἢν
2345 1049 2417 1121 μή
2457 1065 2546 1112 τις
2599 1048 2851 1120 iniam),
2909 1045 3033 1098 τότε
3066 1042 3326 1115 βασιλεὺς
3358 1041 3583 1110 πέμψας

1999 1143 2126 1215 ἄγει
2177 1142 2275 1198 καὶ
2321 1143 2692 1214 ἀμφοτέρους,
2748 1145 2845 1195 καὶ
2898 1139 2961 1209 δὴ
2992 1137 3180 1209 ἡμέρα
3223 1133 3584 1207 κυριωνύμῳ,

1998 1234 2509 1307 Μαιμακτηριῶνος
2536 1231 3138 1303 τεσσαρεσκαιδεκάτῃ.
3167 1230 3295 1293 τοὺς
3322 1228 3451 1299 περὶ
3488 1226 3588 1280 αὐε-

1999 1327 2093 1381 τδν
2143 1326 2679 1397 παραστησάμενος,
2739 1323 3028 1393 παρόντων
3068 1321 3361 1384 κάκείνων,
3418 1316 3588 1372 πολὺν

2006 1416 2107 1486 μὲν
2135 1416 2292 1485 λόγον
2317 1416 2608 1487 παρέτεινε
2640 1412 2997 1485 δημηγορῶν,
3032 1410 3109 1481 τῷ
3141 1411 3242 1481 μὲν
3275 1410 3451 1465 δοκεῖν
3482 1425 3587 1462 κα·-

2002 1510 2347 1580 Θαπτόμενος
2379 1508 2474 1563 τοῦ
2501 1508 2839 1577 Νοστόγγου,
2861 1508 2922 1559 τὸ
2949 1506 3003 1560 δὲ
3038 1505 3291 1559 πλεῖστον
3324 1502 3419 1557 καὶ
3447 1502 3589 1572 ὑπὲρ

2001 1605 2097 1659 τοῦ
2157 1603 2399 1673 μεγάλου
2450 1602 2640 1666 δουκδς
2677 1600 2810 1671 πρὸς
2840 1600 2967 1663 τοὺς
3021 1601 3355 1668 μεγιστᾶνας
3390 1595 3593 1650 ἀπολορ

2001 1697 2293 1766 γούμενος,
2348 1695 2423 1759 ὡς
2458 1694 2626 1765 μηδὲν
2659 1692 2897 1757 ἀναξίως
2932 1696 3043 1745 κάκ
3087 1689 3180 1745 τοῦ
3225 1690 3589 1760 παρείκοντος

2006 1793 2135 1864 μήτ’
2183 1790 2346 1845 αὑτὸν
2375 1788 2781 1861 προδιδασμοϊς
2811 1788 3042 1856 τιμῆσαι
3086 1785 3179 1839 τλν
3227 1785 3325 1839 καὶ
3357 1784 3461 1854 πρδ
3494 1781 3589 1837 τοῦ

323 1894 423 1931 νοι.
456 1873 541 1948 [Ρ.
585 1874 716 1948 299}
757 1876 915 1931 Ἐπεὶ
943 1875 1000 1929 δὲ
1032 1876 1060 1929 ὁ
1112 1876 1209 1947 μὲν
1242 1876 1553 1946 Νοστόγγος
1594 1874 1739 1930 κατά
1781 1891 1904 1930 τινα
1939 1884 1982 1943 Β
2016 1886 2194 1957 μέγαν
2227 1883 2516 1949 δοκοῦντα²
2579 1882 2705 1954 μήτ’
2734 1882 2940 1935 ἐκεῖνον
2980 1881 3111 1951 παρ’
3142 1878 3308 1933 αὐτοῦ
3356 1875 3595 1947 τιμηθῆ.

320 2070 376 2119 et
430 2077 623 2134 parum
667 2060 854 2117 utilem
908 2076 939 2114 e
984 2060 1292 2116 ministerio
1322 2059 1576 2115 amovit:
1620 2056 1904 2129 Nostongo

322 2172 391 2214 ne
419 2172 595 2229 poena
625 2155 676 2212 ei
713 2154 1045 2212 luculentior
1079 2153 1437 2226 iuiligeretnr,
1462 2166 1559 2207 sua
1594 2157 1747 2210 tanto
1779 2168 1903 2208 ain-

320 2249 464 2319 plior
494 2249 737 2317 dignitas
791 2246 1022 2317 profuit,
1059 2246 1358 2316 praesertim
1398 2260 1523 2299 cum
1578 2260 1645 2300 ne
1677 2260 1775 2316 pro
1807 2261 1905 2315 po-

322 2348 927 2416 testate‘coerceretur
983 2338 1423 2409 subjicereturve
1465 2335 1702 2406 judicio,
1764 2337 1901 2408 asyli

316 2434 406 2507 ius
436 2434 703 2495 obstaret,
730 2447 842 2503 quo
869 2432 962 2487 ille
1004 2428 1332 2501 Pcribleptm
1357 2430 1698 2485 monasterio
1727 2430 1903 2484 inclu-

321 2544 415 2584 sus
447 2528 606 2599 (illuc
637 2526 785 2581 enim
814 2541 940 2582 eum
974 2523 1286 2595 patriarcha
1319 2523 1569 2596 miserat)
1604 2522 1903 2579 inviolabili

321 2622 603 2677 utebatur.
633 2621 826 2690 Itaque
875 2633 1196 2688 quanquam
1227 2632 1386 2673 soror
1419 2617 1787 2687 imperatoris,
1815 2631 1906 2676 80.-

317 2729 450 2770 crus
491 2713 648 2771 ducis
694 2711 900 2784 magni,
941 2711 1173 2782 cognitis
1229 2726 1351 2781 qua!
1390 2719 1581 2765 contra
1638 2710 1784 2764 hunc
1836 2709 1907 2765 ab

318 2808 407 2865 his
429 2809 815 2872 movebantur,
845 2818 1109 2877 tanquam
1148 2820 1251 2876 pro
1275 2818 1479 2877 genero
1506 2803 1765 2865 sollicita.
1794 2818 1903 2859 non

317 2910 568 2960 cessaret
600 2902 974 2957 Andronicum
1011 2900 1232 2956 irritare
1272 2900 1536 2955 adversus
1567 2898 1708 2955 duos
1735 2898 1906 2954 falso-

319 3010 465 3060 rum,
514 2992 824 3061 utaiebal,
867 2992 1185 3049 inventores
1227 2992 1544 3057 criminum,
1578 3002 1909 3061 magnopere

315 3100 662 3158 exaggerans
707 3101 819 3141 rem
852 3101 977 3143 esse
995 3086 1288 3157 indignam
1330 3085 1677 3155 exemplique
1709 3082 1766 3138 in
1800 3097 1907 3154 pu-

316 3179 524 3235 blicum
556 3178 732 3247 noxii,
764 3179 987 3250 impune
1022 3178 1167 3235 ferre
1194 3176 1567 3232 calumniosos
1595 3175 1906 3250 sycophan-

318 3279 403 3327 tas
433 3270 967 3342 impudentissimam
995 3271 1303 3339 audaciam,
1336 3287 1404 3329 ex
1428 3287 1535 3343 qua
1557 3272 1731 3326 inulta
1767 3286 1895 3342 pcr-

316 3370 587 3420 maneute
610 3373 941 3420 secuturum
967 3373 1114 3422 esset
1148 3373 1208 3421 ut
1236 3365 1330 3421 alii
1373 3379 1594 3436 quoque
1628 3363 1697 3420 ad
1728 3364 1897 3426 licett-

318 3458 457 3513 tiam
490 3456 707 3514 invitati
726 3456 967 3513 similem
992 3457 1332 3528 negligerent
1369 3457 1602 3515 obedire
1628 3457 1756 3515 duci
1784 3472 1899 3513 ma-

314 3565 447 3622 gno,
474 3554 639 3621 cujus
661 3566 825 3623 quam
852 3559 1006 3608 esset
1058 3550 1222 3608 fortis
1271 3559 1326 3608 et
1362 3552 1493 3608 felix
1531 3551 1675 3608 bello
1710 3552 1900 3623 reique

314 3651 452 3712 tunc
496 3645 730 3716 publica
773 3645 1087 3701 necessaria
1131 3658 1317 3715 Opera,
1349 3644 1737 3716 Philadelphia:
1763 3644 1901 3700 libe-

313 3740 462 3795 ratio
497 3745 869 3806 monstraret;
911 3739 1015 3795 etsi
1064 3740 1199 3805 haec,
1229 3740 1476 3809 inquam,
1524 3738 1904 3795 indesinenter

320 3841 552 3904 urgeret
573 3838 685 3886 tam
708 3838 904 3901 potens
941 3841 996 3888 et
1025 3846 1151 3888 cara
1180 3831 1494 3903 imperatori
1520 3838 1792 3897 matrona,
1821 3840 1903 3887 ta-

317 3940 444 3981 men
467 3924 547 3980 illi
584 3940 692 3981 non
724 3934 810 3982 est
840 3924 1019 3982 visum
1049 3924 1197 3981 aliud
1222 3933 1339 3981 tum
1369 3925 1591 3997 quidem
1620 3922 1904 3998 Nostongo

315 4014 650 4088 supplicium
674 4014 921 4088 inﬂigere
944 4033 960 4083 ;
985 4014 1244 4072 sufficere
1278 4019 1486 4087 quippe
1524 4017 1753 4072 interim
1789 4018 1904 4072 aie-

316 4109 412 4167 bat
437 4124 744 4174 carcerem,
779 4125 942 4181 quem
978 4110 1025 4165 is
1076 4112 1181 4166 sibi
1216 4112 1363 4167 ultro
1409 4110 1794 4174 conscivisset,
1823 4110 1908 4167 in—

2006 2076 2091 2123 ret
2131 2064 2385 2121 frustrari
2430 2071 2558 2120 voto
2604 2075 2706 2117 suo
2756 2060 3039 2131 iudicem;
3090 2058 3185 2130 qui
3233 2071 3356 2114 cum
3402 2069 3594 2126 pmoas

2008 2155 2319 2214 istiusmodi
2364 2153 2548 2209 minus
2591 2152 2816 2208 ultrices
2861 2166 2987 2206 esse
3037 2165 3201 2219 quam
3242 2146 3593 2219 purgatrices

2004 2251 2159 2315 velit,
2180 2250 2465 2331 magisque
2497 2255 2649 2320 optet
2671 2246 2950 2303 emendari
2982 2261 3078 2316 per
3101 2260 3197 2300 eas
3221 2245 3276 2299 in
3308 2251 3591 2313 posterum

2007 2345 2101 2416 qui
2157 2343 2412 2414 deliquit,
2443 2357 2607 2412 quam
2663 2341 2783 2412 ipse
2813 2339 2917 2395 frui
2976 2332 3270 2393 dulcedine
3310 2336 3595 2402 vindictm,

2008 2436 2157 2495 istud
2191 2436 2341 2508 quod
2381 2450 2411 2491 e
2453 2433 2768 2506 reipublicae
2799 2431 3040 2487 utilitate
3084 2439 3321 2502 spectat,
3371 2429 3597 2484 minime

2007 2538 2397 2602 assequeretur
2438 2526 2719 2585 saaviendo
2760 2528 2814 2581 in
2861 2540 3154 2595 personam
3198 2522 3597 2579 indifferentem

2008 2626 2087 2680 illi
2122 2639 2284 2694 quem
2310 2620 2575 2693 primario
2607 2619 2724 2675 vult
2755 2619 3014 2689 plectere.
3043 2620 3136 2673 Sic
3176 2627 3306 2672 tunc
3342 2616 3601 2671 eludebat

2008 2720 2309 2789 imperator
2345 2715 2624 2771 studiosos
2652 2712 2837 2785 magni
2866 2712 3025 2767 ducis
3057 2727 3274 2782 poenam
3327 2708 3595 2779 Nostongi

2010 2811 2372 2881 postulantes.
2448 2806 2654 2862 Verum
2726 2822 2851 2861 cum
2928 2805 3224 2861 accidisset
3310 2804 3600 2874 aliquanto

2008 2913 2135 2976 post
2212 2904 2327 2957 bare
2394 2899 2619 2970 prodire
2673 2913 2705 2953 e
2783 2912 2884 2953 suo
2969 2896 3125 2967 asylo
3226 2893 3598 2966 Nostongum,

2008 2975 2106 3067 spe
2135 2995 2369 3066 quadam
2404 3001 2671 3063 concepta
2701 2989 2967 3061 parcituri
3002 2989 3162 3044 facile
3191 2988 3299 3044 sibi
3333 2975 3596 3058 Augusti,

2008 3090 2053 3145 si
2096 3088 2451 3144 committere
2496 3100 2557 3142 se
2601 3098 2756 3139 reum
2788 3082 2963 3153 ipsius
2995 3082 3302 3138 clementiae
3344 3079 3600 3147 vidisset,

2008 3181 2137 3237 dum
2171 3181 2225 3238 id
2260 3181 2437 3251 ipsum
2470 3176 2629 3240 aulas,
2664 3185 2721 3231 ut
2744 3174 2825 3241 tit,
2857 3174 3213 3231 sermonibus
3241 3172 3559 3229 celebratur
3584 3215 3600 3241 ,

2006 3275 2449 3333 animadversum
2531 3281 2619 3328 est
2714 3270 2890 3344 magis
2967 3268 3291 3326 incumbere
3383 3268 3602 3340 judicia

2002 3379 2322 3442 magnatum
2393 3368 2786 3440 plerarumque
2838 3364 2893 3420 in
2963 3363 3445 3435 reprehensionem
3508 3376 3605 3416 ar-

2002 3464 2269 3534 rogantite
2322 3463 2502 3533 magni
2551 3460 2735 3524 ducis,
2786 3456 2881 3531 qui
2934 3457 3277 3529 Nostongum
3343 3471 3602 3528 magnum

2004 3557 2441 3619 lietaariarcbam,
2477 3553 2746 3625 dignitate
2801 3567 2864 3608 ac
2900 3551 3177 3608 natalibus
3237 3552 3604 3621 conspicuum

2002 3653 2305 3713 hominem,
2365 3649 2518 3705 velut
2546 3651 2613 3703 de
2662 3648 2821 3716 plebe
2843 3645 3186 3717 quempiam,
3238 3641 3600 3710 contemptim

2003 3750 2059 3800 et
2140 3738 2437 3809 imperiose
2513 3744 2830 3795 tractasset.
2906 3734 3039 3803 Quae
3094 3735 3334 3805 gliscens
3397 3733 3603 3787 invidia

2004 3845 2132 3886 cum
2187 3831 2351 3886 ducis
2417 3829 2600 3900 magni
2680 3825 2994 3883 fautoribus
3057 3826 3339 3895 iniecisset
3389 3839 3607 3893 curam,

2004 3925 2154 3995 quod
2195 3940 2338 4001 eum,
2368 3925 2479 3997 iam
2508 3922 2787 3981 contemni
2815 3937 2880 3979 ac
2903 3922 3119 3978 traduci
3172 3921 3375 3993 passim
3415 3936 3443 3975 a
3477 3936 3609 3993 pru-

2007 4020 2233 4076 ceribus
2267 4027 2320 4075 et
2372 4018 2694 4075 constitutis
2753 4018 2807 4073 in
2864 4015 3133 4087 dignitate
3203 4017 3334 4071 viris
3397 4017 3609 4087 prima-

2009 4114 2110 4170 riis
2146 4111 2434 4176 videbant,
2466 4112 2846 4183 intelligebant
2873 4118 3058 4165 autem
3116 4124 3316 4166 sensus
3366 4118 3421 4165 et
3458 4109 3609 4180 judi~

318 4204 557 4260 ciudens
624 4216 749 4259 sese
816 4202 1158 4260 monasterio
1216 4202 1579 4277 Periblepte;
1631 4220 1795 4276 quam
1846 4220 1909 4261 se
2009 4210 2095 4265 cia
2149 4216 2486 4264 summatum
2554 4204 2713 4262 facile
2749 4206 2802 4261 in
2826 4206 3023 4276 vulgus
3069 4219 3292 4276 quoque
3353 4218 3599 4274 serpere,

320 4298 398 4354 ilii
446 4299 758 4355 custodiam
806 4298 1080 4370 imputare
1111 4297 1329 4355 dicebat
1362 4299 1418 4354 in
1476 4307 1686 4370 partem
1733 4313 1909 4368 pinnae
2011 4301 2430 4374 periculumque
2455 4300 2591 4369 fore,
2616 4300 2672 4356 ni
2700 4308 2915 4357 mature
2934 4307 3343 4361 occurreretur,
3375 4312 3441 4354 ne
3457 4312 3611 4353 com-

320 4398 583 4458 tanquam
625 4390 886 4444 indictam
930 4390 1176 4462 legitime
1219 4391 1505 4446 damnato.
1552 4389 1898 4446 instantibus
2012 4392 2279 4449 munibus
2310 4408 2434 4448 mox
2460 4401 2517 4448 et
2553 4394 2895 4449 unanimiter
2922 4392 3376 4464 conspirantibus
3402 4389 3612 4461 primo-

320 4491 531 4545 autem.
567 4494 730 4552 posse
771 4482 964 4539 saltem
989 4483 1170 4554 puniri
1205 4480 1546 4553 Nostongum
1581 4482 1637 4536 in
1675 4497 1909 4551 persona
2016 4504 2137 4543 rum
2172 4488 2332 4559 juxta
2365 4488 2822 4559 iniit-morumque
2853 4504 2997 4545 unus
3027 4486 3433 4557 udiisobjcctus
3462 4482 3611 4539 haud

320 4577 518 4634 εοτίδεὲ
575 4575 686 4643 Ni,
737 4576 832 4646 qui
897 4589 1005 4631 ηοη
1058 4576 1437 4631 ἀενεΐδεῐειιη
1472 4576 1527 4631 in
1578 4574 1914 4631 monaswrio
1952 4590 1995 4647 υ
2021 4597 2125 4653 par
2155 4584 2469 4639 resistendo
2499 4590 2667 4650 esset,
2707 4583 2864 4639 novis
2897 4583 3286 4653 imperatorem
3321 4580 3603 4637 instautiis

321 4671 479 4740 (huic
520 4669 671 4726 enim
700 4669 853 4740 juste
903 4668 1260 4741 infiigendum
1308 4670 1541 4726 merenti
1578 4668 1907 4741 supplicium
2010 4676 2080 4731 ad
2131 4677 2569 4733 succurrendum
2602 4677 2690 4733 isti
2730 4676 3044 4734 discrimini
3094 4674 3476 4749 perpulerunt.
3513 4674 3613 4733 His

318 4766 373 4821 in
402 4764 766 4837 ignominiam
786 4772 846 4819 et
864 4762 1112 4820 dolorem
1147 4764 1582 4820 redundaturum
1612 4764 1785 4835 ipsius
1812 4761 1911 4818 do-
2013 4768 2106 4824 ille
2155 4785 2430 4837 annuens,
2481 4770 2571 4826 die
2605 4778 2801 4842 quarta
2836 4771 3049 4827 decima
3100 4770 3273 4839 Junii,
3331 4787 3455 4842 quas
3505 4771 3614 4828 fuit

324 4855 657 4925 mini,eujus
684 4854 1006 4923 esempioet
1027 4855 1314 4910 commodo
1334 4855 1917 4926 peccasset),respon-
2018 4860 2117 4916 illo
2149 4876 2296 4917 anno
2345 4861 2651 4928 Dominica,
2703 4864 2900 4920 adduci
2932 4878 3119 4920 coram
3160 4880 3284 4922 sese
3330 4865 3388 4921 in
3432 4866 3614 4922 medio

322 4952 489 5009 debat
530 4952 835 5023 imperator
865 4950 1212 5021 Nostongum
1249 4950 1382 5006 nihil
1428 4950 1497 5005 ad
1548 4965 1608 5005 se
1640 4949 1920 5020 pertinere
2020 4970 2312 5026 procerum
2346 4957 2488 5013 aulae
2526 4957 2850 5014 considente
2880 4957 3223 5029 Nostongum
3264 4970 3319 5015 et
3369 4959 3613 5015 scribam

322 5057 649 5117 putatnmm
695 5046 831 5118 quid
887 5046 1083 5102 Scriba:
1114 5047 1206 5103 isti
1243 5046 1416 5111 ﬁeret.
1446 5061 1608 5116 quem
1648 5043 1717 5099 ad
1759 5058 1914 5099 suam
2020 5049 2209 5119 jussit.
2265 5051 2442 5119 Atque
2478 5049 2568 5105 hic
2623 5051 2840 5121 longam
2890 5053 3049 5120 satis.
3075 5055 3363 5124 ingressus
3400 5055 3616 5111 oralio-

325 5158 457 5198 vere
500 5141 841 5212 pertinuisse
871 5141 1138 5197 familiam
1175 5149 1395 5212 negaret
1432 5157 1449 5194 :
1483 5141 1537 5194 in
1568 5154 1690 5194 eam
1717 5138 1923 5210 quippe
2031 5159 2154 5198 nem
2200 5143 2385 5214 specie
2413 5144 2708 5199 invebendi
2736 5144 2790 5199 in
2821 5143 3191 5218 Nustongum,
3228 5147 3523 5202 maximam
3554 5162 3616 5206 re

326 5235 621 5305 irrepsisse
645 5234 789 5290 haud
821 5248 855 5289 a
894 5248 956 5291 se
981 5233 1238 5303 ascitum,
1273 5235 1369 5290 sed
1398 5232 1589 5288 furtim
1612 5231 1920 5287 adhibitum
2018 5251 2147 5293 vera
2196 5236 2473 5293 sermonis
2523 5244 2737 5308 partem
2795 5240 3146 5309 consumpsit
3207 5240 3263 5294 in
3323 5238 3612 5312 purgando

324 5342 354 5383 a
410 5327 530 5385 suis
571 5325 938 5384 familiaribus
989 5328 1331 5385 mercenaria
1370 5327 1655 5383 iunctione
1707 5320 1917 5380 venalis
2015 5330 2159 5402 apud
2180 5340 2480 5402 praesentes
2507 5344 2791 5403 magnates
2813 5333 2951 5387 duce
2980 5333 3616 5406 magnoactisqueillius

323 5437 530 5493 operae.
578 5420 849 5492 Oportere
916 5427 1128 5486 autem,
1180 5421 1226 5479 si
1263 5422 1487 5492 quando
1549 5422 1908 5493 magistratus
2019 5434 2075 5482 et
2104 5422 2224 5480 suis
2260 5439 2393 5494 erga
2427 5423 2583 5478 illum
2615 5424 2903 5482 beneficiis
2935 5428 3330 5496 vituperationi
3364 5429 3621 5487 eximen-

324 5516 519 5571 nonin
572 5518 819 5587 propria,
856 5513 952 5571 sed
1008 5516 1063 5572 in
1107 5514 1287 5571 aliena
1336 5515 1639 5584 castigandi
1673 5530 1907 5584 persona
2022 5517 2130 5573 dis.
2168 5516 2443 5572 Conatum
2496 5518 2701 5589 quippe
2736 5534 2919 5574 acrem
2970 5520 3211 5576 intendit
3268 5527 3338 5576 ad
3381 5537 3616 5593 persua-

326 5605 491 5680 m
518 5606 814 5670 sint,ineo
853 5607 1031 5678 capite
1050 5621 1265 5677 poenam
1309 5607 1567 5662 constitui
1618 5606 1913 5678 quodinti-
2021 5608 2266 5665 dentium
2300 5623 2475 5677 neque
2509 5624 2569 5663 se
2623 5610 2977 5665 cnmulandis
3031 5612 3087 5665 in
3121 5609 3473 5667 Rontzerium
3516 5611 3621 5668 ho-

327 5714 476 5755 mttm
496 5699 634 5771 ipsis
654 5709 710 5756 et
725 5715 920 5756 carum
936 5701 1144 5757 sciatur
1166 5716 1310 5766 esse,
1343 5700 1612 5771 cujusque
1648 5702 1908 5755 damnum

328 5806 393 5851 ac
416 5794 572 5850 labor
601 5793 673 5852 ad
694 5806 919 5854 sensum
951 5795 1171 5852 illorum
1203 5796 1402 5853 aﬂ‘ectu
1435 5807 1491 5853 et
1519 5798 1910 5867 compassionc

326 5897 691 5965 propagatum
722 5888 794 5947 iri
821 5904 935 5951 non
968 5889 1042 5949 sit
1073 5889 1325 5948 dubium.
1365 5891 1588 5960 Alioqui
1617 5893 1907 5958 continge-

2022 5702 2252 5757 noribus
2294 5701 2627 5756 liberalitate
2670 5702 2999 5767 excessisse,
3045 5716 3222 5773 neque
3259 5702 3413 5758 illum
3448 5718 3616 5760 acce-

2020 5795 2171 5867 pisse
2228 5810 2257 5849 ε
2301 5810 2361 5851 se
2416 5794 2717 5865 quidquam
2769 5811 2882 5866 quo
2931 5812 3041 5852 non
3099 5797 3328 5854 deberet
3367 5797 3612 5871 iudicari

2027 5888 2414 5957 dignissimus,
2446 5889 2649 5957 quippe
2685 5889 2777 5956 qui
2808 5890 2920 5957 iatn
2956 5901 3252 5952 anteanam
3291 5892 3399 5950 huc
3430 5892 3609 5951 adve-
