4094 6280
338 348 442 410 £77

1263 363 1365 429 DE
1399 371 1496 432 AN
1505 370 1709 433 DRON
1722 374 1841 435 lCO
1861 375 2332 449 PALIEOLOGO
2356 384 2504 449 LIB.
2534 388 2604 451 ν.

3504 389 3611 453 478

324 468 508 583 illi“:
544 464 629 583 οἷς
664 472 884 583 ἐκεῖνοι.
903 477 1245 583 κροτοῐέντες-
1272 485 1373 556 τὴν
1408 485 1595 557 μάχην
1636 490 1916 545 ἀνάπτου-
1942 491 1996 551 Α
2019 492 2115 547 οὖν
2144 499 2358 563 ἐκεῖνος
2384 500 2481 566 μὲν
2507 501 2767 575 εὐκόσμῳ
2808 508 2956 577 φυγῇ
2984 505 3093 561 τῶν
3116 502 3263 575 ἀμφὶ
3308 502 3401 559 τὸν
3434 505 3619 583 μέγαν

328 579 441 625 σιν,
475 565 626 629 ἐντὸς
684 571 996 640 συνεπῆγον
1033 574 1147 627 τῶν
1185 576 1447 632 σάκκων⁹
1503 581 1597 635 καὶ
1642 583 1765 636 ἀντὶ
1824 602 1919 638 πι-

329 657 493 724 ποῦς,
515 660 578 714 ab
605 661 700 715 τοῦ
750 663 934 733 λόγου,
970 670 1235 739 σκορπίον
1274 674 1322 725 οί
1355 673 1572 728 πολῖται
1603 675 1918 747 δεξάμενοι,

325 755 454 816 ταῖς
494 756 777 825 saeuum;
830 758 1355 834 ὲλπιδοκοπνύμενοι
1406 768 1464 819 ὲν
1515 768 1698 822 ἀνέσει
1750 766 1917 842 ἦσαν.

324 846 448 913 Νὺξ
483 849 530 904 δ’
570 851 669 923 ἤδη
699 853 829 924 περὶ
858 854 1056 920 αὐτοὺς
1086 852 1177 928 ἦν,
1230 861 1323 923 καὶ
1376 862 1633 932 ἠγνόουν,
1667 865 1760 917 καὶ
1793 867 1919 929 ταῖς

327 943 569 1010 ἀγαθαῖς
596 948 954 1015 προσδοκίαις
983 949 1235 1020 ῂώρηντο
1282 956 1340 1006 ὲν
1368 958 1561 1019 κακοῖς
1592 955 1919 1025 ἀναγκαίοις

326 1037 508 1102 ὅντες.
546 1039 833 1095 Ἐντεῦθεν
865 1043 961 1096 καὶ
993 1045 1089 1111 νὺξ
1124 1045 1227 1115 μὲν
1259 1048 1448 1118 ἐκείνη
1486 1049 1729 1118 ὲμμέσον
1750 1052 1920 1123 μηδὲν

331 1130 716 1200 ὑπειδομένοις
752 1137 863 1197 τοῖς
894 1135 1160 1201 πολίταις,
1198 1139 1250 1192 οἱ
1279 1138 1325 1194 δ’
1367 1141 1736 1206 ἀναλασόντες
1781 1144 1917 1198 ἐκα-

330 1240 459 1286 cto;
491 1213 581 1281 ra,
610 1225 770 1298 ἠχεία
804 1228 1044 1299 πολέμου
1076 1232 1282 1303 τρόπον
1310 1235 1777 1305 ἁνεκυμσάλιζον.
1810 1239 1918 1292 Καὶ

328 1320 445 1381 τοῖς
476 1318 576 1401 μὲν
609 1320 1010 1377 διυπνισθεῐσιν
1052 1324 1317 1395 ἔκπληξις
1348 1329 1615 1398 ἐμπίπτει
1649 1331 1745 1385 καὶ
1779 1332 1915 1384 ἀπο.

330 1411 426 1481 ρία
455 1409 551 1463 τοῦ
580 1412 654 1483 πῆ
680 1413 959 1483 τραπῆναι
985 1413 1080 1469 καὶ
1104 1418 1366 1487 ἐκφυγεῖν
1388 1434 1402 1451 ⁸
1435 1419 1484 1473 oi
1524 1419 1570 1474 δ’
1591 1422 1913 1486 ἐπιστάντες

326 1506 559 1578 ἀπτέρῳ
608 1507 763 1577 τάχει
790 1512 910 1572 ταῖς
934 1510 1133 1575 πύλαις
1163 1512 1358 1578 αὐτοῖς
1388 1514 1563 1568 κλεισὶ
1595 1516 1688 1569 καὶ
1725 1515 1913 1586 ὀχεῦσι

326 1595 393 1663 τῇ
426 1597 498 1666 γῇ
532 1600 996 1668 προ-ταράττουσι,
1057 1603 1152 1655 καὶ
1182 1604 1422 1671 ἐγγύθεν
1450 1608 1576 1669 τοὺς
1612 1609 1914 1680 σφετέρους

328 1687 585 1758 ἑτοίμους
614 1690 773 1754 ὄντας
804 1698 1275 1769 συμμαχήσοντας
1314 1699 1776 1770 προσκαλοῦνται.
1804 1702 1916 1758 Καὶ

326 1781 504 1847 οὕτως
549 1784 722 1854 αὐτῆς
757 1788 951 1853 νυκτὸς
983 1792 1046 1843 ἐκ
1085 1793 1215 1860 μιᾶς
1248 1792 1476 1857 ἐκείνοις
1510 1795 1690 1865 ὁρμῆς
1718 1794 1780 1848 τὸ
1813 1796 1912 1849 πό-

314 1875 499 1948 .λισμα
545 1884 987 1952 παρεστήσαντο.
1022 1878 1094 1955 ᾯ
1141 1886 1205 1957 δὴ
1253 1888 1348 1940 καὶ
1408 1886 1698 1963 Ἀλισύρας
1732 1890 1914 1960 ὁρμηα

326 1971 507 2044 τηρίῳ
539 1974 598 2037 ὲς
627 1976 694 2027 τὰ
727 1976 967 2044 μάλιστα
1007 1978 1315 2050 χρώμενος,
1354 1982 1454 2045 τὰς
1489 1982 1710 2053 σύναμα
1765 1985 1917 2054 Καρ-

331 2069 525 2137 pavet;
549 2068 818 2139 ἐκδρομὰς
840 2070 976 2125 ὅπου
1003 2076 1259 2143 παρείκοι
1277 2074 1518 2129 ἐποίουν.
1542 2075 1673 2129 Τότε
1690 2093 1917 2150 τοιγαρ-

328 2261 439 2315 tem
476 2253 886 2335 relinquerem.
914 2255 1294 2316 Candiderant
1320 2268 1502 2317 autem
1529 2261 1673 2317 intra
1697 2279 1913 2335 saccos,

329 2361 476 2417 quos
532 2348 719 2404 tritico
774 2347 1010 2405 refertos
1070 2354 1510 2421 mentiebantur,
1575 2356 1912 2426 crepitacula

324 2438 545 2502 bellica,
584 2453 843 2511 tympana
877 2440 1139 2499 nimirum
1184 2456 1251 2498 ac
1310 2443 1473 2500 tubas
1517 2460 1825 2519 sonoraque
1860 2450 1915 2504 id

327 2547 503 2604 genus
529 2533 921 2600 instrumenta,
971 2533 1175 2603 quibus
1232 2534 1414 2591 solent
1443 2537 1518 2591 uti
1567 2540 1915 2598 concitandis

328 2626 603 2683 militibus
633 2626 699 2682 ad
731 2626 1001 2699 praelium.
1029 2627 1145 2683 Sub
1169 2637 1385 2685 noctem
1409 2645 1474 2686 ea
1503 2632 1728 2687 mandra
1757 2650 1915 2689 man-

324 2736 526 2777 norum
582 2730 935 2787 onustarum,
1005 2736 1109 2777 suo
1164 2738 1440 2795 quemque
1494 2728 1746 2796 agasonis
1794 2730 1914 2784 vice

325 2811 495 2877 Persa
528 2814 702 2871 milite
730 2814 985 2881 ducente,
1018 2816 1072 2870 in
1100 2816 1293 2869 urbem
1317 2814 1579 2886 Tripolim
1608 2834 1714 2875 non
1750 2822 1913 2876 modo

324 2910 463 2963 citra
495 2910 867 2979 suspicionem
901 2910 1088 2973 ullam,
1123 2908 1220 2965 sed
1258 2917 1314 2965 et
1352 2927 1475 2966 cum
1540 2914 1914 2983 gratulatione

327 3013 546 3074 recepta
581 3014 685 3057 est.
719 3001 1071 3058 La'tzibantur
1100 3005 1250 3059 cives
1287 3006 1474 3077 augeri
1508 3022 1569 3063 se
1592 3009 1915 3065 commeati-

323 3097 431 3153 bus
457 3108 512 3152 et
545 3098 600 3152 iu
633 3098 783 3169 longi
826 3099 1183 3153 securitatem
1221 3102 1483 3171 temporis
1536 3116 1768 3158 annona:
1815 3104 1909 3160 diu

2023 589 2344 656 ἀπαλλάξας
2374 593 2565 662 δοῦκα,
2612 598 2674 650 τὸ
2700 598 2940 667 πόλισμα
2978 598 3204 664 ὑποδὺς,
3236 598 3357 663 ὅλος
3380 600 3445 655 ἀν
3478 600 3613 669 ἀφθ·

2025 683 2172 750 ϐίαις
2210 682 2280 758 ἦν
2311 689 2407 742 καὶ
2434 689 2781 762 ὑπερηφάνει
2818 693 2882 747 τὸ
2920 691 3167 765 σύμπαν.

2026 805 2137 865 κς¹.
2174 802 2317 871 Περὶ
2346 802 2454 857 τοῦ
2505 804 2775 873 μεγάλου
2828 808 2921 861 καὶ
2954 807 3042 860 ἔτι
3084 805 3314 872 δουκὸς
3355 803 3451 859 καί
3494 804 3617 860 τῶν

2431 874 2565 942 περὶ
2600 876 2708 929 τὸν
2750 877 3198 947 ’Λττανίειώτηκ

2093 964 2178 1037 [Ρ.
2209 964 2336 1038 502]
2371 967 2431 1022 '0
2460 967 2515 1021 δὲ
2550 967 2659 1021 τῶν
2701 969 2839 1024 ὅλων
2870 971 3255 1042 ἀφηγούμενος
3297 975 3611 1043 στρατηγὸς

2022 1055 2261 1125 ἀκίχητα
2284 1058 2447 1124 γνοὺς
2480 1057 2715 1122 διώκων,
2755 1059 3101 1132 ὑποστρέψας
3144 1062 3477 1133 προσὸάλλει
3532 1060 3610 1131 τῷ

2020 1147 2114 1203 τοῦ
2146 1149 2326 1204 Κουλᾶ
2353 1152 2619 1223 φρουρίῳ.
2652 1151 2784 1207 ἔνθα
2838 1154 2934 1207 καὶ
2986 1148 3377 1226 ἀπαγχονίζειν
3425 1156 3611 1227 ἒφίησι

2020 1241 2309 1306 πλείστους
2335 1244 2541 1309 αίτίαις
2565 1244 2898 1316 περιϐαλών.
2929 1246 3103 1301 Τοῦτο
3124 1248 3181 1302 δὲ
3206 1248 3453 1321 φρουρίῳ
3496 1252 3613 1312 τοῖς

2018 1332 2299 1405 Φούρνοις.
2337 1335 2450 1391 Καὶ
2474 1337 2525 1389 οἱ
2560 1336 2660 1405 μὲν
2683 1336 2847 1390 αὑτὸν
2878 1336 3017 1410 (οὐδὲ
3049 1338 3158 1409 γὰρ
3203 1334 3273 1409 ἦν
3337 1338 3466 1409 χθὲς
3518 1353 3615 1405 και

2022 1424 2128 1494 πρὸ
2160 1425 2353 1497 τρίτης
2380 1430 2885 1497 προσχωρήσαντας
2934 1430 3059 1485 κατ’
3085 1429 3331 1500 ἀνάγκην
3374 1432 3613 1501 Πέρσαις

2016 1521 2137 1582 ταῖς
2178 1520 2319 1589 πρὸς
2373 1521 2614 1584 ἐκείνους
2670 1522 2980 1591 ὁμολογίαις
3034 1526 3126 1577 καὶ
3178 1523 3260 1578 ἔτι
3325 1525 3610 1594 ἐμμένειν,

2020 1612 2293 1681 φανεισῶν
2326 1613 2433 1666 τῶν
2457 1614 2762 1686 δυνάμεων)
2806 1616 3024 1681 ὑπτίαις
3052 1597 3297 1689 δέχονται
3329 1622 3446 1682 ταῖς
3483 1634 3614 1689 χερ-

2020 1707 2074 1757 σὶ
2136 1707 2231 1759 καὶ
2297 1708 2524 1778 Θερμαίς
2575 1710 2983 1779 μεταγνώσεσιν
3031 1712 3297 1782 ἐμφανεῖς
3330 1707 3481 1782 ἦσαν.
3513 1713 3614 1780 τὴν

2019 1799 2323 1868 ἀναγκαίαν
2391 1799 2831 1872 δυσχεραίνοντες
2884 1806 3076 1874 μοῖραν
3136 1804 3236 1873 τῆς
3284 1806 3417 1873 πρὸς
3482 1806 3611 1867 τοὺς

2021 1891 2253 1961 ἐχθροὺς
2305 1895 2753 1964 προσχωρήσξως
2783 1912 2795 1925 ·
2836 1898 2863 1949 ὁ
2911 1896 2967 1950 δὲ
2994 1898 3105 1962 τοῖς
3139 1897 3238 1968 μὲν
3290 1898 3471 1960 ἄλλοις
3532 1895 3611 1967 τῷ

2018 1982 2196 2036 δοκεῖν
2241 1983 2381 2037 ἀνίει
2411 1986 2478 2037 τὰ
2508 1987 2843 2056 πταίσματα.
2881 1992 2993 2050 τοῖς
3026 1988 3083 2041 δὲ
3122 1986 3306 2053 δόξασι
3351 1990 3458 2042 τῶν
3492 1988 3610 2042 λοι-

2020 2075 2138 2129 πῶν
2175 2074 2422 2148 προέχειν
2457 2078 2667 2151 βαρέως
2706 2073 2872 2151 εἶχεν.
2900 2079 3064 2134 Ὅθεν
3095 2083 3188 2134 καὶ
3221 2080 3312 2135 τὸν
3366 2081 3467 2146 μὲν
3506 2081 3610 2151 (pti-

2018 2260 2291 2316 recedens
2324 2259 2475 2315 lento
2505 2269 2561 2317 et
2592 2261 2732 2317 bene
2767 2261 3026 2319 ordinato
3061 2277 3278 2334 gressu,
3320 2263 3413 2332 qui
3465 2263 3606 2335 fugae

2017 2352 2388 2424 trepidatione
2439 2365 2494 2411 et
2556 2355 2862 2426 ignominia
2921 2364 3153 2421 careret,
3201 2356 3404 2410 frustra
3461 2358 3614 2413 inso-

2014 2457 2221 2515 queute
2260 2461 2461 2517 magno
2503 2447 2638 2503 duce
2664 2447 2992 2517 perveniens
3025 2450 3135 2518 jam
3162 2448 3215 2503 in
3256 2458 3454 2512 tutum,
3487 2448 3612 2504 Tri-

2016 2541 2183 2611 polim
2236 2557 2392 2596 suam
2447 2542 2706 2606 intravit,
2758 2542 2944 2612 ibique
2996 2544 3144 2597 omni
3222 2542 3601 2599 sollicitudine

2014 2632 2264 2703 deposita
2305 2632 2545 2689 ferocius
2569 2634 2732 2688 etiam
2763 2647 2814 2689 et
2868 2634 3200 2689 insolentius
3232 2634 3474 2705 glorians
3504 2635 3605 2689 mi-

2015 2726 2274 2781 nabatur.

2157 2860 2248 2915 26.
2285 2861 2473 2915 Adhuc
2504 2862 2569 2915 de
2603 2877 2791 2933 magno
2819 2860 2948 2917 duce
2988 2874 3037 2916 et
3062 2861 3127 2916 de
3154 2861 3445 2920 Attaleota.

2087 3000 2155 3055 At
2201 3000 2369 3055 nostri
2400 2999 2507 3055 dux
2544 3014 2831 3067 supremus
2863 2999 3169 3065 exercitus,
3209 3000 3299 3055 ubi
3333 3010 3596 3070 expertus

2014 3095 2357 3166 aliquantum
2398 3109 2534 3149 vana
2577 3092 2637 3151 se
2683 3108 2746 3147 ac
2785 3108 2917 3150 suos
2964 3098 3317 3150 contentione
3372 3098 3592 3163 fatigari

323 3189 643 3247 sulecttme
664 3189 1013 3257 congerenda
1043 3191 1199 3260 copia
1231 3190 1476 3262 ﬁrmari;
1509 3193 1691 3247 miseri
1721 3206 1904 3250 autem

2013 3190 2302 3247 Carmanis
2355 3188 2728 3259 insequendis,
2776 3190 2895 3245 acie
2938 3188 3111 3260 perite
3149 3189 3419 3245 instructa
3473 3198 3595 3244 tuto

322 3278 649 3339 nesciebmt
707 3282 833 3345 sibi,
878 3282 1033 3353 juxta
1092 3291 1252 3337 vetus
1306 3287 1558 3348 verbum,
1620 3286 1909 3344 obtrusum

322 3375 486 3450 ηδ
526 3374 696 3458 fuisse
726 3376 1005 3445 scorpium
1042 3389 1142 3444 pro
1173 3376 1333 3444 pipo;
1387 3376 1811 3448 gaudebantque
1856 3387 1912 3435 ct

328 3470 533 3537 spebus
578 3466 776 3532 amplis
841 3464 1210 3521 efferebantur
1268 3467 1387 3536 ipsa
1439 3468 1667 3536 perituri
1727 3480 1907 3538 nocte,

326 3561 481 3631 cujus
509 3563 621 3631 jam
655 3560 922 3615 inchoatae
950 3558 1247 3628 primordia
1301 3562 1476 3617 omnis
1515 3568 1570 3616 ct
1627 3574 1907 3635 compota-

326 3654 597 3715 tiouibus,
655 3652 1061 3708 imminentium
1122 3652 1322 3720 ignari,
1374 3656 1746 3713 celebrabant.
1798 3658 1902 3715 Me-

324 3745 472 3800 dium
500 3744 629 3801 inde
663 3746 840 3801 noctis
872 3744 1181 3810 cllluxerat,
1216 3746 1352 3803 adeo
1379 3749 1517 3803 nihil
1552 3749 1909 3821 Tripolitanis

321 3836 777 3907 suspectantibus
811 3845 865 3889 ut
900 3837 1265 3892 securissime.
1294 3840 1501 3911 passim
1540 3840 1651 3898 illic
1704 3845 1910 3917 dormi-

320 3942 497 3993 retur,
550 3944 675 3984 cum
734 3928 916 3985 Persa:
974 3940 1241 4000 praetextu
1308 3934 1539 3990 ducendi
1598 3939 1904 3995 sarcinaria

314 4021 569 4094 jumenta
604 4022 838 4089 ingressi
884 4016 1187 4086 civitatem.
1241 4027 1358 4082 suis
1400 4029 1605 4099 quique
1670 4032 1907 4102 arreptis

322 4116 603 4189 tympanis
627 4127 718 4170 aut
742 4116 915 4182 lituis,
941 4118 1091 4187 quod
1116 4118 1282 4175 sociis
1303 4122 1664 4179 condixerant
1686 4126 1903 4197 signum

319 4209 637 4266 ediderunt.
690 4208 1013 4280 Experrecti
1064 4210 1345 4283 'h‘ipolim
1392 4224 1503 4271 tam
1578 4218 1904 4290 intempesta

320 4305 476 4371 hura,
508 4312 617 4359 tam
660 4305 997 4360 tumultuoso
1019 4306 1273 4372 classico,
1305 4309 1517 4376 mirari,
1540 4313 1903 4380 consternari,

320 4415 430 4468 quo
463 4412 525 4454 se
547 4406 823 4453 verterent
853 4412 1031 4468 quove
1080 4398 1383 4472 s‘uii‘ugiun
1436 4412 1741 4474 captarent,
1790 4406 1907 4461 l'ru-

322 4506 434 4549 stra
470 4506 531 4549 se
564 4492 1005 4563 contorquendo,
1033 4494 1195 4547 anxie
1225 4509 1497 4564 quazrere.
1531 4496 1600 4550 At
1661 4514 1770 4553 non
1820 4500 1905 4554 in-

2016 3299 2139 3341 sese
2188 3282 2646 3346 subducentibus,
2685 3297 2978 3353 progressu
3024 3282 3201 3339 inutili
3245 3283 3448 3339 rellcxo
3492 3284 3595 3339 ad-

2016 3387 2199 3434 movet
2222 3377 2408 3447 eopias
2438 3377 2553 3433 arci
2576 3376 2712 3433 Cula
2742 3376 2921 3444 diem,
2942 3392 3062 3446 qua:
3088 3376 3456 3433 Romanorum
3481 3386 3600 3433 erat

2015 3470 2198 3526 Persis
2234 3478 2394 3527 antea
2428 3470 2537 3527 late
2568 3471 2981 3526 dominantibus
3025 3487 3085 3527 se
3134 3471 3335 3526 dedere
3376 3480 3596 3526 coacto-

2012 3579 2158 3619 rum.
2194 3561 2399 3618 llorum
2434 3566 2723 3635 plerosque.
2756 3565 2867 3619 illic
2904 3574 3171 3633 repertos,
3202 3565 3419 3623 crimini
3469 3580 3595 3619 ver-

2014 3665 2137 3712 tens
2164 3656 2309 3727 quod
2343 3657 2489 3712 bosti
2526 3656 2692 3731 5.36
2721 3659 3042 3715 cessissent.
3076 3666 3173 3713 aut
3196 3658 3319 3714 aliis
3355 3673 3593 3713 succen-

2013 3766 2142 3806 sens
2179 3750 2557 3821 prsetextibus,
2585 3751 2883 3823 suspendio
2920 3753 3154 3805 necavit.
3190 3750 3334 3805 idem
3380 3751 3510 3807 fecit
3540 3760 3596 3807 et

2014 3844 2107 3898 alii
2137 3850 2322 3899 castro
2355 3844 2442 3900 cui
2474 3840 2643 3898 Furni
2667 3860 2865 3899 nomen
2896 3853 3003 3899 est.
3032 3846 3099 3899 Et
3144 3843 3218 3900 illi
3252 3845 3471 3915 quidem
3503 3845 3593 3901 in-

2012 3935 2227 4001 felices,
2262 3935 2447 3991 statim
2477 3944 2642 4005 atque
2675 3952 2733 3992 se
2778 3936 3032 3992 rderunt
3085 3938 3307 4007 impune
3355 3953 3518 4007 posse
3563 3952 3593 3994 a

2013 4038 2171 4101 pacta
2225 4027 2406 4083 Persis
2447 4030 2731 4093 servitute,
2778 4028 2994 4083 illorum
3035 4045 3255 4087 recessu
3284 4070 3299 4095 ,
3354 4031 3592 4092 resilire,

2009 4123 2188 4181 obviis
2233 4123 2379 4177 uiuis
2416 4123 2736 4179 liberatores
2771 4138 2905 4177 suos
2939 4124 3121 4193 magni
3172 4124 3329 4179 ducis
3389 4124 3593 4181 milites

2008 4217 2378 4288 excipiebant,
2411 4216 2502 4274 illa
2548 4217 2682 4274 satis
2710 4215 2993 4271 alacritate
3028 4218 3374 4273 declarantes
3418 4233 3586 4288 quam

2009 4309 2190 4376 inviti,
2251 4324 2466 4365 summa
2521 4310 2853 4367 necessitate
2907 4310 3182 4379 adigente,
3253 4311 3590 4382 pepigissent

2006 4402 2419 4474 qualesCunque
2464 4403 2703 4459 indutias
2736 4416 2861 4458 cum
2912 4403 3206 4470 barbaris;
3251 4404 3410 4474 cujus
3460 4404 3588 4461 factl

2008 4510 2189 4551 acrem
2234 4495 2613 4566 paenitentiam
2666 4480 3068 4551 monstrabant.
3121 4495 3215 4550 llle
3260 4505 3442 4552 autem
3481 4512 3588 4552 non

324 4588 481 4639 terim
517 4598 743 4640 cessare
788 4583 1067 4654 perfidiosi
1107 4583 1447 4654 deceptores.
1506 4588 1778 4644 Advolant
1832 4590 1899 4645 ad
1936 4565 1982 4621 θ
2011 4603 2167 4658 aeque
2190 4565 2405 4642 cunctis
2431 4586 2767 4658 ignosceb‘at,
2791 4587 2887 4643 sed
2910 4595 3227 4657 quaestuoso
3249 4587 3587 4655 discrimine,

325 4689 510 4749 portas
532 4676 706 4741 urbis,
729 4691 940 4746 easque
974 4675 1292 4732 cuiifraetas
1328 4677 1613 4736 securibus
1638 4695 1761 4735 cum
1810 4699 1903 4739 ve-

358 4773 504 4828 .ibus
538 4787 603 4826 ac
629 4773 769 4827 seris
804 4770 959 4825 humi
1032 4780 1312 4825 sternunt.
1370 4771 1461 4827 Sic
1514 4789 1610 4844 per
1664 4777 1905 4844 patentia

316 4868 427 4939 jam
465 4865 606 4920 ostia
633 4863 812 4919 socios
844 4879 903 4932 pa
918 4873 1067 4928 ratos
1095 4878 1124 4917 e
1150 4865 1464 4935 propinquo
1521 4866 1903 4933 introducunt,

322 4961 499 5029 iisque
532 4957 637 5013 sibi
684 4956 961 5025 adjunctis
990 4970 1099 5010 uno
1127 4956 1335 5025 impetu
1370 4956 1488 5027 ipsa
1511 4970 1679 5031 noete
1712 4959 1901 5014 urbem

323 5051 775 5114 munitissimam,
810 5048 998 5103 tandiu
1035 5048 1406 5119 nequidquam
1464 5060 1589 5105 ante
1623 5067 1905 5124 oppugna-

324 5151 459 5206 tam,
485 5143 537 5194 in
577 5155 730 5211 suam
771 5137 934 5193 facile
985 5148 1309 5207 potestatem
1346 5140 1620 5211 redigunt.
1666 5143 1809 5197 Usus
1838 5160 1902 5199 ea

325 5236 583 5303 deinceps
614 5235 790 5288 victor
819 5235 1065 5305 Alisyras
1096 5244 1183 5289 est
1214 5249 1314 5303 pro
1346 5230 1714 5303 receptaculo,
1751 5237 1901 5291 unde

323 5328 647 5401 frequenter
668 5336 999 5397 erumperet,
1032 5342 1141 5396 quo
1181 5341 1238 5381 se
1273 5342 1336 5382 ac
1365 5343 1466 5382 sua
1512 5328 1779 5397 referret;
1808 5332 1905 5384 ba-

320 5421 598 5492 bebatqne
634 5418 706 5474 ibi
732 5418 1035 5474 Carmanos
1060 5433 1191 5473 suos
1249 5434 1461 5483 secum,
1494 5436 1637 5490 quos
1664 5436 1730 5475 ex
1776 5436 1903 5478 arce

322 5514 412 5570 illa
444 5522 758 5587 opportune
788 5511 1110 5569 imminente
1143 5514 1195 5565 in
1230 5522 1409 5567 terras
1447 5513 1731 5582 opulentas
1754 5514 1919 5583 quae;

318 5619 507 5667 unuse
564 5607 867 5675 praedatum
936 5604 1241 5660 emittebat.
1303 5605 1666 5677 Cuntigerunt
1711 5620 1900 5677 postea

318 5718 439 5775 quae
474 5703 637 5759 retuli
671 5710 800 5757 ante
832 5701 900 5755 de
934 5700 1239 5755 ollensione
1274 5700 1426 5767 belli,
1480 5716 1588 5772 qua
1640 5701 1902 5757 Carmani

316 5806 446 5853 sunt
476 5795 656 5853 coacti
692 5793 1088 5866 Philadelphia:
1124 5794 1467 5851 obsidionem
1517 5796 1765 5864 solvere;
1792 5813 1897 5862 quo

2008 4680 2175 4751 vulgo
2208 4677 2427 4749 quidem
2476 4679 2636 4749 inope
2670 4679 2827 4733 venia
2862 4677 3122 4760 donando
3158 4679 3588 4735 misericordiam

2008 4772 2352 4839 ostentabat,
2382 4773 2789 4842 prastantiorcs
2824 4781 3029 4835 autem.
3063 4777 3124 4826 ut
3152 4771 3244 4841 qui
3276 4786 3387 4826 rem
3423 4772 3590 4827 hatre-

2010 4876 2134 4922 rent
2185 4874 2238 4921 et
2267 4881 2332 4920 ex
2365 4881 2596 4935 quorum
2640 4881 2771 4921 nece
2807 4862 3096 4935 provenire
3134 4864 3347 4920 lucrum
3381 4874 3586 4937 posset,

2012 4960 2427 5017 inexorabiliter
2458 4960 2752 5030 plecti-ibat.
2790 4958 2881 5016 Sic
2917 4961 3129 5017 custodi
3179 4960 3323 5014 illius
3357 4960 3541 5031 oppidi
3571 5000 3586 5023 ,

2005 5052 2250 5119 βταιείὠὶ
2285 5051 2562 5117 praelecto.
2587 5059 2749 5121 caput
2772 5052 3093 5121 amputavit,
3118 5053 3255 5107 alios
3278 5051 3381 5106 alio
3414 5067 3587 5120 postia:

2004 5158 2204 5212 genere
2226 5144 2568 5212 absumpsit:
2597 5159 2731 5212 quos
2756 5144 2901 5198 inter
2926 5154 2980 5198 et
3012 5144 3331 5214 presbytero
3350 5145 3580 5198 aliorum

2002 5236 2123 5307 ejus
2150 5237 2359 5292 ordinis
2390 5237 2628 5291 exarclio
2651 5236 3006 5306 suspendium
3032 5238 3289 5293 decrevit.
3321 5238 3386 5291 At
3414 5238 3489 5292 illi
3518 5238 3587 5291 de

2004 5329 2202 5398 laqueo
2237 5329 2495 5398 pendenti
2528 5330 2726 5383 durare
2758 5328 2989 5400 longiori
3020 5344 3182 5400 quam
3212 5331 3413 5385 soleret
3450 5348 3580 5401 sp.)—

2002 5423 2078 5476 tlo
2111 5419 2361 5488 spiritum
2392 5420 2657 5488 contigit;
2684 5434 2792 5487 quo
2824 5422 3206 5477 animadverso
3230 5421 3451 5491 quidam
3487 5424 3583 5478 isti

1998 5492 2270 5568 functioni
2306 5512 2690 5581 prazl'ectorum
2716 5553 2730 5578 ,
2767 5524 3037 5570 ostentum
3077 5516 3129 5571 id
3173 5516 3418 5572 divinum
3458 5531 3586 5575 esse

1999 5615 2314 5672 autumans,
2350 5607 2432 5661 vel
2455 5606 2648 5677 jussus
2678 5607 2763 5662 vel
2799 5606 3064 5675 iniussus,
3101 5612 3283 5665 securi
3320 5609 3578 5680 laqueum

1997 5700 2235 5767 abscidit.
2251 5709 2306 5757 et
2331 5700 2574 5772 periculo
2602 5701 2793 5756 eximit
2820 5700 3123 5757 addictmn.
3152 5699 3266 5759 Sub
3287 5703 3400 5756 haec
3430 5686 3577 5757 l’liil-

2008 5794 2319 5866 adelphiam
2384 5794 2488 5849 init
2520 5808 2753 5866 magnus
2781 5795 2888 5849 dux
2908 5835 2925 5861 ,
2951 5792 3008 5851 et
3038 5794 3204 5850 inulta
3233 5796 3359 5851 inde
3393 5810 3580 5851 corra-

280 5897 284 5901 ‘
314 5901 565 5965 tempore
591 5891 703 5948 dux
736 5905 929 5948 eorum
962 5884 1209 5961 Alisyras
1249 5904 1349 5945 sua
1395 5904 1591 5947 versus
1641 5890 1897 5961 pra-sidia
1994 5890 2072 5945 dit
2111 5904 2399 5947 aureorum
2429 5888 2630 5957 millia;
2654 5888 2799 5961 quod
2832 5889 2944 5961 jam
2974 5894 3089 5951 siue
3117 5890 3223 5945 ulla
3248 5891 3579 5948 verecundia
