4094 6280
457 357 569 433 479
1660 358 1987 425 GEORGII
2028 362 2035 420 ἶ

2142 358 2507 423 ΞΗῪΜΕΒΒ
3603 356 3709 423 480

438 470 586 528 laxa
611 472 706 527 τοῦ
735 472 1078 545 πολίσματος
1098 471 1416 546 ἀφαιρεῖται
1467 471 1568 544 τῆς
1602 474 1867 545 κεφαλῆς,
1937 473 2035 531 ἀλ-,
2057 489 2102 547 Α
2130 475 2246 544 χοϊς
2272 473 2377 543 γῆς
2409 469 2761 543 κρυπτόμενα
2790 470 2857 524 ὲκ
2899 468 2995 523 τοῦ
3051 469 3392 543 παρασχεδὸν
3444 471 3724 543 ἀνώρυττι

422 557 567 629 ’λους
589 567 635 621 δ’
679 567 857 631 ἄλλως
894 568 1349 638 τιμωρησάμενος
1394 566 1585 639 ποινὴν
1640 567 1878 640 ἀγχόνης
1927 560 2029 621 καῖ
2134 568 2231 622 καὶ
2257 567 2490 621 ἐδείκνυ.
2530 566 2590 621 '0
2616 567 2716 637 μὲν
2741 562 2835 621 οὖν
2857 567 3033 629 διδοὺς
3074 565 3323 622 ἐντεῦθεν
3362 565 3725 638 ἠλευθεροῦτο

440 661 817 732 πρεσΰυτέρου
846 660 939 715 τοῦ
969 662 1081 715 τῶν
1116 662 1322 716 λοιπῶν
1363 660 1595 732 ἐξάρχου
1649 660 2027 730 καταψηφίζε-

443 768 555 806 ται.
598 750 685 814 Ὦς
713 752 760 806 δ’
784 753 885 806 οὐκ
904 746 971 824 ἦν
1012 754 1366 824 αἰωρουμένῳ
1417 755 1469 806 oi
1522 752 1822 825 ἀπερυγεῖν
1852 754 2024 822 ἀναγ-

445 843 618 905 καίως
651 842 850 897 αὐτίκα
880 844 972 897 καὶ
1003 845 1103 915 τὴν
1131 845 1320 915 πνοὴν,
1356 842 1467 899 τῶν
1524 860 1611 908 τις
1673 845 1765 897 ἐπὶ
1820 846 2030 909 τούτοις

444 933 913 1005 ἐπιτεταγμένων,
947 936 1097 991 θείαν
1124 936 1347 1002 ἔνδειξιν
1385 936 1730 1009 ἡγησάμενος
1757 936 1815 991 τὸ
1843 937 2031 991 τελού-

451 1044 632 1096 μενον,
665 1029 775 1082 είτε
806 1030 1147 1101 προσταχθὲν
1174 1031 1287 1085 εἴτε
1317 1032 1412 1085 καὶ
1464 1035 1561 1102 μὴ,
1615 1032 1799 1085 κοπίδι
1839 1032 2030 1103 τέμνει

443 1119 535 1172 τὸν
566 1118 760 1190 βρόχον
789 1122 881 1174 καὶ
906 1120 1001 1175 τοῦ
1029 1123 1275 1177 κινδύνου
1318 1125 1410 1177 τὸν
1453 1104 1744 1179 κατίδικον
1794 1123 2032 1194 ἐξαιρεῖ-

441 1225 555 1264 ται.
618 1209 750 1265 Εἶτα
816 1213 1172 1287 Φιλαδελφείᾳ
1224 1215 1584 1283 προσῆἁλλει,
1638 1215 1737 1269 καὶ⁸
1781 1214 2033 1286 χιλιάδας

446 1304 645 1371 συχνὰς
701 1304 910 1361 ἐκεῖθεν
950 1305 1165 1376 meyer
1207 1306 1470 1378 χρυσίου,
1531 1307 1888 1378 ἀδυσώπητον
1938 1308 2034 1362 ἐπὶ

447 1397 582 1449 πᾶσι
606 1398 786 1467 φέρων
807 1399 867 1452 τδ
889 1400 1165 1471 φρόνημα.
1186 1386 1421 1455 Ἔπειτα
1448 1400 1519 1455 τὰ
1542 1402 1707 1473 ὃμοια
1732 1402 1839 1473 δρᾷ
1887 1402 2034 1473 Πυρ-

445 1486 564 1555 γίον
604 1491 699 1542 καὶ
748 1492 998 1559 Ἔφεσον,
1052 1494 1145 1547 καὶ
1206 1493 1295 1546 τὸν
1324 1494 1424 1563 τῆς
1468 1495 1900 1557 ἀπαναστάσεως
1925 1512 2031 1563 φυ-

448 1578 626 1644 γοῦσι,
657 1580 832 1635 τδιτοῦ
856 1583 1036 1654 λόγου,
1072 1584 1280 1639 καπνὸν
1317 1587 1378 1639 τὸ
1427 1585 1540 1656 πῦρ
1579 1585 1866 1655 ὑπανῆπτε
1919 1585 2032 1641 τῶν

2108 663 2201 733 ,τῇ
2226 658 2319 713 τοῦ
2353 660 2556 731 χρυσοῦ
2578 665 2654 721 ὡς
2679 659 2894 729 ἀληθῶς
2918 660 3233 731 ὲτυμότητι,
3282 660 3311 714 ὁ
3355 660 3411 719 δὲ
3457 659 3531 731 μὴ
3583 660 3725 733 ἔχων

2138 752 2442 824 πρόστιμον
2464 747 2577 823 εἶχε
2600 751 2692 806 τὸν
2718 752 2965 807 θάνατον.
3002 753 3069 806 Ὃ
3101 752 3164 824 δὴ
3190 754 3286 807 καὶ
3314 752 3393 824 τῷ
3440 753 3722 808 ταλαιπώ-

2138 861 2218 916 ρῳ
2256 844 2537 915 Μαχράμῃ
2578 844 2721 898 κατὰ
2755 844 2850 915 τὴν
2892 844 3205 914 Μιτυλήνην
3259 845 3491 913 γεγόνει.
3552 838 3725 911 Οὗτος

2142 936 2249 1009 γὰρ
2281 938 2337 989 ὲν
2371 939 2484 1000 τοῖς
2516 937 2749 1007 μάλιστα
2779 937 2890 990 τῶν
2949 937 3247 1009 βασιλικῶν
3304 938 3598 1009 ὑπηρετῶν
3648 938 3729 993 ὣν

2141 1032 2238 1086 καὶ
2262 1033 2330 1102 τῇ
2362 1031 2661 1100 οἰκειότητι
2686 1029 3035 1101 κλεῖζόμενος
3061 1030 3146 1105 [Ρ.
3182 1030 3311 1104 505]
3347 1032 3447 1094 τὰς
3479 1033 3729 1102 οἰκήσεις

2144 1126 2396 1195 κατεῖχεν
2448 1122 2553 1177 ἀνὰ
2601 1123 2695 1179 τὸν
2752 1124 3126 1194 Σκάμανδρον.
3172 1123 3262 1187 Ὠς
3300 1123 3359 1178 δὲ
3392 1124 3575 1177 πᾶσαν
3624 1124 3729 1191 τὴν

2141 1218 2261 1272 ἐκεῖ
2316 1216 2500 1289 χώραν
2560 1216 3090 1289 προκαταλαᾶςντων
3148 1215 3248 1290 τὴν
3301 1216 3449 1290 Ἴδην
3497 1216 3729 1286 Περσῶν

2138 1311 2484 1383 ἐρημοῦσθαι
2527 1311 2635 1364 τῶν
2682 1312 2986 1381 οἰκητόρων
3041 1311 3343 1377 ξυνέϐαινε,
3405 1313 3598 1381 φθάνει
3630 1313 3729 1367 καὶ

2140 1406 2304 1467 αὐτὸς
2359 1406 2457 1460 σὺν
2503 1400 2727 1469 πολλοῖς
2766 1404 2945 1470 ἄλλοις
3001 1404 3062 1458 τὸ
3105 1405 3403 1473 τῆςνΔσου
3466 1404 3732 1476 φρούριον

2126 1498 2499 1558 ηὐπεισδῦναι·
2557 1490 2602 1566 ᾧ
2657 1497 2721 1568 δὴ
2791 1500 2885 1551 καὶ
2940 1496 3016 1561 ὡς
3060 1494 3340 1569 ἀξιωτέρῳ
3371 1498 3422 1551 οἱ
3467 1498 3586 1551 ἐκεῖ
3615 1495 3731 1552 τῶν

2141 1590 2301 1658 ὅλων,
2329 1592 2451 1643 ἐπεὶ
2478 1590 2573 1644 καὶ
2600 1588 2696 1643 τοῦ
2725 1588 3089 1659 ἐξηγουμένου
3119 1587 3195 1652 ὡς
3249 1587 3395 1652 ιίιιδς
3450 1590 3508 1644 ἐν
3548 1589 3733 1645 τοιού-

449 1674 792 1743 πειρασμῶν.
830 1678 939 1732 Καὶ
969 1679 996 1731 ὁ
1023 1678 1198 1742 διδοὺς
1246 1678 1473 1731 πλεῖστα
1512 1680 1648 1749 μετά
1687 1679 1889 1745 πολλὰς
1940 1680 2036 1748 βα-
2144 1704 2256 1749 τοις
2282 1685 2491 1755 καιροῖς
2518 1683 2892 1754 περιστάσεως
2929 1681 3183 1753 ἔχρῃζον,
3215 1682 3414 1746 αὐτούς
3446 1700 3503 1736 τε
3543 1683 3733 1738 καὶτὸ

450 1765 642 1832 σάνους
671 1769 821 1837 μόλις
848 1772 1101 1838 ἐσώζετο.
1134 1766 1319 1830 Ταῦτα
1370 1775 1472 1828 κάν
1506 1778 1626 1840 ταῖς
1686 1775 1870 1842 νήσοις
1917 1775 2032 1844 Χίῳ
2068 1844 2097 1849 Α
2144 1778 2408 1849 φρούριον
2441 1776 2863 1847 ἐγχειρίζουσιν.
2897 1776 2955 1828 '0
2993 1775 3049 1829 δὲ
3082 1774 3375 1844 ὑφίσταται
3402 1776 3498 1847 τὴν
3518 1776 3733 1847 ἡγεμο-

450 1860 544 1912 καὶ
589 1863 798 1934 Λήμνῳ
853 1867 947 1919 καὶ
997 1867 1275 1940 Μιτυλήνῃ
1328 1869 1683 1939 ἐπράττοντο.
1743 1869 1854 1922 Καὶ
1894 1869 2028 1923 ὅπου
2064 1844 2103 1899 Β
2289 1844 2540 1923 διδόντων
2566 1844 2788 1921 ἐπείνων
2832 1868 3291 1940 ἀνεπισημάντως
3341 1844 3465 1922 ὅσον
3515 1844 3581 1923 tot
3629 1844 3730 1924 τοῦ

447 1952 627 2045 ῥοῖζος
670 1958 921 2045 χρυσίου,
956 1959 1060 2013 κᾶν
1121 1960 1352 2032 μοναχος
1390 1956 1456 2032 ἦν
1508 1961 1611 2014 κᾶν
1649 1947 1852 2026 τᾶξεως
1881 1963 2045 2045 ίερὸίς¹
2137 1961 2488 2031 κρατοῦντος.
2519 1960 2710 2030 Ὅμως
2743 1962 2837 2015 καὶ
2863 1959 3036 2022 οὕτως
3089 1961 3231 2033 ἔχων
3274 1962 3375 2015 οὐκ
3423 1962 3734 2035 ἐρρᾳθύμει

448 2042 558 2099 κᾶν
580 2045 687 2101 τῶν
717 2044 1040 2120 ἐπιτηδείων
1096 2053 1190 2106 καὶ
1219 2053 1478 2121 γνωστῶν
1532 2054 1761 2123 βασιλεῖ,
1830 2042 2047 2117 δειναίςῧ
2135 2056 2238 2125 τῆς
2275 2055 2363 2125 ἐφ’
2383 2054 2601 2123 ἑκάστῳ
2624 2053 2903 2124 προνοίας,
2952 2054 3048 2109 καὶ
3100 2055 3185 2124 ἐφ’
3243 2054 3427 2110 ἱκανὸν
3473 2057 3733 2128 ἀμφεπο-

448 2139 681 2207 αἰὼραις
709 2141 957 2213 ὴτάζετο,
989 2146 1081 2199 καὶ
1107 2148 1133 2201 ὁ
1160 2146 1473 2217 μακελλικῴ
1505 2146 1684 2217 φιτρῷ
1721 2145 1814 2200 καὶ
1846 2146 2033 2201 κοπίδι
2135 2153 2278 2202 νεῑτο
2306 2151 2400 2202 καὶ
2433 2150 2645 2218 συνεῖχε
2677 2149 2805 2209 τοὺς
2853 2148 2981 2219 τῇδε
3022 2148 3535 2221 πυργηρουμένους.
3574 2148 3737 2205 Ἐπεὶ

450 2233 557 2304 πρὸ
581 2234 875 2308 ὀφθαλμῶν
910 2239 1305 2312 ἀπειλούμενος
1343 2242 1572 2305 θάνατος
1604 2244 1699 2303 καὶ
1724 2244 1794 2297 τὰ
1834 2245 1892 2297 ἐν
1914 2255 2033 2314 ’μυ-
2132 2238 2190 2293 δὲ
2242 2238 2559 2311 δῃουμένων
2621 2237 2732 2293 τῶν
2786 2237 3070 2311 ὲξωτέρων
3092 2238 3251 2304 τέλος
3292 2240 3494 2305 αὐτοὺς
3536 2238 3735 2312 Et).le

454 2424 672 2493 agebat.
706 2424 897 2494 Itaque
944 2424 1178 2481 similem
1206 2425 1454 2481 avaritia!
1497 2425 1774 2483 licentiam
1804 2428 1985 2499 Pyr-git
2013 2470 2029 2499 ,
2138 2438 2235 2481 ror
2267 2422 2400 2477 mali
2426 2435 2656 2492 prorsus
2701 2420 3093 2490 ineluctabilis,
3120 2420 3434 2503 Macbrama
3459 2438 3589 2483 cum
3611 2422 3735 2483 suis

454 2518 691 2573 similem
726 2517 924 2587 Ephesi
961 2517 1240 2585 ostendit;
1275 2534 1381 2587 qua
1414 2521 1579 2575 ﬂebat
1629 2528 1686 2574 ut
1712 2519 1906 2574 horum
1942 2522 2033 2574 ιη·
2140 2533 2250 2572 non
2286 2516 2552 2573 habentes
2597 2514 2747 2587 quod
2800 2530 3066 2585 generose
3112 2528 3338 2587 agerent
3367 2560 3381 2586 ,
3421 2518 3731 2590 prudenter

456 2613 590 2668 colae
620 2612 864 2667 locorum
890 2652 904 2677 ,
937 2627 967 2668 e
1010 2614 1241 2682 quodam
1282 2614 1447 2669 veluti
1495 2614 1645 2669 fumo
1698 2614 2036 2672 incursionis
2141 2610 2245 2667 sibi
2274 2610 2566 2666 consulere
2597 2609 2977 2666 decreverunt.
3011 2608 3157 2681 Fuga
3201 2627 3331 2682 ergo
3362 2627 3421 2669 se
3449 2612 3502 2668 in
3544 2622 3730 2669 tutum

454 2706 756 2760 barbaricae
782 2706 1000 2772 emersi,
1028 2705 1079 2759 in
1109 2705 1379 2760 ﬂammam
1414 2706 1841 2761 saevissimamm
1872 2722 2029 2764 exac-
2141 2706 2390 2774 recipero
2437 2713 2740 2772 curarunt;
2775 2705 2842 2760 ad
2878 2705 3023 2776 quod
3055 2703 3181 2770 illis,
3224 2715 3282 2761 ut
3331 2707 3520 2762 multis
3556 2705 3688 2762 aliis
3715 2748 3732 2775 ,

458 2797 673 2852 tionum
706 2797 937 2852 tristiori
972 2812 1104 2853 casu
1134 2812 1194 2852 se
1224 2797 1471 2866 deiectos
1501 2799 1771 2870 lugerent.
1804 2798 1910 2855 Ista
1940 2814 2034 2854 ra-
2135 2798 2406 2869 gremium
2442 2814 2472 2853 e
2502 2798 2811 2869 propinquo
2838 2799 3101 2854 benevole
3127 2796 3297 2871 438
3320 2807 3515 2868 patens
3546 2807 3737 2862 osten-

463 2881 678 2962 pacitas
718 2894 1087 2947 exercebatur
1116 2891 1196 2946 ita
1223 2892 1556 2961 immaniter,
1589 2894 1764 2963 utqui
1798 2894 2034 2965 plurima
2138 2889 2220 2945 dit
2250 2887 2530 2961 Mitylene.
2558 2889 2651 2945 Sic
2674 2897 2855 2945 tamen
2890 2889 2978 2945 ille
2996 2888 3411 2944 administratns
3435 2900 3520 2946 est
3547 2899 3737 2949 trans-

454 2987 678 3043 dederat
708 2994 830 3055 post
859 2984 1060 3042 multos
1086 2987 1402 3051 cruciatus,
1453 2988 1541 3042 vix
1594 2988 1781 3043 salvus
1817 3003 2036 3060 perma-

455 3094 591 3137 nere
628 3081 921 3137 sineretur.
957 3079 1107 3135 Talia
1141 3082 1389 3151 exempla
1429 3083 1480 3138 in
1517 3083 1722 3140 insulas
1771 3101 1802 3140 e
1854 3084 2035 3141 conti-

2138 2983 2270 3048 itus,
2315 2991 2377 3038 ut
2424 2997 2533 3038 non
2576 2990 2690 3037 tam
2733 2981 2897 3053 jussu
2942 2980 3221 3053 ductuque
3268 2982 3512 3054 praefecti
3553 2999 3734 3055 quam

2136 3077 2353 3150 privato
2388 3076 2681 3133 Asensium
2720 3092 2951 3149 quisque
2983 3077 3216 3136 consilio
3263 3079 3569 3148 migraret,
3603 3093 3720 3135 non

457 3176 608 3231 nenti
664 3175 998 3229 transierunt
1038 3191 1053 3228 :
1092 3175 1232 3230 idem
1287 3176 1430 3230 enim
1485 3192 1644 3247 passa
1692 3175 1860 3232 Chios
1911 3185 2034 3245 est,
2063 3175 2107 3237 c
2144 3183 2475 3239 magnopere
2499 3167 2817 3223 Machrama
2852 3178 3216 3241 repugnante.
3246 3169 3342 3240 qui
3375 3184 3436 3226 se
3473 3173 3736 3242 precario

457 3269 603 3325 idem
644 3266 886 3325 Lemnus
917 3276 971 3323 et
1013 3266 1293 3339 Mitylene.
1322 3269 1533 3335 Quibus
1562 3269 1625 3324 in
1646 3270 1779 3325 locis
1801 3271 2038 3337 cunctis,

456 3363 601 3433 apud
638 3377 1023 3433 quemcunque
1049 3360 1213 3436 437
1239 3363 1359 3416 auri
1408 3362 1564 3433 copia
1605 3363 1959 3428 suboluerat,
1992 3363 2041 3421 is

457 3470 556 3511 seu
589 3455 894 3511 monachus
926 3455 1064 3513 foret
1096 3472 1191 3511 seu
1220 3470 1250 3511 e
1288 3471 1449 3511 sacro
1480 3456 1676 3511 ordine
1706 3472 1804 3513 seu
1844 3473 1913 3513 ex
1944 3473 2041 3529 pa-

454 3547 630 3605 latino
693 3548 991 3603 auctoratis
1040 3545 1219 3602 oliicio
1284 3562 1349 3602 ac
1404 3549 1553 3603 notis
1594 3549 2041 3619 principi,.diris

457 3642 771 3711 suspendiis
805 3640 1169 3710 torquebatur
1198 3656 1214 3693 :
1246 3642 1740 3713 ostentabaturque
1774 3643 1850 3697 illi
1885 3660 2038 3702 mors

459 3750 703 3805 praesens
726 3776 743 3801 ,
768 3734 927 3805 cippo
960 3733 1114 3791 ferali
1148 3743 1201 3789 et
1233 3736 1416 3791 securi
1444 3778 1459 3803 ,
1486 3752 1593 3807 qua
1634 3752 1803 3807 super
1837 3752 1901 3793 eo
1935 3738 2037 3803 ipsi

458 3842 582 3883 mox
614 3826 989 3883 abscindenda
1026 3829 1213 3883 cervix
1254 3827 1435 3897 foret,
1464 3844 1651 3885 coram
1683 3829 1860 3886 oculis
1889 3831 2040 3902 posi-

457 3921 552 3984 tis,
585 3920 766 3991 quoad
790 3933 860 3973 eo
888 3927 1097 3975 terrore
1129 3920 1378 3987 adactus,
1416 3937 1556 3992 quos
1586 3930 1731 3977 terra
1757 3922 2041 3979 condidis-

456 4022 543 4068 set
577 4011 873 4067 thesauros
894 4010 1166 4066 indicaret
1193 4028 1207 4064 :
1234 4020 1366 4068 tunc
1399 4028 1533 4069 auro
1567 4024 1860 4085 sequestro
1897 4015 2039 4071 libeo

460 4107 708 4160 rabatur.
741 4103 849 4169 Qui
915 4119 1026 4159 non
1064 4103 1346 4161 habuisset
1379 4107 1524 4176 quod
1557 4108 1829 4176 proderet,
1860 4118 2039 4165 morte

460 4201 629 4256 ntiser
664 4200 903 4270 inopiam
951 4199 1159 4255 luebat.
1210 4198 1265 4255 Id
1295 4201 1441 4270 quod
1477 4200 1679 4258 infelici
1712 4201 2040 4260 Machramte

460 4294 603 4363 apud
635 4293 945 4364 Mitylenem
982 4293 1235 4364 contigit.
1263 4293 1317 4350 ls
1344 4309 1468 4349 cum
1494 4304 1644 4351 esset
1682 4312 1713 4351 e
1748 4297 2038 4367 praecipuis

459 4388 805 4457 imperatoris
836 4386 1123 4453 ministris,
1154 4388 1329 4459 gratia
1358 4388 1523 4443 etiam
1550 4378 1690 4461 apud
1732 4391 2035 4461 principem

2152 3262 2272 3319 sine
2304 3270 2453 3319 certa
2491 3262 2759 3335 principis
2801 3262 3132 3319 auctoritate
3165 3264 3278 3320 illic
3304 3264 3577 3320 dominari
3610 3281 3736 3322 me-

2148 3357 2424 3414 minisset.
2471 3355 2676 3414 Verum
2714 3356 3123 3413 multitudinem
3158 3356 3349 3413 videns
3374 3372 3477 3429 per
3529 3373 3588 3415 se
3621 3359 3733 3415 sibi

2147 3453 2554 3518 consulentem,
2588 3466 2689 3506 nec
2714 3458 2956 3507 rastrum
2989 3450 3057 3505 ah
3091 3450 3348 3508 omnibus
3390 3452 3589 3509 incolis
3633 3454 3739 3512 de-

2148 3555 2355 3600 sertum
2405 3545 2521 3616 ipse
2576 3536 2751 3601 solus'
2782 3559 2907 3600 cum
2961 3543 3168 3599 familia
3211 3552 3398 3601 tenere
3445 3546 3737 3605 conlidens

2151 3654 2337 3709 posse,
2370 3638 2483 3695 Aso
2519 3649 2575 3694 et
2606 3638 2723 3709 ipse
2752 3637 3007 3709 migravit
3032 3636 3350 3708 Mitylenen,
3378 3654 3607 3709 prorsus
3632 3650 3736 3695 va-

2150 3748 2315 3788 cuum
2346 3732 2495 3787 hunc
2516 3732 2836 3802 relinquens
2870 3731 3072 3786 locum.
3101 3727 3219 3784 Non
3249 3732 3435 3787 multis
3465 3743 3588 3801 post
3608 3732 3735 3791 die-

2149 3828 2253 3882 bus
2306 3827 2517 3898 appulit
2570 3827 2625 3880 in
2671 3826 2906 3881 insulam
2956 3840 3192 3895 magnus
3233 3828 3343 3881 dux
3374 3827 3622 3896 pecuniae
3654 3825 3737 3885 si-

2155 3920 2325 3987 tiens,
2365 3920 2525 3989 cujus
2557 3918 2949 3988 extorquendae
2977 3927 3071 3973 aut
3098 3918 3349 3974 invenire
3394 3927 3489 3973 aut
3526 3922 3739 3989 ﬁngere

2148 4013 2390 4070 rationes
2438 4015 2749 4081 oportebat.
2796 4012 2973 4084 Igitur
3013 4028 3139 4068 cum
3195 4012 3384 4069 multis
3435 4014 3563 4072 aliis
3612 4012 3733 4069 ιιι.

2146 4107 2373 4161 ehrama
2398 4104 2833 4175 comprehensus
2869 4103 3104 4159 vinculis
3141 4104 3402 4159 traditur.
3432 4105 3512 4160 Ac
3540 4107 3732 4163 caeteri
3769 4091 3773 4094 ’

2145 4198 2389 4267 quidem,
2411 4206 2568 4269 prout
2596 4198 2829 4269 quisque
2860 4212 3055 4252 aurum
3084 4195 3139 4251 in
3167 4196 3352 4253 abdito
3372 4198 3563 4254 habuit
3582 4202 3735 4272 quod

2145 4292 2320 4356 daret,
2347 4292 2497 4347 varie
2536 4291 2704 4346 vitam
2751 4290 3070 4358 redemero;
3106 4291 3160 4346 in
3190 4293 3397 4362 quibus
3428 4309 3591 4359 unus,
3630 4294 3731 4365 qui

2151 4384 2443 4455 pecuniam
2472 4384 2897 4441 administrasse
2918 4384 3198 4455 publicam
3230 4385 3538 4453 dicebatur,
3562 4404 3740 4459 quan-

460 4484 588 4533 nota
629 4477 733 4532 late
764 4477 1024 4546 inclytus,
1053 4476 1396 4532 domicilium
1424 4478 1686 4535 habuerat
1713 4495 1878 4551 prope
1903 4480 2038 4536 Sca-
2075 4550 2097 4553 Α
2149 4488 2264 4533 ιιιιη
2294 4493 2356 4533 ea
2402 4477 2691 4539 iunctione
2736 4479 2893 4533 lucro
2940 4486 3276 4548 apposuerat
3307 4480 3553 4552 proprio,
3586 4485 3731 4553 quod

463 4573 776 4628 mandrum.
824 4570 931 4627 Sed
983 4572 1238 4627 universa
1268 4572 1378 4626 illic
1408 4572 1613 4628 circum
1643 4550 1756 4645 jam
1793 4590 1824 4629 a
1856 4574 2040 4633 Persis
2072 4550 2117 4607 θ
2146 4573 2355 4641 aliquot
2382 4571 2613 4627 millium
2652 4585 2924 4627 summam
2956 4573 3216 4642 aequavit,
3254 4550 3482 4629 coact—us
3513 4550 3733 4630 est—tra-

464 4668 687 4737 regione
716 4672 840 4735 post
869 4666 1016 4721 Idam
1046 4672 1367 4733 occupatam
1393 4673 1660 4732 evastata,
1692 4665 2045 4738 desolatoqne
2142 4660 2294 4715 dere.
2323 4662 2379 4715 In
2413 4659 2787 4716 Machramam
2824 4662 3094 4717 sententia
3132 4662 3237 4717 lata
3268 4672 3355 4718 est
3396 4663 3572 4719 videri
3604 4678 3729 4720 eum

463 4757 661 4814 incolis
697 4764 906 4824 tractu,
942 4765 1155 4812 mature
1184 4758 1376 4813 abiens
1418 4765 1473 4813 et
1517 4758 1633 4828 ipse
1677 4775 1800 4814 cum
1854 4760 2043 4816 multis
2142 4754 2340 4810 mortis
2381 4768 2534 4810 reum
2568 4754 2639 4810 ob
2670 4768 2857 4809 arcem
2891 4754 3166 4810 desertam
3188 4797 3205 4819 ,
3236 4754 3506 4827 indulgeri
3541 4766 3728 4819 tamen

464 4851 587 4906 aliis
625 4852 678 4905 in
712 4848 1024 4907 Asi-arcem
1057 4850 1395 4920 ingreditur;
1431 4851 1523 4905 ubi
1550 4859 1793 4921 recepto,
1828 4854 1920 4923 qui
1952 4854 2047 4908 de-
2144 4855 2205 4902 ut
2258 4849 2562 4903 numeratis
2620 4848 2865 4918 quinque
2911 4863 3200 4905 aureorum
3234 4849 3505 4906 millibus
3559 4850 3745 4906 vitam
3786 4910 3797 4915 ,

470 4945 671 5014 gebant
706 4943 882 5008 intus,
916 4942 1179 5014 quoniam
1214 4950 1267 4998 et
1309 4944 1398 4997 tali
1455 4952 1699 5014 tempore
1750 4945 1888 5002 duce
1937 4946 2043 5002 sibi
2145 4947 2375 4999 emeret.
2420 4939 2603 4995 Defuit
2636 4940 2764 4995 huic
2800 4941 2864 4995 ad
2890 4955 3008 4993 eam
3040 4956 3312 4995 summam
3341 4942 3609 4997 continuo
3637 4958 3734 4997 ex-

468 5052 607 5105 opus
633 5037 893 5091 videbant
924 5050 1068 5099 esse,
1103 5045 1158 5090 et
1194 5038 1327 5091 satis
1355 5038 1728 5108 intelligebant
1767 5039 2037 5093 neminem
2140 5032 2399 5104 plendam
2439 5049 2547 5087 una
2580 5035 2828 5088 centuria
2882 5049 3265 5099 nummorum,
3304 5044 3359 5091 et
3400 5036 3563 5107 paulo
3604 5037 3731 5106 plus

466 5132 663 5187 adesse
694 5128 761 5184 ad
790 5130 841 5185 id
876 5129 966 5183 illo
999 5129 1171 5199 magis
1200 5129 1493 5197 idoneum,
1528 5132 1629 5186 loci
1664 5132 2041 5201 praefecturam
2143 5126 2364 5180 cuidam
2389 5127 2547 5180 alteri
2578 5125 2835 5181 similiter
2856 5126 3381 5195 taxato.Postquam
3407 5128 3497 5183 diu
3528 5128 3727 5183 frustra

461 5223 736 5280 deferunt.
768 5223 993 5293 Accepit
1021 5222 1112 5278 ille
1144 5224 1288 5294 quod
1322 5224 1551 5289 dabant,
1578 5235 1630 5279 et
1657 5226 1775 5280 sine
1802 5225 1906 5279 alia
1938 5225 2038 5278 im-
2145 5219 2327 5274 vexati
2360 5219 2506 5289 quod
2535 5234 2642 5274 non
2674 5219 2947 5273 habebant
2979 5218 3278 5286 nequibant
3312 5233 3728 5289 reprazseutarc,

465 5316 737 5387 peratoris
778 5316 1179 5387 significatione
1210 5332 1306 5387 pro
1333 5316 1589 5387 praefecto
1623 5332 1681 5372 se
1706 5318 1874 5389 gessit
1900 5317 2047 5372 illius
2155 5314 2272 5384 ipsa
2312 5314 2442 5368 hora
2485 5312 2730 5383 praecipit
2768 5328 2997 5381 magnus
3018 5312 3127 5367 dux
3158 5313 3314 5367 alteri
3352 5313 3406 5369 in
3438 5316 3614 5371 oculis
3649 5317 3733 5370 al-

462 5409 651 5474 castri,
690 5424 790 5464 nec
828 5410 1014 5478 segnis
1056 5411 1109 5463 in
1159 5425 1227 5465 eo
1259 5411 1615 5479 exsequendo
1660 5409 1762 5463 fuit
1810 5409 1989 5465 cilicio
2029 5427 2043 5465 :
2169 5406 2342 5458 terius
2366 5402 3148 5473 caputanCiDdiJﬁxpeditur
3179 5402 3365 5460 feralis
3388 5407 3733 5476 cippus,stat

460 5510 545 5556 sat
581 5503 741 5572 longo
768 5501 916 5556 enim
952 5503 1133 5572 spatio
1164 5502 1453 5572 invigilans
1496 5510 1549 5555 et
1584 5484 1857 5557 laboriose
1894 5513 2065 5569 sata-‘
2148 5496 2391 5553 carnifex
2416 5499 2586 5552 altera
2623 5512 2785 5550 manu
2812 5495 3009 5551 tollens
3030 5496 3293 5565 gladium,
3322 5497 3495 5552 altera
3533 5499 3732 5569 ligatos

460 5602 594 5666 gens
623 5595 804 5650 locum
846 5595 1112 5662 defendit,
1158 5597 1469 5667 misereque
1496 5597 1704 5650 vexatis
1732 5596 2039 5652 circtnnsiti
2068 5582 2074 5588 ’
2152 5592 2479 5647 Macbramae
2501 5590 2729 5659 capillos
2761 5598 2979 5651 tenens.
3012 5590 3202 5659 sicque
3232 5590 3432 5645 collum
3460 5591 3730 5661 adaptatis

463 5691 675 5744 colonis
707 5690 821 5760 agri
870 5698 1181 5761 opportuno
1237 5688 1491 5744 subvenit
1525 5689 1750 5742 auxilio.
1785 5687 1854 5740 At
1888 5696 2041 5758 post-
2151 5684 2465 5739 macellario
2502 5691 2723 5748 trunco,
2758 5690 2868 5737 tam
2918 5683 3097 5737 valide
3142 5682 3501 5752 opprimendo
3530 5695 3587 5738 ut
3612 5685 3733 5740 loco

466 5796 629 5849 quant
663 5788 819 5836 aucta
846 5782 957 5852 jam
991 5782 1230 5850 potentia
1256 5781 1492 5835 hostium
1516 5790 1570 5836 et
1594 5779 1863 5850 plerisque
1895 5778 2042 5833 illius
2151 5775 2387 5827 naturali
2439 5786 2716 5829 emoverat
2768 5773 2998 5829 cervicis
3048 5774 3349 5828 vertebras.
3407 5772 3484 5830 Ita
3544 5774 3730 5833 infelix

463 5872 676 5930 viciniae
737 5875 874 5932 locis
932 5874 1162 5935 vastatis
1214 5874 1463 5931 cominus
1502 5873 1899 5929 admovebatur
1930 5879 2038 5926 ter-
2150 5866 2321 5922 ictum
2357 5867 2553 5935 accipit
2588 5882 2697 5937 quo
2721 5875 2805 5923 est
2839 5866 2887 5922 ei
2925 5867 3159 5922 recisum
3187 5875 3371 5938 caput.
3416 5869 3469 5922 id
3508 5879 3723 5937 specta-
