4094 6280
333 412 428 480 481

1232 416 1331 477 DE
1364 412 1810 478 ANDRONICO
1851 411 2317 476 PALIEOLOGO
2353 415 2502 479 LIB.
2537 416 2603 480 V.

3514 415 3626 483 £82

330 531 663 603 περιστῆναι
684 532 753 586 τὰ
776 530 1008 604 χαλεπὰ,
1028 530 1090 585 τὸ
1116 530 1313 601 δρᾶσαί
1330 549 1383 585 τι
1401 532 1648 599 γενναῖον
1663 530 1765 583 οὐκ
1784 530 1933 599 ἔχον·
1962 539 2008 588 Δ
2035 527 2210 598 αὐτῆς
2269 528 2418 599 ὥρας
2474 528 2809 601 προστάσσει
2854 527 2942 581 ἐπ’
2985 525 3107 598 ὕψει
3127 526 3358 600 θατέρου
3391 545 3628 602 καρατο-

331 644 447 695 τες,
466 627 515 679 εί
532 626 921 696 προσμένοιεν,
944 625 1078 697 πρδς
1094 625 1270 695 φυγὴν
1288 622 1492 695 ὥρμων
1509 623 1603 678 καὶ
1624 620 1928 695 προαπανίο

335 736 554 785 σταντο,
571 719 819 787 ἀγκάλας
847 718 1032 788 σφίσιν
1048 718 1122 781 ὡς
1142 718 1235 771 καὶ
1261 716 1475 779 πολλοῖς
1506 715 1713 786 ἑτέροις
1734 714 1794 780 ἐξ
1832 714 1926 783 ἐγ-

333 811 517 880 γίονος
535 810 927 879 πῳτεινούσης
943 810 1041 880 τῆς
1065 809 1400 880 Μιτυλήνης,
1414 808 1509 863 καὶ
1533 806 1593 860 τὸ
1620 808 1741 861 καθ’
1761 805 1923 860 αὐτὴν

338 903 559 957 σκοπῶν
591 904 820 965 ἕκαστος
851 901 1039 971 ὴλόγει
1086 902 1179 956 τοῦ
1211 900 1437 971 ἄγοντος
1479 901 1573 954 καὶ
1626 900 1727 968 τῆς
1776 900 1930 952 ἑκου-

336 997 453 1050 σίου
514 998 697 1050 ἀνεῖτο
742 996 1020 1066 ὑποταγῆς
1049 1010 1065 1027 ⁶
1102 996 1188 1064 ἐφ’
1238 991 1321 1060 οἷς
1363 996 1529 1065 μηδὲν
1586 993 1725 1065 ἔχων
1771 994 1925 1047 ἀντιο

334 1092 625 1160 πράττειν,
653 1088 750 1145 τοῦ
799 1089 1038 1163 πλήθους
1102 1089 1178 1154 ὡς
1244 1089 1391 1154 rixo;
1442 1087 1927 1152 δυναστεύσαντος,

338 1183 696 1251 συναπαίρειν
720 1180 862 1250 ἔγνω
891 1181 1162 1247 κάκεῖνος,
1200 1180 1295 1235 καὶ
1351 1178 1509 1234 κενὸν
1557 1179 1810 1233 ιντεῦθεν
1863 1178 1926 1235 τὸ

336 1275 600 1347 φρούριον
628 1274 1039 1330 καταλέλειπτο.
1080 1273 1243 1329 Ἀλλὰ
1274 1274 1392 1344 μεθ’
1422 1276 1638 1346 ἡμέρας
1692 1276 1718 1328 ὁ
1752 1276 1930 1345 μέγας

336 1367 464 1433 δοὺξ
485 1365 772 1439 προσίσχει
801 1367 866 1436 τῇ
893 1365 1066 1435 νήσῳ,
1099 1364 1195 1419 καὶ
1217 1364 1325 1417 ἔδει
1357 1364 1573 1428 πάντως
1610 1363 1791 1427 αίτίας
1820 1363 1930 1419 τῶν

338 1459 632 1532 πορισμῶν
659 1459 759 1520 τὰς
791 1458 888 1527 μὲν
922 1457 1301 1527 εὑρίσκεσθαι,
1332 1458 1426 1520 τὰς
1455 1456 1512 1511 δὲ
1566 1456 1927 1511 πλάττεσθαι.

338 1552 446 1605 Σὺν
477 1549 660 1612 ἄλλοις
691 1548 905 1610 πολλοῖς
934 1548 1029 1601 καὶ
1055 1540 1210 1610 οὗτος
1237 1544 1313 1616 τῷ
1338 1545 1515 1617 τροχῷ
1556 1544 1930 1614 συλλαμσάνι-

341 1659 452 1699 ται.
525 1644 587 1695 Οί
614 1640 667 1694 δὲ
692 1639 843 1693 ἄλλοι
868 1638 1068 1701 πάντες
1111 1637 1240 1707 μίαν
1282 1638 1383 1707 τὴν
1414 1637 1508 1690 τοῦ
1542 1635 1715 1691 κακοῦ
1755 1637 1931 1698 λύσιν,

341 1738 389 1792 εί
418 1732 755 1807 προτείνοιεν
786 1730 952 1803 ἁδρὸν
983 1731 1044 1783 τὸ
1073 1730 1313 1801 χρυσίον.
1347 1730 1456 1784 Καί
1486 1747 1569 1793 τις
1598 1728 1651 1782 δὲ
1678 1730 1837 1794 ἄλλος
1874 1728 1932 1792 ὃς

342 1826 775 1900 προενηργηκὼς
805 1825 1040 1895 δημόσια
1064 1824 1132 1877 τὰ
1157 1824 1216 1888 ἐξ
1261 1823 1488 1876 ἐκείνων
1523 1824 1687 1893 κέρδη
1739 1825 1799 1877 ὲν
1847 1840 1934 1892 χι-

2034 622 2249 689 μεῖσθαι
2303 624 2534 692 θάτερον
2578 623 2671 677 τὸν
2709 623 3050 695 Μαχράμην,
3087 624 3181 677 καὶ
3226 624 3256 677 ὁ
3297 623 3626 695 μακελλικδς

2029 715 2217 786 φιτρὸς
2242 717 2522 786 παρευθὺς
2561 718 2653 770 καὶ
2677 718 2738 770 τὸ
2765 716 2916 788 ξίφος
2942 717 3163 787 ἕτοιμον
3191 717 3270 780 είς
3301 716 3583 786 ἀναίρεσιν
3604 731 3622 749 ο

2028 809 2127 873 τὰς
2150 808 2260 881 γὰρ
2291 811 2388 879 τῆς
2427 812 2670 882 κεφαλῆς
2698 813 2893 885 τρίχας
2947 814 3105 884 ἱμᾶσι
3160 811 3356 879 δεθεὶς,
3421 806 3542 867 εἶτα
3574 809 3626 867 δ’

2031 904 2282 968 ἐκταθεὶς
2336 905 2431 957 ἐπὶ
2478 905 2572 958 τοῦ
2613 906 2807 975 φιτροῦ
2872 908 2967 960 καὶ
3012 906 3300 975 καρτερῶς
3350 904 3623 969 πιεσθεὶς,

2031 992 2173 1048 ὥστε
2206 994 2446 1059 καὶτοὺς
2472 996 2802 1060 σπονδύλους
2858 996 2954 1051 τοῦ
2998 996 3275 1068 τραχήλου
3325 995 3623 1065 ἐκλυθῆναι

2028 1088 2129 1158 τῆς
2157 1088 2393 1157 φυσικῆς
2423 1089 2695 1160 ἁρμογῆς,
2731 1087 2905 1154 οὕτως
2931 1090 3131 1155 ἀθλίως
3163 1089 3257 1144 καὶ
3304 1088 3402 1160 τήν
3448 1086 3625 1159 τομὴν

2030 1180 2271 1255 δέχεται.
2307 1182 2418 1236 Καὶ
2449 1181 2507 1235 τὸ
2537 1182 2754 1253 συμϐὰν
2784 1181 2998 1254 θατέρῳ
3050 1181 3374 1253 θεασαμένῳ
3432 1178 3626 1252 Γορτὼ

2037 1290 2121 1337 τις
2149 1269 2220 1346 ῆν
2263 1273 2598 1329 ἀπολιθοῦσα
2638 1276 2729 1330 τὸν
2756 1276 3014 1343 δείλαιον,
3055 1276 3151 1330 καὶ
3194 1275 3391 1345 πικρὸν
3419 1274 3625 1340 κλαίει,

2034 1367 2130 1421 καὶ
2167 1370 2454 1423 ποτνιᾶται
2482 1369 2619 1440 πρδς
2646 1369 2989 1434 Γεννουῖτας,
3020 1370 3114 1423 καὶ
3143 1368 3243 1440 τήν
3275 1366 3421 1438 ζωήν
3452 1368 3623 1438 χιλιο-

2036 1458 2159 1513 στύῖ
2185 1458 2459 1531 χρυσίνων
2503 1460 2636 1528 παρ’
2672 1458 2897 1513 ἐκείνων
2926 1461 3320 1530 περιποιεῖται.
3372 1457 3456 1531 [Ρ.
3493 1453 3624 1527 504]

2048 1550 2210 1605 Ἀλλὰ
2249 1550 2502 1623 μικρὸνῆ
2538 1551 2711 1605 ταῦτα
2755 1550 3010 1621 γενέσθαι
3048 1551 3338 1623 πρότερον,
3393 1552 3625 1621 Μαγνη-

2036 1642 2261 1708 σιώταις
2315 1644 2524 1708 ικεῖνος
2561 1641 2729 1714 τιμήν
2784 1642 3062 1713 ταμιεύων
3120 1643 3497 1717 Κυκλώπειον,
3549 1640 3625 1706 ὡς

2037 1736 2132 1791 καὶ
2170 1735 2367 1799 αὐτοὺς
2408 1734 2476 1789 τὰ
2527 1735 2690 1806 ὅμοια
2746 1735 2979 1807 δράσων,
3014 1735 3116 1790 κᾶν
3152 1734 3496 1805 ὑπερημέρει
3526 1732 3626 1804 τὴν

2037 1824 2266 1889 ἔκτισιν,
2290 1825 2383 1879 τοῦ
2416 1825 2693 1880 πιστεύειν
2728 1827 2959 1890 ἐκείνοις
2983 1826 3147 1880 πλέον
3179 1828 3287 1881 τῶν
3323 1825 3500 1881 ἄλλων
3530 1826 3625 1881 καὶ

343 1920 489 1976 λιάσι
509 1918 610 1974 καὶ
641 1918 876 1989 μάλιστα
896 1917 1307 1985 είσεπράττετο.
1334 1915 1422 1987 Τῷ
1452 1916 1508 1969 δὲ
1554 1919 1930 1988 προσετιμᾶτο
1964 1920 2004 1971 Β
2036 1920 2187 1993 παρὰ
2216 1920 2373 1974 τοῦτο
2415 1919 2919 1991 ἀποτεταμιεῦσθαι
2967 1921 3063 1975 καὶ
3100 1920 3301 1985 ἵππους
3347 1919 3474 1991 τῇδε
3530 1920 3625 1975 καὶ

344 2014 578 2070 θανάτου
627 2012 717 2067 διὰ
780 2010 877 2081 τὴν
922 2009 1016 2064 τοῦ
1078 2008 1341 2080 φρουρίου
1392 2007 1738 2078 κατάλειψιν.
1772 2008 1833 2061 El
1885 2008 1932 2063 δ’

344 2105 596 2161 ὠνεῖσθαι
624 2105 865 2177 βούλοιτο
894 2102 995 2176 τὴν
1025 2101 1193 2171 ζωὴν,
1230 2104 1310 2166 είς
1339 2102 1565 2172 χρυσίου
1618 2100 1935 2171 χιλιοστύας

346 2201 510 2254 πέντε
560 2200 593 2271 ή
646 2198 853 2260 ἔκτισις
910 2196 1116 2250 ἵστατο.
1168 2195 1519 2266 Κατηντήκει
1558 2195 1612 2248 δὲ
1642 2195 1736 2249 καὶ
1772 2195 1932 2267 ποινὴ

350 2295 513 2365 μέχρι
545 2293 641 2346 καὶ
661 2290 992 2354 ἑκατοστύος
1023 2289 1152 2359 μιᾶς
1176 2287 1253 2358 τῷ
1280 2287 1587 2360 Μαχράμῃ.
1649 2288 1735 2353 Ὠς
1796 2286 1933 2355 γοῦν

347 2387 565 2461 βραδεῖς
596 2384 876 2457 ἐφαίνοντο
904 2384 951 2438 oi
996 2384 1072 2455 μή
1095 2382 1308 2454 ἔχοντες
1348 2384 1477 2453 περὶ
1526 2381 1623 2454 τὴν
1655 2380 1932 2448 ἁπόδοσιν,

349 2571 529 2628 culum
567 2571 621 2625 iu
656 2571 771 2625 alio
804 2568 1009 2641 pariter
1034 2568 1296 2623 damnato
1325 2568 1430 2621 vim
1479 2566 1672 2621 habuit
1714 2565 1931 2638 qualem

348 2679 469 2722 esse
505 2664 661 2718 aiunt
699 2662 935 2718 Medusae
968 2658 1263 2731 Gorgonis,
1308 2660 1474 2734 439
1515 2676 1678 2731 quam
1713 2663 1809 2732 qui
1846 2662 1930 2716 vi-

351 2759 480 2815 dent
514 2756 881 2828 lapidescunt.
922 2756 1012 2811 Sic
1057 2757 1204 2811 enim
1253 2763 1309 2810 et
1356 2754 1444 2810 bic
1496 2756 1683 2820 miser,
1735 2756 1927 2811 hausta

350 2854 469 2909 visu
499 2852 754 2924 praesenti
782 2850 899 2905 dira
926 2850 1252 2904 ilacltrama
1276 2863 1428 2914 nece,
1460 2857 1768 2905 commotus
1794 2851 1932 2905 adeo

348 2952 433 3000 est
462 2953 523 2999 ut
576 2943 759 2997 multis
806 2942 1066 3013 laerymis
1120 2947 1378 2994 cxoraret
1426 2938 1774 3006 Genucnses,
1825 2940 1930 2995 sibi

350 3036 700 3094 commodare
732 3052 799 3091 ne
836 3040 1200 3106 gravarentur
1239 3047 1449 3101 aureos,
1487 3033 1657 3096 mille,
1697 3043 1831 3109 quot
1862 3036 1928 3089 ad

352 3134 626 3187 summam
667 3129 927 3185 indictum
976 3126 1365 3183 absulvendam
1414 3126 1687 3182 deerant:
1726 3128 1798 3182 ita
1848 3139 1933 3182 est

352 3225 547 3281 borum
588 3222 965 3279 misericordia
1002 3230 1274 3277 servatus.

423 3315 592 3372 Paulo
622 3317 775 3387 prius
795 3330 958 3384 quam
988 3314 1102 3369 haec
1124 3312 1336 3378 fierent,
1356 3313 1660 3384 contigerat
1694 3312 1930 3369 defectio

350 3410 818 3483 Hagnesiensium
854 3423 885 3463 a
919 3423 1112 3478 magno
1132 3407 1293 3462 duce.
1321 3405 1461 3461 Huic
1489 3406 1578 3462 ille
1596 3406 1800 3462 civitati
1830 3422 1931 3479 pro

351 3505 652 3576 majoribus
682 3507 738 3558 in
764 3518 823 3558 se
856 3501 1068 3557 meritis
1098 3502 1330 3574 gratiam
1363 3502 1657 3563 servabat,
1691 3516 1799 3571 qua
1832 3516 1920 3556 re-

353 3593 782 3653 muneraturum"
805 3591 1146 3665 se'Ulyssem
1173 3590 1411 3664 Cyclops
1439 3590 1764 3647 Homericus
1800 3606 1927 3660 pro-

2035 2016 2319 2086 Χρήματαν
2341 2012 2374 2068 ἃ
2412 2013 2476 2086 δὴ
2502 2014 2565 2068 ἐκ
2594 2013 2757 2084 τόεης
2789 2013 3117 2085 ἀλαστορίας
3164 2014 3439 2084 συνέλεγε,
3486 2012 3624 2082 φθά-

2035 2124 2115 2161 νει
2153 2107 2423 2180 σφαλῆναι
2449 2108 2674 2181 προνοίᾳ
2700 2107 2812 2162 τῶν
2844 2108 3164 2179 οίκητόρων.
3219 2110 3300 2163 Τὰ
3354 2107 3466 2178 γὰρ
3508 2109 3623 2173 τοῖς

2034 2199 2216 2265 ἄλλοις
2244 2200 2613 2271 συμϐαίνοντα
2663 2201 2758 2255 καὶ
2810 2201 2965 2256 αὐτοὶ
3012 2202 3153 2256 κατὰ
3210 2200 3270 2254 τὸ
3326 2199 3623 2267 ἀναγκαῖον

2034 2295 2328 2359 δείσαντες,
2356 2299 2450 2350 καὶ
2478 2293 2715 2364 μάλιστα
2741 2292 3111 2364 προπαθόντες
3144 2294 3241 2347 καὶ
3288 2293 3363 2358 ὡς
3411 2291 3624 2364 γεύμα-

2033 2404 2123 2452 τος
2145 2388 2205 2440 τδ
2237 2387 2346 2441 πᾶν
2378 2383 2778 2457 προμαθόντες,
2803 2384 2936 2457 πρὸς
2971 2385 3315 2440 ἀποστασίαν
3346 2384 3621 2457 ἀφορῶσι,

2035 2570 2230 2627 stricta
2269 2568 2539 2631 invicem,
2569 2581 2735 2637 quam
2779 2566 3094 2623 firmissime
3122 2573 3334 2638 posset,
3386 2564 3490 2623 ride
3530 2578 3624 2622 so-

2036 2664 2245 2719 ciorum
2299 2661 2690 2718 communione
2756 2658 3025 2715 facinoris
3084 2658 3404 2730 ejusmddi,
3456 2657 3626 2732 ω

2034 2758 2177 2829 quod
2197 2773 2413 2813 omnem
2442 2771 2567 2812 eum
2597 2768 2798 2825 magno
2816 2754 2958 2809 duce
2987 2751 3457 2827 reconciliationis
3478 2752 3621 2806 viam

2035 2853 2409 2921 abrumperet.
2458 2848 2582 2904 Fuit
2630 2847 2683 2902 id
2732 2845 2947 2902 hostilis
2984 2846 3260 2917 grassatio
3315 2844 3369 2898 in
3419 2841 3610 2904 Italos.

2035 2950 2305 3015 quotquot
2327 2949 2462 2998 sunt
2490 2942 2633 2995 intra
2655 2938 2846 2994 urbem
2880 2936 3215 3009 Magnesiam
3238 2945 3369 2991 tunc
3389 2934 3619 3007 reperti;

2032 3054 2271 3111 quorum
2310 3052 2437 3107 pars
2494 3032 2676 3105 gladio
2730 3032 2856 3089 eazsi
2879 3071 2895 3097 ,
2930 3046 3058 3103 pars
3093 3046 3302 3087 secura:
3334 3027 3619 3087 commissi

2037 3130 2308 3187 custodiae
2335 3136 2487 3185 sunt.
2520 3127 2643 3200 Egit
2674 3140 2943 3199 praeterea
2978 3135 3035 3180 ut
3071 3129 3286 3182 eunetis
3318 3133 3462 3181 esset
3493 3139 3622 3192 pcr-

2038 3226 2430 3281 suasissimum
2491 3238 2656 3279 unam
2700 3222 2837 3293 ipsis
2862 3222 3023 3277 sitam
3059 3226 3195 3277 esse
3228 3220 3424 3275 salutis
3467 3233 3621 3290 spem

2036 3320 2091 3375 in
2125 3320 2303 3374 salute
2335 3334 2448 3373 non
2479 3316 2706 3374 aliunde
2733 3315 3007 3387 speranda
3040 3331 3203 3386 quam
3230 3314 3301 3369 ab
3331 3314 3534 3368 invicta
3565 3319 3622 3369 et

2035 3413 2264 3467 omnino
2296 3410 2651 3468 irrevocabili
2698 3409 2994 3466 resistendi
3037 3407 3347 3464 constantia
3374 3448 3390 3475 ,
3422 3407 3622 3463 certis-

2032 3502 2173 3559 sime
2202 3504 2508 3570 morituris,
2550 3502 2597 3557 si
2644 3502 2910 3558 cederent
2946 3508 3001 3555 et
3036 3515 3369 3573 quacunque
3409 3501 3624 3557 ratione

2038 3595 2139 3650 sub
2184 3595 2362 3667 magni
2403 3594 2563 3652 ducis
2608 3606 2967 3668 potestatem
3008 3610 3073 3651 ac
3138 3610 3342 3651 manus
3401 3593 3622 3666 redige-

352 3688 621 3754 fttebatur,
651 3688 931 3759 spondens
965 3686 1144 3755 ipsum
1174 3700 1201 3737 ιι
1234 3701 1293 3740 se
1326 3684 1723 3740 comedendum
1750 3684 1931 3741 soeio-
2039 3698 2248 3744 rentur.
2284 3688 2379 3743 Sic
2405 3688 2582 3759 parati
2615 3728 2631 3755 ,
2683 3698 2858 3759 port's
2904 3689 3061 3745 urbis
3102 3696 3225 3744 tuta
3278 3688 3527 3744 custodia
3565 3696 3622 3745 et

351 3801 471 3841 rum
528 3784 816 3846 ultimum;
853 3790 909 3835 et
959 3790 1083 3848 post
1134 3779 1409 3849 expilatas
1461 3780 1625 3833 nrbes
1684 3778 1927 3848 reliquas
2034 3783 2347 3837 munitione
2372 3781 2565 3851 septis,
2600 3783 2723 3837 sine
2762 3782 2870 3836 ulla
2894 3781 3009 3852 jam
3044 3780 3489 3837 dissimulatione
3518 3796 3622 3853 pa-

349 3878 491 3932 hanc
513 3878 678 3931 etiam
701 3872 1085 3931 exinaniturus
1107 3872 1552 3942 exspectabatur.
1583 3869 1738 3938 Quod
1778 3871 1926 3941 ipsos
2032 3874 2137 3928 lam
2166 3873 2451 3930 declarant
2482 3888 2543 3930 se
2567 3889 2665 3944 pro
2695 3874 2850 3930 hoste
2882 3873 3084 3929 habere
3113 3887 3369 3944 magnum
3395 3871 3618 3928 ducem.

350 3984 457 4026 non
492 3965 688 4022 fefellit
719 3966 840 4035 ejus
863 3966 1033 4032 cives,
1056 3980 1123 4020 ex
1161 3974 1354 4019 caetera
1380 3965 1481 4019 viri
1514 3965 1814 4033 rapacitate
1846 3961 1929 4017 fa-
2035 3966 2135 4021 Hie
2172 3967 2336 4023 simul
2375 3964 2495 4036 ejus
2539 3966 2675 4020 tanti
2717 3967 2799 4021 sui
2856 3972 3234 4037 contemptus,
3284 3962 3427 4032 fama
3487 3962 3616 4019 facti

347 4066 451 4120 cile
484 4058 901 4133 praesentientes
943 4060 1074 4131 quid
1114 4058 1328 4125 passuri
1378 4073 1500 4113 mox
1550 4056 1751 4113 forent.
1801 4056 1929 4112 Haec
2028 4059 2143 4116 late
2170 4058 2365 4125 didita,
2399 4073 2517 4113 eam
2557 4058 2806 4113 notitiam
2852 4058 3063 4127 accepit
3107 4074 3271 4124 quam
3299 4058 3449 4112 nulla
3491 4072 3619 4128 pos-

348 4156 471 4212 illos
502 4156 744 4228 provisio
773 4152 839 4208 ad
870 4154 1048 4225 palam
1082 4152 1447 4208 deiiciendnm
1482 4166 1511 4206 a
1548 4165 1748 4220 magno
1786 4150 1927 4205 dure
2031 4162 2117 4210 set
2149 4152 2593 4208 dissimulatione
2620 4160 2833 4223 tegere,
2868 4152 3053 4208 statim
3098 4152 3301 4207 exarsit
3352 4152 3404 4205 in
3442 4151 3618 4206 nihilo

347 4250 629 4314 incitavit;
663 4258 726 4302 ex
760 4261 870 4317 quo
909 4246 1108 4303 accidit
1131 4245 1277 4300 hunc
1314 4245 1539 4315 perdere
1572 4244 1809 4314 praedam
1844 4246 1932 4299 iu-
2035 4247 2309 4301 mitiorem
2344 4244 2479 4299 iram
2524 4260 2689 4316 quam
2722 4245 2874 4315 quali
2918 4255 3039 4302 erat
3066 4245 3366 4301 verisimile
3402 4243 3618 4298 inflam-

348 4348 561 4411 gentem
588 4336 735 4391 varie
757 4350 1039 4392 eorrasam
1069 4335 1456 4405 undecunque,
1501 4350 1626 4389 eum
1651 4350 1924 4406 equorum
2033 4337 2292 4392 mandum
2328 4338 2605 4393 hominem
2628 4336 2850 4402 Italum,
2882 4337 3251 4407 entndemque
3274 4351 3439 4407 supra
3468 4350 3617 4393 com-

346 4442 460 4489 tum
493 4431 755 4503 pecuniae,
793 4442 953 4498 quam
983 4429 1127 4499 apud
1157 4428 1203 4481 Μ
1215 4427 1594 4497 agnesienses,
1626 4428 1712 4483 his
1750 4428 1926 4484 tideus
2030 4444 2254 4485 munem
2281 4429 2459 4497 gentis
2496 4427 2717 4484 modum
2757 4427 3035 4483 crudelem
3065 4439 3229 4498 atque
3255 4427 3609 4499 praecipitem.

347 4525 472 4596 plus
504 4538 667 4592 quam
701 4523 912 4576 exteris
935 4562 950 4586 ,
985 4520 1401 4576 custodiendam
1436 4519 1791 4589 deposuerat.
1826 4519 1925 4577 llic

2035 4519 2198 4592 Rapit
2222 4535 2352 4592 ergo
2379 4521 2501 4577 sine
2533 4535 2709 4586 mora,
2741 4523 2958 4576 cunctis
2989 4522 3234 4583 omissis.
3272 4535 3401 4577 suas
3421 4534 3610 4576 secum

348 4618 556 4690 primus
588 4613 899 4670 rebellionis
932 4613 1145 4669 frrtctus
1175 4628 1429 4684 magnam
1468 4614 1671 4683 adjecit
1706 4620 1920 4669 tantum
1962 4639 2005 4694 ο
2034 4616 2320 4668 universas
2359 4613 2571 4681 copias,
2604 4611 3053 4684 Magnesiamque
3082 4614 3323 4669 advolat.
3350 4613 3521 4668 Erant
3557 4615 3610 4668 iu

348 4712 499 4765 ausis
533 4707 850 4762 facultatem
882 4705 1193 4761 sustinendi
1224 4705 1368 4760 feros
1402 4704 1643 4776 impetus
1679 4705 1730 4759 in
1760 4708 1927 4760 ultio—

348 4818 472 4859 nem
501 4802 686 4858 statim
730 4800 924 4855 ruituri
972 4799 1206 4855 hominis
1252 4800 1585 4869 impotenter
1638 4800 1925 4864 iracundi,

348 4909 509 4965 quem
553 4901 664 4947 tam
711 4891 1015 4945 luculenter
1066 4889 1398 4945 irritassent.
1471 4890 1655 4961 Equus
1688 4891 1834 4945 enim
1874 4902 1928 4946 et

349 5002 568 5051 aurum,
593 4986 697 5040 hoc
725 4994 811 5041 est
843 4986 1204 5040 instrumenta
1234 4995 1286 5039 et
1316 5000 1516 5040 nervos
1542 4987 1687 5051 belli,
1715 4985 1782 5039 ad
1813 5001 1929 5039 ma-
1959 5038 1963 5042 .

350 5096 478 5136 num
526 5078 608 5134 sic
652 5078 962 5145 habebant;
997 5092 1097 5132 nec
1129 5078 1319 5132 deerat
1369 5094 1632 5133 numerus
1681 5079 1925 5131 virorum

352 5171 597 5238 fortium,
631 5172 724 5242 qui
756 5187 788 5228 e
812 5171 983 5227 variis
1007 5186 1072 5226 eo
1106 5170 1244 5226 locis
1282 5170 1680 5241 confugerant;
1717 5172 1771 5225 in
1806 5174 1927 5241 qui-

353 5266 455 5321 bus
483 5274 603 5320 erat
650 5266 997 5321 Alaniearum
1029 5264 1312 5334 copiarum
1361 5279 1489 5333 pars
1539 5278 1647 5319 non
1706 5264 1923 5335 exigua.

352 5359 659 5415 Accedebat
686 5357 1021 5413 abundantia
1054 5358 1314 5414 frumenti
1338 5359 1513 5431 plenis
1546 5360 1755 5414 horrei»;
1790 5375 1927 5414 con-

355 5454 492 5525 gesti
531 5452 598 5507 ad
651 5453 797 5523 longi
847 5452 1229 5507 sufficientiam
1278 5453 1561 5522 temporis.
1619 5451 1715 5507 llis
1762 5453 1924 5507 simul

354 5548 567 5602 cunctis
596 5545 650 5600 in
679 5545 871 5616 primis
899 5545 1247 5600 animabatur
1270 5546 1558 5611 Attaleota,
1584 5557 1639 5601 ut
1675 5564 1783 5600 non
1823 5547 1925 5603 du-

354 5640 556 5696 bitaret
584 5654 644 5694 se
679 5650 958 5694 auctorem
987 5638 1130 5693 ferre
1160 5640 1375 5693 consilii
1396 5640 1793 5707 audacis,qttod
1822 5640 1923 5693 nisi

356 5731 480 5787 felix
514 5737 658 5786 esset
708 5730 776 5783 ad
820 5736 1152 5791 extremum,
1188 5728 1506 5797 impendere
1553 5730 1659 5783 sibi
1713 5739 1924 5783 certum

356 5824 580 5881 exitium
631 5822 865 5879 sciebat.
914 5821 1027 5878 Hoc
1064 5823 1357 5878 instinctus
1406 5835 1550 5879 metu
1594 5824 1925 5894 peculiarem

357 5916 962 5985 adhibuitdiligentiam
992 5916 1045 5971 in
1079 5916 1461 5986 eonjuratione
1491 5917 1923 5983 cor-roboranda,

2031 4720 2097 4761 eo
2132 4705 2377 4762 exercitu
2424 4707 2721 4763 auxiliares
2766 4706 2939 4762 Italici
2984 4707 3200 4777 generis
3230 4722 3449 4770 omnes,
3498 4705 3609 4760 lio-

2034 4814 2207 4854 mante
2244 4814 2368 4853 cum
2414 4799 2508 4855 his
2547 4800 2757 4855 militia:
2804 4817 2932 4871 pars
2962 4815 3073 4854 non
3103 4802 3296 4871 exigua
3325 4838 3341 4865 ,
3378 4800 3611 4868 denique

2030 4890 2210 4957 Alani,
2244 4890 2336 4960 qui
2374 4898 2557 4945 tamen
2602 4906 2710 4947 non
2739 4902 2959 4960 sponte.
2998 4892 3097 4948 sed
3131 4892 3417 4961 przesentis
3448 4891 3608 4949 ducit

2033 4980 2371 5038 ineluetabili
2411 4984 2589 5038 adacti
2642 4985 2910 5054 potentia.
2963 4984 3187 5039 invitam
3240 4993 3293 5041 et
3338 4986 3611 5041 duntaxat

2030 5078 2463 5149 perfunctoriam
2497 5092 2724 5147 operam
2751 5076 2807 5132 in
2840 5079 2943 5133 hoc
2977 5078 3181 5133 bellum
3219 5078 3604 5134 conferebant.

2031 5169 2129 5225 His
2180 5171 2354 5239 cepiis
2390 5170 2497 5225 dux
2532 5185 2767 5241 magnus
2815 5172 3273 5242 oppugnationem
3319 5172 3608 5243 Magnesia:

2032 5270 2262 5324 adorsus
2306 5269 2591 5323 machinas
2621 5268 2900 5333 admovet,
2938 5280 3117 5324 turres
3148 5271 3371 5336 excitat,
3408 5278 3603 5324 caetera

2033 5362 2399 5417 instrumenta
2441 5363 2935 5431 expugnandarum
2973 5362 3339 5418 munitionum
3389 5363 3603 5417 ardenti

2031 5467 2285 5523 satagens
2314 5455 2496 5511 studio
2534 5456 2776 5511 adhibet.
2806 5455 3199 5512 Accendebant
3236 5457 3381 5511 enim
3418 5472 3515 5526 per
3546 5471 3605 5511 se

2032 5550 2165 5601 satis
2194 5547 2584 5603 inflammatam
2619 5549 2740 5616 ejus
2783 5550 2917 5604 iram
2954 5549 3151 5605 crebra
3182 5552 3420 5605 subinde
3450 5551 3507 5606 in
3534 5552 3604 5605 il-

2037 5640 2145 5695 luzn
2183 5655 2212 5693 e
2247 5640 2419 5697 muris
2450 5642 2648 5711 jactata
2675 5643 2930 5709 dicteria,
2964 5643 3313 5699 irridentium
3368 5657 3604 5701 conatus

2036 5734 2324 5801 minasque
2352 5735 2549 5806 ipsius.
2583 5736 2783 5806 quibus
2822 5738 2983 5793 homo
3011 5738 3253 5793 tumidus
3283 5738 3605 5806 impatiens-

2031 5842 2137 5897 que
2191 5829 2543 5885 contumelia:
2585 5830 2992 5887 incredibiliter
3037 5831 3394 5895 eﬂerabatur,
3432 5845 3604 5887 vanos

2036 5918 2256 5985 interim
2311 5920 2433 5991 ejus
2464 5923 2697 5992 impetus
2728 5924 2899 5980 muris
2930 5926 3299 5997 nequidquam
3332 5926 3605 5983 solidissi-
