4094 6280
450 383 555 451 481

1647 370 1975 456 GEORGII
2018 367 2501 429 PACHYMER/E

3614 359 3719 425 L88

452 496 581 559 τοὺς
611 493 670 548 ἒν
697 490 773 563 τῷ
808 491 1053 563 φρουρίῳ
1075 489 1470 560 προσελιπάρει
1501 487 1761 558 (ἔστησαν
1792 488 1901 557 γὰρ
1940 486 2036 556 τὴν
2066 490 2110 544 Α
2138 483 2483 565 ἀποδρᾲντων
2520 478 2681 550 ἔργον
2719 479 2995 551 μαχαίρας
3033 480 3266 541 ποιοῦσι,
3322 477 3392 532 τὰ
3437 476 3483 530 δ’
3540 477 3719 531 iaetu

452 587 620 657 τιμὴν
663 585 743 648 εἰς
779 583 1089 653 νομίσματα
1113 580 1463 647 πεντακόσια,
1512 573 1586 633 ὧν
1618 579 1842 650 λυτροῦν
1876 581 2039 634 itm:-

456 676 706 748 χνοῦντο)
730 714 746 739 ,
806 674 854 729 οἱ
909 672 964 726 δὲ
1017 672 1399 742 κατημέλουν,
1458 673 1665 736 ἐκεῖνος
1719 670 2042 742 Βουλγάρων

452 768 677 839 γλώσσῃ
700 765 774 829 ὥς
804 783 961 819 τινων
995 763 1334 834 ξυνησόντων
1390 764 1509 836 (τὴν
1536 765 1645 835 γὰρ
1687 763 1912 818 Ἐλλάδα
1947 764 2042 817 καὶ

450 858 884 931 καχυπὼπτευεν
924 857 999 921 ὡς
1030 857 1241 912 πολλῶν
1280 856 1518 924 ξυνιέναι
1576 858 1883 912 δοκούντων
1932 857 2043 911 τῶν

448 954 577 1024 ἔξω)
602 955 714 1016 τοῖς
741 951 891 1013 ἐντὸς
921 950 1209 1019 διελέγετο.
1238 951 1302 1004 Οἱ
1328 950 1478 1019 λόγοι
1500 952 1543 1004 δ’
1576 946 1719 1023 ἦσαν
1746 950 1820 1012 ὼς
1878 952 2039 1022 laxu-

454 1045 747 1116 ρισομένου
781 1042 924 1096 κατὰ
948 1043 1194 1114 Περσῶν,
1241 1044 1288 1096 εί
1339 1041 1613 1097 λύσαιντο.
1662 1042 1869 1097 Αὐτίκα
1911 1042 2042 1111 γοῦν

449 1155 622 1193 τινων
651 1137 939 1205 ξυνιέντων
979 1137 1074 1191 καὶ
1098 1136 1337 1210 Πέρσαις
1369 1138 1742 1207 ἀγγειλάντων
1790 1142 2043 1211 φωρᾶται

450 1230 781 1303 κακουργῶν
808 1231 1045 1300 Πέρσας,
1075 1230 1124 1282 οἳ
1156 1228 1216 1283 τὸ
1255 1229 1380 1284 καθ’
1404 1230 1605 1295 αὐτοὺς
1656 1230 1950 1295 δείσαντες,
1991 1232 2040 1286 εἰ

451 1322 648 1395 ἐχθρὸν
707 1323 1084 1395 ἀπαραίτητον
1134 1322 1426 1387 λύσαιντο,
1472 1321 1637 1394 τιμὴν
1679 1323 1895 1391 ἐκείνην
1947 1324 2041 1375 καὶ

454 1416 618 1487 κέρδη
664 1416 738 1480 ὡς
778 1417 929 1469 οὐδὲν
981 1416 1330 1486 λογισάμενοι
1374 1416 1696 1470 κτείνουσιν.
1755 1416 1946 1481 Ἀλλος
1998 1416 2043 1469 δ’

450 1509 568 1563 εστι
620 1508 777 1577 λόγος
824 1509 1016 1562 τούτου
1074 1509 1418 1579 πιστότερος,
1460 1509 1536 1571 ὡς
1577 1507 1891 1577 πεφύλακτο
1943 1510 2042 1579 μὲν

449 1600 573 1655 τότε
602 1598 774 1654 συνὼν
808 1603 918 1663 τοῖς
940 1600 1172 1671 ἐχθροῖς,
1199 1599 1425 1672 ὕστερον
1470 1600 1515 1653 δ’
1546 1601 1785 1672 ἀποδρὰς
1833 1600 2042 1655 ἐκεῖθεν

451 1692 588 1758 προς
616 1692 766 1746 δύσιν
790 1695 1022 1756 κάτεισι,
1060 1695 1153 1745 καὶ
1204 1692 1279 1763 τῷ
1333 1691 1554 1762 Μιχαὴλ
1595 1690 1911 1762 προσελθὼν
1966 1710 2044 1746 τι.

456 1784 564 1855 μὴν
594 1782 773 1837 λαϐὼν
815 1784 910 1836 ἐπὶ
945 1781 1270 1853 Βουλγάροις
1302 1782 1400 1853 τῆς
1453 1782 1874 1852 σεϐαστότητος,
1917 1783 2044 1836 ἐπεὶ

449 1874 684 1944 ἀνόνητα
703 1876 803 1927 ὅσα
821 1875 962 1928 κατὰ
981 1873 1238 1946 Τούρκων
1256 1874 1347 1927 καὶ
1363 1874 1759 1944 ’Δμογασάρων
1774 1874 2037 1944 Ῥωμ;;ἶοι

450 1965 656 2041 ὥρμων
682 1971 876 2034 ποιεῖν,
910 1967 1217 2039 ἐκχώρησιν
1244 1967 1405 2032 αὐτὸς
1437 1967 1619 2022 λαϐὼν
1678 1968 1828 2037 παρὰ
1883 1967 2039 2038 βασι-

447 2058 607 2125 λέως,
642 2060 769 2131 περί
809 2078 911 2114 που
937 2061 1001 2133 δὴ
1034 2062 1126 2115 καὶ
1149 2061 1356 2130 χιλίους
1412 2060 1666 2127 συνάξας,
1715 2063 1880 2127 πεζὸς
1939 2064 2037 2117 σὺν

448 2150 637 2217 πεζοῖς
668 2151 873 2223 έπέχρα
903 2154 1014 2215 τοῖς
1065 2152 1319 2223 Πέρσαις,
1361 2153 1457 2207 καὶ
1492 2154 1676 2219 κακῶς
1738 2155 1863 2226 ἕδρα
1912 2156 2039 2227 περὶ

447 2243 520 2295 τὰ
549 2242 692 2298 κατὰ
722 2243 819 2316 τὴν
875 2243 1297 2317 Θεσσαλονίκην,
1347 2245 1409 2299 οὐ
1471 2247 1746 2301 Θεσσαλὸν
1796 2250 2034 2314 πάντως,

449 2334 589 2390 ἀλλὰ
619 2335 985 2406 Βουλγαρικὺν
1015 2339 1107 2390 καὶ
1137 2331 1248 2390 οἷον
1277 2336 1426 2410 αὐτῷ
1463 2339 1710 2409 σύνηθες.
1757 2340 2036 2395 Ἐντεῦθεν

450 2428 517 2481 ἐκ
544 2428 741 2500 πολλῆς
770 2431 955 2494 ἁδείας
1002 2430 1052 2483 oi
1114 2430 1320 2501 Πέρσαι
1351 2433 1805 2503 περικαθίσαντες
1861 2434 2037 2508 ἐνδείᾳ

451 2517 642 2584 ὓδατος
671 2520 887 2594 αἱροῦσι
934 2523 995 2575 τὸ
1046 2523 1327 2596 φρούριον,
1362 2528 1459 2579 καὶ
1533 2526 1661 2591 τοὺς
1695 2526 1794 2596 μὲν
1837 2526 2035 2598 ὀλίγων

449 2698 598 2773 Ergo
636 2701 788 2757 illum
837 2702 1259 2760 interfecerunt.
1318 2702 1415 2761 Sic
1462 2705 1636 2778 aliqui
1694 2720 2025 2765 memorant.

374 2866 377 2869 _
450 2789 661 2848 Tamen
699 2793 959 2858 aliorum,
982 2796 1186 2867 quibus
1217 2798 1387 2853 tutius
1414 2799 1681 2865 creditur,
1707 2800 1925 2857 diversa
1954 2801 2025 2859 de

453 2884 621 2955 hujus
665 2886 901 2945 hominis
953 2890 1173 2945 casibus
1225 2892 1474 2946 narratio
1525 2891 1643 2946 haec
1706 2901 1812 2949 est.
1854 2894 2024 2951 Aiunt

450 2992 579 3034 eum
614 2978 706 3035 ditt
744 2982 1019 3037 detentum
1070 2998 1100 3036 a
1134 2984 1340 3050 Persis,
1370 2985 1591 3041 inventa
1621 2987 1860 3058 denique
1891 2988 2030 3062 fugae

450 3074 566 3138 .via,
618 3088 679 3130 se
728 3074 1072 3144 proripuisse
1122 3075 1176 3129 in
1242 3086 1453 3134 tractus
1509 3076 1804 3144 Occiduos,
1845 3081 2032 3153 ibique

454 3167 699 3222 oblatum
734 3166 854 3222 suis
884 3165 1134 3233 Bnlgaris
1180 3166 1335 3223 famae
1364 3170 1845 3228 commendatione
1877 3183 1930 3226 et
1961 3192 2025 3229 ex

2144 576 2542 638 σκυλεύσαντες
2566 574 2674 645 πῦρ
2697 577 2871 628 ἑνιᾶσι
2906 575 3001 627 καὶ
3030 573 3089 627 τὸ
3116 576 3224 628 πᾶν
3269 572 3647 643 ἀφανίζουσιν.

2143 691 2250 764 κη’.
2290 689 2680 758 Ἐκστρατεία
2726 689 2834 743 τοῦ
2872 687 3186 764 ’,ϐασιλέως
3228 684 3475 758 Μιχαὴλ
3520 687 3610 752 εις
3651 684 3727 738 τὰ

2754 758 2885 828 περὶ
2916 758 3118 813 δύσιν.

2212 853 2301 929 [Ρ.
2506 852 2665 906 Ἀλλὰ
2690 853 2860 906 ταῦτα
2880 850 2976 923 μὲν
3000 852 3056 913 ἐς
3092 848 3367 903 τοσοῦτον.
3426 846 3724 901 Ἥσθένουν

2141 945 2357 1011 δἀὖθις
2387 948 2456 1002 τὰ
2491 946 2633 1001 κατὰ
2665 945 2816 1000 δύσιν
2844 945 2937 997 καὶ
2967 944 3148 1004 κακῶς
3202 937 3348 1013 εἶχον
3394 941 3453 1005 ἐξ
3494 941 3721 1007 ὀσςρεν-

2142 1040 2459 1102 τισθλέιῦου,
2534 1037 2833 1109 Ἐλτιμηρῆ
2878 1038 3014 1107 προς
3082 1035 3245 1089 αὐτὴν
3306 1033 3721 1095 ἀποκλίναντας.

2147 1134 2503 1204 Κὰπειδήπερ
2526 1132 2594 1185 τὰ
2624 1132 2762 1186 κατὰ
2788 1132 2877 1185 τὸν
2908 1124 3078 1197 Αἷμον
3104 1127 3289 1200 ἐδῄουν
3313 1127 3406 1179 καὶ
3444 1124 3565 1178 καθ’
3585 1126 3718 1193 ὁμο-

2142 1227 2328 1295 λογίας
2351 1227 2417 1278 τὰ
2449 1226 2675 1277 πλεῖστα
2702 1222 2888 1296 ᾕρουν.
2927 1220 3129 1275 Κτένια
3169 1219 3263 1273 καὶ
3305 1217 3726 1284 Ῥωσόκαστρον

2144 1320 2237 1374 καὶ
2267 1318 2380 1375 ἄλλ’
2413 1319 2547 1372 ἄττα
2574 1319 2819 1379 πλεῖστα,
2846 1316 2945 1385 ἠδη
2966 1315 3021 1369 δὲ
3047 1314 3142 1367 καὶ
3175 1313 3242 1366 τὰ
3273 1311 3413 1366 κατὰ
3468 1309 3724 1374 Σωξόπο-

2144 1412 2226 1466 λιν
2253 1413 2346 1465 καὶ
2384 1412 2771 1482 Μεσέμϐρειαν
2820 1406 3176 1479 Ἀγαθὸπολίς
3211 1423 3267 1460 τε
3302 1405 3397 1458 καὶ
3438 1400 3724 1473 ’.Αγχίαλος

2143 1502 2495 1573 ὲκραδαίνετο
2551 1503 2645 1555 καὶ⁸
2692 1502 2805 1564 τοῖς
2852 1500 3081 1570 ἑτοίμως
3107 1496 3349 1568 ἐῴκεσαν
3392 1493 3727 1564 προσχωρή-

2145 1613 2349 1659 σουσιν,
2375 1598 2432 1651 έν
2456 1596 2681 1668 ἀπόροις
2708 1590 2777 1668 ἦν
2800 1597 2828 1649 ὁ
2852 1592 3091 1665 κρατῶν,
3142 1593 3237 1645 καὶ
3282 1587 3726 1659 προκαταλαϐεῖν

2143 1688 2243 1760 τὴν
2296 1690 2358 1753 ἐς
2398 1688 2465 1743 τὰ
2497 1690 2685 1762 πρόσω
2735 1687 2921 1758 ἔφοδον
2950 1684 3200 1740 ἔσπευδε.
3247 1683 3325 1737 Τὰ
3355 1683 3453 1753 μὲν
3473 1679 3566 1736 οῦν
3600 1676 3725 1736 κατ’

2147 1780 2413 1853 ἀνατολὴν
2431 1781 2566 1851 πρὸς
2591 1781 2766 1844 ἄλλοις
2793 1780 2885 1832 τὸν
2907 1777 3029 1832 νοῦν
3060 1779 3201 1848 ἔχειν
3221 1776 3383 1830 αὐτὸν
3416 1776 3515 1829 οὑκ
3544 1773 3719 1846 ἠφίει·

2076 1845 2121 1901 Β
2144 1876 2291 1945 ὅμως
2319 1845 2395 1945 τῷ
2423 1845 2534 1927 tibi:
2567 1873 2908 1944 πραγμάτων
2956 1845 3237 1941 ἀναγκαίῳ
3283 1845 3723 1938 στενοχωρούμε-

2144 1985 2233 2031 νος
2280 1968 2424 2037 ἔγνω
2474 1967 2566 2021 τὸν
2614 1969 2726 2021 υἱὸν
2763 1966 3085 2021 ἀποστεῖλαι
3122 1964 3217 2018 καὶ
3251 1962 3495 2034 βασιλέα.
3523 1961 3634 2016 Καὶ
3653 1960 3722 2031 δὴ

2145 2058 2709 2131 παρασκευασάμενος
2730 2056 2798 2110 τὰ
2828 2055 2965 2127 πρὸς
2997 2054 3175 2121 ἔξοδον
3201 2052 3575 2124 συνεκπέμπει
3596 2049 3720 2104 τού-

2143 2168 2222 2222 τῳ
2272 2151 2368 2206 καὶ
2405 2149 2619 2205 naeav
2650 2152 2714 2203 ὲκ
2756 2147 3182 2219 Ταρχανειωτῶν
3236 2144 3721 2215 πρωτοπράτορα,

2143 2244 2312 2315 ἄνδρα
2342 2244 2558 2316 (ipsiva
2594 2243 2693 2310 μὲν
2722 2244 2814 2298 καὶ
2843 2239 3336 2313 ἐμπειροπόλεμον,
3372 2239 3439 2294 τὰ
3494 2241 3724 2292 πλεῖστα

2141 2336 2200 2391 δὲ
2231 2335 2309 2407 τῷ
2333 2336 2438 2390 τῶν
2461 2334 2665 2407 βουλῶν
2685 2335 2936 2407 ἑκηϐόλῳ
2968 2350 2982 2365 ·
3041 2337 3075 2406 ἡ
3121 2333 3233 2405 γὰρ
3259 2333 3501 2404 ποδάγρα
3532 2330 3724 2403 προσί-

2143 2444 2305 2481 στατο
2338 2427 2406 2481 τὰ
2436 2427 2607 2482 πολλὰ
2637 2427 2770 2498 πρὸς
2805 2427 2866 2480 τὸ
2892 2424 3155 2496 πράττειν
3180 2426 3477 2497 δυνάμενον
3521 2440 3725 2495 κατορ-

2142 2518 2286 2572 θοῦν.
2322 2518 2624 2589 Συνήγοντο
2653 2518 2784 2589 γοῦν
2815 2520 2868 2573 αἱ
2901 2518 3111 2573 δυτικαὶ
3140 2518 3398 2590 δυνάμεις
3437 2518 3567 2588 περὶ
3626 2517 3721 2571 τὸν

2140 2699 2629 2772 Ospbentisthlabi
2662 2699 2912 2756 liomano
2966 2698 3199 2768 imperio
3236 2697 3418 2755 infesti
3468 2700 3716 2770 potentia

2142 2804 2270 2848 tunc
2303 2794 2690 2858 corroborata,
2715 2793 2984 2847 inclinato
3015 2792 3081 2847 ad
3116 2793 3296 2863 ipsum
3324 2790 3607 2848 Eltimere.
3645 2792 3713 2848 Hi

2140 2889 2352 2943 viribus
2404 2887 2612 2956 junctis
2652 2889 2843 2942 ﬂatum
2891 2885 3141 2954 subjecta
3177 2885 3610 2957 populabantur,
3655 2896 3718 2942 et

2140 2980 2433 3052 plerasque
2479 2979 2594 3034 illic
2648 2979 2926 3033 Romanas
2971 2990 3131 3032 arces
3162 2978 3481 3047 compulsas
3522 2976 3588 3031 ad
3617 2981 3717 3035 de-

2140 3075 2405 3130 ditionem
2443 3071 2753 3143 capiebant.
2790 3072 2847 3126 ln
2879 3073 2961 3125 his
2981 3072 3200 3135 Ctenia,
3232 3069 3623 3128 Bosocastrnm
3658 3079 3717 3127 et

2139 3168 2278 3223 alias
2316 3168 2582 3240 plurimas
2616 3166 2722 3222 sibi
2756 3165 3129 3235 subjecerant.
3163 3164 3284 3221 Jam
3321 3178 3502 3223 autem
3542 3165 3718 3222 δοιο-

454 3274 519 3313 ca
547 3261 807 3329 opinione
832 3258 1179 3316 fortitudinis
1207 3262 1274 3316 ab
1307 3263 1374 3317 iis
1400 3264 1777 3334 promeruisse
1804 3267 2028 3320 titulum
2060 3251 2104 3273 “’
2140 3262 2284 3333 polis
2326 3278 2448 3317 cum
2504 3260 2839 3317 circumsitis
2888 3261 3061 3332 pagis,
3088 3260 3426 3317 Mesembrea
3469 3276 3712 3331 quoque,

455 3348 530 3403 ibi
562 3348 821 3403 usitatum
849 3349 1159 3421 dignitatis,
1194 3352 1283 3407 cui
1311 3366 1339 3407 a
1368 3354 1594 3409 sebasto
1621 3356 1736 3411 sive
1773 3357 2024 3429 Angusto

450 3439 761 3496 derivatum
796 3456 994 3497 nomen
1046 3443 1333 3499 tribuitur.
1369 3443 1485 3502 Hoc
1515 3447 1605 3502 ille
1654 3447 1891 3520 insignis
1936 3451 2034 3506 lio-

452 3549 592 3589 nore
615 3533 869 3590 Micltaeli
897 3538 1144 3606 Augusto
1179 3537 1395 3607 juniori
1425 3556 1553 3597 sese
1593 3541 1775 3609 oﬂ‘ert,
1807 3553 1938 3599 tunc
1978 3546 2030 3600 in

454 3624 564 3679 illis
600 3626 850 3693 partibus
877 3626 1019 3681 haud
1049 3642 1309 3697 prospere
1335 3640 1524 3685 contra
1561 3631 1769 3689 Turcos
1794 3646 1848 3691 ct
1871 3637 2038 3695 Amo-

453 3717 693 3789 gabaros
729 3719 1102 3791 belligeranti.
1144 3721 1300 3779 Unde
1341 3727 1408 3778 ab
1433 3726 1547 3790 illo,
1584 3730 1823 3798 quodvis
1867 3732 2033 3787 auxi—

452 3810 588 3865 lium
619 3812 712 3865 tali
740 3828 842 3867 suo
872 3823 1117 3883 tempore
1144 3825 1517 3885 opportunum
1567 3820 1836 3887 ducente,
1871 3826 2036 3883 facile

454 3904 716 3974 impetrat
765 3916 826 3960 ut
862 3922 921 3962 se
965 3910 1203 3978 peditem
1257 3912 1405 3967 mille
1465 3914 1703 3982 peditum
1749 3922 1852 3987 (tot
1881 3922 2030 3975 enim

452 3997 673 4052 circiter
701 4000 769 4052 de
804 4013 946 4053 novo
979 4002 1299 4073 collegerat)
1324 4004 1612 4079 ductorem
1652 4009 2034 4079 imperialibus

453 4088 722 4159 auspiciis
753 4100 945 4146 contra
995 4091 1191 4149 Persas
1232 4096 1473 4151 militare
1514 4108 1814 4167 pateretur.
1849 4105 1911 4155 At
1943 4103 2034 4159 ille

453 4182 539 4239 sic
569 4192 839 4252 praetextu
884 4194 1132 4242 armatus
1158 4188 1366 4244 Persici
1396 4192 1519 4245 belli
1548 4193 1797 4263 regiones
1833 4194 2034 4250 lloma-

452 4288 558 4330 nas
588 4276 733 4330 circa
767 4274 1218 4333 Thessalonicam
1266 4282 1355 4337 illa
1398 4298 1496 4335 sua
1533 4283 1842 4339 latrocinali
1891 4287 2033 4341 infe-

451 4368 622 4422 stavit
650 4383 841 4433 manu,
877 4386 982 4425 non
1016 4382 1075 4426 ut
1100 4369 1405 4428 Thessalus
1433 4391 1492 4429 se
1519 4391 1739 4446 gerens,
1774 4379 1869 4432 sed
1909 4378 2034 4434 Bul-

450 4462 640 4528 garico
673 4461 836 4529 plane
876 4463 1132 4518 instituto
1164 4475 1217 4520 et
1258 4480 1409 4521 more
1441 4483 1543 4522 suo
1571 4468 1773 4537 praedis
1806 4473 2034 4540 agendis-

2137 3356 2495 3426 Agathopolis
2528 3362 2584 3410 ct
2608 3354 2910 3409 Anchialus
2954 3356 3008 3409 in
3039 3355 3287 3423 proximo
3338 3355 3558 3411 stabant
3603 3353 3716 3411 disc

2137 3449 2394 3513 crimine,
2435 3462 2535 3502 nec
2595 3449 2753 3518 longe
2800 3462 2829 3502 a
2861 3449 3098 3503 consilio
3155 3447 3456 3503 deditionis
3515 3447 3713 3504 abesse

2138 3542 2487 3596 videbantur.
2510 3539 2802 3596 Estuabat
2821 3540 3105 3607 Augustus
3126 3543 3316 3597 senior
3336 3539 3713 3609 liatcandiens;

2137 3646 2190 3690 ct
2227 3635 2353 3689 hinc
2398 3632 2620 3704 quidem
2672 3633 2739 3687 ad
2792 3633 3007 3686 obviam
3052 3631 3294 3687 eundum
3350 3633 3497 3685 malo
3552 3646 3715 3702 gras-

2138 3730 2283 3784 santi
2315 3728 2725 3793 stimulabatur,
2762 3726 2887 3780 inde
2948 3733 3131 3780 autem
3188 3734 3362 3779 totum
3396 3726 3520 3794 ejus
3551 3725 3618 3779 ad
3651 3740 3711 3779 se

2139 3821 2428 3890 rapiebant
2463 3822 2707 3875 animum
2762 3828 2973 3875 tractus
3026 3818 3331 3874 Orientalis
3380 3818 3714 3890 deploratis-

2140 3915 2294 3969 simae
2319 3929 2428 3968 res.
2464 3912 2522 3968 ln
2560 3913 2645 3967 his
2673 3913 2970 3983 angustiis,
3000 3913 3336 3969 necessitate
3370 3913 3713 3967 ineluctabili

2139 4019 2394 4077 cogente,
2434 4006 2681 4061 decrevit
2711 4006 2885 4064 lilium
2920 4006 3309 4074 imperatorem
3352 4004 3408 4059 in
3438 4004 3713 4061 Occidnas

2140 4102 2389 4170 regiones
2416 4100 2654 4163 mittere,
2678 4114 2742 4157 ac
2786 4106 3093 4170 praeparata
3125 4107 3288 4170 prout
3320 4098 3475 4153 licuit
3501 4112 3566 4154 ea
3606 4098 3713 4151 im-

2140 4192 2331 4262 periali
2363 4192 2714 4262 expeditione
2734 4192 3009 4262 proﬁcisci
3037 4206 3103 4247 eo
3125 4207 3248 4247 cum
3272 4189 3533 4247 Micliaele
3551 4191 3710 4247 simul

2133 4286 2288 4357 jubet
2326 4284 2575 4349 Glabam,
2630 4302 2662 4341 e
2694 4286 2899 4342 familia
2950 4285 3473 4349 Tarchaniotarum,
3526 4295 3714 4356 proto~

2140 4390 2457 4446 stratorem,
2514 4380 2692 4437 virum
2746 4391 2799 4435 et
2854 4379 3049 4435 fortem
3082 4390 3138 4436 et
3200 4379 3326 4436 belli
3370 4380 3569 4433 artium
3607 4394 3711 4432 usu

2141 4475 2401 4545 peritum,
2433 4474 2499 4529 ad
2538 4475 2651 4530 haec
2682 4474 2973 4545 praesentis
2998 4473 3315 4544 celerisque
3342 4472 3396 4528 in
3422 4474 3712 4542 ambiguo-
3747 4468 3753 4471 “

450 4552 727 4607 intentus.
763 4552 1045 4612 Hactenus
1079 4557 1145 4611 de
1172 4558 1286 4613 illo.
1320 4557 1476 4615 Nunc
1509 4563 1574 4615 ad
1612 4564 1812 4618 Persas
1838 4552 2032 4619 redea-
2066 4585 2109 4640 ι)
2142 4583 2261 4621 rum
2286 4582 2522 4623 occursu
2567 4567 2805 4622 consilii.
2849 4566 2966 4633 Qua
3017 4568 3209 4621 ultima
3256 4567 3383 4620 dote
3424 4582 3568 4621 nunc
3600 4565 3714 4622 fere

454 4658 580 4698 mus
620 4659 759 4715 quos
796 4648 847 4700 in
892 4648 1303 4705 Cenclirearum
1350 4653 1638 4711 obsidione
1688 4657 2032 4727 reliquimus.

453 4734 521 4789 lli
554 4735 750 4793 deletis
781 4738 1141 4797 Citcerobosei
1174 4745 1346 4813 copiis
1376 4762 1497 4815 quae
1525 4752 1805 4818 suppetias
1838 4755 2033 4809 obses-

454 4827 533 4882 sis
574 4841 860 4897 vencrant,
897 4841 950 4886 et
1008 4833 1128 4903 ipso
1164 4840 1587 4905 comprehenso.
1625 4840 1745 4896 sine
1783 4843 1893 4897 nllo
1919 4844 2032 4913 jam

456 4925 607 4973 metu
649 4920 857 4976 instare
887 4926 1165 4981 conclusis
1199 4936 1253 4981 ct
1284 4944 1501 4983 omnem
1536 4932 1605 4986 ab
1637 4933 1705 4989 iis
1738 4949 1917 4989 rerum
1943 4952 2038 4992 ne-

348 5014 351 5019 ’
455 5016 820 5068 cessariarum
866 5032 1053 5074 arcere
1093 5020 1543 5089 importationcm
1585 5039 2034 5097 perseverarunt.

393 5159 398 5165 ,
456 5106 637 5173 quoad
668 5110 885 5165 tandem
932 5127 1088 5180 aqua
1120 5113 1335 5168 defectu
1364 5117 1523 5185 potiti
1561 5132 1706 5183 arce,
1756 5134 2039 5188 quoscun-

454 5213 562 5268 que
593 5200 705 5255 illic
735 5214 1075 5273 repererunt,
1121 5212 1409 5276 perpaucis
1439 5207 1603 5282 445
1649 5211 1871 5282 elapsis.
1916 5231 2040 5284 per-

456 5305 710 5351 emerunt
746 5299 963 5368 glaclio;
1020 5301 1426 5372 deprmdatique
1452 5313 1647 5361 cuncta
1680 5306 1753 5363 ibi
1794 5318 2036 5378 reposta,

455 5385 673 5443 {latnma
719 5392 881 5446 tectis
922 5394 1194 5463 subjecta,
1224 5396 1273 5449 id
1318 5408 1558 5451 castrum
1606 5399 1853 5457 funditus
1884 5404 2032 5457 dele-

457 5515 672 5562 verunt.

455 5626 547 5685 28.
582 5626 866 5697 Expeditio
911 5630 1246 5713 imperatoris
1301 5631 1573 5686 Michaelis
1625 5635 1677 5687 in
1728 5648 1907 5705 partes
1952 5653 2039 5690 oc-

1142 5714 1360 5771 ctauasq

530 5790 636 5849 Sed
667 5794 736 5849 de
760 5794 846 5849 his
879 5804 1092 5851 tantum
1135 5798 1394 5852 retulisse
1422 5798 1492 5851 sit
1525 5798 1681 5853 satis.
1720 5797 1828 5856 Res
1862 5815 2028 5869 porro

464 5885 686 5944 interim
723 5885 981 5947 Occiduaz
1019 5889 1345 5947 laborabant
1391 5896 1446 5944 et
1492 5890 1725 5946 ruebant
1781 5907 2028 5951 pessum.

2142 4662 2358 4715 valebat
2407 4661 2543 4729 sola,
2600 4662 2861 4731 quoniam
2917 4660 3184 4731 podagra,
3244 4675 3351 4732 qua
3389 4661 3713 4730 plerumque

2142 4754 2535 4821 infcstabatur,
2594 4771 2663 4810 ne
2722 4755 2939 4811 bellicis
2985 4771 3207 4825 operam
3263 4766 3451 4824 posset
3510 4769 3715 4810 navare

2143 4848 2479 4903 facinoribus
2510 4848 2861 4917 prohibebat.
2895 4845 2978 4902 Ad
3021 4848 3297 4918 juniorem
3337 4849 3505 4920 igitur
3534 4848 3715 4919 Augu-

2140 4954 2285 4996 stum
2339 4943 2535 4999 stativa
2588 4940 2759 5011 Bizyae
2812 4941 3107 4997 habentem
3167 4943 3437 4998 universa:
3482 4941 3707 4997 Occidui

2144 5045 2351 5092 tractus
2416 5036 2680 5090 Rotnanre
2712 5037 2881 5106 copia:
2903 5036 3085 5092 ediCto
3142 5037 3387 5108 undique
3421 5051 3715 5091 occurrere

2134 5130 2305 5200 jussae
2328 5131 2834 5201 congregabantur.
2875 5129 2982 5185 Sed
3022 5146 3097 5184 eae
3136 5130 3225 5185 tibi
3275 5146 3469 5185 omnes
3510 5145 3713 5184 conre-

2142 5235 2359 5291 nerunt,
2402 5226 2542 5279 haud
2590 5226 2725 5279 tales
2768 5233 2897 5279 sunt
2947 5236 3179 5293 reperta:
3234 5238 3357 5294 quae
3417 5224 3715 5293 prudenter

2143 5320 2415 5374 committi
2474 5335 2597 5373 cum
2656 5320 2961 5389 Bulgaricis
3027 5335 3259 5374 numero
3330 5320 3716 5389 superioribus

2144 5426 2383 5485 possent.
2421 5415 2554 5468 Cum
2612 5426 2793 5469 tamen
2842 5414 3233 5469 nuntiarentur
3268 5428 3529 5483 apparere
3582 5413 3715 5466 Bul-

2144 5512 2261 5581 gari
2316 5512 2461 5564 circa
2516 5508 2857 5579 Sozopolim,
2922 5519 2976 5563 et
3008 5508 3300 5578 previdere
3322 5505 3488 5579 446
3535 5507 3717 5562 tutela

2146 5604 2301 5657 urbis
2334 5621 2545 5658 summa
2576 5606 2880 5662 necessitas
2908 5604 3227 5661 Michaelem
3247 5605 3560 5675 Augustum
3587 5601 3720 5659 sub-

2148 5700 2339 5767 igeret,
2375 5700 2523 5753 misit
2560 5715 2626 5755 co
2657 5709 2994 5756 tentaturum
3030 5712 3297 5771 quantum
3325 5716 3392 5755 ex
3441 5715 3542 5755 usu
3582 5712 3721 5771 prm-

2146 5793 2287 5847 senti
2331 5794 2590 5849 militaris
2624 5794 2913 5865 prudentia
2954 5796 3189 5850 dictaret
3214 5810 3275 5850 ex
3317 5793 3567 5864 Bulgaria
3592 5792 3721 5851 Bos-

2147 5888 2305 5944 silam
2337 5933 2350 5955 ,
2414 5888 2655 5944 Smiltzae
2723 5896 2778 5943 et
2832 5888 3194 5945 liadosthlabi
3248 5888 3535 5943 minintum
3589 5898 3718 5943 natu
