4094 6280
220 307 331 375 489

1160 313 1259 375 DE
1292 311 1729 375 ANDRONICO
1767 309 2236 373 ΡΑιιΕοιοεο
2277 310 2420 371 UB.
2460 306 2535 374 ν.

3376 295 3482 362 490

220 430 344 483 νέον
379 427 605 498 βασιλέα
640 428 1104 502 ’προσκαθήμενον
1155 434 1220 504 τῇ
1269 431 1439 504 Βιζύῃ
1469 449 1486 462 ι
1537 431 1654 486 ἀλλ’
1707 430 1807 485 οὐκ
1832 436 1881 492 Α
1910 424 2145 489 Τούτους
2175 427 2305 495 γοῦν
2336 425 2552 480 ἰκανοῦν
2591 423 2658 477 ἐκ
2683 419 2793 476 τῶν
2823 418 3059 475 δυνατῶν
3104 407 3486 488 π’ροθυμούμε-
3578 468 3583 472 _

219 520 445 573 ιδόκουν
468 522 763 590 αὑτάργεις
788 521 921 593 πρὸς
948 522 1331 592 άπαγώνισιν.
1369 525 1559 591 Ὅμως
1610 522 1804 593 φανέν-

219 629 332 667 των
369 614 696 685 Βουλγάρων
715 615 844 685 περὶ
861 614 1164 680 Σωζόπολιν
1189 617 1219 668 ό
1248 614 1503 687 βασιλεὺς
1527 619 1801 685 ἐκπέμπει

222 706 445 774 σύναμα
479 703 751 769 πλείστοις
773 706 865 757 τὸν
910 707 977 760 ὲκ
1009 705 1333 782 Βουλγάρων
1388 706 1669 768 Βοσσίλαν,
1713 705 1803 760 τὸν

219 798 492 869 Σμίλτζου
524 801 615 852 καὶ
656 797 1046 855 Ῥαδοσθλάὄου
1076 800 1306 854 ὕστατον
1348 799 1617 876 ἀδελφόνέ
1649 798 1805 870 δςδὴ

220 893 319 946 καί
348 893 438 946 διὰ
463 891 673 964 ταχέων
699 891 947 957 ἐπιστὰς,
986 894 1082 948 καὶ
1114 892 1281 962 φόσον
1328 891 1582 963 ὶμϐαλὼν
1620 895 1682 946 οὐ
1708 911 1804 964 μι-

219 987 359 1058 κρὸν
389 988 504 1051 τοίς
526 969 758 1055 ἐχθροῖς,
789 985 873 1050 εἰς’
899 986 1082 1058 φυγὴν
1108 987 1420 1057 παραυτίκα
1455 986 1648 1058 τρέπει
1667 991 1804 1050 τοὺς

222 1079 502 1158 ἐπιόντας..
535 1081 646 1134 Καὶ
671 1077 765 1134 τὸν
793 1079 1072 1146 Σκαφιδᾶν
1101 1081 1351 1150 ποταμὸν
1382 1079 1805 1158 περαιουμόνοις

220 1173 400 1236 οὕτως
445 1155 705 1244 ἀκόσμως
728 1171 1049 1245 δυστύχημα
1082 1172 1337 1244 συναντᾷ,
1371 1155 1467 1226 καῖ
1506 1173 1540 1244 ἡ
1588 1171 1805 1242 γέφυρα

223 1265 585 1332 καταπίπτει,
632 1268 731 1322 καὶ
778 1267 1021 1338 ποταμὸς
1075 1265 1328 1320 ιντεῢθεν
1364 1265 1459 1320 καὶ
1498 1264 1650 1333 ξίφος
1678 1264 1807 1327 τοὺς

222 1357 445 1419 ἀθλίους
477 1353 876 1428 διεμεριζὲτην,
909 1354 1007 1412 καὶ
1038 1357 1194 1426 φόνος
1218 1357 1316 1427 οὐχ
1356 1357 1384 1409 ό
1427 1354 1609 1425 ’τυχὼν
1660 1344 1808 1422 γίνε-

221 1467 334 1503 ται.
361 1447 536 1504 Τοῦτο
569 1448 912 1518 Βουλγάρους
937 1448 1172 1518 ὀτρύνει,
1232 1449 1326 1502 καὶ
1373 1448 1524 1516 σφίσι
1577 1447 1806 1518 σύνηθες

219 1540 281 1596 ὃν
313 1541 591 1611 ἀναιμωτὶ
629 1526 754 1606 τοὺς
781 1542 1089 1606 ἑαλωκότας
1120 1540 1403 1605 ἀπολύειν,
1462 1541 1632 1611 χωρὶς
1679 1540 1810 1610 μένα

219 1650 304 1688 τοι
333 1634 448 1688 τῶν
481 1635 762 1700 ἐπιφανῶν
794 1637 890 1690 καὶ
926 1635 1199 1705 μεγάλων,
1233 1635 1312 1698 ὡς
1341 1634 1532 1706 μόνους
1569 1634 1803 1704 συμϐαί-

177 1725 183 1729 “
221 1745 338 1781 νειν
372 1727 598 1781 πίπτειν
623 1729 753 1791 τοὺς
789 1727 1218 1798 ἀνθισταμένους
1241 1727 1387 1782 κατὰ
1420 1726 1512 1782 τὸν
1539 1727 1802 1798 πόλεμον,

220 1821 273 1875 οἰ
311 1820 371 1874 δὲ
397 1818 542 1874 κατὰ
571 1821 668 1889 τὴν
717 1819 1030 1890 ’Δνδριανοΰ
1059 1819 1455 1891 προσϐαλόντες
1487 1819 1582 1874 καὶ
1607 1820 1677 1873 τὰ
1709 1820 1805 1875 λά-

222 1927 374 1980 φυρα
395 1896 809 1979 διαρπάζοντες,
845 1911 1157 1979 σφαλέντων
1180 1909 1289 1964 τῶν
1319 1909 1603 1982 ἡμετέρων
1633 1911 1806 1981 τύχης

221 2001 470 2074 duracta.
499 2000 594 2055 καὶ
621 2002 700 2074 τῷ
721 2001 1144 2072 ἀλλοπροσάλλῳ
1169 1999 1266 2055 τοῦ
1306 2003 1370 2054 ’Δ
1382 2018 1524 2072 ρεος,
1573 2000 1804 2066 πολλοὺς

221 2093 323 2145 οὐκ
351 2092 643 2148 ἀπώκνουν
675 2091 940 2162 φονεύειν.
974 2092 1134 2146 Ὅθεν
1201 2094 1296 2148 καὶ
1342 2093 1593 2165 βασιλεὺς
1632 2096 1804 2166 ὕπερ-

221 2185 502 2257 παθήσας,
529 2187 653 2240 επεὶ
679 2184 785 2240 ἔδει
809 2188 903 2238 καὶ
936 2186 1130 2250 ίκανάς
1187 2189 1504 2259 συγκροτεῖν
1548 2188 1806 2260 δυνάμεις

221 2279 554 2349 ἐφίστασθαι
579 2279 824 2351 μέλλοντι
854 2281 921 2351 τῇ
945 2277 1178 2353 [R309]
1215 2280 1551 2350 ’Δνδριανοῦ,
1572 2280 1825 2348 πολλοὺς

224 2374 333 2443 μέν
371 2390 522 2451 τινας
552 2373 617 2427 ἑκ
639 2373 739 2444 τῆς
773 2373 851 2428 ιω
876 2375 1238 2445 συνηπείγετο
1273 2375 1801 2447 ἐμπειροπολέμους,

220 2465 364 2520 ἀλλὰ
385 2465 588 2536 γυμνοὶ
609 2465 718 2520 τῶν
750 2466 1105 2537 ὑπαρχόντων
1131 2463 1273 2539 ἦσαν
1293 2461 1439 2520 οὗτοι
1455 2469 1549 2522 καὶ
1582 2468 1801 2535 ἐνδεεῖς.

222 2645 482 2702 fratrem.
518 2642 618 2700 Hic
661 2643 918 2701 celeriter
957 2644 1091 2701 illuc
1121 2660 1429 2704 occurrens
1455 2649 1804 2720 trepidatio-

224 2751 354 2792 nem
386 2734 580 2805 injecit
608 2750 720 2790 non
777 2729 1055 2793 modicam
1099 2737 1394 2804 hostibus;
1429 2748 1485 2794 et
1537 2753 1806 2812 quotquot

225 2843 296 2885 ex
339 2829 482 2897 ipsis
514 2829 708 2884 obvios
734 2829 947 2894 habuit,
993 2828 1137 2886 fusis
1171 2831 1400 2888 incursu
1431 2834 1613 2904 primo
1649 2833 1807 2908 fuga-

226 2923 441 2994 tisque,
480 2923 648 2977 etiam
699 2922 1086 2993 persequendo
1133 2925 1338 2980 institit
1367 2927 1494 2998 fuga
1521 2929 1806 2998 trajicien~

225 3017 380 3072 tibus
414 3014 686 3071 Scaﬁdam
739 3032 977 3085 amnem,
1036 3018 1129 3072 ubi
1185 3018 1268 3074 eis
1297 3020 1668 3078 infortunium
1707 3038 1806 3080 oc-

1905 535 2014 582 νος.
2073 518 2142 572 τά
2201 518 2369 572 πολλά
2402 518 2511 574 τῶν
2545 516 2690 572 ἰδίων
2721 515 2954 581 σκευῶν,
2999 513 3100 567 ὅσα
3134 509 3338 582 χρυσοῦ
3390 509 3487 562 καὶ

1903 610 2148 681 ἀργύρου
2209 605 2352 678 ἦσαν
2414 609 2842 681 ἐξειργασμένα,
2903 604 3343 676 συνοτρυνούσης
3404 603 3487 663 εἰς

1903 700 2062 756 τοῦτο
2093 704 2188 756 καὶ
2209 706 2307 774 τῆς
2338 703 2656 773 Αὑγούστης
2680 701 2895 772 Μαρίας
2930 700 3018 773 (τά
3040 699 3152 769 γὰρ
3177 697 3403 751 πλεῖστα
3421 699 3487 748 ἐκ
3551 743 3554 746 .

1903 793 2013 847 τῶν
2043 795 2213 865 αὐτῆς
2238 789 2379 867 ἦσαν
2425 795 2739 866 πῳικῷων,
2783 789 2858 848 ὧν
2894 791 3107 849 οἴκοθεν
3160 790 3484 862 ἐπεφέρετο)

1909 885 2113 954 πέμπει
2169 887 2304 959 πρὸς
2352 887 2529 952 πόλιν,
2576 888 2658 953 είς
2691 890 2951 958 ’νόμισμα
3016 886 3188 942 ταῦτα
3223 881 3484 957 ’κοπῆναι

1907 981 2287 1049 προστάσσων.
2317 982 2383 1035 Ὃ
2415 981 2478 1052 δὴ
2508 982 2731 1052 γεγονὸς
2743 980 2851 1053 ,τὴν
2881 979 3165 1052 ταχίστην,
3183 977 3282 1033 καὶ
3314 995 3486 1050 στρα-

1905 1069 1998 1121 τὸν
2026 1070 2106 1133 είς
2145 1069 2454 1140 χιλιοστύας
2524 1056 3042 1143 ὲξετοιμασάμενος,
3105 1071 3199 1124 επὶ
3247 1069 3346 1138 τῆς
3394 1071 3486 1122 ’Δ-

1905 1160 2124 1232 δριανοῦ
2153 1164 2250 1215 σὺν
2279 1163 2459 1234 πο)λῷ
2489 1164 2561 1234 τῷ
2589 1163 2782 1236 θάρρει
2811 1165 2962 1234 σφίσι
2991 1164 3318 1233 συνεξορμᾷ.
3376 1164 3486 1217 Kal.

1904 1253 2006 1324 τὴν
2037 1254 2351 1323 Αὖγοῦσταν
2380 1257 2497 1310 ἐκεῖ
2524 1245 2862 1318 καταλιπὼν,
2907 1257 3174 1328 πρότερον
3207 1257 3305 1328 τὴν
3355 1256 3488 1311 Θεο-

1905 1345 2064 1400 τόκον
2098 1348 2549 1425 ποτνιασάμενος,
2585 1350 2726 1404 κατά
2747 1350 2838 1404 τδν
2882 1344 2994 1416 ῑξω
3043 1349 3228 1420 ζυγὸν,
3278 1350 3337 1403 δν
3389 1353 3484 1403 καὶ

1919 1435 2228 1506 Ῥωμανιαν
2273 1429 2570 1508 λέγουσιν,
2623 1443 2843 1514 εἰκοστῇ
2908 1442 3069 1514 τρίτῃ
3127 1441 3484 1516 Ποσειδεῶνος

1905 1529 2144 1598 ἀρεῖκῶς
2168 1532 2464 1600 εἰσϐάλλει,
2497 1535 2589 1588 καὶ
2619 1534 2687 1590 τὰ
2740 1535 2849 1591 ἀπὸ
2890 1536 3261 1606 Ῥεαχούδεως
3302 1537 3392 1590 καὶ
3428 1539 3485 1599 ἐς
3513 1533 3526 1550 ³

1907 1619 2160 1676 Στίλϐνον
2222 1623 2388 1694 μέχρι
2433 1624 2528 1677 καὶ
2565 1623 2814 1693 Κόψεως,
2843 1623 2946 1696 τὴν
2991 1623 3227 1678 παλαιὰν
3292 1641 3486 1694 παροι-

1908 1712 2039 1782 μίαν
2064 1715 2477 1788 ἀνανεούμενος,
2511 1716 2662 1770 λείαν
2710 1717 2913 1772 Μυσῶν
2940 1718 3335 1788 ἀπεργάζεται,
3390 1717 3486 1770 καὶ

1907 1805 1997 1858 τὸν
2039 1805 2372 1879 Ἐλτιμηρῆν
2410 1807 2709 1866 ἀποκλείει.
2751 1809 2918 1874 Αὖθις
2957 1809 3012 1864 δὲ
3044 1811 3112 1864 τά
3137 1811 3300 1881 ὅμοια
3353 1811 3486 1880 δρά-

1907 1915 2004 1964 σας
2029 1899 2123 1954 καί
2145 1900 2231 1969 ἐφ’
2261 1901 2497 1973 ἡμέραις
2520 1901 2619 1974 τὴν
2647 1903 2758 1957 τῶν
2792 1893 3067 1972 ἐναντίων.
3107 1906 3482 1974 καταδραμὼν

1908 1991 2047 2062 πρὸς
2085 1992 2403 2062 Ὀρεστιάδα
2424 1991 2885 2063 ὶπαναζεύγνυσι.
2939 1994 3120 2062 Ταῦτ’,
3145 1996 3486 2054 ἀκουσθέντα

1906 2083 1970 2135 εκ
1996 2083 2106 2138 τῶν
2138 2084 2273 2156 πρὸς
2299 2086 2398 2156 τὴν
2420 2085 2741 2156 Δὺγοῦσταν
2764 2087 2986 2161 Μαρίαν
3002 2088 3094 2142 τοῦ
3125 2088 3363 2160 ἀδελφοῦ
3389 2090 3485 2144 τοῦ

1907 2173 2166 2242 βασιλέως
2206 2176 2481 2250 Θεοδώρου
2538 2182 2883 2252 γραμμάτων
2911 2223 2925 2246 ,
2972 2183 3006 2252 ἡ
3052 2185 3338 2256 ὁμωνυμία
3385 2187 3488 2253 τῆς

1918 2266 2294 2338 Ῥεαχούὸεως
2368 2271 2597 2343 θόρυϐον
2664 2274 2885 2343 ἐμποιεῖ
2931 2274 3160 2345 βασιλεῖ.
3218 2277 3323 2330 Τὸν
3375 2275 3488 2346 γὰρ

1907 2360 2158 2421 Στίλῦνον
2185 2363 2342 2427 εἰδὼς
2378 2367 2442 2418 ὲκ
2471 2365 2673 2436 φημῶν
2701 2368 2796 2421 καί
2825 2368 2924 2440 τὴν
2973 2369 3164 2440 Κόψιν,
3226 2372 3347 2424 επεὶ
3393 2371 3489 2425 καὶ

1907 2453 2038 2524 περὶ
2057 2452 2157 2523 τῆς
2193 2455 2563 2526 Ῥεαχούσεως
2589 2458 2810 2530 ἐρωτῶν
2833 2459 3002 2530 ἐγγὺς
3032 2459 3142 2515 τῶν
3163 2460 3327 2532 ὁρίων
3352 2461 3488 2531 Τερ-

1907 2653 2176 2711 expensa,
2202 2655 2326 2696 cum
2359 2641 2520 2712 longe
2551 2640 2700 2712 plura
2739 2655 2828 2698 res
2862 2650 3140 2711 posceret,
3197 2657 3267 2698 ne
3314 2643 3489 2714 impe-

1916 2740 2142 2794 ratoriae
2171 2739 2395 2809 quidem
2431 2739 2759 2810 supellectili
2809 2740 2900 2794 tali
2934 2743 3228 2796 occasione
3256 2757 3492 2812 parcen-

1915 2834 2048 2887 dum
2091 2832 2322 2895 ducens.
2384 2849 2507 2903 qua:
2540 2849 2670 2889 vasa
2701 2833 2864 2906 “7
2923 2849 3090 2891 aurea
3130 2844 3186 2890 et
3224 2846 3488 2908 argentea

1906 2926 2182 2981 extulerat
2213 2927 2281 2982 ad
2319 2926 2595 2983 familiare
2645 2917 3041 2993 ministerium,
3085 2928 3313 2986 conﬂari
3345 2941 3399 2984 et
3432 2931 3485 2983 in

1913 3019 2176 3074 nummos
2210 3019 2420 3091 signari
2449 3019 2639 3089 jussit,
2686 3023 2831 3076 ultro
2863 3023 2930 3079 ad
2962 3021 3019 3079 id
3068 3023 3248 3091 ipsum
3279 3021 3490 3077 adhor-

225 3111 432 3166 Currit.
460 3109 608 3166 Pons
651 3111 797 3166 enim
862 3111 998 3182 ipsis
1033 3114 1452 3169 transeuntibus
1509 3118 1807 3176 concidens
1835 3122 1879 3181 C
1914 3118 2066 3165 ῑθηῑθ
2091 3109 2260 3165 Mari“
2287 3112 2533 3189 AUSM'?
2567 3113 2744 3183 ἱρεῖιω
2766 3115 3027 3188 εοιιὶιιεθι
3061 3116 3225 3186 cuius
3269 3131 3330 3171 ⁸³
3377 3116 3474 3187 Ριε·

180 3202 181 3205 “
224 3202 447 3259 ﬂumini
492 3212 547 3258 et
593 3203 775 3275 gladio
832 3207 1067 3261 miseros
1126 3206 1340 3269 divisit,
1389 3212 1585 3279 partim
1645 3215 1806 3270 undis

228 3296 490 3360 haustos,
527 3298 722 3366 partim
750 3312 924 3354 cases
955 3298 1102 3355 ferro
1124 3302 1472 3358 instantium.
1502 3303 1601 3360 Hic
1625 3317 1807 3363 tamen

228 3390 539 3445 militantes
586 3389 850 3446 Romanis
912 3390 1136 3463 Bulgari
1170 3408 1380 3450 morem
1431 3398 1672 3467 patrium
1726 3409 1810 3455 ιε-

227 3490 502 3550 nuerunt,
560 3484 820 3554 parcendi
873 3485 1124 3542 hostibus
1179 3489 1320 3546 bello
1377 3491 1556 3560 captis
1602 3507 1810 3565 eosque

239 3576 454 3631 illaesos
510 3576 840 3632 dimittendi.
871 3578 1038 3635 Abire
1092 3581 1261 3651 igitur
1292 3580 1604 3642 incolumes
1661 3585 1811 3657 passi

227 3677 366 3724 sunt
398 3669 711 3744 plerosque,
745 3670 1146 3729 illustrioribus
1175 3678 1448 3746 exceptis,
1481 3676 1555 3732 ita
1582 3686 1640 3734 ut
1669 3692 1811 3748 pm-

227 3774 321 3820 ter
349 3779 450 3819 eos
481 3765 576 3833 qui
607 3765 662 3819 in
685 3763 946 3820 conﬂictu
971 3758 1284 3838 pugnantes
1309 3769 1646 3840 ceciderant,
1679 3774 1811 3830 reli-

189 3855 194 3860 ’
229 3857 328 3927 qui
355 3872 554 3928 magno
581 3871 834 3925 numero,
854 3860 1301 3918 concedentibus
1322 3860 1647 3931 victoribus,
1671 3866 1810 3922 salvi

229 3951 576 4006 recederent.
603 3949 666 4004 Hi
697 3967 893 4009 rursus
920 3967 1088 4009 manu
1116 3953 1263 4009 facta
1297 3957 1356 4010 in
1389 3970 1582 4028 agrum
1604 3958 1808 4014 Adria-

229 4041 500 4107 nopoieos
543 4035 835 4106 irruentes,
867 4042 1058 4113 praelia
1119 4046 1366 4102 secundo
1412 4062 1539 4103 cum
1599 4051 1809 4108 nostris

232 4133 408 4198 facto,
453 4141 818 4203 praeterquam
865 4137 1044 4206 spolia
1105 4153 1372 4195 caesorum
1434 4143 1808 4213 diripuerunt,

233 4227 404 4281 etiam
439 4240 580 4295 quos
608 4226 757 4283 viros
795 4239 1092 4298 potuerunt
1121 4245 1318 4302 capere
1348 4247 1377 4289 e
1398 4230 1668 4292 Romanis
1701 4237 1808 4302 mi-

232 4318 426 4374 litibus
451 4319 741 4389 plurimos,
762 4321 904 4376 haud
933 4323 1052 4394 pari
1079 4324 1202 4390 ejus
1231 4340 1338 4394 qua
1365 4342 1490 4383 cum
1519 4331 1656 4400 ipsis
1687 4339 1812 4388 erat

235 4423 443 4479 actum,
477 4412 851 4468 misericordia
912 4415 1302 4486 impertierunt
1337 4437 1353 4474 :
1397 4436 1507 4476 non
1538 4424 1683 4478 enim
1711 4438 1810 4493 pe—

1915 3218 2086 3273 raque
2122 3203 2329 3260 dotalia
2361 3217 2518 3262 erant
2547 3208 2712 3273 bona,
2751 3209 2917 3264 domo
2948 3219 3203 3277 paterna,
3253 3209 3382 3264 dum
3419 3211 3488 3265 ad

1924 3297 2144 3366 nuptias
2188 3295 2469 3354 Michaelis
2515 3300 2829 3366 duceretur,
2885 3300 3053 3356 elata.
3099 3300 3178 3354 Ex
3217 3301 3303 3357 his
3339 3300 3488 3357 Con-

1913 3390 2329 3460 stantinopolim
2385 3390 2572 3448 missis
2626 3399 2680 3446 et
2722 3392 2839 3448 illic
2895 3393 3046 3450 cusis
3107 3393 3160 3446 in
3209 3401 3483 3447 monetam

1913 3480 2201 3538 confestim
2228 3491 2426 3537 auctus
2472 3483 2706 3553 pecunia
2737 3482 2992 3546 Michael,
3033 3484 3328 3538 multorum
3361 3483 3490 3537 mil-

1914 3575 2049 3630 lium
2083 3575 2328 3632 exercitu
2358 3585 2569 3647 parato,
2597 3592 2720 3632 cum
2749 3577 2854 3632 hoc
2888 3575 3303 3648 AdrianOpolim
3348 3576 3487 3630 fidu-

1913 3670 2002 3725 cia
2057 3684 2254 3741 magna
2311 3684 2372 3737 se
2429 3671 2689 3726 contulit.
2748 3670 2937 3741 Ibique
2975 3671 3218 3740 Augusta
3276 3672 3486 3738 relicta,

1914 3759 2068 3830 prius
2107 3759 2396 3830 Deiparam
2449 3771 2768 3827 veneratus,
2818 3764 2872 3816 in
2906 3763 3185 3833 regionem
3216 3763 3349 3833 jugo
3393 3780 3489 3818 eu-

1913 3852 2103 3910 teriori
2135 3854 2463 3924 subiectam,
2499 3866 2663 3926 quam
2690 3864 2742 3910 et
2767 3853 3093 3910 Romaniam
3143 3864 3362 3922 vocant,
3404 3858 3487 3909 ri-

1914 3947 2118 4003 cesima
2158 3949 2321 4002 tertia
2357 3948 2589 4019 Augusti
2638 3947 2726 4003 die
2752 3946 3030 4004 hostiliter
3059 3947 3314 4011 incurrit,
3364 3957 3417 4006 et
3454 3965 3484 4004 a

1913 4035 2195 4093 Reacbtbi
2231 4038 2300 4092 ad
2331 4037 2628 4106 Stilbnum,
2658 4039 2783 4094 hinc
2806 4053 2983 4108 usque
3023 4040 3090 4096 ad
3123 4039 3366 4110 Copsim,
3397 4058 3489 4096 ve—

1916 4140 2401 4208 terem.renovans
2459 4130 2804 4200 parmmiam,
2846 4139 3044 4186 cuncta
3094 4131 3197 4186 late
3242 4134 3479 4203 praedam

1913 4223 2189 4295 Mysorum
2226 4226 2376 4291 fecit,
2400 4225 2829 4297 Eltimeremque
2861 4225 3122 4281 exclusit.
3154 4223 3296 4280 liinc
3317 4240 3482 4279 cursu

1914 4333 2205 4384 converso,
2234 4318 2353 4388 pari
2394 4319 2556 4373 obvia
2586 4319 2840 4374 vastandi
2870 4317 3136 4374 felicitate
3173 4316 3308 4375 alias
3340 4335 3484 4389 quo-

1918 4426 2025 4481 que
2063 4413 2305 4467 hostium
2340 4419 2518 4467 terras
2554 4411 2849 4468 incursans
2895 4411 2963 4467 ad
2990 4409 3328 4467 Orestiadem
3365 4427 3488 4480 per-

234 4514 533 4574 percerunt
563 4505 856 4577 plerosque
887 4483 1168 4566 occidere.
1211 4511 1430 4568 Accidit
1461 4528 1523 4568 ea
1558 4513 1688 4570 belli
1712 4483 1807 4571 ὀί-

1921 4505 2092 4559 venit.
2129 4504 2256 4560 Haec
2287 4506 2504 4577 cognita
2547 4504 3031 4574 Constantinopoli
3086 4507 3323 4575 primum
3356 4514 3487 4560 sunt

207 4593 418 4662 _fensio
443 4599 647 4653 nostris
685 4600 849 4654 rebus
881 4600 1354 4669 perincommoda,
1385 4604 1602 4662 fortuna
1660 4623 1811 4664 more

197 4690 201 4692 ⁷
237 4702 341 4744 suo
366 4698 419 4743 et
449 4687 622 4744 Marte
643 4691 793 4745 vario
814 4692 961 4746 vices
994 4707 1356 4749 successuum
1381 4697 1807 4755 alternantibus.

198 4770 208 4777 ’
239 4782 332 4838 isti
355 4782 512 4838 facta:
544 4775 884 4842 alienissimo
920 4793 1160 4856 tempore
1184 4788 1419 4858 jactura:
1462 4791 1812 4847 vehementer

234 4875 517 4944 Augustus
537 4876 725 4944 junior
751 4877 1021 4944 indoluit;
1047 4893 1113 4934 ac
1135 4881 1390 4948 quoniam
1425 4897 1523 4951 per
1552 4883 1807 4940 infestam

236 4969 520 5039 regionem
583 4969 878 5027 hostilibus
959 4972 1277 5030 incursibus
1349 4978 1808 5046 proficiscendum

236 5062 341 5133 ipsi
372 5063 788 5133 Adrianopolim
825 5073 966 5130 erat,
1001 5082 1229 5123 necesse
1255 5068 1465 5125 habens
1490 5070 1687 5126 idoneo
1719 5069 1812 5126 co-

236 5157 358 5224 pias
401 5171 630 5212 numero
666 5158 923 5214 alicunde
957 5174 1179 5230 cogere,
1222 5163 1426 5219 multos
1459 5164 1572 5219 illic
1624 5180 1812 5235 reper-

235 5259 322 5305 tos
351 5253 497 5305 viros
542 5252 714 5307 fortes
760 5260 813 5307 et
857 5252 984 5308 belli
1013 5255 1377 5325 experientes,
1435 5258 1528 5329 qui
1575 5259 1707 5314 olim
1749 5260 1808 5313 in

233 5341 462 5398 Oriente
494 5343 885 5411 militaverant,
913 5348 1262 5404 conscribere
1291 5365 1356 5406 ac
1397 5351 1479 5406 sic
1503 5351 1808 5408 exercitum

233 5436 490 5506 supplere
513 5436 1032 5493 constituit.Verum
1052 5439 1110 5504 ii,
1135 5441 1282 5509 quod
1305 5445 1528 5500 amissis
1554 5445 1810 5502 domibus

237 5543 464 5599 peregre
494 5529 710 5602 profugi
740 5537 986 5586 extrema
1025 5547 1208 5590 rerum
1264 5536 1508 5591 omnium
1566 5548 1811 5609 egestate

238 5622 658 5689 premebantur,
691 5624 962 5680 vestiendi
989 5627 1204 5682 scilicet
1232 5636 1394 5698 atque
1430 5631 1680 5686 armandi
1712 5649 1812 5688 nu-

238 5713 578 5783 meratisque
623 5716 948 5771 auctorandi
1019 5717 1309 5787 stipendiis
1343 5717 1517 5775 fuere.
1581 5721 1662 5776 Ad
1706 5723 1811 5777 hoc

229 5804 532 5875 Augustus,
562 5803 967 5878 quamcumque
992 5811 1057 5865 ad
1083 5825 1305 5866 manum
1335 5814 1547 5882 habuit,
1582 5818 1810 5884 pecunia

547 5901 819 5964 PATROL.
860 5908 975 5965 Gn.
1022 5905 1290 5972 CXLlV.

1919 4596 2213 4652 litteris-eo
2239 4595 2597 4668 Adrianopoli
2656 4596 2840 4653 missis
2873 4599 2941 4651 ab
2991 4599 3239 4667 Augusta
3287 4596 3482 4663 Maria,

1912 4705 2054 4760 quas
2084 4690 2150 4745 ad
2183 4691 2332 4746 illam
2358 4706 2425 4745 ex
2454 4691 2575 4760 ipso
2620 4692 2864 4745 exercitu
2901 4690 3127 4745 dederat
3161 4689 3485 4745 Theodorus

1912 4787 2198 4843 Michaelis
2232 4789 2461 4858 Augusti
2520 4787 2712 4843 frater.
2744 4787 2957 4854 Quibus
3008 4787 3090 4843 sic
3138 4787 3486 4843 Andronicus

1916 4880 2216 4950 imperator
2248 4881 2450 4937 auditis
2480 4881 3072 4952 turbatus‘parumper
3097 4891 3205 4945 est,
3236 4881 3480 4936 animum

1913 4972 2168 5028 dividens
2236 4973 2292 5028 in
2378 4972 2798 5035 admirationem
2890 4981 2947 5029 et
3022 4972 3482 5030 sollicitudinem.
3562 4994 3565 4995 ν

1912 5065 2092 5124 Causa
2126 5068 2512 5122 commotionis
2542 5067 2645 5122 fuit
2674 5067 3027 5138 homonymia
3057 5068 3295 5121 duorum
3328 5067 3475 5122 loco-

1913 5176 2062 5227 rum,
2101 5176 2222 5231 que:
2257 5160 2473 5218 diversa
2504 5161 2649 5216 etab
2682 5160 2921 5216 invicem
2953 5159 3114 5231 longe
3145 5158 3339 5214 dissita
3373 5173 3483 5212 uno

1913 5266 2095 5309 tamen
2123 5265 2178 5310 et
2228 5255 2418 5311 eodem
2481 5253 2798 5310 Rcachubis
2841 5254 3186 5323 appellantur
3241 5252 3484 5307 nomine.

1917 5348 2084 5404 Norat
2123 5348 2212 5403 ille
2231 5363 2296 5403 ex
2331 5350 2492 5411 fama,
2525 5348 2614 5402 ubi
2646 5348 2911 5412 Stilbnns,
2951 5347 3041 5402 ubi
3067 5345 3262 5414 Copais
3295 5359 3489 5400 essent

1915 5444 2056 5500 sitae.
2110 5443 2381 5509 Quoniam
2415 5452 2595 5496 autem
2624 5442 2790 5496 alium
2825 5446 3121 5496 terminum
3155 5439 3490 5508 depraedatn-

1916 5553 2037 5592 rum
2065 5552 2096 5591 a
2125 5535 2395 5591 Michaele
2421 5538 2669 5606 Augusto
2702 5547 2974 5590 terrarum
3018 5533 3313 5591 memorari
3343 5531 3489 5588 Rea-

1916 5632 2121 5687 chubin
2167 5631 2414 5694 videbat,
2455 5641 2510 5685 et
2570 5628 2638 5683 de
2693 5631 2793 5684 hac
2845 5637 3178 5700 percontans
3227 5625 3489 5681 audiebat

1918 5727 2286 5799 propinquum
2330 5727 2477 5780 hunc
2511 5726 2689 5778 locum
2727 5739 2850 5779 esse
2886 5721 3088 5776 finibus
3123 5719 3366 5776 Ῥεῖ-ηοω
3399 5735 3436 5774 τ.
3459 5745 3489 5763 ι·

1917 5820 2018 5891 giae
2054 5820 2208 5879 urbis
2257 5819 2613 5891 Bulgarorum
2652 5835 2681 5871 a
2736 5816 2982 5883 meridie,
3034 5829 3141 5868 non
3169 5814 3292 5885 plus
3322 5828 3491 5893 quant

3045 5906 3118 5966 16
