4094 6280
681 406 786 469 tos
1896 406 2223 471 GEORGII
2255 374 2743 473 meum“

3831 402 3929 470 496

694 520 906 584 Ἰταλοὶ,
948 522 1023 585 ὡς
1049 520 1093 572 δ’
1144 519 1373 585 Ἀλανοὶ,
1410 520 1528 583 ταῖς
1561 517 1809 592 γνώμαις
1850 520 2256 593 ὴλλοτριοῦντο,
2283 525 2337 585 Α
2364 522 2735 592 προσέταττεν
2770 517 3159 590 ὑποστρέφειν.
3198 514 3324 579 Τοῖς
3356 513 3413 568 δὲ
3436 513 3665 568 θάνατον
3688 512 3784 584 τῆς
3808 476 3930 569 ὕπο-

684 614 970 685 δυσχερεῖς
997 612 1149 677 ὄντες
1180 612 1392 683 πείθειν
1415 612 1513 667 καὶ
1546 614 1683 685 πρὸς
1716 613 1786 667 τὰ
1814 614 1966 683 παρὰ
1998 612 2262 684 βασιλέως

687 707 1071 776 ἐπεσταλμένα
1102 705 1625 762 καθυποκλίνεσθαι.
1660 707 1753 778 Τῷ
1780 706 1879 777 μὲν
1910 702 2004 761 οῦν
2043 706 2266 777 μεγάλῳ

683 800 859 863 δουκὶ,
903 798 1063 852 τοῦτο
1116 797 1218 870 μὶν
1269 798 1412 853 κατὰ
1444 798 1792 870 Μαγνησίαν,
1835 797 1991 852 τοῦτο
2018 796 2076 851 δὲ
2124 790 2266 851 κατὰ

689 892 1003 966 Μιτυλήνην
1027 891 1293 963 διάγοντι,
1324 892 1383 946 ai
1411 892 1603 962 συχναὶ
1624 890 1950 965 προστάξεις
1970 890 2066 945 τοῦ
2096 890 2266 960 ύπερσ

687 986 878 1042 θέσθαι
924 987 1016 1041 τὸν
1068 985 1204 1057 πρὸς
1242 986 1368 1050 τοὺς
1423 985 1831 1056 Mamertina;
1890 986 2125 1055 πόλεμον
2171 984 2267 1036 καὶ

691 1078 867 1148 erepit!
899 1075 1117 1148 σύναμα
1171 1075 1252 1145 τῷ
1285 1075 1377 1129 ὑπ’
1408 1076 1573 1130 αὑτὸν
1600 1074 1715 1146 λαῷ
1756 1075 1904 1143 κατὰ
1945 1074 2099 1129 δύσιν
2128 1073 2267 1144 πρὸς

688 1169 781 1222 τὸν
810 1168 1086 1239 ἀνάκτορα
1124 1166 1347 1238 Μιχαὴλ
1373 1161 1557 1238 (εἶναι
1581 1166 1691 1239 γὰρ
1724 1168 1821 1221 καὶ
1858 1164 2266 1238 Μαγνησιώτας

691 1260 967 1329 ὑπηκόους
999 1262 1066 1331 τῇ
1097 1259 1371 1331 βασιλείᾳ,
1413 1256 1796 1329 εὐφημοῦντας
1837 1257 2115 1330 ,ὁσημέραι
2140 1256 2269 1319 τοὺς

690 1354 954 1426 βασιλεῖς,
981 1355 1076 1407 καὶ
1103 1351 1202 1423 τῆς
1235 1354 1373 1422 πρὸς
1403 1352 1572 1427 αὐτὸν
1593 1350 1882 1422 παροινίας
1921 1349 2154 1415 εὐθύνας
2185 1350 2269 1415 είς

690 1449 884 1520 καιρὸν
910 1449 1170 1518 ὑποσχεῖν
1219 1446 1593 1517 δυναμένους)
1620 1444 1773 1499 οὐδὲν
1802 1440 1967 1515 ἦσαν,
2003 1444 2100 1500 καὶ
2118 1444 2267 1513 λόγοι

690 1543 971 1615 τηνάλλως
1004 1542 1290 1612 λεγόμενοι
1349 1539 1656 1612 Ῥωμαίους
1686 1538 2123 1611 ἁνδρολογοῦντι,
2170 1536 2270 1591 καὶ

696 1638 929 1708 μάλιστα
984 1637 1077 1690 ἐπὶ
1115 1634 1543 1703 Μαγνησιώτας,
1594 1633 1691 1686 καὶ
1731 1634 1782 1686 εί
1817 1632 1894 1704 μὴ
1936 1630 2267 1699 ἁναστατοίη

690 1730 936 1796 τούτους,
963 1729 1109 1811 -ςνύδδ
1156 1728 1258 1800 ζῇν
1289 1726 1523 1783 θέλοντι.
1564 1724 1812 1788 Ἀλανοῖς
1842 1725 1902 1779 δὲ
1937 1724 2031 1777 καὶ
2066 1722 2279 1795 μᾶλλον

688 1825 777 1878 δια
797 1825 863 1878 τὰ
896 1822 1293 1895 προσυμδάντα
1309 1820 1451 1875 κατὰ
1474 1818 1718 1884 Κύζικον
1742 1819 1844 1873 οὐκ
1871 1813 1941 1891 ἦν
1966 1818 2174 1889 ἀρεστὰ
2188 1813 2268 1886 τὰ

2370 614 2611 685 στροφῆς
2646 612 3098 684 ἀνθαιρουμένοις
3140 609 3345 681 συνέϐη
3396 608 3473 681 τῷ
3506 609 3645 669 τέως
3676 606 3931 681 ἀνδραγα-

2366 708 2530 779 οῆσαι
2562 706 2843 775 φανέντων
2893 703 3142 775 Περσῶν.
3207 701 3427 774 Ἐπειδὴ
3478 702 3588 770 γὰρ
3634 700 3681 752 oi
3736 699 3830 770 μὲν
3856 699 3929 763 είς

2366 800 2753 864 ἐννεακοσίους
2786 797 3114 862 ὲποσοῦντο,
3167 798 3264 850 καὶ
3296 796 3403 865 τὴν
3454 793 3639 866 μάχην
3666 792 3742 855 ὡς
3769 791 3931 844 εἰπεῖν

2369 893 2511 964 μετὰ
2541 892 2780 963 θάρρους
2816 888 3199 943 είσδάλλουσιν
3226 890 3295 941 ὲκ
3329 887 3461 956 μιᾶς
3482 899 3501 917 ο
3550 885 3603 935 oi
3631 880 3678 936 δ’
3702 885 3761 935 ιν
3787 881 3931 953 μέρει

2369 984 2745 1056 συμϐαλόντες
2776 983 2854 1048 ὡς
2883 986 2965 1049 εἰς
2998 980 3315 1043 διακοσίους
3345 977 3431 1052 [Ρέ
3464 974 3594 1050 515]
3621 973 3931 1039 ποσοῦσθαι,

2363 1078 2473 1132 τῶν
2505 1077 2684 1131 ἄλλων
2718 1074 2907 1131 αὐτῶν
2956 1074 3033 1140 ὡς
3062 1075 3130 1127 ἐκ
3167 1070 3366 1126 πολλοῦ
3420 1066 3929 1129 διασκεδασθέντων,

2366 1172 2516 1244 ὅμως
2546 1170 2674 1235 τοὺς
2706 1169 2808 1241 μὲν
2830 1168 3132 1230 κτείνουσι,
3164 1166 3292 1229 τοὺς
3315 1164 3360 1217 δ’
3387 1162 3638 1233 αἱροῦσιν
3666 1161 3746 1223 εἰς
3766 1160 3933 1229 φυγὴν

2365 1264 2887 1336 τραπέντας,αύτοὶ
2915 1263 3089 1335 μηδὲν
3121 1259 3394 1323 παθόντες
3435 1258 3546 1310 τῶν
3569 1254 3900 1325 ἀνηκέστων.

2365 1381 2473 1456 λβθ.
2513 1379 2844 1453 Τεράστιον
2876 1376 3362 1456 τελεσθὲνᾹπιιρὰ
3397 1373 3527 1456 ’τῆς
3569 1371 3743 1444 ἁγίας
3785 1372 3939 1425 dmo-

2823 1450 3126 1523 μάρτυρος
3156 1447 3503 1513 Θευδοσίας.

2452 1545 2544 1601 Ἐν
2590 1544 2769 1617 τούτῳ
2798 1544 2856 1599 δὲ
2903 1544 3001 1598 καὶ
3033 1543 3203 1613 τέρας
3236 1541 3477 1595 τελεῖται
3508 1534 3818 1606 θαυμάσιον
3845 1532 3939 1602 τῆς

2323 1662 2333 1675 ι
2367 1639 2771 1712 δσιομάρτυρος
2816 1637 3125 1703 Θεοδοσίας,
3192 1635 3325 1706 περὶ
3371 1627 3435 1687 οῦ
3472 1632 3549 1704 μὴ
3592 1630 3778 1699 λέγειν
3804 1630 3942 1681 ἱστο-

2371 1735 2555 1809 ροῦντι
2588 1733 2714 1788 καθ’
2743 1732 2979 1811 ικαστον
3004 1731 3131 1801 ἐμοὶ
3154 1730 3255 1801 μὲν
3277 1727 3525 1789 κίνδυνος
3551 1725 3616 1778 οὐ
3642 1720 3860 1794 μικρὸς,
3878 1717 3941 1772 τὰ

2370 1828 2511 1898 ἔργα
2540 1827 2633 1881 τοῦ
2661 1825 2798 1881 Θεοῦ
2825 1821 3229 1894 ἀνακηρύττειν
3262 1818 3417 1887 ἄξιον
3448 1817 3530 1884 ὃν,
3566 1814 3744 1888 ζημία
3768 1812 3826 1868 δδ
3851 1811 3944 1865 οὐκ

692 1916 1067 1988 πραττόμεναο
1130 1913 1269 1970 ἀλλά
1330 1912 1609 1984 πανδημεὶ
1673 1910 1817 1980 ὑπὲρ
1879 1907 2270 1973 πεντακοσίους
2295 1910 2343 1970 Β
2370 1918 2528 1987 ὀλίγη
2562 1920 2674 1982 τοῖς
2731 1916 2808 1988 μὴ
2854 1914 3150 1971 ἀκούσουσι
3209 1910 3642 1983 περιστήσεται·
3707 1900 3944 1977 ῥηθὲνδὶ

692 2011 1011 2080 ἀφίσταντο.
1045 2007 1295 2079 Κὰπειδὴ
1323 2005 1590 2077 ἀπείρητο
1628 2002 1856 2065 τούτους
1902 2002 1977 2074 μὴ
2010 1999 2272 2074 περαιοῦ-

693 2105 816 2159 σθαι
846 2105 988 2158 κατὰ
1016 2103 1114 2173 τὴν
1144 2100 1379 2155 Καλλίου
1429 2100 1526 2154 ἐπὶ
1553 2098 1622 2154 τὰ
1655 2099 1915 2169 σφέτερα,
1950 2097 2149 2167 ἀλῆται
2180 2096 2270 2152 τός

691 2213 825 2259 πους
850 2194 917 2248 ὲκ
942 2194 1125 2248 τόπων
1155 2190 1477 2262 ἀμείϐοντες
1499 2188 1605 2255 ἔξω
1632 2206 1735 2243 που
1764 2189 1873 2240 τῶν
1901 2187 2103 2256 Πηγῶν
2138 2202 2272 2256 σκη-

692 2289 898 2348 νοῦσιν.
956 2283 1053 2352 Οἷς
1112 2284 1369 2357 βασιλεὺς
1426 2283 1660 2356 πέμπων
1692 2282 1790 2335 καὶ
1811 2281 1971 2335 ἱκανὰ
2025 2278 2269 2351 ἀργύρια

692 2496 796 2539 nec
830 2475 1213 2536 revocabiliter
1237 2471 1575 2539 commissis,
1596 2484 1738 2541 quas
1764 2469 1956 2525 iterata
1987 2484 2087 2524 sua
2111 2467 2269 2537 iussa

691 2577 888 2633 sedare
931 2574 1197 2627 hactenus
1235 2566 1640 2638 nequivissent,
1697 2563 1829 2619 odio
1894 2563 1948 2617 in
2012 2562 2271 2632 utrisque

700 2677 894 2725 mutuo
923 2664 1305 2734 exstinguente
1340 2657 1705 2715 reverentiam
1739 2652 1953 2726 imperii
1989 2663 2045 2711 et
2073 2665 2269 2710 contu-

693 2766 923 2819 maciam
957 2761 1114 2815 iratis
1144 2753 1498 2811 inﬂexibilem
1531 2751 1772 2807 amante.
1798 2750 1962 2806 istius
1988 2757 2271 2803 contuma-

690 2861 790 2916 cia:
817 2856 1058 2929 primum
1100 2862 1157 2907 et
1197 2848 1439 2905 maxime
1470 2847 1768 2902 molestum
1828 2845 1884 2900 in
1918 2857 2117 2914 magno
2148 2845 2269 2912 ipso

690 2955 829 3007 duce
869 2946 1148 3017 specimen
1198 2941 1473 2998 exstabat.
1526 2938 1663 2992 Nam
1702 2952 1830 2991 curn
1863 2950 2003 2992 eum
2022 2937 2135 3006 jam
2174 2934 2271 2989 ad-

692 3044 799 3098 huc
826 3041 1109 3112 degentem
1146 3034 1401 3104 Mitylene
1430 3031 1577 3103 (quo
1605 3040 1851 3099 tempore
1878 3026 2173 3098 Magnesia
2198 3027 2268 3082 ab

690 3135 787 3190 illo
817 3129 1055 3187 defectio
1089 3123 1344 3195 contigit)
1375 3123 1622 3193 praecisis
1654 3121 1749 3176 sed
1784 3120 1957 3176 irritis
1993 3117 2267 3174 mandatis

2373 2010 2595 2074 πάντως
2625 2009 2723 2063 καὶ
2752 2008 2854 2079 τὴν
2891 2004 2987 2060 τοῦ
3009 2003 3148 2059 Θεοῦ
3204 2001 3470 2074 πρόνοιαν
3500 1995 3835 2075 ἀκριδὼσει,
3856 1991 3944 2047 καὶ

2370 2096 2570 2172 δεῖγμα
2602 2101 2705 2172 τῆς
2738 2100 2877 2171 πρὸς
2920 2098 3071 2170 ἡμᾶς
3122 2094 3453 2174 κηδεμονίας
3492 2091 3588 2146 τοῦ
3631 2086 3942 2159 Κρείττονος

2373 2197 2655 2267 παραστῇ.
2682 2195 2922 2258 Νεανίας
2943 2209 3030 2255 τις
3064 2191 3173 2245 ἀνὰ
3196 2189 3298 2260 τὴν
3324 2183 3747 2243 Κωνσταντίνου
3770 2177 3944 2248 κωφός

2370 2307 2430 2344 τε
2479 2291 2574 2344 καὶ
2624 2290 2780 2352 tm;-
2831 2286 2925 2340 ἰπὶ
2982 2284 3198 2357 χρόνοις
3231 2278 3300 2355 ἦν
3350 2280 3457 2335 οὐκ
3483 2278 3715 2348 ὀλίγοις,
3772 2273 3866 2329 καὶ
3890 2271 3945 2325 sb

2370 2472 2716 2532 conveniunt
2774 2468 2933 2527 missi
2972 2468 3056 2524 'ab
3101 2468 3455 2540 imperatore,
3519 2461 3617 2533 qui
3652 2456 3944 2516 numerata

2369 2569 2506 2639 ipsis
2553 2565 2794 2638 pecunia
2849 2578 2960 2633 non
3017 2562 3233 2619 modica
3276 2560 3534 2632 juberent
3569 2550 3946 2615 redire..unde

2368 2663 2647 2732 fugerant.
2680 2674 2744 2715 ac
2774 2659 2931 2736 signa
2967 2661 3237 2727 repetere.
3269 2653 3341 2709 At
3375 2653 3459 2707 illi
3481 2652 3563 2707 sic
3595 2645 3775 2720 parati
3797 2648 3944 2736 erant

2368 2755 2590 2820 animis,
2621 2759 2680 2808 ut
2722 2759 2957 2807 mortem
2985 2751 3141 2806 obire
3182 2748 3413 2803 mallent
3450 2760 3613 2818 quam
3648 2741 3759 2797 sub
3803 2735 3944 2794 exosi

2366 2858 2424 2904 et
2459 2847 2663 2902 irritati
2699 2846 2861 2901 ducis
2904 2835 3197 2915 imperium
3235 2841 3444 2897 redire.
3478 2838 3708 2893 Interim
3736 2828 3942 2888 occasio

2368 2941 2478 2999 illis
2509 2941 2590 2997 rei
2622 2940 2763 2997 bene
2785 2938 3040 3012 gerendae
3075 2936 3257 2992 oblata
3298 2941 3403 3000 est,
3439 2921 3866 3005 quadam'forte
3891 2921 3941 2977 in

2368 3036 2479 3092 illis
2507 3034 2755 3106 partibus
2794 3039 3093 3104 apparente
3119 3028 3416 3085 Persarum
3456 3038 3643 3085 manu,
3676 3018 3819 3076 satis
3861 3012 3941 3068 illa

2366 3127 2588 3199 quidem
2626 3125 2831 3190 valida,
2860 3131 3264 3192 nongentorum
3296 3119 3550 3175 videlicet
3570 3119 3939 3171 armatorum;

694 3232 943 3281 avertere
976 3226 1243 3275 tentasset
1294 3232 1325 3270 a
1378 3212 1609 3269 consilio
1663 3212 1849 3267 statim
1890 3218 2262 3281 oppugnatum

2369 3223 2457 3276 cui
2488 3234 2611 3276 cum
2642 3217 2804 3274 Alani
2834 3224 3214 3277 occurrerent,
3238 3214 3385 3267 haud
3416 3224 3610 3266 omnes
3633 3205 3806 3264 simul
3829 3202 3945 3258 adc-

650 3294 653 3297 ‘
690 3313 856 3373 eundi
907 3307 1336 3380 Magnesienses,
1378 3318 1615 3373 cumque
1650 3317 1718 3358 ex
1756 3317 1868 3373 quo
1902 3270 2339 3355 intellexissetc

685 3409 801 3479 jam
833 3403 1064 3459 eundem
1093 3397 1350 3454 obsidere
1381 3393 1737 3464 Magnesiam,
1782 3408 1889 3448 non
1934 3393 2117 3447 minus
2149 3392 2273 3445 inu-

690 3498 777 3555 tili
825 3503 1027 3565 conatu
1080 3489 1365 3545 retrahere
1393 3487 1571 3555 ipsum
1613 3502 1643 3539 a
1683 3484 1779 3539 tali
1810 3494 1991 3556 coepto
2031 3482 2272 3553 sategis-

692 3597 801 3655 set,
858 3599 1025 3658 quam
1058 3589 1272 3654 poterat
1326 3578 1707 3637 efﬁcacissime
1766 3579 2044 3648 imperans
2096 3586 2155 3632 ut
2201 3591 2270 3633 eo

693 3680 1083 3751 intempestivo
1141 3677 1314 3732 dilato
1350 3675 1493 3730 bello
1550 3672 1837 3727 universas
1890 3687 2031 3741 quas
2080 3685 2268 3726 secum

695 3775 931 3831 habebat
969 3770 1159 3841 copias
1213 3766 1448 3837 trajectu
1483 3764 1775 3822 confestim
1831 3764 1994 3831 mari,
2024 3763 2271 3819 duceret

694 3873 747 3923 in
788 3875 997 3924 tractus
1044 3861 1318 3919 Occiduos
1368 3862 1434 3915 ad
1478 3862 1864 3930 imperatorem
1918 3857 2268 3924 Miclraelem,

694 3954 1690 4031 allegansMagnesienses,utcunque
1742 3952 1900 4007 aliter
1926 3959 2270 4021 peccassent,
2331 3970 2336 3975 υ

691 4061 944 4123 perstare
972 4062 1151 4105 tamen
1186 4050 1237 4102 in
1268 4047 1610 4117 professione
1635 4042 2021 4100 submissionis
2057 4043 2123 4098 ad
2163 4043 2268 4096 im-

690 4144 906 4216 perium
947 4150 1001 4197 et
1040 4141 1288 4211 quotidie
1341 4139 1608 4207 Augustis
1662 4148 1776 4190 suae
1829 4135 1885 4189 in
1924 4149 2020 4189 eos
2073 4132 2272 4190 obser-

689 4237 891 4291 rentia!
942 4233 1215 4288 indicibus
1264 4226 1765 4286 acclamationibus
1832 4226 1973 4281 bene
2030 4222 2269 4303 precari,

693 4333 816 4402 ejus
872 4344 1033 4399 porro
1087 4325 1235 4396 quod
1279 4338 1565 4394 perperam
1608 4324 1873 4392 egissent,
1908 4318 2271 4373 commodiori

694 4440 856 4496 posse
887 4435 1132 4491 tempore
1166 4418 1235 4472 ab
1260 4416 1395 4487 ipsis
1425 4427 1618 4485 poenas
1644 4414 1842 4483 repeti,
1862 4412 1998 4478 lucc,
2020 4411 2269 4481 inquam,

694 4514 1045 4573 Andronicus
1102 4510 1229 4567 duci
1268 4522 1485 4579 magno.
1529 4507 1659 4561 licet
1719 4505 2122 4561 instantissime
2169 4504 2277 4559 itea

2372 3322 2499 3370 rant
2530 3311 2627 3369 sed
2658 3309 2885 3367 ducenti
2922 3310 3210 3372 duntaxat,
3236 3306 3359 3361 aliis
3399 3301 3695 3364 trecentis,
3728 3315 3792 3354 ex
3840 3308 3941 3367 quo

2372 3421 2403 3461 a
2438 3404 2643 3463 castris
2676 3410 3045 3467 recesserant,
3082 3400 3289 3457 dudum
3335 3398 3490 3454 varie
3522 3394 3815 3465 dispersis.
3847 3389 3947 3445 Ta-

2371 3510 2500 3574 men
2530 3495 2606 3551 ita
2639 3493 2860 3551 fortiter
2897 3492 2952 3548 in
2989 3491 3190 3549 Persas
3223 3490 3613 3556 incurrerunt,
3646 3499 3717 3543 tut
3751 3485 3948 3542 multos

2372 3572 2565 3644 eorum
2608 3586 3009 3651 interﬁcerent,
3053 3587 3300 3656 reliquos
3336 3572 3613 3656 rogarent,
3641 3591 3697 3635 et
3744 3577 3945 3650 fugaci-

2371 3682 2478 3740 bus
2539 3683 2800 3739 instando
2842 3682 3116 3754 plurimos
3161 3695 3364 3744 eorum
3400 3687 3684 3748 caperent,
3737 3677 3947 3754 nemine

2371 3787 2602 3830 suorum
2637 3783 2733 3828 aut
2762 3751 3075 3830 desiderato
3124 3780 3221 3827 aut
3258 3772 3500 3843 graviter
3527 3751 3763 3826 saucio;

2372 3910 2463 3977 52.
2491 3909 2807 3982 Prodigium
2822 3917 3092 3979 patratum
3114 3925 3148 3962 a
3167 3920 3352 3963 sancta
3377 3920 3610 3981 martyre
3633 3908 3947 3965 Theodosia.

2446 4047 2592 4103 inter
2620 4048 2736 4102 haec
2767 4054 3143 4119 perpetratum
3167 4054 3250 4102 est
3287 4055 3665 4118 prodigiosum
3706 4050 3947 4105 miracu-

2372 4142 2486 4197 lum
2540 4140 2747 4199 sancta:
2796 4143 3058 4212 martyris
3106 4121 3453 4196 Theodosia.
3505 4141 3662 4208 Quod
3698 4143 3950 4213 equidem

2374 4235 2573 4289 horum
2637 4233 2925 4288 historiam
2982 4243 3292 4303 temporum
3329 4235 3547 4289 tradere
3591 4235 3945 4306 litteris-pro-

2373 4326 2581 4391 fessus,
2604 4325 2749 4381 haud
2768 4327 2905 4381 citra
2932 4325 3239 4397 periculum
3270 4330 3724 4400 reprehensionis
3740 4340 3795 4385 et
3814 4327 3949 4384 inol‘o

2372 4419 2551 4477 ﬂciosi
2606 4421 2827 4490 culpam
2873 4419 3107 4486 silentii,
3137 4420 3399 4477 distincte
3443 4423 3544 4476 hoc
3580 4424 3703 4478 loco
3748 4426 3951 4480 referre

2374 4516 2708 4579 amitterem,
2757 4513 2951 4583 utique
2986 4528 3112 4569 cum
3142 4514 3237 4569 Dei
3267 4530 3436 4585 opera
3466 4518 3678 4587 vulgari
3712 4528 3768 4574 et
3815 4519 3951 4575 scri-

695 4626 846 4673 rans,
880 4608 1050 4664 surdo
1086 4604 1344 4667 canebal,
1375 4600 1513 4655 adeo
1538 4598 1759 4669 quidem
1794 4597 2086 4654 obﬁrmato
2105 4596 2271 4670 452
2305 4632 2347 4686 ι)
2377 4605 2484 4675 ptis
2516 4603 2972 4674 sermonibusque
3003 4605 3270 4660 celebrari
3304 4606 3465 4676 digna
3496 4608 3630 4673 sint,
3672 4623 3774 4665 nec
3805 4610 3952 4664 frau-

695 4708 751 4759 in
786 4702 1071 4774 proposito
1106 4697 1523 4769 Magnesienses
1554 4693 1880 4753 ulciscendi,
1910 4702 1971 4746 ut
2009 4707 2140 4747 suas
2169 4707 2268 4747 co-

696 4799 814 4869 pias
840 4796 906 4849 ad
941 4793 996 4848 id
1030 4790 1422 4847 insuflicientes
1470 4786 1845 4857 deprehensas
1875 4786 2031 4859 novis
2065 4784 2268 4841 Roma-

670 4877 887 4941 norum
916 4883 1221 4938 delectibus
1246 4885 1492 4949 augeret,
1523 4879 1856 4946 omninoque
1888 4892 1996 4947 prae
2018 4892 2077 4932 se
2102 4876 2272 4933 ferret

692 4998 774 5045 se,
828 4978 932 5033 nisi
978 4975 1155 5030 deleta
1205 4973 1296 5027 illa
1356 4972 1459 5025 sibi
1514 4971 1701 5025 rebelli
1754 4976 1912 5034 urbe,
1957 4971 2099 5028 haud
2134 4972 2272 5027 velle

693 5075 899 5125 vivere.
942 5064 1148 5122 Verum
1199 5064 1308 5120 illis
1340 5079 1481 5132 quos
1530 5064 1643 5118 iilic
1702 5062 1807 5118 sub
1836 5066 2010 5135 signis
2035 5065 2270 5120 habebat

697 5163 910 5227 Alanis,
960 5160 1191 5213 subinde
1244 5156 1631 5227 reputantibus
1690 5157 1816 5225 quid
1875 5159 2058 5228 Cyzici
2121 5160 2267 5226 passi

695 5264 904 5319 essent,
937 5253 1163 5307 minime
1191 5250 1483 5320 placebant
1518 5266 1641 5318 qua:
1673 5258 1806 5305 tunc
1838 5252 2051 5306 fierent.
2091 5251 2272 5318 Quare

696 5350 750 5404 hi
780 5355 940 5417 capto
965 5353 1207 5413 tempore
1244 5356 1438 5395 omnes
1471 5342 1657 5405 simul,
1694 5358 1927 5396 numero
1960 5342 2268 5412 quingenti,

697 5456 727 5495 a
755 5438 955 5494 castris
988 5435 1171 5505 magni
1200 5434 1358 5490 ducis
1391 5434 1606 5502 iniussu
1634 5434 1871 5499 abeunt;
1898 5445 1951 5488 et
1976 5436 2268 5503 desperata

697 5534 961 5590 facultate
996 5530 1304 5599 trajiciendi
1349 5529 1472 5583 freti
1508 5530 1570 5583 ad
1609 5527 1944 5598 Callipolim,
1975 5532 2169 5597 sicque
2214 5530 2267 5583 in

696 5640 826 5683 suas
870 5624 1113 5694 ipsorum
1150 5630 1325 5680 tetras
1380 5620 1691 5687 recedendi,
1740 5622 1879 5689 vagi,
1933 5621 2268 5677 stationibus

694 5717 888 5772 crebro
916 5714 1216 5779 mutandis,
1269 5714 1378 5769 huc
1413 5713 1651 5784 illucque
1688 5713 2027 5768 ferebantur.
2073 5715 2149 5768 Eo
2183 5715 2269 5768 in-

694 5820 845 5866 certo
897 5824 1063 5864 cursu
1116 5808 1305 5878 perlati
1373 5806 1439 5859 ad
1488 5805 1745 5859 viciniam
1797 5804 2063 5875 Pegarum
2115 5817 2269 5865 certo

695 5908 815 5964 loco
850 5911 1002 5958 extra
1053 5900 1312 5973 oppidum
1374 5901 1730 5956 tabernacula
1792 5900 1979 5955 ﬁxere.
2031 5902 2145 5957 illic
2171 5919 2273 5959 eos

2374 4699 2557 4753 danda
2598 4699 2896 4767 posteritas
2966 4700 3043 4754 rei
3098 4698 3290 4753 notitia
3342 4700 3655 4756 utilissimae
3703 4704 3947 4771 cognitu,

2374 4805 2536 4861 quam
2575 4790 2678 4845 nisi
2711 4792 2926 4844 audiret
2956 4805 3041 4845 me
3096 4800 3374 4856 narrante,
3416 4792 3749 4849 detrimento
3773 4793 3951 4849 allice-

2373 4892 2525 4937 retur
2548 4882 2693 4934 haud
2719 4879 2959 4934 modico.
2996 4879 3197 4933 Eadem
3231 4896 3396 4950 porro
3424 4884 3773 4952 promulgata
3797 4893 3949 4939 certo

2372 4976 2776 5030 demonstrabit
2808 4980 3135 5041 argumento
3158 4972 3321 5045 453
3350 4975 3636 5046 invigilare
3663 4978 3828 5034 rebus
3854 4981 3949 5033 hu-

2376 5062 2555 5117 manis
2609 5063 3010 5132 providentiam
3068 5064 3331 5129 divinam,
3375 5081 3586 5135 nosque
3641 5066 3751 5123 Deo
3800 5085 3948 5125 cura

2372 5171 2517 5222 esse,
2570 5157 2828 5225 praasenti
2862 5159 3019 5226 quasi
3055 5158 3288 5227 pignore
3334 5158 3495 5214 ﬁdem
3534 5157 3951 5218 faciet.Adole-

2372 5265 2535 5306 scens
2570 5250 2793 5320 quidam
2848 5248 3326 5321 Constantiimpoli
3373 5253 3579 5308 surdus
3624 5256 3788 5310 annis
3839 5270 3943 5310 non

2372 5345 2563 5414 paucis
2596 5353 2652 5398 et
2687 5354 2871 5399 mutus
2902 5343 3039 5410 iuit;
3071 5360 3177 5414 qua
3205 5345 3319 5415 ipsa
3351 5347 3569 5402 miseria
3603 5350 3806 5402 victum
3836 5349 3942 5403 alia

2373 5436 2479 5490 sibi
2534 5435 2747 5490 ratione
2796 5448 2990 5504 parare
3027 5436 3361 5506 prohibitus,
3389 5438 3641 5494 mercede
3678 5439 3943 5495 famulans

2374 5529 2677 5590 victitabat,
2708 5528 2874 5596 idque
2903 5544 3010 5583 non
3062 5530 3204 5600 apud
3239 5548 3407 5585 unum
3453 5547 3781 5603 permanens
3808 5547 3942 5589 con-

2374 5632 2605 5688 stanter,
2647 5621 2744 5676 scd
2797 5623 3029 5679 subinde
3079 5636 3299 5682 mutans
3338 5626 3617 5685 dominos.
3644 5627 3868 5685 Locavit
3896 5628 3942 5685 is

2375 5715 2519 5771 inter
2576 5716 2745 5769 alios
2780 5731 3008 5785 operam
3070 5718 3289 5773 cuidam
3364 5720 3642 5791 Pegonitaa
3698 5723 3936 5791 nomine,

2372 5804 2621 5873 proxime
2659 5806 3018 5875 conspicuum
3063 5810 3324 5877 templum
3360 5788 3784 5883 Dci'prazconum
3810 5788 3938 5884 apo-

2373 5898 2641 5955 stolorum
2676 5899 2964 5956 habitanti.
2992 5901 3145 5972 Apud
3179 5903 3324 5960 hunc
3361 5915 3512 5960 muto
3549 5908 3737 5974 iuvem
3759 5914 3935 5969 diver-
