4094 6280
243 389 352 450 497

1172 398 1273 460 DE
1308 400 1403 460 AN
1416 397 1746 460 DRONILO
1786 398 2247 463 PALEOLOGO
2285 400 2434 464 LIB.
2475 401 2548 464 V.

3386 392 3494 461 £98

229 503 409 566 πάθος
449 519 550 559 και
601 505 767 560 αὑτὸν
801 509 909 564 τῶν
941 511 1076 583 πρὸς
1115 512 1178 565 τδ
1212 513 1312 585 ζῇν
1353 513 1663 584 ἀποροῦντα
1715 513 1811 584 θη·
1839 514 1886 575 Δ
1916 517 2013 572 καὶ
2044 517 2269 582 ἐίκαίως
2326 513 2481 582 οὗτος
2536 515 2720 572 ὶπόνει
2775 513 2871 569 καὶ
2918 512 3290 584 ἐδυσχέραινε.
3339 513 3498 569 Μετὰ

223 593 406 658 τείαις
441 598 640 663 ἐδίδου,
695 601 768 654 δι’
798 594 874 656 ὧν
906 603 1275 675 ὶπολυωρείτο
1315 609 1439 669 ,τοῖς
1463 606 1802 674 ἀναγκαίοις,

223 686 334 742 κᾶν
370 688 448 760 μὴ
487 689 717 762 μόνιμος
755 687 822 764 ἦν
853 693 953 764 τὴν
983 696 1073 764 ἐφ’
1131 698 1213 752 ἑνὶ
1259 697 1496 771 δεσπότῃ
1554 698 1802 766 Θητείαν,

223 780 366 837 ἀλλὰ
414 785 544 847 τοὺς
576 785 844 850 δεσπότας
889 788 1192 844 ἀλλάττων.
1244 789 1479 860 Θητεύει
1499 790 1632 860 γοῦν
1667 789 1806 860 πρὸς

224 879 340 940 τοῖς
369 877 581 945 λοιποῖς
629 881 722 933 καί
756 898 863 936 τινι
890 883 1186 956 Πηγωνίτῃ
1227 884 1490 954 τοῦνομα,
1515 883 1612 939 τοῦ
1641 899 1805 954 περι-

223 969 432 1037 φανοῦς
458 988 561 1025 που
610 975 718 1028 νεὼ
746 977 856 1029 τῶν
896 975 1250 1048 Θεοκηρύκων
1293 980 1523 1048 ἔγγιστα
1561 978 1806 1047 καταμέ-

223 1077 401 1118 νοντι.-
447 1065 637 1137 Τούτῳ
696 1069 820 1122 κατ’
874 1069 1009 1141 δναρ
1047 1072 1081 1140 ἠ
1127 1072 1340 1142 μάρτυς
1380 1071 1671 1142 ἐφίσταται
1711 1071 1808 1124 καὶ

223 1157 524 1227 παρθένος,
564 1161 660 1214 καὶ
707 1162 808 1231 τὴν
855 1164 993 1231 πρὸς
1050 1164 1143 1217 τὸν
1172 1181 1309 1218 νεων
1341 1164 1560 1227 πάντως
1590 1163 1807 1233 ἐκείνης

223 1250 326 1303 σὺν
353 1251 510 1322 κηρῷ
537 1269 598 1305 τε
625 1254 722 1308 καὶ
753 1254 1065 1327 θυμιάματι
1101 1257 1469 1328 παραγγέλλει
1497 1257 1702 1326 ἄφιξιν.
1748 1257 1807 1308 '0

222 1341 270 1395 δ’
295 1343 598 1415 ἐγείρεται,
622 1347 714 1402 καὶ
737 1348 978 1419 σχήματι
1015 1349 1164 1420 μόνῳ
1210 1348 1570 1421 προσῃτηκὼς
1606 1349 1675 1404 τά
1703 1351 1808 1415 άγ-

225 1433 512 1499 γελθέντα,
528 1437 624 1490 καὶ
646 1436 826 1491 λαϐὼν
853 1437 1140 1504 ξυνιέντων
1161 1441 1269 1494 τῶν
1288 1431 1618 1504 ἀκουόντων,
1639 1456 1808 1509 προσ-

223 1527 416 1598 τρέχει
442 1528 523 1600 τῷ
552 1530 667 1603 ναῷ
699 1531 795 1586 καὶ
823 1533 911 1600 ἐφ’
938 1531 1109 1603 ίκανῷ
1137 1535 1448 1600 ποτνιᾶται,
1475 1533 1571 1585 καὶ
1599 1532 1678 1602 τῷ
1707 1531 1808 1601 τῆς

224 1621 566 1689 φωταγωγοῦ
593 1621 762 1693 ἐλαίῳ
796 1623 1066 1694 χρισθεὶς,
1106 1623 1288 1679 πεσὼν
1337 1624 1446 1678 ὑπὸ
1469 1622 1637 1688 πόδας
1666 1620 1812 1679 κατὰ

1910 609 2115 682 πολὶὴν
2173 611 2230 664 δὲ
2278 614 2474 682 πεῖραν
2523 609 2618 665 τοῦ
2662 609 2833 680 πυρὸς
2889 606 3054 679 μηδὲν
3100 607 3494 675 ὑπακούοντος,
3553 650 3555 652 .

1915 702 2226 776 μετεϐλήθη
2253 704 2315 758 τὺ
2349 698 2539 773 ἆσθμα
2579 703 2660 764 είς
2699 701 2892 769 λόγους
2920 702 3014 754 καὶ
3050 701 3239 769 φωνὴν
3287 694 3493 769 ὲκρὴσ-

1912 812 1996 850 σει
2017 812 2032 828 ο
2055 798 2260 866 ἀρᾶται
2283 795 2391 866 γὰρ
2421 798 2488 866 τῇ
2517 795 2694 871 ἑστίᾳ,
2717 794 2920 864 ἀρᾶται
2947 793 3020 863 μή
3055 808 3184 846 ποτε
3216 791 3495 860 ὑπανάψαι

1913 888 2048 959 μηδὲ
2079 889 2254 960 φλόγα
2280 889 2341 942 τὸ
2367 889 2588 942 σύνολον
2616 889 2862 957 ποιῆσαι,
2898 885 3040 957 μέγα
3073 885 3210 956 βοῶν
3235 888 3298 938 ὲκ
3325 883 3495 955 βαρύ-

1908 993 2124 1052 τητος.’
2160 985 2226 1036 Ὃ
2271 982 2359 1052 δὴ,
2409 981 2487 1046 ὡς
2545 982 2712 1046 είκὸς,
2746 981 2873 1042 τοὺς
2909 980 3002 1032 ἐπὶ
3033 979 3132 1048 τῆς
3182 979 3361 1041 οίκίας
3391 979 3494 1032 οὐκ

1909 1074 2124 1130 ἔλαθεν.
2157 1076 2348 1146 Ὅμως
2397 1074 2440 1128 δ’
2470 1074 2812 1137 ἀκούσαντες
2854 1073 3270 1142 ἐξεπλήττοντο,
3306 1071 3493 1140 σφίσιν

1910 1169 2126 1232 ἑαυτοῖς
2157 1156 2594 1232 διαπιστοῦντες,
2631 1167 2723 1220 καὶ
2748 1167 2894 1220 δυοῐν
2919 1165 3218 1238 ἡγούμενοι
3241 1162 3492 1232 θάτερον,

1910 1260 1942 1331 ἦ
1978 1261 2039 1314 τὸ
2069 1260 2180 1333 πῦρ
2213 1261 2315 1328 τὴν
2348 1259 2532 1330 φωνὴν
2566 1261 2775 1312 ἀνεῖναι
2806 1258 2838 1327 ἢ
2877 1255 2986 1327 μὴν
3017 1255 3110 1310 τδν
3138 1255 3276 1318 τέως
3309 1257 3495 1323 κωφὸν

1910 1353 2002 1406 καὶ
2024 1351 2082 1405 δν
2111 1350 2211 1406 οὐκ
2243 1351 2442 1425 ᾔδεσαν
2471 1350 2656 1424 φωνήν
2708 1368 2838 1405 ποτε
2874 1351 3224 1420 προϊέμενον.
3294 1348 3386 1412 Ὦς
3438 1347 3494 1401 δὲ

1910 1443 2197 1516 πόρρωθεν
2235 1442 2542 1512 φωνοῦντες
2573 1443 2858 1514 ἀνέκρινον
2917 1441 3064 1506 τίνος
3096 1440 3130 1512 ἡ
3159 1439 3312 1509 φωνὴ
3349 1436 3491 1509 αὕτη

1909 1537 2006 1590 καὶ
2028 1536 2098 1592 τὰ
2127 1533 2460 1603 λαλούμενα,
2494 1537 2522 1590 ὁ
2556 1536 2736 1602 κωφὸς
2762 1533 2976 1597 ἀκούει,
3003 1534 3100 1586 καὶ
3127 1533 3254 1602 περὶ
3296 1529 3492 1584 ἑαυτοῦ

1915 1629 2206 1700 μαρτυρεῖ,
2253 1626 2331 1690 ὡς
2381 1627 2543 1689 αὐτὸς
2577 1626 2817 1690 ἀκούσας
2871 1623 3298 1696 ἀνακρινόντων,
3329 1621 3491 1684 αὐτὸς

223 1713 289 1764 τδ
311 1711 543 1784 σύνηθες
593 1715 781 1784 ἱκέτης
814 1720 880 1787 τῇ
922 1719 1162 1788 μάρτυρι
1193 1717 1426 1785 γίνεται.
1473 1715 1810 1781 Ἐπαναζευ-
1907 1714 2093 1788 ἦνκαὶ
2121 1720 2150 1771 ὁ
2180 1717 2256 1789 τῷ
2283 1718 2416 1790 πυρὶ
2467 1717 2582 1790 ἰδίῳ
2624 1716 3046 1789 ἐπαρασάμενος
3088 1715 3340 1782 στόματι.
3387 1713 3496 1768 Καὶ

223 1805 364 1873 γνῖις
379 1804 437 1862 δ’
474 1808 684 1877 ἐκεῖθεν
713 1808 860 1876 εδοξε
900 1809 963 1863 τὸ
988 1804 1083 1873 οῦς
1114 1809 1472 1881 ἐνοχλεῖσθαι.
1536 1808 1807 1872 Πολλάκις
1840 1859 1880 1884 Β
1911 1809 2074 1876 εὐθὺς
2112 1812 2434 1876 ἐπιστάντες
2454 1811 2515 1868 τὸ
2547 1811 2774 1884 φρικτὸν
2795 1811 2971 1864 ἐκεῖνο
2998 1810 3163 1881 τέρας
3195 1806 3492 1862 κατανοοῦ-

224 1899 286 1953 δὲ
319 1901 611 1970 κνωμένου
635 1900 713 1971 τῷ
741 1902 948 1974 λιχανῷ
975 1901 1232 1956 ἐκπίπτει
1259 1901 1470 1956 ἐκεῖθεν
1493 1903 1712 1964 αὐτίκα,
1731 1901 1807 1963 ὡς

227 1992 429 2052 ἐδόκει,
454 1992 695 2062 ζωΰφιον
727 1994 967 2064 ἔμπνουν
992 2013 1052 2049 τε
1079 1995 1176 2050 καὶ
1207 1995 1536 2066 ὑπόπτερον,
1570 1995 1598 2048 δ
1626 1995 1692 2066 δὴ
1713 1993 1809 2051 καὶ

227 2085 526 2155 ἅφωμίνου
568 2085 624 2141 ὲν
646 2085 887 2155 θαύματι
913 2086 1009 2140 καὶ
1037 2087 1174 2157 πρὸς
1203 2087 1419 2156 ἄμυναν
1465 2087 1638 2152 ίόντος
1669 2088 1810 2156 ἄφα-

230 2177 320 2240 νδς
350 2177 698 2248 παραχρῆμα
733 2177 963 2245 γίνεται.
1003 2179 1195 2244 Ἔδοξε
1243 2178 1288 2233 δ’
1333 2179 1483 2247 ὅμως
1526 2179 1714 2249 ῥαῖσαι
1750 2176 1812 2233 τὸ

231 2270 555 2341 ἐμφωλεῦον
603 2271 690 2343 [Ρ.
727 2269 856 2342 5M]
891 2270 1086 2334 ἄλλως,
1147 2271 1246 2326 καὶ
1280 2273 1338 2324 ὲν
1394 2273 1660 2342 χρησταῖς
1690 2271 1811 2332 ταῖς

229 2363 448 2418 ιλπίσιν
480 2358 570 2435 ἦν.
619 2363 759 2416 Ἀλλ’
793 2363 1079 2432 ἐφίσταται
1127 2367 1193 2434 τῇ
1225 2364 1376 2435 οἰκίᾳ
1418 2365 1620 2433 ὁμοίως
1671 2364 1812 2433 ἔχων

232 2455 331 2508 καὶ
356 2453 516 2519 αὖθις
553 2451 648 2508 τοῦ
683 2455 910 2517 πάθους.
967 2455 1032 2508 Oi
1083 2455 1183 2526 μὲν
1211 2456 1286 2518 ὡς
1317 2457 1378 2508 τὸ
1403 2457 1576 2510 πάλαι
1605 2457 1666 2510 τὸ
1698 2455 1812 2526 πῦρ

233 2543 475 2602 διένευον
498 2545 860 2608 ὐπανάπτειν.
891 2547 1149 2618 φέροντες
1176 2546 1450 2617 ἄλευρα,.ό
1481 2547 1525 2599 δ’
1557 2547 1813 2616 ἐμπεσὼν

234 2637 418 2706 ἐφύσα
442 2637 661 2707 λιγέως.
694 2639 836 2692 Ἀλλ’
864 2639 990 2694 οὔτε
1023 2639 1156 2708 φλὸξ
1175 2635 1319 2711 ὦρτο
1337 2639 1460 2693 οὔτε
1491 2641 1600 2711 πῦρ
1628 2642 1814 2694 Θεσπι-

230 2731 361 2796 δαὶς
378 2733 526 2804 ίαχι,
556 2733 699 2788 κατὰ
723 2733 968 2806 ποίησιν,
991 2733 1151 2805 μόνος
1172 2733 1217 2787 δ’
1250 2733 1554 2804 ὑπετύφετο
1585 2734 1837 2800 καπνὸς,-

234 2911 384 2967 nanti
419 2918 610 2968 sancta
643 2921 852 2986 martyr
883 2924 942 2971 et
966 2915 1118 2987 virgo
1169 2931 1267 2988 per
1283 2932 1543 2972 somnum
1573 2933 1814 2991 superne

234 3000 514 3078 apparens
537 3023 597 3064 se
619 3008 842 3075 obtulit,
865 3025 1102 3079 eumque
1126 3012 1352 3067 omnino
1372 3013 1544 3083 jussit
1564 3013 1630 3070 ad
1655 3030 1811 3070 suam

233 3097 417 3166 ipsius
441 3113 659 3154 sacram
693 3098 862 3154 aedem
889 3114 1012 3155 cum
1043 3115 1169 3157 cera
1199 3111 1254 3156 et
1291 3104 1652 3174 thymiatuate
1682 3120 1816 3176 pro-

1913 1923 2019 1970 σιν,
2049 1905 2141 1959 τὸν
2174 1905 2332 1972 λόγον
2361 1920 2421 1958 τε
2459 1903 2806 1967 διεκδιδοῦσι,
2851 1904 2945 1958 καὶ
2979 1904 3147 1956 πᾶσιν
3185 1902 3495 1956 ἀνάπυστον

1911 1999 1972 2052 τὸ
2009 1997 2256 2069 πραχθὲν
2289 1997 2527 2067 γίνεται.
2566 1993 2698 2051 Εἶτα
2723 1999 2816 2050 καὶ
2867 1995 3004 2067 πρὸς
3038 1994 3265 2066 βασιλέα
3303 1994 3494 2063 φθάνει

1911 2091 1974 2144 τὸ
1999 2089 2212 2159 θαῦμα,
2235 2091 2330 2144 καὶ
2355 2089 2582 2160 φέρουσι
2612 2087 2744 2160 παρ’
2775 2089 2936 2142 αὑτὸν
2965 2087 3206 2159 ὁρισθὲν,
3231 2085 3498 2156 παρόντος

1913 2181 2008 2234 καὶ
2061 2182 2423 2252 πατριάρχου,
2481 2182 2574 2234 τόν
2605 2197 2737 2234 ποτε
2769 2179 2955 2250 κωφὸν
3007 2180 3102 2233 καὶ
3131 2179 3304 2244 ἐνεὸν,
3332 2177 3390 2239 ὃς
3430 2176 3498 2247 δὴ

1914 2275 2012 2328 καὶ
2037 2273 2392 2345 ἐρωτώμενος
2423 2273 2598 2344 ἀρχῆς
2622 2273 2718 2326 ἀπ’
2736 2271 2912 2343 ἄκρης
2939 2271 3000 2324 τὸ
3026 2273 3136 2323 πᾶν
3157 2269 3495 2338 ἐξαγγέλλει,

1913 2366 2075 2428 αὐτὸς
2104 2367 2289 2435 οἰκείῳ
2341 2365 2572 2436 στόματι
2617 2362 3001 2433 διηγούμενος.
3051 2360 3236 2413 Ταῦτα
3265 2358 3371 2430 ἄρα
3402 2358 3498 2411 καὶ

1918 2459 2085 2529 μηδὲν
2123 2458 2409 2530 κρίναντος
2457 2457 2664 2510 δίκαιον
2696 2455 2792 2509 τοῦ
2831 2453 3159 2526 κρατοῦντος
3192 2456 3317 2524 σιγῇ
3355 2470 3498 2524 παρ-

1914 2551 2091 2605 ελθεῖν
2137 2550 2198 2603 τὸ
2227 2551 2435 2621 δρᾶμα,
2494 2550 2768 2620 πάννυχος
2822 2549 2880 2617 ἔξ
2922 2548 3093 2620 αὐτῆς
3129 2549 3397 2618 παννυχὶς
3429 2547 3498 2619 τῇ

1919 2645 2157 2714 μάρτυρι
2183 2642 2580 2711 διαγγέλλεται,
2618 2643 2755 2713 μηδὲ
2793 2643 2961 2697 αὑτοῦ
2993 2641 3260 2712 βασιλέως
3287 2639 3500 2694 ἐκεῖθεν

1914 2736 2214 2802 λείποντος.
2251 2737 2469 2793 Μᾶλλον
2506 2737 2604 2809 μὲν
2638 2730 2732 2792 οῦν
2764 2736 2859 2791 καὶ
2892 2737 2985 2789 ἐπὶ
3033 2736 3195 2788 πλέον
3237 2727 3395 2798 οὗτος
3437 2731 3501 2787 τδ

1911 2918 2132 2990 juvenis
2161 2918 2513 2975 contumacia
2544 2917 2688 2986 ignis
2721 2917 2786 2972 ad
2811 2897 2920 2971 tam
2949 2914 3147 2969 crebro
3172 2911 3502 2981 iutenseqne

1915 3012 2129 3069 alllatos
2182 3025 2442 3068 susurros
2500 3009 2848 3081 persistentis
2902 3005 3081 3064 surdi.
3137 3003 3393 3074 spiritum
3443 3001 3500 3056 in

1914 3107 2085 3163 verba
2124 3114 2324 3170 mutat,
2348 3104 2702 3174 erumpitque
2733 3115 2896 3159 voces
2923 3099 3144 3172 penitus
3171 3103 3496 3167 conceptam

235 3189 434 3246 ﬁcisci.
487 3191 865 3260 Experrectus
900 3192 992 3250 ille
1035 3204 1172 3249 nutu
1204 3201 1259 3250 ct
1292 3207 1473 3268 gestu,
1513 3209 1679 3269 prout
1718 3215 1815 3269 ρο·
1841 3200 1886 3260 C
1917 3196 2054 3257 iram
2101 3203 2307 3258 usitata
2357 3201 2704 3257 declarantcs
2771 3196 3174 3263 indignantium
3237 3193 3498 3251 formula.

233 3284 364 3348 tuit,
420 3285 601 3340 visum
653 3287 911 3355 exposuit
960 3288 1300 3356 domesticis,
1334 3291 1408 3346 ita
1455 3303 1515 3348 ut
1553 3293 1689 3351 satis
1735 3295 1814 3350 illi

235 3375 626 3446 perciperent;
689 3393 862 3447 quare
912 3382 982 3436 ab
1039 3381 1106 3436 iis
1152 3384 1391 3454 acceptis
1444 3401 1567 3455 quae
1624 3397 1816 3443 sancta

234 3470 396 3538 virgo
437 3469 619 3524 fferri
653 3472 962 3534 mandarat,
1017 3486 1141 3527 cum
1182 3473 1268 3531 his
1303 3478 1548 3531 accurrit
1577 3477 1642 3531 ad
1675 3487 1817 3534 tem-

235 3562 415 3629 plum,
451 3563 672 3632 illicque
695 3572 780 3618 sat
809 3565 974 3636 longo
1010 3575 1301 3624 veneratus
1335 3568 1518 3623 divam
1551 3569 1730 3640 spatio
1762 3580 1818 3627 et

232 3657 366 3709 oleo
398 3655 667 3726 lampadis
696 3657 984 3721 inunctus,
1015 3659 1306 3728 procidens
1330 3663 1434 3718 sub
1464 3663 1632 3734 pedes
1657 3663 1815 3734 juxta

193 3745 208 3758 '
234 3763 473 3816 morem,
512 3734 733 3822 supplex
768 3753 996 3823 martyri
1036 3753 1117 3808 fit.
1142 3753 1274 3812 Inde
1298 3759 1590 3813 revertenti
1628 3760 1816 3816 nescio

233 3843 370 3913 quid
404 3844 631 3899 moleste
655 3847 938 3914 pruriebat
968 3847 1019 3901 in
1041 3849 1195 3904 auris
1226 3849 1442 3904 intimo.
1475 3849 1662 3917 Quare
1687 3868 1814 3908 cum

233 3933 474 3992 Subinde
499 3933 628 3989 illuc
652 3936 900 3993 immisso
927 3937 1108 3994 indice
1136 3953 1243 3993 non
1272 3950 1518 4010 parceret
1546 3943 1812 4012 scalpere,

233 4043 372 4084 ecce
425 4029 550 4083 inde
595 4029 1038 4100 inepinatissime
1086 4031 1291 4088 decidit
1327 4035 1501 4089 forma
1563 4037 1814 4106 quaedam

235 4120 462 4183 insecti,
493 4120 623 4184 vivi,
661 4128 720 4174 ut
758 4123 1080 4193 apparebat,
1117 4134 1172 4178 et
1209 4125 1312 4182 alis
1349 4127 1630 4184 instructi.
1659 4131 1814 4196 Quod

235 4227 364 4270 cum
404 4213 497 4267 ille
533 4214 818 4268 admirans
862 4223 1265 4272 contrectasset
1309 4219 1525 4290 cupide,
1568 4236 1634 4276 ac
1689 4238 1815 4278 mox

238 4307 535 4377 indulgens
584 4307 822 4362 naturali
859 4307 985 4363 odio
1044 4325 1155 4382 quo
1203 4309 1432 4366 ferimur
1488 4314 1541 4368 in
1591 4314 1813 4380 infesta,

238 4397 437 4452 ulcisci
477 4397 700 4452 noxiam
748 4396 1043 4453 bestiolam
1075 4400 1332 4468 elidendo
1387 4410 1626 4472 pararet,
1657 4403 1812 4470 illud,

1920 3294 2196 3350 Maledicit
2253 3293 2402 3350 enim
2468 3293 2611 3358 foco,
2647 3301 2700 3347 ct
2736 3306 2936 3360 magno
2975 3303 3040 3344 ex
3067 3287 3299 3343 allectus
3333 3286 3498 3341 vehe-

1919 3386 2126 3442 mentia
2171 3386 2434 3453 clamore,
2478 3403 2498 3436 ι
2549 3384 2840 3454 Nunquam
2895 3399 2961 3438 ex
3023 3391 3078 3436 te
3131 3380 3309 3451 possit
3360 3376 3498 3434 oriri

1917 3481 2157 3549 ﬂamma,
2187 3499 2205 3533 ι
2231 3495 2430 3535 sonore
2456 3477 2791 3549 pronuntiat.
2829 3476 3241 3549 Exauditaeum
3275 3484 3502 3542 stupore
3569 3538 3572 3542 I

1919 3572 2125 3642 ingenti
2143 3547 2183 3626 Va
2219 3547 2542 3627 domesticis
2566 3566 2891 3625 vociferatio
2913 3578 3020 3622 est.
3042 3547 3221 3637 Atque
3249 3565 3284 3616 ii
3323 3565 3500 3634 primo

1919 3663 2005 3721 vix
2043 3664 2330 3720 credentes
2370 3661 2600 3718 auribus
2649 3662 2882 3716 alterum
2919 3659 3156 3714 duorum
3192 3657 3500 3714 admitten-

1917 3757 2050 3813 dum
2085 3754 2398 3813 necessario
2443 3754 2729 3822 videbant,
2779 3763 2833 3808 ut
2886 3761 2981 3808 aut
3018 3752 3085 3806 ab
3136 3751 3257 3820 igne
3288 3757 3500 3819 prolata

1917 3865 2082 3923 quam
2113 3849 2406 3905 audierant
2436 3862 2535 3903 vox
2561 3855 2730 3908 esset,
2758 3857 2854 3900 aut
2879 3846 2950 3900 ab
2980 3860 3044 3900 eo
3078 3840 3367 3897 articulata
3405 3841 3502 3893 ho-

1921 3943 2068 3998 mine
2098 3958 2260 4010 quem
2305 3942 2407 4011 ipsi
2454 3951 2663 3994 mutnm
2696 3938 3016 3994 certissimo
3056 3943 3325 3991 hactenus
3371 3947 3501 3986 nos-

1919 4035 2235 4103 sent..Ergo
2263 4033 2452 4102 procul
2477 4033 2809 4087 inclamant:
2840 4049 2858 4082 ι
2881 4028 3055 4098 Cujus
3089 4029 3205 4082 haec
3237 4041 3340 4080 vox
3369 4035 3455 4079 est
3476 4023 3501 4075 ?

1918 4127 2044 4198 quis
2077 4126 2180 4182 ista
2214 4124 2534 4196 loquitur?»
2557 4123 2718 4178 Tunc
2740 4136 2868 4177 vero
2903 4121 2994 4192 qui
3031 4131 3216 4174 mutus
3251 4132 3375 4171 esse
3401 4116 3499 4169 de-

1918 4219 2112 4283 sierat,
2147 4219 2310 4274 etiam
2345 4234 2402 4272 se
2437 4231 2548 4271 non
2608 4215 2843 4286 amplius
2877 4213 3110 4270 surdum
3169 4226 3292 4266 esse
3323 4209 3502 4263 decla-

1921 4315 2103 4369 ravit:
2151 4312 2353 4367 auditis
2390 4312 2536 4366 enim
2585 4326 2706 4380 quae
2761 4326 2829 4366 ex
2885 4307 3178 4364 intervallo
3233 4303 3500 4360 inclama-

1921 4411 2141 4474 bantur,
2168 4416 2290 4477 apte
2316 4406 2847 4476 intelligibiliterque
2875 4403 3128 4474 reposuit
3148 4399 3403 4455 eumdem
3436 4411 3499 4452 se

237 4490 510 4596 quidquid
553 4501 689 4557 erat,
739 4492 1036 4548 confestim
1072 4509 1138 4548 ex
1170 4495 1349 4550 oculis
1378 4503 1623 4550 evanuit.
1656 4495 1815 4551 Sola-
1851 4505 2015 4602 uni
2070 4503 2264 4557 auditu
2321 4501 2660 4570 percepisset
2703 4514 2824 4568 quae
2877 4497 3098 4550 fuerant
3145 4492 3248 4562 ipsi
3300 4489 3495 4556 locuti,
3582 4515 3587 4519 -

237 4586 319 4640 tio
359 4594 546 4640 tamen
599 4585 702 4643 fuit
734 4587 880 4656 quod
919 4589 1268 4643 incommoda
1320 4590 1565 4660 prurigo,
1619 4607 1726 4659 qua
1763 4591 1816 4646 in

237 4677 604 4746 penitissimis
654 4678 917 4733 auriculae
947 4681 1200 4735 cavernis
1232 4681 1544 4750 importune
1580 4693 1817 4753 punctus

239 4770 405 4839 paulo
434 4767 586 4839 prius
622 4769 823 4833 fuerat,
855 4771 938 4826 vel
995 4773 1157 4843 plane
1209 4774 1482 4829 resedisse
1512 4774 1591 4828 vel
1619 4777 1818 4831 remis-

238 4862 356 4916 sius
396 4861 702 4929 inquietare
770 4864 1080 4920 videbat-ur.
1129 4864 1248 4932 Qua
1289 4868 1635 4936 experientia
1694 4869 1816 4938 ejus

237 4955 461 5008 animus
492 4955 729 5022 quodam
766 4964 998 5010 eventus
1026 4956 1292 5012 felicioris
1323 4960 1558 5028 augurio
1585 4959 1638 5012 in
1665 4974 1816 5028 spem

241 5048 414 5115 plena
449 5047 753 5101 curationis
779 5048 1144 5103 excitabatur.
1191 5048 1249 5102 in
1298 5049 1400 5104 hoc
1429 5031 1664 5121 gaudio;
1689 5067 1812 5106 sun

237 5143 346 5197 dus
407 5151 588 5195 tamen
638 5151 699 5196 ut
757 5140 929 5210 prius,
988 5145 1272 5213 ingressus
1307 5146 1535 5201 herilem
1592 5147 1816 5200 domum

236 5233 405 5307 454.
435 5235 761 5290 admonetur
791 5235 994 5306 quibus
1024 5236 1237 5291 solebat
1276 5237 1452 5307 signis
1479 5252 1510 5291 a
1559 5237 1818 5306 familiari

198 5327 549 5380 -miuisterio
585 5325 879 5395 praefectis,
945 5337 1004 5381 ut
1062 5326 1243 5396 ignem
1301 5330 1628 5384 accenderet
1689 5329 1815 5398 pani

237 5419 559 5489 coquendo:
593 5419 700 5485 iam
730 5423 877 5475 enim
905 5437 935 5474 a
969 5422 1176 5491 pistOre
1207 5421 1441 5477 farinam
1477 5422 1657 5477 afferri
1690 5438 1816 5477 mox

239 5512 295 5566 in
348 5527 588 5568 massam
637 5513 1020 5583 subigendam.
1086 5514 1180 5570 llle
1232 5516 1296 5570 ad
1335 5516 1515 5570 focum
1555 5516 1816 5572 advolans

241 5607 466 5673 parendi
489 5606 694 5672 studio,
723 5609 914 5676 pruni‘s
947 5608 1259 5662 insufllabat
1301 5609 1554 5664 stridule.
1588 5609 1693 5664 Sed
1718 5624 1820 5664 nec

237 5697 458 5752 flamma
480 5701 670 5764 micat,
695 5701 972 5768 crepitans
997 5717 1172 5772 neque
1199 5701 1628 5774 fulguratignis,
1658 5703 1816 5773 juxta

247 5793 478 5858 poesim,
515 5791 670 5847 solus
717 5807 776 5846 se
811 5793 980 5846 densa
1019 5796 1289 5864 glomerat
1319 5795 1554 5864 caligine
1601 5796 1811 5853 fumus.

253 5879 388 5934 Dum
427 5881 585 5938 labor
619 5883 700 5938 sic
732 5883 786 5938 in
819 5881 1043 5956 longum
1070 5887 1259 5942 irritus
1285 5889 1542 5957 trahitur,
1572 5888 1814 5944 offensus

1921 4599 2199 4644 auctorem
2249 4605 2471 4659 quoque
2504 4587 2657 4642 vocis
2713 4602 2837 4641 esse
2889 4585 3048 4656 cujus
3106 4592 3235 4637 ante
3297 4593 3494 4636 sonum

1922 4691 2232 4746 senserant,
2269 4698 2378 4752 qua
2408 4681 2692 4745 nimirum,
2729 4680 2824 4735 iraa
2852 4676 3190 4749 impatientia
3214 4685 3372 4736 aestu.
3397 4689 3495 4727 ore

1921 4791 1986 4833 ac
2015 4777 2200 4847 lingua
2238 4775 2476 4846 propriis
2522 4773 2647 4830 foco
2683 4773 3088 4830 maledixisset.
3149 4769 3298 4824 Illico
3328 4767 3496 4838 igitur

1920 4871 2173 4925 certatim
2209 4884 2402 4924 omnes
2429 4876 2786 4923 accurrentes
2818 4865 3194 4935 prodigiosum
3233 4861 3365 4916 illud
3395 4859 3499 4914 ml-

1923 4964 2166 5018 raculum
2223 4961 2587 5030 praesentibus
2645 4958 2947 5028 subjiciunt
2979 4956 3261 5020 sensibus,
3294 4968 3356 5007 ac
3399 4967 3496 5022 per

1922 5055 2171 5109 viciniam
2209 5055 2510 5121 urbemque
2551 5049 2834 5105 dill‘erunt.
2886 5045 3042 5102 Unde
3083 5055 3362 5099 momento
3410 5059 3496 5097 res

1921 5148 2138 5220 vulgata
2169 5147 2236 5201 ad
2281 5145 2637 5212 imperatoris
2672 5157 2895 5214 quoque
2933 5141 3184 5196 notitiam
3227 5138 3496 5208 pervenit.

1921 5222 2001 5294 Ad
2037 5241 2198 5302 hunc,
2227 5241 2309 5293 sic
2331 5239 2517 5294 statim
2542 5237 2660 5290 ﬁeri
2691 5235 3004 5308 jubentem,
3032 5241 3300 5303 praesente
3325 5231 3493 5284 etiam

1922 5334 2257 5403 patriarcha,
2311 5331 2532 5386 ducitur
2564 5331 2659 5401 qui
2693 5328 2889 5385 surdus
2942 5334 2997 5381 et
3056 5334 3239 5379 mutus
3297 5323 3492 5379 fuerat.

1922 5427 2085 5496 isque
2118 5425 2487 5495 interrogatus
2534 5440 2563 5478 a
2617 5423 2798 5492 primo
2854 5418 3016 5491 5.55
3052 5417 3322 5487 principio
3375 5431 3494 5471 retu

1925 5529 2118 5583 totam,
2168 5519 2242 5572 uti
2278 5518 2608 5587 contigerat,
2663 5531 2758 5570 ore
2793 5519 3016 5584 proprio
3051 5499 3320 5566 narravit.
3359 5508 3495 5564 Tam

1923 5611 2224 5666 mirabilem
2249 5616 2502 5665 eventum
2525 5610 2945 5678 haudquaquam
2971 5608 3251 5676 Augustus
3276 5617 3492 5670 aequum

1921 5720 2150 5760 censens
2186 5703 2406 5758 silentio
2436 5703 2630 5773 premi,
2664 5703 2775 5773 agit
2807 5703 2993 5756 statim
3030 5716 3150 5754 curn
3183 5699 3494 5768 patriarcha

1924 5807 1983 5852 ut
2018 5798 2357 5867 pervigilium
2390 5797 2570 5851 noctis
2599 5796 2789 5850 solida:
2845 5795 3066 5865 hymnis
3097 5800 3150 5848 et
3190 5792 3491 5863 gratiarum

1925 5889 2236 5946 actionibus
2265 5890 2407 5960 apud
2438 5888 2696 5960 templum
2730 5898 2932 5946 sanctae
2959 5884 3214 5958 Virginis,
3243 5883 3488 5938 miraculi
