4094 6280
672 343 779 446 sua

1861 383 2186 448 GEORGII
2226 383 2706 451 PACHYMERIE

3801 390 3899 456 5Ἱᾷ

675 497 882 566 στήσας
919 497 1010 550 ἐπὶ
1031 497 1210 568 τρισὶν
1239 496 1384 552 ἔτεσι
1413 497 1481 554 τᾶ
1513 498 1680 555 αὐτοῦ
1714 501 2034 572 συνθήματα
2066 520 2125 556 τε
2154 500 2248 555 καὶ
2277 501 2324 556 Δ
2351 501 2618 570 ποταμῶν
2693 503 2989 573 μεσόγαιον
3041 503 3147 559 ἀνὰ
3225 505 3523 578 Σάγγαριν,
3581 507 3901 570 Μεσονήσιον

674 587 886 657 νόμιμα
941 586 1391 659 ἁπαρεγχείρητα
1454 590 1635 658 μένειν
1683 592 1905 656 ἐντολὰς
1960 593 2130 645 ἐδίδου
2186 592 2248 646 τὸ
2352 588 2571 659 ἐτύμως
2601 589 3016 664 ὠνομασμένον,
3053 595 3141 665 ἐφ’
3173 586 3330 665 ᾧπερ
3358 599 3470 660 τοῖς
3512 597 3662 660 ἰδίοις
3687 599 3902 668 οἱκηθη-

675 677 920 741 ἑπίταδε,
970 673 1088 731 εἶτα
1139 681 1250 750 ἄρα
1283 681 1376 734 καὶ
1417 680 1588 746 δόξειε
1646 682 1892 750 γίνεσθαι
1921 683 2245 754 παρηγγύα.

675 768 838 823 Τοῦτ’
867 769 1174 825 ἅνάπυστον
1200 773 1440 840 γεγονὸς,
1495 773 1618 827 ἐπεὶ
1647 775 1740 829 καὶ
1771 777 1912 830 κατὰ
1947 780 2045 838 τὰς
2071 778 2250 849 ἄκρας

677 863 735 914 αἱ
763 865 974 931 γραφαὶ
1001 864 1315 934 διεδόθησαν
1339 867 1434 918 καὶ
1464 866 1492 920 ὁ
1513 867 1652 921 κατὰ
1678 868 1768 920 τὸν
1795 867 2051 934 Εὔξεινον
2064 869 2248 940 ἅρχων

677 953 1062 1025 Χουτλουχὰῐμ
1122 957 1287 1028 ἤκουε
1335 958 1397 1012 τὸ
1451 961 1749 1030 συμπεσὸν,
1806 961 2112 1030 διαδέχεται
2152 960 2251 1031 τὴν

678 1045 868 1114 φήμην
897 1046 924 1097 ὁ
971 1047 1347 1118 Σολυμάμπαξ
1403 1051 1640 1123 Πέρσης,
1677 1052 1736 1116 ὃς
1768 1054 1866 1107 καὶ
1901 1052 2150 1124 γαμὸρὸς
2181 1049 2252 1125 ἦν

678 1136 770 1191 ἐπὶ
801 1138 1031 1210 θυγατρὶ
1052 1141 1148 1194 τοῦ
1195 1143 1603 1215 Κουτζίμπαξι.
1661 1146 1771 1199 Καὶ
1809 1145 1953 1201 οὕτω
1985 1147 2252 1219 διαμηνυ-

678 1230 866 1294 θέντος
919 1231 1014 1287 τοῦ
1065 1235 1374 1306 συμϐάντος
1427 1237 1505 1308 τῷ
1533 1237 1763 1309 βασιλεῖ,
1801 1241 1832 1294 δ
1873 1238 1966 1294 τοῦ
1998 1241 2250 1307 Καζᾶνου

677 1321 908 1389 θάνατος
963 1329 1073 1392 τοῖς
1125 1330 1338 1383 ἐκείνου
1390 1330 1656 1403 πρέσϐεσι
1707 1334 1850 1388 κατὰ
1884 1335 2068 1400 πόλεις
2092 1335 2253 1403 δῆλος

675 1415 908 1484 γίνεται,
939 1420 1034 1479 καὶ
1066 1421 1126 1473 τὸ
1156 1421 1351 1487 πένθος
1381 1424 1567 1492 σφισιν
1605 1425 1824 1496 αἴρεται
1858 1427 2019 1498 μέγα.
2060 1429 2254 1497 Ὅμως

676 1504 735 1560 δὲ
768 1509 862 1563 καὶ
920 1511 1362 1578 παρακαλοῦνται
1424 1515 1688 1588 βασιλέως
1740 1519 2074 1588 πέμψαντος.
2105 1521 2255 1592 Πλὴν

676 1599 795 1653 ἀλλ’
836 1601 1125 1673 Ἀμούριος
1155 1606 1250 1658 καὶ
1278 1605 1452 1674 οὕτως
1485 1610 1976 1680 καθυπεστὲλλετο,
2007 1611 2107 1666 οὐκ
2136 1608 2255 1668 οἴδα

676 1693 787 1746 εἴτε
847 1695 935 1748 τὸν
982 1699 1090 1752 ἀπὸ
1122 1697 1217 1752 τοῦ
1263 1701 1613 1773 Χαρμπαντᾶ
1659 1704 1824 1775 φόϐον
1853 1705 1987 1774 (τὰς
2019 1705 2128 1776 γὰρ
2157 1706 2253 1761 τοῦ

674 1786 908 1855 ἀδελφοῦ
963 1790 1255 1855 συνθεσίας
1305 1795 1515 1860 ἐκεῖνος
1555 1800 1744 1869 τηρεῖν
1801 1798 2032 1869 ἢθελεν)
2064 1799 2145 1853 ἔτι
2177 1799 2253 1864 ὡς

676 1879 824 1942 εἰκὸς
853 1881 1226 1954 ὑφορώμενος,
1261 1890 1373 1942 εῐτε
1401 1888 1500 1960 τὴν
1527 1893 1635 1946 ἀπὸ
1661 1891 1933 1961 βασιλέως
1960 1893 2254 1964 εὐμένειαν

674 1979 1171 2048 προσποιούμενος,
1228 1982 1323 2036 καὶ
1375 1984 1600 2054 πέμψας
1638 1985 1758 2058 ᾔτει
1789 1986 2016 2057 βασιλέα
2049 1989 2113 2041 τδ
2146 1987 2257 2043 τῶν

677 2152 1042 2227 mirandaque
1066 2159 1079 2213 ἓ
1125 2158 1422 2217 Dictitabat
1451 2163 1591 2221 bene
1618 2180 1682 2222 ac
1711 2175 1899 2224 sancte
1933 2170 2258 2241 imperantis

677 2247 922 2306 hominis
950 2250 1212 2320 oiiicium,
1237 2254 1328 2310 Dei
1352 2259 1595 2327 supremi
1630 2265 1877 2318 omnium
1904 2262 2122 2319 Domini
2142 2266 2256 2323 aeri

674 2339 981 2399 aﬁ‘ectanda
1013 2345 1200 2400 studio
1226 2347 1535 2406 inuitatione
1567 2353 1864 2409 contineri.
1904 2353 2062 2410 Sicut
2107 2357 2255 2412 enim

677 2433 822 2501 apud
862 2435 1202 2493 conditorem
1240 2441 1627 2498 universorum
1686 2445 1983 2503 discrimen
2043 2447 2256 2504 nullum

675 2532 764 2580 est
793 2524 1022 2583 Romani
1056 2539 1151 2584 aut
1179 2529 1418 2602 Scythas,
1451 2532 1719 2592 Sarmatae
1748 2548 1842 2594 aut
1865 2539 2066 2606 Graeci,
2098 2556 2164 2597 ac
2187 2557 2260 2598 ne

672 2615 814 2685 justi
845 2619 1066 2689 quidem
1102 2621 1186 2676 vel
1235 2623 1454 2696 injusti,
1491 2629 1639 2697 quod
1674 2631 1940 2701 largiendi
1985 2633 2261 2701 profusio-

681 2710 806 2764 nem
835 2713 1054 2780 attinet,
1089 2718 1278 2786 utique
1305 2734 1429 2774 cum
1460 2720 1583 2790 eius
1612 2722 1825 2777 liberali
1877 2727 2053 2795 gratia
2101 2741 2260 2797 aeque

681 2801 738 2856 in
766 2817 956 2860 omnes
990 2807 1304 2863 communia
1337 2810 1604 2866 beneﬁcia
1659 2825 1994 2884 spargantur
2046 2818 2260 2888 pluvia-

678 2911 830 2962 rum,
895 2908 1315 2972 tempestatum,
1373 2904 1508 2961 solis
1553 2920 1738 2961 annuo
1785 2909 2064 2978 iungentis
2099 2927 2257 2985 gyro,

680 2989 801 3061 pari
837 3005 1057 3064 quoque
1093 2997 1312 3066 penitus
1367 2998 1624 3054 aﬂ‘cctum
1661 3000 2001 3072 indulgentia
2058 3003 2262 3060 debere

680 3084 1018 3157 principem,
1048 3099 1310 3158 przestare
1343 3104 1402 3146 se
1425 3089 1827 3150 indiﬁ'ereutem
1870 3096 2093 3152 cunctis
2127 3098 2261 3153 sub-

2353 680 2581 751 σόμενον
2633 685 2746 746 τοῖς
2801 683 2952 748 ιντὸς
3004 685 3248 741 οἰκοῦσιν
3298 690 3379 752 εἰς
3414 688 3664 759 φυλακὴν
3712 690 3900 745 κέοιτο.

2363 772 2525 826 Ἀλλὰ
2554 772 2660 828 τῶν
2690 775 2961 853 τοιούτων,
3005 777 3145 842 τέως
3176 777 3596 850 ἀνηρτημὲνων,
3623 781 3764 843 τινὲς
3805 781 3906 835 τῶν

2353 864 2560 919 ἐκείνου
2589 869 2711 921 κατ’
2745 869 3020 939 οὐλαμοὺς
3052 869 3390 936 διεκθέοντες
3423 872 3594 926 κακὸν
3622 872 3905 943 ἀπάντημα

2365 957 2660 1028 Ῥωμαίοις
2689 961 2772 1023 εἰς
2800 962 3072 1032 τρυγητὸν
3122 962 3326 1028 ἐξιοῦσι
3354 964 3464 1018 τῶν
3490 964 3909 1035 ἁτημελημένων

2355 1051 2655 1123 κτημάτων
2681 1052 2946 1120 ἐγίνοντο.
3004 1049 3188 1108 ’Ἦσαν
3219 1053 3329 1126 γὰρ
3365 1055 3618 1109 δντεῦθεν
3648 1057 3718 1110 τὰ
3754 1057 3913 1126 πρόσ-

2351 1160 2488 1215 τιμα
2510 1143 2618 1198 τῶν
2651 1146 2969 1202 ἑαλωκότων
2995 1146 3196 1220 φωρῶν
3224 1146 3490 1219 ἄντικρυς
3521 1149 3820 1219 πρόστιμα,
3865 1149 3914 1203 ει

2352 1237 2462 1308 γῆν
2489 1236 2558 1309 ῆν
2581 1237 2670 1294 διὰ
2692 1238 2907 1311 σπάθης
2934 1240 3242 1311 ἐκτήσαντο
3263 1242 3462 1295 ἐκεῖνοι
3484 1241 3704 1296 πατοϊεν
3735 1244 3826 1297 καὶ
3851 1243 3918 1297 τὰ

2356 1329 2543 1398 σφισιν
2570 1328 2636 1384 ἐκ
2693 1330 2936 1397 πολέμου
2981 1335 3375 1404 περιγεγονότα
3427 1333 3919 1405 καρπεξοιντο.Διά

2351 1437 2437 1474 τοι
2466 1420 2643 1476 ταῦτα
2665 1422 2764 1478 καὶ
2795 1424 3048 1496 μαχητὰς
3091 1425 3450 1497 μισθούμενοι
3479 1424 3760 1497 ἄνθρωποι
3793 1428 3921 1480 ἀπο-

2353 1513 2666 1585 τολμῶντες
2689 1515 2759 1570 ea
2791 1514 3070 1585 θαλάσσης
3101 1517 3270 1586 ἔγγὺς
3299 1516 3708 1590 ἐπιχειροῦντες
3737 1517 3920 1586 Sparte.

2356 1604 2502 1670 σθαι,
2523 1598 2584 1661 οὗ
2609 1609 2710 1680 μὲν
2727 1607 3027 1680 ηὐστόχουν
3050 1612 3144 1665 καὶ
3160 1611 3578 1685 ἀπεκὲρδαινον,
3607 1611 3677 1665 τὰ
3699 1612 3920 1666 πλεῖστα

2355 1696 2402 1751 δ’
2427 1699 2758 1769 ἑσφάλλοντο
2786 1701 2883 1755 καὶ
2911 1702 3267 1773 ἐσφάττοντο.
3291 1704 3403 1757 Καὶ
3430 1702 3604 1758 ταῦτα
3642 1705 3744 1774 μὲν
3779 1703 3927 1768 sub;

2355 1793 2456 1864 τῆς
2494 1795 2913 1850 Κωνσταντίνου
2958 1797 3319 1868 ὲπράττοντο,
3373 1796 3527 1858 ἐντὸς
3557 1797 3614 1850 δὲ
3649 1796 3804 1851 τοῦτο
3837 1797 3929 1868 μὲν

2356 1889 2390 1957 η
2417 1886 2555 1958 πρὸς
2584 1887 2678 1942 τὸν
2727 1889 3177 1962 πατριαρχοῦντα
3231 1889 3343 1943 τῶν
3375 1888 3588 1943 πολλῶν
3617 1891 3926 1958 ὑπονόησις,

2357 1978 2516 2034 τοῦτο
2537 1981 2594 2035 δὲ
2614 1982 2711 2035 καὶ
2731 1982 2764 2052 ή
2784 1981 2892 2036 τῶν
2922 1981 3240 2055 δυναμένων
3261 1981 3563 2055 ἀπληστία,
3588 1981 3928 2054 καπηλευόνο

2358 2156 2670 2214 destinabat
2699 2169 2904 2217 rectam
2955 2162 3513 2229 administrationem,
3571 2162 3713 2219 adeo
3759 2161 3931 2219 emea-

2357 2254 2517 2311 cibus
2559 2255 2852 2326 praeceptis
2904 2265 2964 2310 ut
3028 2257 3188 2328 quasi
3243 2268 3363 2314 arte
3407 2257 3768 2314 mansuetarii
3827 2258 3930 2314 fera

2359 2341 2610 2402 cieurata
2665 2345 2752 2403 vel
2805 2349 2993 2420 pullus
3046 2351 3352 2407 indomitus
3405 2366 3600 2423 parere
3656 2351 3860 2423 lupatis
3904 2366 3932 2404 a

2359 2439 2629 2511 magistro
2686 2441 2882 2498 doctus
2937 2457 3200 2514 agasone,
3261 2444 3420 2500 brevi
3479 2451 3733 2514 tempore
3789 2445 3936 2515 plane

2361 2533 2708 2604 compositus
2737 2543 2792 2590 et
2815 2551 2913 2605 per
2951 2535 3137 2591 omnia
3168 2536 3452 2597 decessori
3491 2537 3690 2594 similis
3727 2534 3937 2608 imperii

2363 2624 2694 2684 candidatus
2727 2628 3068 2697 apparuerit,
3095 2628 3234 2709 nihil
3263 2627 3376 2698 jam
3407 2628 3592 2685 minus
3623 2628 3698 2685 de
3725 2643 3792 2685 se
3817 2643 3937 2700 spe-

2363 2721 2598 2775 randum
2627 2721 2878 2790 praebens
2907 2737 3073 2792 quam
3099 2722 3145 2780 si
3177 2721 3413 2780 Cazanis
3436 2734 3624 2778 cretus
3669 2724 3937 2792 sanguine

2363 2810 2751 2883 institutisque
2776 2828 2808 2868 a
2839 2814 3075 2885 pueritia
3099 2815 3391 2881 formatus,
3421 2831 3529 2872 non
3560 2825 3747 2871 autem
3777 2815 3939 2870 frater

2361 2904 2632 2962 educatus
2693 2923 2927 2979 peregre
2953 2909 3002 2965 ei
3031 2909 3316 2965 decedenti
3345 2910 3766 2980 subrogaretur.
3794 2907 3939 2964 Hune

2363 2998 2531 3053 talem
2554 3009 2919 3070 compertum,
2972 3000 3110 3057 nihil
3154 3002 3297 3059 ultra
3321 3016 3599 3069 moratus,
3645 3003 3704 3058 in
3732 3003 3939 3073 princi-

2366 3098 2531 3160 patus
2567 3091 2973 3162 possessionem
3020 3092 3267 3150 Cazanes
3315 3094 3487 3162 misit,
3541 3094 3710 3150 enixe
3755 3104 3939 3149 vetans

680 3175 808 3234 ditis
849 3183 1284 3238 necessariorum
1337 3187 1404 3241 nd
1442 3186 1568 3243 vita:
1622 3190 1828 3244 cultum
1875 3199 1931 3245 et
1980 3190 2259 3246 desidera-
2285 3210 2335 3271 α
2369 3199 2437 3240 ne
2469 3195 2584 3242 tcto
2619 3186 2856 3241 triennio
2879 3188 3177 3258 quidquam
3205 3189 3261 3244 in
3286 3190 3606 3246 constitutis
3649 3204 3678 3242 a
3709 3203 3772 3259 se
3810 3188 3940 3259 legi-

682 3279 867 3327 torum
904 3275 1202 3347 unicuique
1226 3278 1596 3347 praebitorem,
1643 3284 1814 3351 gratis
1849 3282 2102 3346 beautem
2131 3285 2255 3339 uni.

680 3381 895 3423 versos.
921 3368 1148 3426 Caetera:
1196 3386 1360 3440 porro
1411 3373 1651 3431 Cannis
1702 3377 1760 3431 in
1808 3376 1975 3433 rebus
2030 3393 2096 3432 ex
2153 3392 2258 3432 usu

678 3458 904 3529 publico
936 3459 1389 3542 administrandis
1435 3467 1712 3535 aquitatis
1761 3468 2037 3536 specimen
2078 3476 2260 3524 exstat

682 3555 738 3607 in
762 3569 820 3609 re
846 3557 1111 3611 momenti
1142 3572 1249 3611 non
1280 3559 1438 3628 parvi
1492 3561 1559 3616 ad
1592 3560 1752 3614 ﬁdem
1803 3561 1856 3615 in
1887 3562 2258 3620 commerciis

681 3650 1006 3704 servandam
1035 3663 1267 3706 monetae
1287 3652 1514 3723 signatae
1535 3655 1827 3724 probitate.
1855 3655 1936 3710 Ab
1964 3655 2084 3726 ipso
2109 3656 2256 3712 enim

680 3749 909 3795 auctore
941 3741 1155 3796 celebre
1178 3741 1342 3798 habet
1370 3760 1566 3800 nomen
1587 3743 1872 3800 Cazaneus
1893 3748 1980 3803 ille
1999 3764 2260 3805 nummus

682 3847 746 3888 ex
781 3848 918 3886 auro
964 3849 1133 3891 cnsus
1187 3837 1472 3906 exquisita:
1515 3841 1799 3909 puritatis.
1851 3838 1962 3896 Nec
2015 3843 2256 3898 absimili

685 3925 967 3997 diligentia
997 3927 1049 3982 in
1100 3929 1329 3998 reliquis
1385 3930 1670 4001 regiminis
1715 3933 1964 4002 partibus
2006 3946 2258 3989 versatus

685 4029 883 4080 cuncta
928 4021 1131 4090 ubique
1160 4022 1427 4078 institutis
1475 4026 1804 4093 temperavit
1836 4024 2257 4093 laudatissimis,

688 4117 824 4170 nihil
857 4132 915 4172 se
946 4116 1152 4171 habere
1183 4117 1469 4187 antiquius
1495 4125 1591 4171 aut
1636 4119 1841 4174 ducere
1899 4118 2084 4187 potius
2131 4134 2258 4189 per-

687 4207 831 4264 fecta
861 4209 913 4262 in
947 4207 1205 4260 omnibus
1261 4207 1609 4262 absolutione
1660 4205 1892 4274 iustitia:
1942 4205 2092 4263 nulla
2147 4220 2258 4261 non

687 4302 904 4360 actione
940 4317 1049 4370 pra:
1083 4316 1142 4358 se
1172 4300 1374 4357 ferens.
1404 4300 1548 4354 Idem
1581 4304 1772 4356 morbo
1801 4315 1861 4356 se
1884 4298 2098 4355 absumi
2137 4315 2264 4355 sen-

2368 3277 2470 3334 bus
2491 3288 2586 3334 aut
2621 3277 2926 3336 fmderibus
2953 3293 3019 3336 ae
3036 3289 3152 3336 toto
3177 3281 3416 3338 inchoati
3439 3281 3729 3352 regi‘minis
3761 3293 3942 3337 tenore

2367 3378 2626 3436 mutaret,
2663 3383 2785 3442 post
2851 3372 3005 3428 illum
3039 3374 3333 3429 terminum
3374 3372 3669 3431 suo-illum
3732 3374 3814 3430 uti
3859 3388 3944 3428 ar-

2371 3465 2538 3520 bitrio
2575 3481 2641 3521 ac
2671 3466 2861 3530 libere,
2917 3477 3080 3536 prout
3123 3474 3396 3532 censeret,
3449 3482 3538 3524 res
3591 3482 3790 3539 gerere
3828 3482 3946 3538 pep-

2368 3558 2613 3613 mittens.
2645 3556 2771 3613 Haec
2799 3559 2873 3614 ita
2907 3568 3058 3629 gesta
3095 3560 3376 3630 divulgata
3406 3560 3556 3616 brevi
3605 3549 3709 3632 per
3761 3560 3944 3619 Asiam

2367 3660 2534 3707 sunt:
2562 3665 2664 3707 nec
2689 3653 2837 3707 enim
2872 3668 2936 3708 ea
2966 3663 3220 3722 satrapas
3271 3653 3472 3709 bellum
3530 3653 3644 3709 illic
3694 3661 3946 3724 gerentes

2369 3743 2625 3814 ignorare
2652 3729 2904 3800 sinébaut
2938 3745 3130 3800 littera
3173 3744 3241 3801 de
3271 3744 3358 3801 his
3383 3744 3453 3800 ad
3503 3758 3663 3800 arces
3716 3742 3948 3800 Romani

2366 3833 2585 3900 limitis,
2623 3851 2761 3916 quas
2791 3843 2923 3891 tunc
2945 3836 3127 3892 Persae
3176 3838 3522 3904 obtinebant,
3568 3845 3804 3907 actaque
3859 3851 3948 3907 pu-

2371 3929 2520 3985 blica
2542 3944 2668 3984 cum
2693 3929 3086 3999 diplomatibus
3109 3929 3213 3985 ista
3250 3931 3594 3987 ﬁrmantibus
3623 3931 3734 3986 rite
3762 3931 3947 3986 missa.

2366 4021 2590 4076 Audivit
2625 4035 2758 4093 ergo
2779 4021 3256 4087 Chutluebaimus,
3274 4023 3366 4095 qui
3403 4023 3722 4094 regionibus
3747 4025 3817 4078 ad
3842 4021 3950 4078 Eu-

2369 4114 2561 4169 xinum
2587 4113 2710 4189 sitis
2752 4125 2985 4184 praerat
3012 4158 3028 4182 ,
3082 4115 3229 4182 quod
3273 4115 3580 4182 acciderat;
3627 4117 3952 4186 excepitque

2371 4223 2500 4263 mox
2523 4207 2603 4264 rel
2637 4207 2838 4264 famam
2892 4207 3340 4281 Solymampaxes
3389 4206 3582 4272 Persa,
3641 4224 3818 4280 gener
3848 4207 3954 4264 Cu-

2372 4296 2706 4368 tzimpaxis;
2771 4298 2918 4355 unde
2978 4299 3046 4354 ad
3111 4300 3497 4371 imperatorem
3544 4313 3773 4368 quoque
3823 4298 3951 4354 l'acti

687 4399 789 4454 sim
850 4396 1111 4453 diuturno
1161 4405 1212 4450 et
1269 4394 1561 4450 incurabili
1604 4394 1869 4457 sentiens,
1928 4407 2120 4447 curam
2172 4394 2264 4448 in-
2373 4393 2567 4449 notitia
2595 4396 2866 4464 pervenit.
2906 4391 3107 4450 Secuta
3151 4401 3275 4462 post
3317 4393 3480 4460 paulo
3503 4391 3739 4447 Cazanis
3804 4404 3954 4446 mors

688 4505 912 4562 gressus
942 4490 1046 4546 sibi
1076 4489 1307 4556 parandi
1345 4487 1512 4560 559
1535 4503 1566 4542 e
1614 4486 2092 4556 consanguinitate
2135 4501 2264 4542 suc-

2372 4484 2522 4539 varie
2544 4486 2791 4542 dimissis
2819 4485 2986 4558 5.60
3013 4501 3078 4541 ex
3105 4485 3231 4540 aula
3262 4485 3456 4556 legatis
3505 4482 3816 4554 signiﬁcata
3857 4498 3954 4554 per

689 4579 955 4645 cesseris,
1018 4579 1164 4644 quod
1205 4578 1392 4632 liberis
1442 4578 1686 4642 carebat,
1741 4577 2066 4631 Tuctaiuem
2097 4591 2262 4646 quem
2295 4577 2344 4636 D
2372 4576 2627 4632 civitates
2654 4586 2760 4643 est,
2811 4576 3020 4631 luctum
3066 4578 3272 4645 passim
3305 4577 3580 4646 ingentem
3623 4575 3954 4630 declaranti-

688 4674 924 4730 babebat
949 4672 1188 4728 fraterno
1207 4687 1236 4726 e
1253 4686 1451 4738 genere
1472 4670 1801 4738 proximum,
1825 4671 2080 4739 quoniam
2104 4668 2270 4739 hujus

692 4783 874 4824 mores
907 4782 970 4822 ac
1009 4781 1207 4823 sensus
1240 4782 1266 4816 ιι
1307 4766 1427 4820 suis
1474 4761 1649 4832 ipsius
1692 4762 2055 4818 abhorrentes
2105 4763 2273 4818 certis

691 4877 756 4917 ex
794 4861 1013 4915 indiciis
1046 4866 1364 4927 agnoverat,
1398 4870 1721 4926 promovere
1761 4856 1830 4914 ad
1869 4855 2020 4925 apem
2054 4853 2268 4926 imperii

688 4957 886 5010 noluit.
911 4955 988 5009 Ac
1015 4969 1082 5007 ne
1111 4953 1202 5006 ille
1234 4967 1292 5006 se
1341 4959 1560 5004 mortuo
1605 4949 1966 5018 principatum
1993 4963 2274 5003 commenv

688 5046 910 5102 datione
934 5046 1153 5111 generis
1178 5044 1322 5097 malo
1345 5041 1563 5111 publico
1613 5041 1902 5110 arriperet,
1963 5040 2276 5110 praeluden-

689 5143 818 5192 dnm
847 5138 946 5207 ipsi
969 5137 1035 5192 ad
1074 5138 1177 5191 hoc
1206 5137 1454 5190 auditum
1485 5133 1825 5190 stabilieudo
1853 5135 1907 5187 in
1932 5134 2071 5189 solio
2094 5134 2268 5203 ipsius

693 5233 900 5292 l‘ratre,
966 5229 1296 5297 probatioris
1362 5228 1466 5283 sibi
1508 5228 1710 5297 juvene
1756 5225 1979 5291 indolis,
2032 5225 2265 5296 putavit.

693 5327 850 5382 llunc
886 5327 1072 5394 igitur,
1097 5324 1184 5377 cui
1223 5330 1340 5378 erat
1386 5321 1750 5390 Carmpantas
1798 5319 1864 5390 ι’)
1905 5335 2130 5382 nomen,
2177 5334 2266 5373 ac-

691 5419 917 5476 cersivit
954 5434 1126 5488 usque
1151 5418 1219 5471 ab
1245 5417 1418 5479 ludia,
1459 5415 1570 5470 illis
1607 5415 1660 5468 in
1707 5414 1956 5483 partibus
1990 5429 2113 5468 cum
2141 5427 2267 5482 pro.

690 5515 813 5585 prio
845 5513 1088 5571 exercitu
1121 5519 1422 5566 morantem
1449 5525 1465 5574 ;
1498 5509 1860 5576 eumdemqne
1882 5515 2263 5562 occurrentem

691 5616 919 5664 strenue
950 5604 1168 5673 proprio
1203 5601 1440 5673 quodam
1469 5601 1713 5667 ipsorum
1766 5600 1875 5652 ritu
1907 5598 1971 5650 ad
2003 5598 2093 5666 jus
2125 5597 2263 5666 legi-

693 5701 840 5757 timae
877 5699 931 5751 in
993 5697 1280 5766 imperium
1328 5693 1702 5750 successionis
1755 5692 2099 5760 designavit;
2134 5706 2263 5746 eru-

2372 4669 2477 4724 bus
2503 4671 2765 4740 satrapis,
2793 4685 2933 4740 qttos
2968 4671 3292 4741 imperator,
3324 4669 3614 4725 destinatis
3650 4668 3719 4723 ad
3755 4680 3954 4723 unum-

2372 4774 2650 4832 quemque
2678 4763 2762 4817 sui
2823 4762 2952 4818 talis
3007 4762 3400 4832 interpretibus
3448 4761 3636 4824 oﬂicii.
3678 4760 3950 4816 consolari

2373 4853 2685 4909 humaniter
2713 4851 2941 4908 studuit.
2971 4852 3107 4907 illud
3143 4864 3271 4908 tunc
3298 4869 3405 4907 non
3439 4851 3952 4921 incommode-prte-

2374 4960 2460 5006 ter
2501 4965 2654 5020 spem
2689 4949 2940 5020 contigit,
2973 4949 3282 5015 Amurium,
3308 4981 3310 4984 ν
3340 4963 3501 5016 quem
3542 4947 3659 5002 sola
3710 4945 3949 5002 Cannis

2377 5042 2686 5099 reverentia
2719 5041 3002 5112 paululum
3036 5050 3196 5095 antea
3232 5054 3542 5109 repressum
3576 5039 3721 5095 haud
3774 5052 3949 5095 vanus

2374 5144 2494 5191 erat
2552 5144 2729 5190 metus
2785 5149 2850 5189 eo
2901 5134 3119 5190 sublato
3166 5134 3469 5188 rediturum
3521 5136 3590 5187 ad
3642 5133 3948 5201 ingenium,

2374 5228 2662 5282 continere
2689 5241 2812 5281 sese
2844 5234 3027 5279 tamen
3058 5235 3110 5280 et
3152 5226 3307 5295 pacis
3353 5228 3682 5280 voluntatem
3731 5238 3850 5294 prae
3890 5236 3951 5278 se

2379 5318 2544 5384 ferre,
2576 5319 2692 5374 sive
2723 5335 2753 5374 a
2786 5317 3118 5388 Carmpauta
3171 5315 3375 5381 timuit,
3426 5317 3521 5386 qui
3580 5315 3886 5371 [ruderibus
3918 5329 3949 5368 a

2376 5411 2593 5467 Cazane
2624 5410 2792 5465 fratre
2824 5408 3016 5476 initis(
3044 5409 3190 5464 inter
3219 5423 3344 5479 quas
3383 5420 3509 5463 nota
3539 5413 3657 5463 erat
3684 5420 3811 5460 cum
3841 5405 3951 5459 im-

2375 5515 2632 5580 peratore
2683 5503 3012 5572 conventio)
3049 5511 3221 5557 .stare
3259 5517 3319 5557 se
3366 5501 3506 5557 velle
3553 5500 3951 5570 declararent,

2375 5597 2494 5653 sive
2519 5596 2872 5664 imperatoris
2902 5594 3129 5663 gratiam
3165 5593 3230 5648 ad
3265 5608 3395 5648 suos
3428 5593 3534 5649 sibi
3579 5592 3714 5648 ﬁnes
3759 5592 3949 5649 utilem

2372 5689 2669 5747 aﬁ‘ectavit.
2701 5685 2887 5741 Missis
2935 5687 3025 5740 hic
3076 5687 3240 5758 igitur
3291 5687 3484 5756 legatis
3515 5686 3584 5743 ab
3617 5685 3951 5756 imperatore

692 5795 828 5856 divit
855 5794 986 5861 quin
1010 5792 1198 5855 etiam,
1249 5803 1348 5859 pro
1383 5801 1647 5866 tempore,
1684 5785 1750 5842 ad
1781 5784 1929 5874 regni
1987 5784 2132 5856 quod
2185 5782 2263 5842 illi
2374 5782 2528 5860 petiit
2568 5777 2794 5836 concedi
2828 5779 2930 5834 sibi
2970 5780 3204 5852 prepriis
3234 5779 3686 5852 frequentandam
3711 5778 3948 5836 coloniis

770 5912 836 5977 (Ἷ
866 5910 980 5972 luto
1006 5907 1304 5968 Carbadaa.
