4094 6280
448 386 554 452 505

1365 392 1462 453 DE
1502 392 1944 454 ANDRONICO
1983 393 2444 458 PALEOLOGO
2484 397 2634 460 LIB.
2672 399 2753 461 VI

3591 394 3696 459 506

445 521 549 556 των
585 506 681 562 καὶ
734 505 879 557 σῖτον
936 505 1029 558 καὶ
1085 504 1219 558 ὥνια
1243 524 1255 536 ·
1287 507 1381 560 καὶ
1429 507 1536 576 γὰρ
1566 509 1634 562 τὰ
1668 509 1898 563 πλεῖστα
1925 507 2020 561 καὶ
2049 512 2095 571 Α
2125 511 2436 566 καταϐάντα
2491 512 2717 582 ἐπώμνυ
2759 511 2828 565 τὸ
2871 509 2962 566 καὶ
2991 510 3053 566 τὸ
3095 512 3300 577 ποιεῖν,
3340 513 3389 564 si
3420 509 3496 581 μὴ
3523 510 3696 565 ταῦτα
3750 538 3754 541 -

446 595 805 664 κεχυδαέωντο
856 590 1299 667 αἰσχροκερδείας
1352 599 1676 667 ἡττώμενοι.
1710 601 1805 654 καὶ
1839 600 2016 654 πάντα

442 689 742 758 χρημάτων
802 693 1260 759 καταπροῖέμενοι
1321 692 1504 745 πάντα
1562 693 1818 762 μαλακῶς
1852 692 2016 746 διετί-

443 776 588 843 θουν,
615 777 702 850 [Ρ.
740 779 870 849 521]
904 781 1000 832 καὶ
1031 781 1102 834 τὰ
1134 781 1232 848 τῆς
1257 782 1538 844 πολιτείας
1572 783 1758 844 δεινῶς
1783 781 2014 851 ἐκυμαί-

439 887 612 926 voveo.
664 870 803 924 Ἀλλ’
845 874 877 943 ἡ
920 872 1321 944 μὲνκαπηλεια
1353 877 1449 927 καὶ
1506 873 1626 927 λίαν
1677 873 1882 937 ὠδύνα,
1937 873 2015 937 ὡς

438 961 898 1031 φαίνεσθαι..τδν
953 965 1304 1036 πατριάρχην
1371 966 1884 1037 δημοχαριστοῦντα
1941 969 2013 1020 τὰ

440 1054 667 1106 πλεῖστα
708 1054 801 1108 καὶ
849 1057 990 1109 κατὰ
1019 1055 1128 1109 τῶν
1169 1056 1488 1126 δυναμένων
1527 1058 1668 1129 ὑπὲρ
1700 1058 1904 1123 αὐτῶν,
1935 1058 2014 1122 ὼς

436 1144 632 1211 ἐδόκει,
667 1143 858 1199 τοῦτον
889 1147 1202 1216 ἱστάμενον,
1237 1148 1379 1202 ὥστε
1426 1150 1723 1220 γράμμασι
1749 1150 1890 1218 πρὸς
1921 1153 2014 1205 τὸν

435 1239 740 1310 κρατοῦντα
767 1240 1264 1312 παρρησιάζεσθαι,
1297 1243 1392 1294 καὶ
1415 1243 1603 1312 ὅρκοις
1637 1243 2012 1314 ισχυρῇῖεσθαι

326 1376 334 1386 .
433 1325 470 1402 ἦ
511 1331 640 1403 μὴν,
695 1331 728 1397 ἢ
762 1333 836 1402 μή
865 1331 916 1402 γ’
948 1334 980 1403 ή
1012 1333 1286 1404 καπηλεία
1318 1334 1413 1388 τοῦ
1460 1337 1614 1389 σίτου
1658 1335 1814 1404 ὲῷτο,
1849 1337 2010 1407 ἀραῖς

435 1423 750 1490 περιϐαλεῖν
777 1426 841 1476 ὲκ
870 1425 1050 1478 κοινοῦ
1101 1425 1384 1496 συνεδρίου
1421 1429 1546 1490 τοὺς
1577 1427 2007 1496 καπηλεύοντας,

432 1517 528 1570 καὶ
547 1516 641 1570 τοῦ
661 1516 851 1571 λοιποῦ
883 1521 945 1572 ἐκ
977 1518 1144 1588 μέσου
1173 1519 1440 1588 γίνεσθαι.
1462 1521 1569 1573 Καὶ
1587 1521 1737 1574 ταῦτ’
1760 1522 2006 1592 ὲπώμνυ,

433 1607 524 1660 καὶ
546 1607 696 1661 οὐδὲν
719 1608 919 1678 ἤνυστο
951 1612 1236 1680 παράπαν,
1273 1611 1348 1676 ὡς
1373 1613 1536 1683 μέρος
1567 1614 1661 1668 καὶ
1693 1612 1868 1668 ταῦτα
1899 1613 2009 1669 τῶν

432 1699 551 1753 κατ’
579 1700 746 1754 αὑτοῦ
799 1702 1066 1770 γίνεσθαι,
1093 1703 1176 1758 ὅτι
1215 1706 1308 1758 ἐπὶ
1337 1705 1549 1778 ματαίῳ
1573 1705 1665 1762 τὸν
1683 1707 1753 1772 ἐξ
1773 1705 2006 1777 οὐρανοῦ

430 1878 800 1937 lnteramnam
834 1882 902 1938 ad
952 1881 1238 1956 Sangarim
1269 1885 1288 1956 (
1325 1883 1428 1940 hoc
1469 1894 1556 1941 est
1606 1897 1805 1942 terram
1862 1888 2004 1944 inter

428 1971 650 2048 flumina
670 1974 1014 2041 conclusam,
1075 1991 1241 2044 quam
1289 1973 1656 2032 Mesonesium
1689 1994 1756 2032 ex
1808 1993 2002 2034 eono-

428 2063 673 2131 niinant,
734 2065 880 2135 quod
957 2066 1136 2122 media
1208 2067 1354 2122 inter
1401 2083 1576 2139 aquas
1635 2071 2004 2143 undecunque

428 2152 653 2212 ﬂuentis
684 2155 929 2212 amnium
967 2158 1116 2214 velut
1145 2158 1326 2216 insula
1359 2160 1604 2231 cingitur
1633 2162 1675 2233 ),
1703 2177 1866 2232 quam
1894 2164 2003 2221 sibi

427 2247 655 2320 suisque
699 2248 1052 2307 habitandam
1081 2269 1147 2308 ac
1177 2254 1596 2314 custodiendam
1648 2257 1874 2314 attribui
1905 2258 2006 2313 ad-

426 2340 648 2412 dicique
677 2342 894 2400 volebat
933 2344 1003 2400 ab
1034 2346 1306 2416 Augusto.
1366 2347 1565 2402 Verum
1617 2350 1836 2404 interim
1868 2351 1999 2406 dum

427 2433 542 2490 hac
567 2434 816 2492 indeeiso
847 2437 1025 2493 adhuc
1053 2446 1289 2496 tractatu
1351 2439 1619 2511 pendent,
1669 2441 1894 2512 quidam
1933 2458 2002 2499 ex

427 2527 592 2598 hujus
625 2529 824 2586 castris
882 2529 1260 2602 manipulatim
1311 2547 1758 2604 quoquoversum
1809 2550 2004 2590 excur-

429 2628 610 2679 tcntes
658 2621 938 2680 hostiliter
959 2623 1245 2680 irruebant
1291 2623 1348 2680 in
1412 2625 1716 2692 Romanos,
1770 2628 1999 2682 istarum

427 2714 580 2770 velut
629 2714 966 2775 indutiarum
1041 2718 1239 2790 ﬂducia
1271 2719 1509 2775 revisere
1549 2736 1714 2777 ausos
1749 2723 2002 2791 antiquas

427 2807 768 2873 sedes'quasi
797 2807 866 2864 ad
902 2807 1294 2865 racemandum
1338 2822 1458 2881 post
1491 2813 1846 2878 vindemiam,
1874 2825 1930 2868 et
1952 2815 2000 2870 si

423 2899 560 2972 quid
581 2915 616 2956 e
645 2899 762 2957 suis
793 2900 921 2956 olim
955 2903 1202 2972 ipsorum
1262 2906 1424 2960 rebus
1457 2904 1772 2975 praedonum
1824 2908 2004 2963 avari-

425 2996 556 3052 tiam
583 2998 833 3068 fugisset,
871 2999 998 3055 inde
1019 3000 1443 3072 sublegendum.
1469 3001 1582 3058 Hos
1629 3003 1706 3058 illi
1753 3019 2003 3075 compre-

427 3087 630 3148 hensos
652 3093 873 3149 statutis
896 3092 949 3148 in
994 3096 1145 3150 fures
1189 3096 1371 3165 pcenis
1424 3096 1838 3152 inexorabiliter
1887 3099 2004 3168 ple-

2118 604 2348 670 γένοιτο,
2385 603 2691 673 βούλεσθαι.

2119 713 2184 785 β’.
2218 719 2560 787 Δημηγορία
2592 719 2698 774 τοῦ
2727 719 3033 785 βασιλέως
3067 720 3215 788 πρὸς
3245 719 3389 785 τοὺς
3421 718 3696 791 σχιζομέ-

2453 806 2623 856 νους,
2652 792 2751 844 καὶ
2777 791 3070 859 ἀπολογία
3102 791 3381 854 ἐκείνων,

2189 899 2277 973 [Ρ.
2315 901 2443 974 522]
2466 903 2603 966 Τοὺς
2623 903 2680 956 δέ
2704 920 2765 971 γε
2801 903 3151 974 σχιζομένους
3172 905 3336 974 ἐνάτῃ
3367 905 3483 974 μετ’
3503 906 3696 960 εἰκάδα

2115 992 2473 1063 Γαμηλιῶνος
2515 993 2544 1046 δ
2593 993 2814 1064 κρατῶν
2863 997 3117 1065 συνῆγεν.
3161 993 3354 1064 Ἐξῆγε
3382 996 3437 1049 δὲ
3469 997 3690 1066 καὶτῆς

2115 1083 2366 1153 φυλακῆς
2405 1084 2498 1137 τὸν
2543 1084 2965 1154 Ταρχανειώτην
3012 1083 3285 1150 Ἰωάννην,
3324 1085 3383 1138 ὃν
3414 1088 3469 1139 ἐν
3505 1088 3689 1141 ἀνέσει

2110 1175 2174 1228 τὸ
2203 1176 2479 1246 πρότερον
2509 1175 2668 1246 ἔχων,
2707 1178 2828 1230 ἐπεὶ
2850 1177 2944 1229 καὶ
2965 1177 3127 1240 αὐτὸς
3163 1177 3238 1244 τῷ
3260 1178 3690 1248 πατριαρχοῦντι

2113 1265 2474 1337 προσέκρουε,
2501 1267 2865 1322 συνεκλείετο.
2897 1268 3030 1321 Τότε
3056 1269 3100 1321 δ’
3123 1265 3371 1321 ἐκϐαλὼν
3403 1269 3566 1337 μέρος
3593 1265 3689 1320 τοῦ

2114 1358 2374 1426 συλλόγου
2406 1360 2498 1412 καὶ
2529 1359 2693 1413 eam
2715 1357 2846 1429 εἶχε.
2872 1360 2981 1413 Καὶ
3012 1358 3092 1422 εἰς
3121 1360 3328 1419 πάντας
3351 1358 3689 1428 προκαθίσας

2111 1447 2464 1519 ἐδημηγόρει,
2531 1451 2857 1520 καθημένων
2888 1452 2982 1504 καὶ
3020 1451 3128 1503 τῶν
3153 1449 3374 1518 τυφλῶν
3416 1449 3686 1520 μοναχῶν,

2111 1540 2250 1612 πρὸς
2297 1540 2390 1604 οὓς
2416 1541 2509 1594 καὶ
2548 1542 2749 1613 μᾶλλον
2781 1542 2856 1605 ὡς
2901 1542 3233 1612 ἀξιωτέρους
3264 1542 3371 1595 τῶν
3401 1540 3574 1595 ἄλλων
3601 1539 3686 1594 δοο

2109 1633 2363 1696 κοῦντας,
2410 1630 2552 1699 ἔχων
2585 1634 2734 1700 παρὰ
2761 1628 2966 1702 Θὰτερα
3009 1632 3106 1701 μὲν
3146 1631 3515 1702 πατριάρχην,
3558 1628 3691 1702 παρ’

2109 1725 2347 1795 ἑκάτερα
2381 1725 2437 1780 δὲ
2473 1728 2752 1797 ἀρχιερεῖς
2798 1743 2854 1780 τε
2890 1725 2982 1779 καὶ
3009 1725 3325 1796 κληρικοὺς,
3363 1723 3686 1795 συμπαρού-

2107 1908 2270 1962 noxie
2307 1905 2566 1977 mollique
2601 1907 2654 1961 in
2679 1906 2907 1977 gratiam
2942 1905 3123 1977 largiri
3175 1903 3469 1960 valentium
3503 1902 3683 1958 indul-

2107 2002 2290 2073 gentia
2317 2001 2549 2071 publieae
2575 2015 2662 2056 res
2694 1999 3238 2054 administrarentur.
3271 1993 3428 2051 Unde
3458 2011 3684 2052 necesse

2105 2102 2225 2148 erat
2251 2103 2451 2148 statum
2481 2091 2764 2162 politicum
2794 2105 2859 2145 ac
2890 2104 3168 2146 summam
3225 2104 3406 2143 rerqu
3464 2087 3682 2158 pericu-

2105 2187 2380 2242 losissiute
2437 2184 2724 2241 ﬂuctuare.
2781 2181 2920 2251 Quia
2943 2197 3098 2250 vero,
3147 2182 3291 2251 quod
3344 2180 3580 2236 maxime
3611 2195 3685 2240 ex

2105 2279 2192 2334 his
2219 2278 2443 2334 urbanis
2471 2277 2629 2333 malis
2657 2277 2714 2331 in
2745 2275 3105 2332 offensionem
3139 2274 3453 2330 incurrebat
3500 2287 3678 2343 popu-

2106 2371 2297 2433 larem,
2325 2379 2445 2426 erat
2483 2369 2588 2424 ista
2621 2369 2832 2441 plebem
2857 2367 3110 2423 miseram
3141 2365 3493 2436 strangulans
3539 2380 3680 2420 nun-

2105 2462 2310 2518 dinatio
2335 2462 2584 2528 divitum,
2617 2476 2738 2518 eam
2757 2461 2863 2516 sibi
2880 2475 3003 2516 esse
3025 2459 3410 2534 exosissimam
3443 2458 3680 2514 ostendit

2106 2553 2454 2623 patriarcha,
2504 2553 2739 2624 gratiam
2789 2550 2975 2623 populi
3036 2550 3116 2606 sic
3167 2551 3472 2622 colligens,
3509 2564 3681 2620 seque

2105 2658 2221 2704 arte
2275 2648 2378 2701 ista
2429 2647 2797 2717 praemuniens
2871 2652 3063 2700 contra
3131 2643 3430 2699 factionem
3505 2658 3672 2714 quam

2102 2741 2392 2796 adversum
2427 2755 2488 2796 se
2526 2738 2748 2795 conﬂari
2790 2755 2898 2794 non
2939 2739 3100 2808 plane
3127 2739 3438 2808 ignorabat.
3472 2738 3681 2792 Intelli-

2102 2847 2239 2904 gens
2277 2845 2462 2902 porro,
2519 2833 2664 2902 quod
2737 2847 2826 2887 res
2882 2841 3024 2896 erat,
3080 2832 3322 2887 coerceri
3382 2831 3674 2885 avaritiam

2104 2925 2335 2980 istorum
2368 2925 2472 2981 nisi
2517 2926 2842 2981 auctoritate
2900 2927 3246 2994 superiorum
3281 2925 3412 2994 ipsis
3470 2935 3524 2979 et
3555 2925 3675 2994 plus

2107 3019 2411 3101 potentium
2449 3019 2676 3074 minime
2706 3034 2884 3089 posse,
2925 3019 3138 3074 litteras
3199 3032 3365 3088 super
3397 3033 3464 3076 eo
3517 3033 3677 3086 argn-

2105 3126 2289 3169 mento
2319 3112 2548 3184 scripsit
2590 3112 2655 3168 ad
2689 3113 3073 3182 imperatorem
3107 3111 3438 3179 liberrimas,
3466 3110 3520 3164 in
3550 3110 3674 3180 qui-

425 3185 684 3241 θιθδθιητ
715 3183 922 3241 {unum
954 3191 1102 3242 enim
1147 3187 1282 3259 ίΡ⁸ί⁸
1315 3189 1626 3246 “dum”?
1671 3206 1794 3247 0330
1826 3192 2002 3246 malli“
2024 3192 2072 3253 α
2104 3205 2208 3261 bus
2245 3183 2580 3272 minabatur,
2612 3205 2922 3275 iuramento
2946 3205 3109 3260 etiam
3139 3203 3467 3272 interposito
3497 3203 3674 3258 minas

424 3277 646 3344 festum,
683 3282 879 3337 tollere
907 3280 1203 3351 quidquam
1238 3297 1304 3338 ex
1329 3294 1470 3338 terra
1502 3299 1667 3352 quam
1713 3284 1816 3354 ipsi
1863 3300 1999 3341 ense

419 3385 485 3428 ac
514 3372 671 3429 bello
701 3374 980 3444 propriam
1023 3373 1308 3441 fecissent,
1348 3377 1438 3432 cui
1487 3377 1722 3432 vietores
1773 3379 1999 3434 insiste-

422 3475 573 3530 rent,
629 3467 789 3538 cujus
830 3468 956 3523 ideo
1006 3468 1221 3526 fructus
1275 3485 1466 3527 omnes
1501 3473 1628 3543 jure
1681 3472 1782 3527 sibi
1828 3488 1992 3544 quam

417 3560 624 3629 optimo
649 3561 920 3630 quaesitos
951 3563 1371 3632 contenderent,
1426 3566 1748 3635 servarique
1793 3575 1852 3620 ut
1898 3565 1997 3621 do-

423 3651 589 3707 minis
616 3652 858 3708 illibatos
887 3668 1099 3724 equum
1125 3666 1435 3712 censerent.
1473 3655 1585 3713 Hoc
1624 3660 1800 3713 nostri
1845 3673 1996 3714 com-

419 3754 578 3815 perto
607 3746 990 3823 conducebant
1011 3749 1244 3818 privatis
1268 3751 1560 3820 stipendiis
1599 3753 1822 3819 milites,
1863 3767 1990 3807 cum

418 3838 626 3907 quibus
655 3851 1015 3909 erumpentes
1052 3842 1106 3897 in
1144 3843 1262 3900 loca
1292 3847 1595 3914 praesertim
1648 3845 1786 3900 mari
1811 3845 1992 3900 vicina

418 3930 602 4001 aliqua
631 3947 663 3987 e
685 3932 803 3988 suis
829 3933 1108 4003 quondam
1147 3935 1297 4003 agris
1338 3951 1634 4007 excerpere
1681 3936 1987 4003 tentabant,

421 4036 811 4094 nonnunquam
844 4022 1098 4091 feliciter,
1132 4025 1456 4097 plerumque
1514 4038 1694 4082 tamen
1749 4028 1992 4096 pessimo

419 4127 718 4168 successu:
750 4112 1058 4184 intercepti
1099 4115 1300 4186 quippe
1363 4117 1806 4174 trucidabantur.
1860 4117 1988 4175 Haec

417 4215 573 4260 extra
597 4203 1129 4275 Constantinopolim
1165 4205 1387 4263 ﬂebant.
1421 4207 1567 4263 Intra
1604 4209 1792 4264 urbem
1819 4224 1988 4281 porro

421 4301 596 4368 ipsam
619 4308 802 4369 pestes
844 4299 1005 4371 ἀει
1035 4301 1302 4356 'diverste
1345 4302 1758 4371 grassabantur.
1807 4302 1988 4358 Prima

417 4399 535 4446 erat
578 4391 786 4447 invidia
824 4392 1122 4447 multorum
1176 4391 1234 4448 in
1307 4393 1673 4464 patriarcham
1723 4382 1983 4465 gliscens,

417 4480 595 4539 tacitis
649 4480 871 4553 quidem
914 4482 1324 4552 suspicionibus
1368 4494 1425 4540 et
1471 4484 1715 4540 susurris
1764 4485 1982 4540 interim

412 4575 653 4632 exercita
677 4574 908 4639 timidis,
935 4583 1192 4632 caeterum
1218 4575 1287 4632 iis
1318 4576 1687 4632 itumescens
1707 4577 1981 4640 auctibus,

414 4674 474 4721 ut
503 4665 658 4722 brevi
685 4673 1003 4736 erupturam
1031 4667 1086 4721 in
1127 4665 1420 4721 tumultum
1456 4658 1768 4737 appareret.
1793 4667 1982 4722 Altera
2046 4703 2047 4706 η

416 4764 608 4819 tetrior
681 4762 1029 4834 inexplebilis
1088 4763 1349 4819 videlicet
1409 4763 1638 4820 avaritia
1695 4772 1982 4833 potentum

413 4855 745 4925 monopoliis
796 4855 962 4909 tritici
1013 4856 1400 4925 venaliumque
1455 4855 1509 4909 id
1571 4871 1746 4926 genus
1799 4870 1980 4911 rerum

411 4948 798 5020 ﬂagellantium
831 4963 1128 5004 annonam.
1185 4948 1660 5016 Praioccupabant
1718 4949 1978 5002 nimirum

412 5056 597 5097 emere
617 5040 874 5095 alimenta
902 5049 956 5095 et
987 5055 1075 5095 res
1108 5039 1246 5095 alias
1298 5039 1534 5094 humano
1572 5039 1738 5094 victui
1766 5053 1831 5094 ac
1865 5039 1984 5093 cul-

409 5133 487 5188 tui
519 5132 684 5188 utiles
730 5131 882 5196 prius
931 5145 1093 5199 quam
1142 5130 1264 5186 foro
1320 5129 1785 5198 importarentur;
1845 5146 1982 5198 quas

411 5229 639 5285 immani
689 5225 891 5281 deinde
925 5225 1023 5295 ipsi
1059 5225 1257 5295 pretio,
1313 5233 1526 5293 quaestu
1582 5238 1686 5278 suo
1731 5223 1982 5294 improbo

405 5319 823 5385 distraherent,
895 5319 1030 5373 nihil
1091 5319 1246 5388 pensi
1301 5319 1566 5373 habentes
1616 5331 1727 5387 quo
1775 5319 1980 5388 probro

410 5428 512 5470 suo
533 5413 808 5470 damnove
858 5411 1038 5467 alieno
1085 5410 1325 5467 sordida:
1379 5411 1671 5480 cupiditati
1709 5413 1981 5481 obseque-

408 5517 621 5565 rentur.
654 5505 820 5561 lidem
847 5519 1010 5576 porro
1037 5516 1196 5574 gustu
1238 5505 1380 5560 lucri
1425 5506 1593 5560 semel
1641 5512 1799 5574 capto
1837 5521 1982 5560 rem-

411 5599 686 5670 publicam
718 5614 936 5668 quoque
967 5600 1140 5668 ipsam
1188 5597 1418 5666 quaestui
1451 5599 1745 5663 habebant,
1785 5598 1981 5653 snﬂra-

414 5690 780 5763 gia,judicia,
828 5691 1015 5746 munia
1038 5691 1158 5745 sine
1194 5690 1370 5745 meriti
1408 5690 1726 5744 discrimine
1768 5689 1834 5744 ad
1859 5691 1979 5756 plus

407 5790 761 5838 numerantes
783 5781 1136 5849 inﬂectendo,
1167 5783 1242 5836 ita
1269 5791 1326 5836 ut
1356 5781 1771 5838 eﬂumicrentur
1794 5785 1976 5838 omnia

409 5884 628 5944 temere,
669 5877 802 5933 nihil
859 5875 1072 5933 fortiter
1148 5876 1554 5942 decerneretur,
1616 5886 1824 5932 cuneta:
1873 5876 1973 5932 ob-

2099 3299 2373 3364 sanriens,
2407 3313 2489 3363 se,
2519 3296 2630 3352 nisi
2669 3296 2808 3354 fteda
2839 3295 2942 3350 ista
2999 3303 3052 3350 et
3105 3295 3228 3350 urbi
3265 3295 3463 3349 famem
3517 3295 3674 3349 inve-

2102 3391 2284 3446 hentia
2325 3389 2586 3445 frumenti
2614 3388 2916 3460 praesertim
2980 3386 3293 3454 mon0polia
3327 3387 3670 3455 desinerent,

2096 3497 2291 3538 eorum
2319 3491 2576 3537 auctores
2605 3497 2636 3536 e
2667 3479 2952 3536 communi
2979 3478 3179 3549 synodi
3221 3479 3498 3534 sententia
3531 3479 3670 3538 diris

2093 3585 2151 3630 et
2179 3575 2513 3632 anathemati
2545 3574 2940 3644 subiecturum,
2980 3588 3084 3629 nec
3128 3573 3442 3641 quieturum
3484 3573 3669 3630 donec

2094 3667 2555 3724 exterminaretur
2575 3683 2605 3722 e
2620 3667 2837 3723 civitate
2861 3677 2970 3721 tam
2991 3665 3300 3735 perniciosa
3321 3667 3664 3737 corruptela.

2095 3757 2298 3816 Verum
2339 3775 2650 3830 quanquam
2676 3759 2767 3815 ille
2787 3774 2847 3814 se
2873 3758 2943 3814 ad
2983 3759 3058 3814 ita
3089 3760 3322 3815 omnino
3353 3758 3665 3815 faciendum

2090 3851 2451 3925 jurejurando
2487 3852 2769 3921 conceptis
2807 3852 3021 3922 prolato
3077 3853 3264 3907 verbis
3309 3850 3666 3913 astrinxerat,

2094 3945 2232 4000 nihil
2289 3954 2470 4000 tamen
2507 3952 2592 4000 est
2635 3943 2964 4016 perfectum,
3023 3945 3146 4015 ipso
3174 3945 3230 4000 iu
3288 3941 3670 3999 comminatio-

2092 4039 2258 4093 nibus
2289 4039 2442 4093 vanis
2467 4038 2622 4093 exire
2663 4037 2718 4092 in
2757 4038 3009 4093 eﬂ‘ectum
3047 4037 3242 4107 ignavo
3280 4045 3492 4091 terrore
3538 4047 3666 4104 pro-

2058 4131 2283 4189 hibitis
2310 4139 2483 4186 totum
2516 4131 2782 4201 impetum
2823 4138 3189 4186 consumente
3236 4129 3340 4184 zeli
3375 4127 3669 4184 ambitiose

2090 4221 2370 4278 ostentati.
2397 4220 2518 4286 Quo
2557 4221 2704 4277 facto
2750 4221 2819 4274 ad
2867 4229 3095 4275 ceteras
3149 4219 3528 4273 accusationes
3577 4215 3667 4273 sui

2089 4306 2241 4362 illam
2266 4304 2480 4360 addidit
2508 4302 2889 4375 gravissimam
2926 4301 3158 4371 periurii
3187 4301 3424 4356 consciti
3473 4316 3540 4356 ea
3580 4314 3664 4365 re,

2089 4413 2254 4470 quam
2319 4395 2540 4451 Christo
2581 4396 2689 4451 Deo
2718 4412 2748 4451 e
2793 4395 2950 4450 caelis
2983 4394 3050 4450 ad
3085 4411 3189 4451 nos
3247 4395 3470 4465 delapso
3528 4401 3666 4450 teste

2090 4490 2337 4570 adhibito
2362 4489 2704 4560 promiserat,
2737 4487 2964 4544 minime
2999 4488 3332 4559 praestanda.

2087 4605 2144 4662 2.
2189 4603 2377 4660 Oratio
2425 4603 2761 4670 imperatoris
2811 4603 2880 4655 ad
2939 4603 3220 4656 schismate
3269 4601 3543 4666 discissos,
3612 4605 3664 4652 et

2479 4673 2661 4726 horum
2696 4673 2764 4726 ad
2797 4673 2946 4726 illam
2981 4673 3275 4741 responsio.

2156 4766 2422 4824 Cazterum
2485 4765 2779 4822 schismate
2830 4765 3033 4819 dudum
3095 4764 3316 4818 avnisos
3343 4762 3413 4816 ab
3466 4759 3660 4815 Eccle-

2086 4861 2182 4916 siae
2206 4859 2368 4931 462
2390 4856 3011 4925 ConstantinOpolitanae
3070 4853 3461 4909 communione
3517 4865 3661 4906 nona

2083 4969 2250 5022 supra
2283 4953 2596 5006 vicesimam
2623 4948 2962 5018 Septembris
2993 4947 3080 5001 die
3109 4947 3405 5016 imperator
3430 4958 3662 5012 congre-

2081 5046 2250 5117 gavit,
2281 5045 2481 5099 educto
2517 5043 2682 5098 etiam
2738 5042 2803 5096 ad
2839 5042 2941 5096 hoc
2966 5039 3178 5096 Joanne
3207 5040 3595 5092 Tarchaneota
3627 5051 3659 5090 e

2083 5141 2355 5201 custodia,
2387 5139 2439 5192 in
2468 5153 2630 5210 quam
2661 5153 2783 5192 eum
2814 5136 2985 5192 libere
3017 5135 3167 5205 prius
3199 5135 3386 5188 vivere
3430 5131 3658 5202 permis-

2081 5248 2228 5296 sum,
2264 5231 2461 5286 deinde
2503 5229 2649 5301 quod
2684 5239 2738 5284 et
2764 5229 2878 5298 ipse
2929 5229 3256 5298 patriarchae
3323 5225 3660 5281 adversaba-

2081 5332 2192 5387 tur,
2228 5323 2542 5379 incluserat.
2572 5321 2728 5378 Hunc
2763 5337 2866 5376 suo
2911 5322 3069 5390 jussu
3116 5322 3382 5375 emissum
3435 5333 3660 5372 carcere

2059 5417 2179 5472 —ubi
2208 5425 2529 5486 praesentem
2573 5414 2762 5470 habuit
2795 5430 2920 5470 cum
2951 5413 3198 5482 reliquis,
3225 5412 3330 5466 alte
3359 5410 3658 5466 considens

2059 5507 2509 5572 .ad_universam
2549 5506 2866 5560 concionem
2917 5506 3080 5559 verba
3130 5504 3278 5569 fecit,
3335 5501 3654 5558 sedentibus

2080 5613 2268 5654 coram
2319 5606 2374 5652 et
2423 5599 2587 5653 caecis
2627 5597 2932 5660 monachis,
2981 5597 3046 5651 ad
3105 5612 3245 5666 quos
3309 5594 3652 5665 potissimum

2081 5692 2159 5747 uti
2191 5691 2462 5762 praecipua
2497 5691 2774 5746 columina
2807 5691 3060 5747 factionis
3094 5698 3149 5746 et
3196 5704 3422 5746 summa
3461 5696 3647 5741 aucto.

2087 5787 2262 5841 ritatis
2289 5801 2320 5840 a
2338 5785 2876 5857 partiariisipsorum
2911 5787 3129 5842 habitos
3159 5784 3439 5839 intendere
3463 5782 3626 5850 dispu

2083 5880 2303 5938 tationis
2335 5883 2506 5938 aciem
2546 5883 2799 5944 parabat.
2839 5881 3046 5939 habens
3075 5880 3223 5937 circa
3260 5895 3318 5937 se
3353 5879 3482 5934 hinc
3519 5872 3651 5946 qui-
