4094 6280
401 357 504 426 511
547 368 554 381 '

1517 350 1521 355 ’
1577 363 1904 426 GEORGII
1940 365 2431 428 mammeata

3558 356 3670 422 512’
3705 354 3708 356 ⁷

345 514 348 517 -
397 475 491 546 ρδς
517 475 615 548 μὲν
635 473 870 547 ἐχθροῖς,
905 473 1073 528 πολλὰ
1097 474 1142 528 δ’
1174 475 1311 544 ὑπὲρ
1345 473 1606 546 ὑπηκόων
1639 475 1883 546 πονήσας
1912 491 1970 528 τε
2000 472 2049 533 Α
2075 478 2273 546 ἐκεινῳ
2312 477 2488 531 δεινὸν
2541 476 2770 530 τοιαῦτα
2835 477 2931 530 καὶ
2959 475 3103 531 οὕτω
3155 468 3471 545 πράττοντι.
3515 465 3656 524 Ἀλλ’

396 569 492 623 καὶ
513 568 727 636 παθὼν,
751 570 849 624 καὶ
874 569 1244 638 διαφερόντως
1266 569 1388 639 ἐμοὶ
1406 570 1544 633 τέως
1573 564 1722 634 ἄξιος
1749 569 1806 633 ἐς
1828 569 1973 622 ἀπαν

396 659 630 727 εὐνοίας,
684 660 808 713 ὅσον
840 661 936 713 καὶ
967 657 1163 713 ἑαυτοῦ
1224 659 1485 727 πολλάκις
1528 661 1621 712 καὶ⁴
1655 661 1712 724 ἐς
1744 659 1976 722 πολλοὺς

395 749 572 816 λέγων
599 748 879 825 προύτίμα
911 750 1006 803 καὶ
1041 750 1140 818 τὴν
1171 750 1311 802 κατὰ
1337 742 1628 821 σύγκρισιν
1648 742 1821 821 ἧτταν
1843 749 1978 816 ὁμο-

394 842 569 911 λογῶν
603 827 703 895 οὐκ
732 841 1023 914 ᾐσχύνετο.
1087 842 1229 895 Ἀλλ’
1285 842 1439 912 ὅμως
1494 841 1640 895 τοῦτ’
1705 841 1853 907 εδοξε
1882 841 1977 895 καὶ

395 938 556 993 τοῦτο
604 938 860 1006 γεγόνει·
911 938 1059 1006 δεινὴ
1108 939 1219 1009 γὰρ
1268 940 1302 1009 ή
1337 937 1526 1009 ἐντολὴ
1566 938 1724 1009 καὶὴ
1770 939 1864 992 τοῦ
1902 939 1977 1008 μὴ

395 1032 546 1098 ἄξιον
584 1025 722 1085 εῖναί
765 1047 824 1083 τε
862 1031 957 1083 καὶ
1012 1029 1327 1097 λογίζεσθαι
1371 1029 1613 1100 Χριστοῦ
1655 1030 1852 1100 ἀπειλὴ
1885 1031 1978 1084 τὸν

395 1125 575 1192 γονεῖς
621 1111 762 1192 ὑπὲρ
815 1121 977 1176 αὑτὸν
1012 1122 1396 1192 ἀγαπήσαντα.
1444 1121 1530 1188 [Ρ.
1573 1121 1700 1194 525]
1747 1122 1886 1176 Ἀλλ’
1942 1125 1974 1195 ἡ

400 1217 606 1287 μήτηρ,
638 1215 729 1269 καὶ
753 1216 806 1269 τί
845 1233 907 1284 γε
929 1216 1075 1268 εἴποι
1098 1232 1183 1279 τις
1206 1214 1334 1268 ἄλλο
1361 1214 1393 1285 ἢ
1426 1215 1645 1286 μήτηρ;
1675 1214 1771 1268 καὶ
1797 1215 1979 1285 μήτηρ

395 1309 623 1378 τοιαύτη
658 1308 749 1361 καὶ
776 1306 950 1370 οὕτως
978 1308 1114 1378 πρὸς
1148 1309 1294 1377 ἡμᾶς
1323 1307 1541 1378 ἔχουσα,
1562 1308 1678 1362 ἀλλ’
1707 1308 1818 1362 οὐδ’
1839 1309 1979 1379 αὐτή

397 1418 460 1466 γε
494 1394 638 1474 πρὶν
673 1403 772 1472 τῆς
827 1400 949 1471 μεθ’
978 1399 1141 1471 ἡμῶν
1195 1400 1482 1469 βασιλικῆς
1511 1402 1737 1474 μνήμης
1771 1400 1856 1454 ἐπ’
1887 1403 1981 1456 ὲκ-

398 1495 628 1566 κλησίας
659 1495 839 1564 ἔτυχε,
895 1497 1021 1563 πρὶν
1071 1496 1367 1564 γράμμασι
1411 1495 1505 1549 καὶ
1537 1495 1866 1565 ἀσφαλείαις
1898 1497 1980 1548 ol-

399 1589 724 1660 κειοχείροις
755 1589 854 1656 τὴν
897 1587 1007 1641 τῶν
1039 1592 1166 1658 πρὶν
1217 1586 1593 1659 πραχθέντων,
1625 1587 1764 1642 εῐπω
1797 1589 1855 1642 δὲ
1886 1589 1982 1643 καὶ⁹

398 1682 496 1752 τὴν
524 1682 616 1736 τοῦ
666 1682 880 1753 ἀνδρὸς,
917 1681 1176 1753 ἀθέτησιν
1235 1682 1576 1753 ὲμπεδῶσαι.
1622 1683 1838 1752 Ἐξήκοι
1875 1682 1921 1737 δ’
1952 1683 1982 1734 ὁ

2072 569 2223 639 ὅμως
2273 571 2394 622 ἐπεὶ
2450 569 2654 638 μεταξὺ
2683 568 3025 636 τελουμένων
3073 565 3300 621 ἐκείνων
3352 564 3535 634 εκείνη
3570 564 3658 616 τέ-

2074 663 2264 732 θνηκε,
2297 662 2392 714 καὶ
2420 658 2577 714 οὔπω
2604 659 2826 728 τρόποις
2872 659 3167 728 μετανοίας
3214 657 3275 711 τὸ
3312 652 3412 724 τῆς
3468 672 3660 709 κοινω-

2073 755 2191 817 νίας
2220 752 2552 823 ἑκαθήρατο,
2581 751 2672 814 ὡς’
2692 751 2828 820 μηδὲ
2852 751 2949 820 τῆς
2975 749 3130 812 ὁσίας
3175 746 3410 818 τυχοῦσα
3443 748 3542 801 καὶ
3583 740 3657 800 ὧν

2075 846 2181 899 ἔδει
2212 847 2358 911 τότε,
2394 844 2501 899 τῶν
2551 845 2609 909 ἐς
2642 846 2816 898 νέωτα
2852 839 3216 913 μνημοσύνων
3269 841 3363 893 ἐπὶ
3393 843 3492 907 τῆς
3520 838 3659 908 ὲμῆς

2073 937 2378 1008 αὗταρχῐας
2405 935 2665 1006 ἀπέτυχε,
2695 935 2840 988 καὶὸ
2857 935 2945 987 ἐπ’
2978 932 3306 1003 Ἐκκλησίας
3332 933 3496 1002 τόμος
3527 934 3555 984 ὁ
3580 933 3660 995 εἰς

2076 1029 2352 1100 εὐφημίαν
2402 1027 2512 1083 τῶν
2560 1027 2861 1098 ὀρθοδόξως
2907 1025 3226 1096 βιωσάντων
3277 1025 3373 1078 καὶ
3434 1024 3661 1094 μνήμην

2075 1120 2231 1174 ὁσίαν
2266 1121 2390 1174 κατ’
2441 1120 2562 1183 ἔτος
2616 1118 2705 1173 ἐπ’
2751 1118 3077 1189 ὀκρίϐαντος
3145 1117 3662 1186 ἀναγινωσκόμενος

2076 1211 2252 1269 ἄλλων
2291 1212 2390 1282 μὲν
2447 1209 2746 1265 δεόποινῶν
2802 1210 3047 1281 ὀνόματα
3101 1212 3281 1282 φέρει,
3315 1212 3412 1265 καὶ
3451 1212 3552 1264 τῶν
3587 1213 3660 1282 μή

2079 1311 2201 1365 κατ’
2235 1310 2455 1379 εκείνην
2511 1307 2643 1371 ἴσως
2694 1309 2794 1368 τὰς
2824 1309 3048 1377 ἀρετὰς,
3105 1309 3275 1378 αὐτὴν
3305 1308 3361 1360 δὲ
3399 1308 3571 1376 μόνην
3605 1308 3663 1370 ἐς

2079 1401 2226 1456 ἀπαν
2253 1401 2512 1472 ἠγνόησε,
2537 1400 2741 1465 ζῶντος
2771 1397 2908 1470 ἐμοῦ
2933 1399 3028 1453 καὶ
3051 1395 3228 1454 ταῦτα
3256 1400 3354 1452 καὶ
3380 1399 3660 1470 ἄρχοντος,

2077 1492 2220 1564 ήλιε.
2253 1493 2402 1564 Πλὴν
2452 1495 2502 1546 εἰ
2547 1492 2653 1563 χρὴ
2709 1492 2891 1560 λέγειν
2927 1491 3188 1562 τάληθὲς,
3224 1491 3350 1562 δμοὶ
3383 1493 3481 1545 καὶ
3507 1491 3664 1546 τοῦτο

2079 1585 2146 1638 ὲκ
2168 1583 2492 1654 περιουσίας
2530 1584 2871 1654 πέπρακται,
2924 1583 3022 1636 καὶ
3053 1581 3208 1636 οὔπω
3256 1599 3340 1639 τις
3365 1578 3477 1646 οἷος
3506 1567 3661 1646 οὗτος

2082 1674 2406 1745 ὑπομνήσας
2436 1673 2665 1743 εφθασε,
2699 1674 2795 1727 καὶ
2818 1674 2878 1727 τὸ
2906 1671 3115 1742 ταύτης
3150 1675 3500 1743 μνημόσυνον
3528 1675 3663 1727 ἀπε-

397 1771 554 1841 λόγος
585 1774 678 1828 καὶ
713 1776 794 1838 εἰς
820 1774 919 1844 τὴν
948 1773 1088 1845 ἐμὴν
1129 1776 1402 1845 προτέραν
1448 1775 1707 1844 σύζυγον,
1735 1776 1856 1846 ἥτις
1888 1776 1980 1827 ἐπὶ
2012 1801 2060 1858 Β
2082 1766 2333 1858 κόπτετο.
2372 1763 2558 1858 Οὔτῳς
2590 1764 2703 1858 ἐγὼ
2748 1765 2889 1858 περι
2921 1765 3114 1820 ταῦτα-
3140 1765 3265 1858 γΚαὶ
3303 1765 3460 1836 ὑμεῖς
3504 1764 3662 1818 ταῦθ’

398 1865 653 1920 τοσοῦτον
673 1869 788 1929 τοῖς
820 1867 939 1921 τότε
973 1867 1371 1937 πραττομένοις
1397 1867 1679 1939 ἀπήχθετο
1719 1867 1858 1921 ὥστε
1886 1866 1982 1920 καὶ

399 1960 479 2027 τῷ
521 1959 958 2030 πρωτοσεϐαστῷ
1013 1961 1133 2014 τότε
1173 1960 1466 2030 Νοστόγγῳ
1501 1959 1723 2032 θερμῶς
1774 1961 1986 2023 ὲπαρᾶ-

402 2049 528 2104 σθαι
559 2051 681 2105 κατ’
714 2051 982 2122 ἀνατολήν
1012 2052 1122 2106 τῶν
1147 2052 1506 2122 πραχθέντων
1529 2052 1695 2124 χάριν
1714 2053 1842 2115 τοὺς
1868 2069 1986 2123 σχι-

402 2141 665 2212 ξομένους
693 2143 762 2197 τὰ
795 2142 1055 2199 πάνδεινα
1081 2143 1299 2212 δρῶντι,
1340 2144 1438 2199 καὶ
1463 2143 1696 2217 ἕρμαιον
1724 2144 1984 2215 ἡγεῖσθαι
2027 2171 2033 2176 -

401 2235 496 2290 ml.
554 2233 691 2307 πρὸς
722 2235 893 2307 αὐτῆς
936 2237 966 2290 ὃ
1020 2252 1074 2291 τι
1125 2236 1415 2309 συμῦαίνοι
1473 2237 1612 2310 παρ’
1668 2235 1984 2292 οὑτινοσοῦν

401 2434 719 2492 quanquam
751 2429 871 2476 erat
899 2435 1055 2478 meus
1093 2429 1287 2478 natura
1315 2432 1491 2493 pater,
1535 2421 1736 2479 aﬂectu
1765 2420 1985 2478 collatis

404 2522 608 2570 testato
631 2512 796 2570 donis
819 2514 888 2570 de
922 2529 1007 2569 me
1030 2517 1235 2586 optime
1261 2517 1520 2581 meritus,
1549 2515 1685 2570 mihi
1720 2513 1986 2570 charissi-

404 2621 529 2662 mus
560 2615 614 2663 et
645 2615 754 2661 tam
777 2606 923 2663 artis
956 2621 1119 2678 quam
1168 2608 1296 2676 quis
1323 2608 1498 2678 possit
1534 2608 1722 2662 dicere
1753 2607 1836 2661 vel
1891 2621 1985 2661 ne-

404 2694 760 2752 cessitudinis
787 2700 815 2750 a
847 2693 1336 2767 consanguinitate
1365 2695 1549 2754 ductae
1571 2697 1652 2752 vel
1687 2697 1984 2768 gratitudi-

405 2788 491 2844 nis
517 2787 589 2843 ob
622 2786 1031 2853 beneficia,‘me
1061 2787 1164 2844 sibi
1194 2786 1363 2860 566
1395 2787 1721 2845 obstrictum
1752 2788 1988 2846 vinculis

404 2870 658 2945 trahens,
695 2889 904 2944 tamen,
929 2890 1197 2950 quantum
1251 2880 1309 2934 in
1373 2896 1458 2937 me
1513 2879 1640 2945 fuit,
1702 2880 1852 2936 omni
1901 2888 1988 2936 est

405 2971 656 3040 privatus
685 2971 896 3027 honore
936 2971 1236 3036 memoriae,
1271 2986 1336 3026 ac
1387 2986 1456 3026 ne
1485 2973 1575 3028 illa
1609 2971 1829 3043 quidem
1863 2987 1987 3044 qua

404 3062 542 3118 nulli
564 3064 796 3133 negatur
811 3077 842 3118 e
861 3061 1015 3132 plebe
1029 3060 1361 3126 Christiana,
1385 3062 1684 3133 sepulturae
1697 3063 1870 3134 gratia
1901 3063 1985 3116 di-

2081 1856 2338 1926 ὁρῶντες,
2379 1856 2531 1910 πόλλ’
2583 1857 2721 1912 ἄττα
2769 1857 2957 1928 κύκλῳ
2994 1857 3448 1928 περιϐαλλόμενοι
3489 1858 3584 1911 καὶ
3606 1851 3686 1920 ις’

2080 1949 2200 2002 τόδε
2228 1949 2504 2019 σχίζεσθε,
2541 1948 2844 2019 ἀφορισμὸν
2872 1949 2968 2003 τοῦ
3003 1950 3349 2021 πατριάρχου
3380 1949 3664 2020 ’Δρσενίου

2081 2044 2240 2095 κατὰ.
2258 2041 2350 2094 τοῦ
2376 2039 2496 2110 μετ’
2527 2042 2692 2094 αὐτὸν
2722 2043 3272 2114 ποιμεναρχήσαντος
3305 2041 3507 2112 Ἰωσὴφ
3534 2058 3668 2110 προ-

2081 2131 2368 2196 ϐάλλεσθε,
2395 2133 2489 2186 καὶ
2531 2132 2797 2205 διαθήκας
2839 2134 3051 2186 ἐκείνου
3100 2133 3442 2204 προτείνετε,
3473 2134 3572 2188 καὶ
3604 2133 3666 2187 τὸ

2081 2220 2271 2277 δοκοῦν
2291 2222 2372 2287 εἰς
2399 2221 2636 2294 ὑποψίαν
2661 2223 2880 2280 δικαίαν
2899 2224 2995 2279 τοῦ
3019 2225 3094 2290 ὡς
3124 2224 3286 2298 δῆθεν
3318 2219 3662 2298 πλάσματος,

2085 2409 2480 2480 imputatnram
2521 2409 2765 2478 proprio,
2825 2408 3095 2481 quidquid
3127 2409 3258 2466 huic
3316 2408 3506 2465 talium
3560 2408 3666 2465 mi-

2085 2497 2610 2570 nistroinjuriarum
2646 2499 2773 2555 mali
2799 2515 2867 2556 ac
2891 2500 3064 2558 cladis
3098 2515 3130 2554 a
3169 2514 3449 2570 quoquam
3471 2499 3666 2556 inferri

2085 2589 2450 2662 contingeret,
2481 2597 2665 2646 tamen
2693 2590 2743 2646 ei
2782 2591 3045 2662 quoniam
3077 2591 3221 2647 diem
3248 2591 3474 2648 obeunti
3503 2606 3667 2647 suum

2084 2682 2329 2747 interim,
2359 2681 2491 2738 dum
2523 2683 2618 2738 illa
2639 2687 2990 2753 gererentur,
3023 2683 3190 2758 467
3216 2690 3395 2740 otium
3443 2691 3541 2739 aut
3565 2683 3671 2753 ffa-

2085 2775 2265 2832 eultas
2299 2775 2717 2832 defuiteluendi
2749 2785 2879 2832 ante
2905 2777 3128 2833 ‘obitum
3173 2777 3432 2849 legitimas
3479 2775 3674 2848 piacu-

2085 2868 2156 2925 lis
2187 2868 2519 2938 puanitentia:
2561 2869 2836 2924 maculam
2861 2868 3068 2926 Latina:
3091 2863 3518 2936 communionis,
3573 2880 3672 2926 ne:-

2086 2970 2213 3035 gata
2242 2962 2471 3018 omnino
2493 2970 2580 3018 est
2609 2976 2638 3016 a
2671 2976 2758 3017 me
2789 2962 3069 3033 posterius
3129 2963 3350 3034 imperii
3416 2967 3697 3033 compote'

2086 3070 2150 3112 ea
2176 3071 2304 3125 pars
2338 3055 2740 3126 uaequialiuni
2776 3055 3046 3111 honorum
3083 3071 3207 3127 quae
3239 3055 3408 3111 dilata
3458 3053 3669 3113 recenti

403 3159 626 3224 gnatus.
687 3150 783 3206 Vir
810 3153 940 3208 licet
970 3168 1245 3219 summus,
1279 3161 1334 3210 et
1369 3153 1672 3225 imperator
1703 3155 1983 3212 laboribus
2009 3145 2054 3206 (ἶ
2092 3147 2288 3211 funem
2317 3148 2386 3205 ad
2413 3159 2632 3221 tempus
2671 3148 2805 3206 illud
2845 3149 3176 3220 pertinebat-
3213 3148 3377 3222 Ἐεὸν
3418 3147 3668 3221 induam.

403 3243 721 3322 exantlatis,
748 3244 1008 3299 aerumnis
1041 3244 1293 3302 toleratis
1333 3261 1434 3315 pro
1470 3245 1756 3316 republica
1787 3246 1985 3317 ingen-

405 3334 558 3393 tibus
582 3336 1186 3404 commendatissimus,
1241 3339 1336 3408 qui
1373 3337 1582 3393 nullum
1609 3338 1663 3393 in
1695 3354 1784 3394 me
1818 3339 1987 3395 bene-

404 3427 659 3484 volentia.
690 3428 851 3498 plane
883 3428 1180 3501 singularis
1227 3432 1509 3487 omisisset
1564 3429 1825 3496 cilicium,
1878 3431 1986 3489 mei

404 3519 609 3575 nullam
635 3518 927 3590 insigniter
948 3519 1182 3574 ornandi
1213 3521 1560 3576 occasionem
1597 3522 1981 3592 praeteriisset,
2015 3535 2018 3537 λ

407 3627 473 3668 eo
504 3610 726 3682 quidem
763 3626 958 3681 usque,
987 3619 1049 3668 ut
1073 3626 1222 3683 saepe
1241 3627 1428 3668 coram
1461 3613 1650 3669 multis
1699 3614 1987 3670 disserens

408 3717 500 3758 me
555 3703 660 3759 sibi
692 3704 999 3774 p’raztnierit
1043 3714 1100 3761 et
1146 3703 1202 3760 in
1263 3706 1679 3776 comparatione
1736 3717 1988 3762 nostrum

408 3793 698 3848 amborum
727 3807 787 3850 se
811 3793 943 3849 mibi
979 3809 1104 3850 esse
1126 3794 1446 3853 inferiorem
1476 3794 1636 3851 fateri
1695 3810 1806 3850 non
1859 3811 1988 3852 eru-

407 3887 611 3944 buerit.
645 3886 854 3943 Tamen
879 3886 948 3943 de
973 3887 1068 3943 illo
1090 3888 1165 3943 ita
1201 3889 1444 3957 decrevi,
1475 3897 1529 3944 et
1562 3888 1709 3960 quod
1733 3888 1991 3946 decreveo

406 3995 527 4035 ram
559 3981 739 4052 reipsa
762 3981 1014 4051 praestiti,
1043 3983 1152 4035 vim
1183 3981 1405 4037 scilicet
1434 3991 1648 4042 naturae
1675 3995 1742 4036 ac
1788 3982 1991 4038 volun-

408 4072 510 4128 tati
538 4087 674 4128 mete
701 4072 936 4128 faciente
973 4072 1390 4129 ineluctabilem
1426 4073 1516 4128 illa
1546 4073 1750 4129 Christi
1775 4075 1993 4130 denun-

410 4165 641 4220 tiatione
675 4165 1050 4227 severissima.
1084 4166 1608 4235 negantisxdignum
1658 4167 1779 4234 ipso
1831 4181 1992 4235 repu-

410 4251 636 4305 tandum
669 4251 762 4321 qui
795 4263 1056 4321 parentes
1115 4254 1242 4324 plus
1273 4268 1436 4324 quam
1478 4255 1656 4324 ipsum
1692 4255 1982 4310 amaverit.

412 4343 517 4399 Sed
550 4354 602 4399 et
631 4354 830 4411 mater,
865 4346 1034 4416 'cujus
1100 4347 1341 4402 nominis
1397 4346 1591 4408 aﬂectu
1635 4349 1766 4418 quid
1828 4348 1990 4404 fando

2093 3242 2186 3298 ubi
2217 3243 2368 3298 solus
2396 3242 2561 3300 rebus
2593 3240 2810 3313 praefui,
2869 3242 3031 3314 longe
3053 3241 3423 3307 {charissima
3474 3241 3668 3298 uxoris

2094 3336 2293 3391 acerbo
2323 3345 2495 3406 raptae
2523 3333 2940 3405 cumquicum
3000 3333 3354 3390 concorditer
3402 3334 3668 3401 vixeram,

2093 3428 2331 3482 multare
2364 3427 2683 3482 memoriam
2714 3427 2958 3482 suatinui
3007 3426 3222 3497 reliquo
3258 3426 3446 3483 debito
3475 3441 3672 3499 paren-

2094 3520 2282 3575 talium
2308 3513 2750 3590 imperatricibus
2779 3517 2992 3575 exsolvi
3019 3517 3333 3576 solitarum.
3357 3514 3470 3592 Ego
3494 3534 3669 3577 meam

2092 3611 2416 3684 Augustam,
2475 3620 2738 3681 tanquam
2785 3614 3083 3668 nessem
3140 3612 3361 3682 quidem
3416 3617 3670 3670 contactu

2097 3712 2258 3759 terra
2289 3712 2387 3758 aut
2416 3702 2797 3759 ecclesiastica
2820 3697 3064 3774 {dignata
3128 3703 3326 3759 fuisset
3364 3705 3669 3776 sepultura,

2093 3797 2251 3868 quasi
2292 3810 2391 3866 pro
2423 3793 2895 3852 exeommunicata
2936 3808 3138 3866 passus
3185 3811 3311 3851 sum
3345 3797 3554 3852 haberi.
3587 3797 3670 3853 Me

2094 3891 2342 3955 sinente,
2365 3889 2412 3945 si
2440 3903 2552 3943 non
2580 3888 2748 3943 etiam
2776 3885 3032 3958 iubente,
3063 3889 3281 3945 sublata
3308 3889 3429 3959 ejus
3461 3892 3670 3945 mentio

2095 3991 2238 4038 este
2286 3988 2431 4036 tomo
2463 3980 2518 4035 in
2560 3979 2794 4036 ecclesia
2828 3990 3069 4048 servato,
3121 3981 3270 4038 unde
3296 3981 3668 4052 Augustarum

2096 4073 2154 4128 in
2201 4071 2513 4128 orthodoxa
2556 4070 2823 4140 religione
2863 4055 3513 4129 defunctarum'recitari
3574 4091 3674 4145 pu-

2098 4164 2241 4220 blice
2264 4164 2331 4220 de
2352 4177 2516 4219 sacro
2543 4163 2754 4233 pulpito
2786 4171 2847 4216 et
2903 4163 3284 4219 anniversaria
3337 4176 3676 4223 commemo-

2100 4255 2316 4311 ratione
2337 4271 2460 4311 cum
2494 4254 2653 4310 lande
2679 4254 2967 4325 praedicari
2997 4255 3221 4311 nomina
3246 4264 3670 4314 consueverunt.

2100 4351 2293 4420 Itaque
2331 4350 2471 4405 alias
2501 4365 2568 4404 ex
2642 4350 2750 4405 isto
2797 4349 2989 4404 codice
3031 4347 3306 4415 dominas,
3366 4351 3510 4407 forte
3549 4353 3675 4409 huic

411 4437 710 4492 memorari
779 4440 1027 4496 tenerius
1080 4441 1285 4509 queat?
1342 4451 1538 4507 mater,
1589 4441 1701 4508 aio,
1743 4457 1882 4506 mea,
1939 4448 2053 4514 et
2100 4442 2350 4513 impares
2406 4458 2509 4499 nec
2565 4441 2972 4514 comparandas
3033 4442 3326 4512 splendore
3387 4447 3673 4514 virtutum,

413 4537 591 4584 mater
624 4529 774 4596 talis,
800 4542 908 4586 tam
967 4531 1319 4603 indulgenter
1353 4548 1418 4588 ac
1475 4533 1738 4589 benevole
1801 4533 1994 4590 aﬂ‘ecta
2023 4512 2070 4567 Ῑ)
2099 4512 2228 4589 inde
2255 4534 2511 4591 audimus
2539 4512 2772 4590 solemni
2799 4536 3270 4604 pronuntiationis
3319 4512 3676 4593 commenda;

411 4619 469 4676 in
504 4637 630 4678 me:
662 4622 760 4678 sed
795 4638 917 4690 nec,
944 4623 1198 4695 inquam,
1233 4624 1351 4696 ipsa
1389 4634 1582 4682 nostra
1617 4626 1878 4696 genitrix,
1928 4642 1994 4681 ex

412 4730 526 4784 quo
592 4715 808 4785 imperii
861 4716 1068 4774 liberas
1125 4719 1372 4775 habenas
1419 4730 1656 4775 tractare
1702 4720 1994 4789 coepimus,

412 4803 674 4872 Angusta:
705 4803 950 4860 debitum
1002 4805 1058 4860 in
1100 4805 1350 4863 Ecclesia
1409 4809 1674 4879 consequi
1732 4811 1995 4865 honorem

412 4895 784 4966 prius‘potuit
819 4913 983 4963 quam
1010 4898 1212 4954 litteris
1258 4910 1313 4955 et
1345 4899 1714 4970 chirographo
1769 4903 1997 4973 proprio

411 4988 595 5058 palam
660 4998 961 5045 testaretur
1011 4991 1434 5048 detestationem
1515 4999 1894 5050 anteactorum
1947 5005 2000 5050 et

412 5078 620 5150 proprii
663 5081 1189 5136 condemnationem
1236 5085 1485 5140 sanciret
1544 5083 1669 5141 viri.
1717 5083 2000 5141 ’Procedat

412 5171 594 5225 oratio
624 5179 679 5227 et
709 5172 776 5227 ad
816 5175 1055 5241 priorem
1108 5191 1283 5230 meam
1331 5177 1644 5247 conjugem,
1713 5193 1836 5248 quae
1872 5178 2001 5233 licet

413 5273 526 5317 tam
565 5279 626 5320 se
659 5279 906 5320 aversam
933 5266 1272 5322 ostendisset
1311 5269 1380 5322 ab
1432 5269 1500 5323 iis
1554 5284 1676 5339 qua
1730 5268 1784 5324 in
1831 5284 1999 5325 causa

411 5354 819 5410 conciliationis
869 5355 1240 5411 Ecclesiarnm
1278 5373 1346 5414 eo
1375 5367 1626 5429 tempore
1677 5360 1999 5432 agebantur,

412 5452 473 5500 ut
507 5446 895 5515 protosebasto
927 5447 1236 5519 Nostongo,
1286 5449 1337 5506 ei
1372 5451 1710 5507 obsistentes
1769 5452 1999 5507 novitati

415 5546 682 5608 tanquam
717 5541 1110 5597 seliismaticos
1139 5543 1320 5613 pinnis
1346 5543 1608 5615 aﬁligenti
1656 5544 2003 5616 gravissimis

412 5647 511 5701 per
547 5641 755 5687 tractus
783 5632 1116 5703 Orientales,
1153 5635 1272 5708 ipsa
1310 5637 1601 5709 indignans
1649 5638 2006 5693 malediceret

414 5725 712 5795 palamque
744 5742 1048 5784 exsecraris
1077 5729 1231 5784 diras
1262 5730 1686 5800 imprecaretur,
1749 5743 1851 5785 nec
1901 5731 2002 5783 du-

413 5816 505 5871 bie
536 5831 648 5888 prae
666 5835 728 5876 se
760 5820 928 5877 ferret
946 5821 1320 5892 gratissimum
1348 5822 1658 5879 habituram
1687 5821 1999 5893 fructuiquc

2099 4628 2247 4683 tione
2269 4627 2563 4691 celebrari,
2599 4642 2763 4681 unam
2813 4643 2879 4682 ex
2911 4627 3168 4684 omnibus
3230 4628 3444 4683 Annam
3497 4643 3673 4684 meam

2098 4720 2481 4776 suavissimam
2507 4720 3042 4790 conjugem,vivente
3069 4729 3235 4791 atque
3257 4721 3395 4776 adeo
3416 4733 3678 4792 regnante

2099 4828 2213 4877 nte,
2239 4820 2401 4882 teque
2429 4812 2626 4867 horum
2681 4820 2840 4877 teste,
2872 4827 3086 4866 summe
3111 4811 3330 4876 sol,fille
3365 4811 3678 4882 liberigno.

2101 4915 2205 4962 rat.
2230 4904 2409 4976 Atque
2443 4905 2498 4958 in
2535 4904 2661 4964 hoc,
2696 4903 2744 4959 si
2780 4902 2937 4958 fateri
2997 4911 3234 4974 oportet,
3305 4903 3542 4960 ulterius
3593 4917 3678 4958 me

2099 5013 2456 5069 progressum
2494 4997 2674 5053 sentio
2701 5012 2867 5066 quam
2895 5005 3091 5050 exacta
3124 4995 3282 5050 oilicii
3304 4997 3449 5050 ratio
3481 5009 3676 5066 posce-

2101 5087 2211 5142 bat.
2237 5085 2508 5159 Rigidior,
2544 5086 2796 5154 inquam,
2824 5083 2980 5153 justo
3036 5082 3140 5146 fui,
3188 5082 3554 5153 exemplaque
3585 5097 3677 5137 su-

2100 5179 2290 5248 peravi
2332 5177 2417 5230 vel
2447 5187 2861 5244 supervacanee
2899 5171 3266 5227 sollicitarum
3319 5171 3372 5225 in
3427 5171 3535 5228 isto
3580 5185 3675 5241 ge-

2103 5286 2256 5337 nere,
2305 5269 2608 5339 praesertim
2643 5267 2736 5335 qui
2793 5273 3002 5318 tantam
3063 5262 3116 5318 in
3153 5272 3261 5318 tam
3333 5262 3674 5340 venerandos

2103 5377 2295 5420 manes
2325 5361 2471 5416 ultro
2502 5358 2766 5416 duritiem
2800 5356 3196 5422 conseiverim,
3231 5355 3453 5411 nemine
3482 5357 3676 5427 praeci-

2104 5454 2304 5524 piente.
2340 5452 2476 5519 Quis
2501 5452 2646 5506 enim
2682 5458 2790 5504 tam
2827 5447 3166 5504 inhumanus
3225 5448 3360 5502 mihi
3415 5447 3675 5519 praescri-

2106 5547 2234 5600 bcre
2269 5544 2497 5599 auderet
2521 5542 2737 5597 facinus
2771 5549 2881 5595 tam
2927 5540 3218 5596 adversum
3287 5540 3528 5596 naturali
3575 5539 3675 5596 do-

2106 5635 2458 5704 mesticaeque
2516 5631 2749 5703 pietati?
2795 5630 2910 5686 Mea
2966 5629 3135 5700 igitur
3170 5629 3342 5686 libera
3393 5631 3678 5699 nullisque

2107 5725 2554 5798 suggestionibus
2588 5725 2653 5779 ad
2698 5724 3029 5779 idinclinata
3063 5724 3371 5790 voluntate,
3407 5724 3672 5779 memoria

2108 5819 2382 5876 defunctae
2409 5832 2541 5875 mea:
2573 5815 2826 5887 conjugis
2857 5832 2921 5871 cx
2958 5815 3354 5873 ecclesiasticis
3385 5813 3489 5869 fuit
3519 5814 3679 5868 tabu-
