4094 6280
385 463 390 466 ,
439 400 542 465 513

401 515 504 578 ,ὡς
537 514 604 566 διν
627 509 843 582 φρονῶν
891 508 1106 581 οἰηθείη
1138 472 1241 572 τις,
1276 507 1376 579 τὴν
1429 510 1528 578 τῆς
1565 504 1888 575 ὑπογραφῆς
1922 503 2016 570 δη·
2043 517 2085 564 Α

430 609 561 677 λαδὴ
600 603 1007 677 παραχάραξιν,
1038 605 1118 668 είς
1156 602 1250 655 τὸν
1278 602 1372 654 τοῦ
1404 600 1813 671 ὑπογράφοντος
1840 595 2000 648 πόνον

429 700 690 756 δακτύλου
725 697 975 768 (ἠσθένει
998 695 1107 765 γὰρ
1139 693 1197 760 ἐξ
1220 693 1494 764 ἄνθρακος
1525 689 1723 761 δῆλον)
1745 687 2000 753 ἀνάγετε.

429 795 491 848 Τί
525 793 643 855 δαί;
681 789 835 859 ἔχετὲ
869 805 970 841 που
1003 791 1096 841 καὶ
1121 786 1214 839 ἐπί
1244 803 1297 839 τι
1328 784 1552 846 δικαίως
1575 784 1800 850 ἀνάγειν
1827 777 2004 832 καὶτὸ

432 885 703 955 μοχθηρὸν
727 880 813 953 [Ρτ
849 878 977 952 526]
1009 881 1106 948 τῆς
1131 876 1355 949 γνώμης
1379 877 1471 929 καὶ
1509 877 1571 928 τὸ
1603 873 1850 928 ἐντεῦθεν
1874 871 2004 924 ὑπο-

430 979 621 1049 τρέχον
646 977 849 1046 φαῦλον
877 975 975 1045 τῆς
1000 973 1375 1046 προαιρέσεως
1393 989 1408 1037 ;
1427 970 1455 1023 ὃ
1472 970 1536 1039 δὴ
1564 969 1758 1038 ἐκείνῳ
1779 965 2005 1020 τοιαῦτα

428 1071 673 1138 λέγοντες
689 1073 754 1128 ὲκ
783 1067 878 1122 τοῦ
914 1069 1139 1130 είκότως
1173 1066 1537 1135 προσάπτετε.
1565 1062 1624 1115 '0
1655 1061 1832 1133 τυχὼν
1872 1077 2006 1128 μετ-

431 1164 705 1218 αλλάττων
740 1163 904 1214 πᾶσιν
939 1157 1015 1221 ὡς
1053 1158 1181 1220 ἔπος
1212 1158 1387 1212 εἰπεῖν
1441 1154 1744 1222 συγχωρεῖ·
1784 1150 1877 1204 καὶ
1905 1166 2007 1202 πα·

430 1257 696 1327 τριάρχης
724 1253 996 1322 θνήσκων,
1030 1251 1149 1303 ἀντὶ
1180 1248 1274 1303 τοῦ
1296 1248 1558 1318 ,συνήθως
1587 1246 1758 1307 λύειν,
1784 1243 2004 1310 δεσμεῖν

433 1351 524 1403 καὶ
555 1348 792 1418 μάλιστα
819 1347 1017 1410 είλετο,
1047 1344 1143 1398 καὶ
1167 1342 1341 1396 ταῦτα
1370 1341 1461 1396 τὸν
1493 1341 1631 1410 ὑπὲρ
1649 1338 1748 1407 τῆς
1778 1335 2007 1405 Ἐκκλη-

432 1441 552 1502 σίας
588 1441 912 1510 ίστάμενονς
985 1436 1127 1505 Ἐγὼ
1177 1435 1275 1507 μὲν
1329 1434 1422 1488 οὖν
1456 1432 1553 1486 καὶ
1598 1431 1780 1501 υἱικὴν
1809 1430 2006 1498 ἐκείνῳ

431 1534 580 1610 φέρω
610 1532 798 1602 τιμὴν,
861 1532 964 1584 κὰν
1000 1528 1217 1591 πολλοῖς
1268 1525 1386 1581 οἴδα
1415 1527 1599 1580 ἐκεῖνα
1629 1523 1812 1577 λαϐὼν
1869 1522 2004 1591 παρ’

431 1611 641 1680 ἐκείνου
666 1625 702 1679 ὃ,
729 1624 792 1696 δὴ
827 1624 920 1677 καὶ
965 1622 1189 1692 ὀφειλὴν
1226 1617 1654 1689 εὐγνωμοσύνης
1708 1613 1840 1684 παρ’
1869 1613 2004 1686 ἐμοῦ

397 1778 400 1781 ,
433 1723 568 1792 πρὸς
599 1721 808 1772 ἐκεῖνον
840 1716 1054 1770 δικαίαν
1080 1715 1427 1777 ἀνταπαιτεῖ,
1464 1712 1560 1766 καὶ
1584 1713 1645 1763 το
1681 1709 1890 1779 μεῖζον,
1924 1708 2006 1760 ὅτι

385 1852 395 1874 ;
429 1815 523 1869 καὶ
555 1815 613 1877 ἐς
645 1811 943 1883 βασιλείαν
970 1809 1142 1880 αὐτὴν
1174 1808 1273 1878 ἐμὲ
1307 1807 1586 1878 προύτίμα
1633 1804 1730 1857 τοῦ
1767 1820 1870 1870 μου
1900 1819 2008 1853 πα-

429 1909 578 1979 τρὸς,
610 1907 822 1959 ἐκείνου
873 1905 925 1973 γ’
978 1903 1236 1972 ἄρχοντος
1272 1901 1390 1970 ἅμα
1423 1899 1523 1971 μέν
1575 1898 1739 1961 αὐτὸς
1765 1895 1864 1968 τὴν
1892 1912 2011 1946 ποι-

386 2072 393 2075 _
434 2001 703 2072 μαντικὴν
740 1998 1067 2068 αἱρούμενος
1091 1994 1504 2066 παραιτεῖσθαι,
1537 1989 1840 2062 ἐπικρίνων
1865 1985 2010 2041 οὕτω

430 2095 529 2164 τὴν
558 2092 860 2164 θεραπείαν
888 2089 1048 2155 ἀξίαν
1083 2087 1177 2142 τ’λῦ
1229 2089 1311 2150 εἰς
1342 2088 1434 2140 τὸν
1475 2084 1729 2153 Ἰωάννην
1756 2082 2014 2152 πλημμε-

374 2345 378 2350 ,
435 2272 502 2328 lis
536 2285 719 2334 erasa,
780 2252 846 2323 ιιι
873 2268 976 2324 mei
1017 2280 1146 2336 erga
1205 2263 1525 2333 religionem
1567 2261 1666 2316 zeli
1734 2259 2010 2329 specimen

397 2366 679 2430 ederem,
717 2372 771 2418 ut
805 2361 1118 2430 exemplum
1157 2366 1521 2412 monstrarem
1583 2355 1797 2407 imitatu
1861 2349 2013 2404 salu-

437 2471 556 2516 tare
589 2457 954 2526 posthabendi
986 2454 1230 2525 privatos
1288 2450 1562 2522 quoslibet
1627 2446 1857 2502 aﬂ‘ectus
1897 2445 2014 2500 sin-

386 2595 396 2600 ..
437 2552 652 2606 ceritati
685 2550 1010 2605 orthodoxa:
1039 2544 1400 2616 professionis
1453 2552 1508 2597 et
1569 2541 1693 2611 paci
1732 2538 2012 2593 Ecclesiae.

439 2640 550 2697 Vos
581 2650 766 2696 autem
803 2639 855 2695 id
900 2640 1173 2703 videntes,
1209 2635 1400 2690 multis
1431 2634 1539 2688 illis
1569 2631 1756 2686 nescio
1816 2629 2014 2698 quibus

437 2733 738 2806 allegaudis
765 2731 1122 2804 praetextibus
1161 2729 1526 2783 nihilominus
1553 2725 1850 2781 obstinatis
1896 2722 2016 2777 ani-

441 2841 594 2885 mum
625 2828 684 2882 in
741 2826 1047 2897 pertinacia
1105 2823 1211 2877 diri
1271 2820 1614 2883 schismatis.
1654 2816 2016 2875 obtendentcs

442 2923 628 2976 nescio
671 2934 835 2988 quam
857 2917 995 2970 nulli
1029 2915 1138 2971 nisi
1166 2915 1322 2969 vobis
1349 2923 1534 2968 notam
1565 2910 2018 2966 excommunica-

443 3017 649 3071 tionem
692 3030 721 3068 a
753 3010 1063 3084 patriarcha
1099 3009 1358 3063 intortam
1382 3004 1617 3062 Arsenio
1659 3005 1711 3057 in
1731 3001 2017 3058 suffectum

452 3109 556 3181 ipsi
595 3106 922 3175 Josephum.
953 3101 1219 3157 Profertis
1251 3111 1432 3154 autem
1464 3099 1584 3167 ejus
1617 3095 1828 3150 indices
1857 3103 2019 3149 testa-

447 3199 616 3256 menti
648 3196 864 3253 Arsenii
902 3193 1144 3257 tabulas,
1172 3192 1328 3246 nullo
1363 3200 1542 3246 tamen
1576 3189 1694 3258 ejus
1737 3188 2020 3256 chirogra-

446 3296 552 3363 plm
587 3291 852 3344 firmatas.
876 3288 1030 3357 Agite
1060 3300 1210 3348 vero,
1228 3283 1386 3354 cujus
1417 3282 1636 3337 tandem
1665 3282 1867 3338 coloris
1894 3281 2018 3333 fuco

449 3381 584 3437 satis
603 3381 785 3452 legitis
813 3395 843 3434 a
864 3376 1278 3448 suspicionibus
1305 3374 1706 3444 persliicacium
1729 3372 1924 3426 vitium
1954 3370 2020 3424 il-

445 3473 537 3529 lud
573 3474 627 3526 in
656 3472 823 3543 468
853 3479 1180 3525 testamento
1247 3465 1485 3522 immane
1518 3467 1712 3520 alienae
1780 3463 2023 3518 subscri-

457 3564 704 3635 ptionis?
743 3564 828 3615 cui
865 3561 1072 3631 putatis
1119 3560 1483 3614 emunctioris
1528 3557 1693 3626 paulo
1730 3557 1880 3608 natis
1910 3569 2018 3607 non

445 3657 634 3712 statim
677 3655 932 3709 subolere
962 3652 1266 3708 sublestam
1303 3649 1461 3704 fidem
1493 3649 1852 3718 exceptionis,
1911 3660 2019 3714 qua

449 3749 550 3804 soli
585 3749 705 3802 sine
736 3746 1114 3816 testejactatis
1140 3743 1259 3798 ideo
1286 3757 1383 3812 per
1411 3758 1470 3796 se
1490 3756 1596 3795 non
1623 3740 2023 3808 subscripsisse

448 3840 740 3894 Arsenium
779 3837 982 3892 tabulis
1019 3835 1299 3890 indicibus
1332 3850 1443 3888 sua)
1478 3833 1683 3888 ultima:
1703 3830 2021 3897 voluntatis,

455 3934 604 4003 quod
638 3932 840 4004 digitos
881 3942 1014 3985 tunc
1049 3930 1238 3984 innato
1269 3930 1336 3983 iis
1360 3928 1699 3983 carbunculo
1733 3926 2022 3996 impeditos

453 4023 753 4080 habuerit?
785 4022 854 4078 Et
904 4029 1013 4074 tam
1079 4027 1450 4088 opportunum
1485 4025 1678 4072 vestrae
1709 4028 1893 4070 causas
1939 4016 2024 4068 in-

450 4125 879 4170 strumentorum
909 4108 1187 4166 scribendi
1217 4109 1581 4162 articulorum
1615 4107 1865 4160 morbum
1896 4120 2026 4174 spe-

452 4205 619 4260 rastis
649 4204 958 4259 assertione
1001 4215 1112 4255 una
1172 4207 1353 4252 vestra
1414 4196 1731 4267 persuaderi
1785 4198 2027 4264 potuisse

456 4313 564 4353 non
598 4296 810 4369 ignaris
846 4309 1059 4358 rerum,
1097 4290 1407 4360 iisdemque
1439 4289 1824 4359 reputantibus
1856 4301 2030 4356 quan-

458 4404 514 4449 to
544 4389 818 4446 mendacii
853 4388 1073 4457 praemio
1106 4400 1135 4438 a
1169 4383 1624 4454 pertinacissimis
1653 4381 1807 4436 mala:
1848 4394 2029 4435 causa:

457 4485 844 4542 defensoribus
879 4481 992 4536 btec
1046 4477 1174 4549 tingi
1210 4475 1525 4547 potuerint?
1589 4474 1826 4529 Desinite
1864 4473 2031 4543 igitur

1367 397 1468 456 Dis
1508 387 1956 454 ANDRONICO
1991 379 2468 446 PALEOLOGO
2505 378 2654 438 LIB.
2703 370 2778 439 VI

3585 362 3689 430 514

2116 497 2384 567 λήματος,
2408 495 2527 562 ἅμα
2546 477 2596 545 ¹δ’
2619 487 2786 555 ἀξιῶν
2810 484 2904 539 καὶ
2926 482 3017 538 τὸν
3050 481 3263 552 πατέρα
3285 479 3384 550 τὴν
3410 478 3693 549 βασιλείαν

2106 581 2445 646 ἐκτίθεσθαι,
2467 581 2571 645 ὅτι,
2592 576 2792 644 λέγων,
2823 573 2891 628 τὰ
2921 574 3058 643 πρὸς
3090 571 3346 639 Ἰωάννην
3361 569 3460 623 καὶ
3484 570 3687 638 ἀμφοῖν

2106 675 2521 748 παρηνόμηται,
2566 672 2712 742 αὐτῷ
2746 670 2847 740 μὲν
2884 666 3187 735 καθυφέντι
3228 665 3327 734 τῆς
3375 662 3687 734 πολυωρίας

2104 769 2201 825 καὶ
2229 763 2340 822 οἷον
2388 766 2660 835 προδόντι,
2700 763 2893 832 ἐκείνῳ
2922 752 2980 815 δέ
3013 760 3082 814 τὰ
3128 759 3207 822 είς
3263 755 3542 826 βασιλείαν
3576 771 3689 807 πα-
3772 807 3783 816 ,

2108 859 2545 933 ραλογισαμένῳ,
2597 856 2670 918 ὡς
2705 856 2804 909 οὐκ
2860 853 2980 920 ἐξὸν
3033 849 3383 922 ἁμαρτόντας
3431 846 3619 928 ᾇρχειν
3652 845 3688 917 ἢ

2106 954 2266 1009 αὑτὸν
2295 950 2678 1022 πνευματικῶς
2704 949 2736 1020 ἢ
2763 950 2969 1002 ἐκεῖνον
3001 945 3172 1016 αὐτὴν
3197 943 3261 1010 δὴ
3291 943 3389 1014 τὴν
3417 937 3690 1009 κοσμικὴν

2105 1047 2280 1118 ἀρχὴν
2325 1046 2421 1098 καὶ
2456 1043 2728 1114 βασίλειον
2754 1059 2769 1073 ·
2804 1042 2948 1112 ἔχειν
2999 1038 3044 1093 δ’
3078 1039 3158 1102 είς
3201 1037 3405 1106 ταύτην
3435 1031 3689 1103 αὐτάρκη

2105 1138 2198 1189 τὸν
2227 1137 2302 1201 ἐξ
2327 1135 2514 1201 αὑτοῦ,
2548 1133 2720 1203 λέγων
2764 1133 2888 1203 ὲμέ.
2924 1131 2990 1185 Ὃ
3013 1129 3089 1199 (δὴ
3131 1131 3226 1184 καὶ
3267 1126 3425 1182 ποίαν
3453 1124 3690 1195 ὑπερσοο

2107 1227 2204 1298 λὴν
2233 1227 2454 1295 ἀγάπης
2481 1224 2580 1294 οὐχ
2622 1224 2947 1292 ὑποφαίνεις
2980 1221 3167 1275 καλεῖν
3204 1221 3283 1282 είς
3333 1216 3509 1288 ἀρχὴν
3538 1215 3688 1270 ἐννο-

2111 1336 2211 1389 μον
2240 1318 2330 1371 τὸν
2363 1317 2561 1388 μηκέτι
2596 1315 2774 1368 εἰδότα
2798 1313 2997 1376 τελέως
3020 1311 3111 1366 τδν
3147 1311 3434 1383 ἄνθρωπον
3458 1326 3474 1376 ;
3500 1308 3690 1371 Οὕτως

2109 1411 2234 1481 ἐμοὶ
2274 1411 2409 1479 πρὸς
2444 1410 2651 1462 ἐκεῖνον
2697 1407 2766 1462 τὰ
2795 1407 2892 1476 τῆς
2931 1405 3352 1476 εὐγνωμοσύνης
3389 1401 3688 1471 ὀφείλεται,

2110 1501 2204 1555 καὶ
2244 1502 2403 1563 πόνος
2440 1498 2620 1563 ἄλλως
2650 1498 2789 1568 ὑπὲρ
2826 1497 3036 1552 ἐκείνου
3062 1494 3285 1551 τοιαῦτα
3316 1494 3691 1567 προϐαλλομέ-

2111 1611 2218 1647 νων
2242 1594 2516 1646 ἀκούοντι.
2545 1591 2834 1646 Παύσασθε
2861 1588 3154 1661 τοιγαροῦν
3180 1590 3366 1643 ἐκεῖνα
3391 1587 3518 1659 περὶ
3549 1586 3696 1641 ἐκεί-

2110 1702 2202 1740 νου
2252 1683 2644 1754 θρυλλοῢντες,·
2690 1684 2756 1737 τὰ
2818 1684 2955 1753 μήτε
2981 1681 3293 1753 πραχθῆναι
3337 1680 3474 1752 μήτε
3526 1680 3694 1751 τιμὴν

2112 1777 2382 1847 λεγόμενα
2443 1776 2773 1846 περισώζειν
2845 1776 2922 1846 τῷ
2989 1775 3335 1846 εἰργασμένῳ
3393 1771 3688 1844 δυνάμενα.

2039 1875 2081 1929 Β
2124 1869 2315 1940 Ὑμεῖς
2344 1869 2400 1922 δὲ
2434 1870 2570 1922 ἀλλὰ
2609 1870 2704 1922 καὶ
2737 1868 2836 1938 τὴν
2872 1867 3146 1939 ὑμετέραν
3176 1865 3476 1938 ἱερωσύνην
3505 1867 3562 1919 ἐν
3593 1861 3694 1935 pe.

2115 1980 2199 2034 ρει
2262 1963 2441 2015 τίθετε
2487 1961 2597 2014 τῶν
2650 1960 3070 2030 ἁνεπιλήπτων,.
3112 1959 3204 2013 καὶ
3263 1958 3382 2012 οἷαν
3436 1959 3691 2031 συνιστᾷν

2112 2053 2351 2121 ἀξιοῦτε,
2378 2052 2637 2109 ἀδύνατον
2674 2052 2991 2107 καθιστᾶτε.
3019 2050 3158 2121 Φέρε
3189 2049 3321 2122 γὰρ,
3361 2049 3497 2120 πρὸς
3525 2047 3697 2121 αὐτῆς

2116 2247 2222 2302 rat,
2259 2237 2433 2307 ligare
2464 2247 2595 2290 tunc
2639 2233 2827 2289 mallet
2853 2247 3018 2304 quam
3052 2231 3283 2296 solvere,
3318 2231 3698 2300 constringere

2117 2331 2332 2386 animas
2356 2332 2770 2385 anathematum
2803 2326 3043 2384 vinculis
3108 2341 3296 2397 quam,
3333 2325 3478 2395 quod
3537 2307 3700 2379 facile

2115 2426 2309 2480 vivens
2337 2424 2673 2492 indulgebat,
2715 2424 2963 2477 relaxare
2989 2423 3318 2476 constrictas
3345 2417 3701 2490 praeoptaret?

2115 2515 2287 2584 Quem
2349 2525 2528 2570 autem
2592 2524 2725 2567 tunc
2779 2515 2970 2583 ligare,
3026 2527 3187 2582 quem
3228 2513 3362 2566 diris
3395 2511 3701 2581 implicare

2117 2608 2390 2664 nexibus?
2426 2623 2532 2662 non
2572 2607 2808 2684 aliquem
2841 2621 2873 2661 e
2902 2605 3084 2675 plebe,
3119 2602 3214 2659 sed
3266 2602 3527 2660 Ecclesiae
3565 2621 3702 2676 prte-

2117 2701 2334 2758 sidem?
2371 2701 2633 2770 Equidem
2668 2700 2894 2754 Arseuio
2929 2699 3231 2754 debitorem
3261 2714 3349 2754 me
3395 2696 3577 2754 ﬁlialis
3610 2713 3701 2753 re-

2117 2791 2377 2848 verentiae
2400 2791 2668 2846 volentem
2703 2789 2958 2849 merenti,
2982 2797 3040 2842 ut
3076 2803 3202 2843 vere
3227 2787 3427 2851 sentio,
3455 2787 3528 2840 ita
3548 2793 3702 2857 grate

2121 2885 2398 2954 proﬁtear.
2427 2882 2478 2938 ls
2517 2884 2665 2937 enim
2703 2898 2826 2936 cum
2863 2881 2990 2936 aliis
3024 2895 3110 2935 me
3173 2879 3427 2950 plurimis
3465 2878 3569 2935 sibi
3604 2879 3700 2933 be-

2121 2977 2339 3032 ncficiis
2368 2975 2687 3039 obstrinxit,
2745 2984 2860 3027 tum
2912 2975 3005 3029 illo
3067 2972 3358 3044 insigniter
3411 2972 3701 3026 honoravit

2098 3070 2344 3141 .judicio,
2374 3085 2484 3140 quo
2507 3084 2721 3138 aequum
2755 3067 2858 3121 sibi
2884 3067 3055 3120 videri
3085 3065 3386 3119 declaravit
3412 3065 3699 3133 imperiunm

2122 3163 2266 3234 patri
2309 3177 2429 3218 meo
2461 3168 2709 3231 ereptum
2749 3159 2882 3212 mihi
2913 3157 3162 3212 attribui.
3213 3157 3522 3226 lmperabat
3570 3167 3703 3214 tunc

2125 3263 2298 3325 pater,
2331 3263 2387 3308 et
2442 3252 2560 3321 ipse
2592 3251 2925 3321 pastoralem
2989 3247 3155 3317 hujus
3199 3246 3455 3302 Ecclesiae
3509 3263 3700 3302 curam

2120 3345 2480 3416 patriarcbali
2510 3353 2784 3414 potestate
2837 3342 3060 3412 gerebat
3099 3341 3388 3396 Arsenins.
3451 3342 3528 3396 Eo
3559 3347 3702 3395 tem.

2123 3453 2254 3509 pore
2285 3437 2546 3509 ﬂagrante
2581 3437 2785 3490 invidia
2809 3436 3034 3492 sceleris
3066 3435 3121 3489 in
3152 3432 3420 3489 Joannem
3445 3433 3700 3492 Lascaris

2126 3533 2326 3600 prioris
2384 3530 2612 3600 Augusti
2694 3529 2864 3583 lilium
2941 3527 3248 3593 commissi,
3314 3535 3370 3582 et
3440 3526 3700 3598 religione

2133 3625 2259 3678 inde
2353 3621 2682 3694 patriarchae
2758 3620 3005 3683 oborta,
3096 3618 3256 3688 quasi
3349 3635 3477 3689 pars
3580 3621 3703 3686 ejus

2123 3715 2300 3784 culpte
2389 3713 2443 3768 in
2551 3712 2730 3782 ipsum
2816 3710 2944 3780 jure
3045 3710 3434 3776 conferretur,
3537 3709 3703 3781 469

2127 3808 2222 3878 qui
2277 3804 2607 3862 remissione
2655 3803 2851 3873 vigiliae
2903 3801 2956 3856 in
3002 3802 3188 3873 pupilli
3240 3803 3492 3857 custodia
3552 3817 3702 3858 cura;

2126 3919 2241 3961 suze
2285 3899 2470 3955 traditi
2510 3898 2694 3953 locum
2728 3896 2962 3950 facinori
2996 3895 3240 3951 dedisset
3274 3910 3338 3949 ac
3373 3897 3530 3965 quasi
3572 3909 3702 3964 pro-

2126 3993 2358 4050 didisset
2387 3991 2722 4061 orphanum,
2757 3991 2901 4043 hanc
2925 3988 3064 4057 patri
3103 4002 3225 4043 meo
3258 3988 3514 4058 expiandi
3547 4003 3700 4043 com-

2129 4086 2311 4141 munis
2373 4085 2580 4156 peccati
2640 4082 3017 4138 conditionem
3083 4082 3228 4148 tulit,
3278 4085 3560 4146 cederent,
3614 4083 3700 4137 iu-

2127 4183 2346 4251 quicns,
2405 4178 2610 4249 pariter
2644 4179 2826 4238 ambo,
2880 4177 2970 4230 ille
3001 4175 3292 4246 imperiali,
3321 4177 3437 4246 ipse
3465 4177 3702 4246 patriar-

2129 4275 2273 4331 chali
2304 4273 2596 4341 dignitate,
2648 4282 2759 4339 qua
2794 4283 2852 4325 se
2903 4269 3158 4335 indignos
3201 4268 3556 4335 effecissent,
3609 4270 3704 4327 ille

2128 4363 2548 4426 cansciscendo,
2585 4361 2702 4430 ipse
2732 4360 3096 4429 permittendo
3128 4361 3522 4418 immanissima
3569 4360 3706 4418 faci-

2130 4473 2286 4520 nore,
2315 4473 2425 4526 quo
2446 4462 2592 4510 esset
2619 4453 2810 4523 inique
2838 4466 2902 4507 ac
2931 4452 3230 4508 crudeliter
3258 4453 3549 4525 imperium
3582 4471 3702 4511 ere-

459 4581 730 4634 ;mcmare
803 4574 1127 4628 sememtam
1189 4568 1447 4623 omnibus
1527 4566 1768 4636 ignotam
1825 4564 2026 4635 judicis
2059 4575 2104 4630 υ
2134 4565 2284 4626 ptum
2312 4550 2589 4608 innocenti
2627 4565 2799 4621 puero
2830 4549 3180 4604 hereditario
3206 4550 3337 4603 illud
3364 4549 3491 4620 jure
3520 4551 3702 4620 possi-

462 4671 684 4733 mortui,
719 4667 878 4736 cujus
911 4662 1277 4726 incredibilis,
1315 4670 1368 4715 et
1400 4658 1504 4713 nisi
1554 4657 1816 4728 suffragio
1855 4645 2022 4726 agniti

459 4761 814 4834 chirographi
861 4758 1145 4820 fulciatur,
1179 4752 1460 4808 irridenda
1496 4765 1723 4820 prorsus
1778 4748 2028 4818 allegatio

461 4865 564 4910 est.
586 4855 644 4908 In
677 4867 790 4923 quo
821 4853 1054 4920 requiro
1085 4855 1345 4916 praeterea
1377 4843 1744 4899 reverentiam
1764 4843 1816 4895 in
1852 4840 2027 4895 Arse-

461 4948 609 5002 nium
647 4954 904 5007 vestram,
937 4941 1025 4996 cui
1052 4941 1056 4944 ’
1085 4937 1385 4991 maleficam
1426 4934 1895 5002 inhumanumque
1932 4947 2031 4986 no-

461 5039 618 5095 cendi
659 5037 1006 5091 voluntatem
1041 5031 1208 5087 etiarn
1247 5030 1300 5082 in
1334 5039 1581 5083 extremo
1611 5028 1886 5096 vigentem
1924 5027 2027 5078 im-

464 5133 687 5204 pingitis
718 5129 914 5183 halitu.
948 5126 1030 5180 An
1063 5139 1173 5178 non
1206 5123 1350 5178 enim
1385 5120 1605 5178 sentitis
1639 5135 1803 5190 quam
1839 5119 1912 5174 sit
1970 5119 2035 5173 il-

466 5223 748 5276 laudatum
785 5215 1107 5273 Christiano
1140 5213 1279 5266 iram
1332 5212 1384 5265 in
1435 5211 1785 5266 adversarios
1822 5225 1929 5263 non
1965 5209 2033 5263 ad

466 5317 598 5369 solis
630 5324 840 5366 tantum
883 5309 976 5365 sed
1012 5308 1079 5361 ad
1133 5307 1257 5359 vita:
1314 5304 1481 5360 totius
1541 5317 1797 5357 occasum
1860 5316 2037 5372 usque

467 5421 688 5463 servare
718 5400 1129 5459 inexorabiliter
1171 5397 1532 5468 ﬂagrantem;
1586 5399 1746 5466 quam
1779 5395 2038 5449 inconsc-

468 5513 666 5569 quens,
699 5497 875 5550 virum
912 5507 1072 5563 quem
1105 5501 1353 5545 sanctum
1416 5489 1744 5557 praedicatis,
1774 5495 1883 5540 tam
1943 5502 2042 5543 Ste-

469 5608 592 5647 vum
631 5591 861 5644 ultorem
893 5589 1103 5652 dicere;
1140 5599 1304 5654 quam
1327 5581 1642 5636 incredibile
1673 5580 2040 5650 patriarcbam

471 5697 613 5741 notae
642 5683 908 5744 leuitatis,
942 5695 1101 5750 quem
1141 5686 1377 5741 constat,
1411 5678 1537 5729 dum
1570 5677 1802 5740 viveret,
1868 5676 2042 5730 fuisse

475 5781 692 5834 solitum
723 5773 1126 5832 selaedentihus
1151 5771 1464 5841 ignoscere,
1502 5779 1609 5820 tam
1645 5771 1815 5822 ferum
1846 5768 1898 5821 in
1925 5769 2043 5837 ipso

474 5873 664 5929 mortis
698 5876 907 5943 puncto
941 5867 1171 5937 ﬁngere,
1207 5872 1264 5918 ut
1287 5871 1476 5917 contra
1523 5877 1685 5931 quam
1737 5877 2041 5918 consueve-

2126 4649 2303 4713 denti,
2345 4661 2408 4701 ea
2464 4659 2641 4716 paenae
2685 4643 2995 4699 differentia
3043 4644 3096 4698 in
3143 4644 3376 4714 dispari
3411 4645 3706 4715 participa-

2130 4744 2278 4797 tione
2317 4740 2596 4805 criminis,
2631 4739 2813 4808 utqui
2846 4739 3168 4808 deliquisset
3213 4740 3480 4804 atrocius,
3524 4740 3706 4802 indul-

2129 4837 2348 4907 gentius
2399 4837 2747 4903 plecteretur.
2794 4832 2840 4886 Α
2877 4837 3032 4900 patre
3085 4832 3288 4902 quippe
3341 4847 3464 4886 meo
3512 4832 3588 4886 ila
3643 4847 3704 4888 se

2131 4929 2269 4985 velle
2323 4927 2564 4983 abdicari
2604 4927 2997 4996 principatum,
3038 4934 3096 4980 ut
3133 4925 3180 4980 is
3213 4925 3269 4979 in
3317 4940 3407 4980 me
3433 4924 3703 4981 transfer-

2131 5033 2306 5087 retur,
2345 5023 2447 5091 ipsi
2497 5020 2884 5090 patriarcbalis
2915 5020 3142 5073 amissio
3180 5018 3329 5073 sedis
3373 5021 3519 5074 nulla
3566 5029 3708 5074 tem-

2134 5124 2422 5185 peraretur
2446 5113 2497 5166 in
2531 5114 2802 5182 privatum
2832 5113 3159 5179 paciscenda
3192 5113 3450 5166 solatium
3481 5115 3702 5183 cognati

2136 5206 2334 5262 ﬁducia
2365 5207 2723 5262 successoris.
2756 5207 2829 5260 Eu
2867 5217 3132 5274 quantum
3163 5207 3280 5276 ejus
3302 5206 3406 5259 viri
3435 5190 3703 5272 studium,

2139 5315 2304 5372 quam
2349 5300 2623 5355 excellens
2670 5297 2942 5354 exstiterit
3004 5298 3250 5353 cbaritas
3288 5298 3340 5352 in
3399 5313 3484 5353 me
3529 5299 3708 5355 adhuc

2139 5399 2431 5467 puerulum
2467 5402 2522 5447 et
2552 5391 2710 5447 modo
2742 5391 3028 5446 infantiam
3055 5406 3364 5461 egressum,
3397 5400 3456 5445 ut
3499 5406 3584 5446 me
3651 5393 3707 5447 in

2143 5487 2388 5555 legitima
2461 5483 2817 5556 possessione
2883 5484 3095 5554 imperii
3158 5479 3384 5537 Romani
3430 5484 3540 5552 jam
3593 5495 3711 5540 tum

2141 5580 2478 5636 constituere
2513 5576 2765 5642 voluerit,
2801 5575 3019 5631 vixdum
3071 5575 3348 5631 hominem
3383 5592 3482 5631 nec
3536 5579 3707 5633 ratio-

2145 5673 2229 5729 nis
2260 5670 2502 5743 perfecte
2555 5678 2887 5740 compotem.
2941 5668 3094 5724 Unde
3133 5681 3186 5725 et
3239 5687 3336 5726 vos
3384 5670 3710 5741 intelligitis,

2145 5776 2199 5820 et
2223 5781 2323 5835 ego
2382 5778 2602 5834 semper
2633 5778 2742 5832 prae
2783 5778 2868 5817 me
2904 5763 3094 5828 feram,
3133 5778 3401 5817 summam
3459 5765 3506 5818 ei
3565 5780 3592 5816 a
3628 5781 3718 5821 mc

2146 5858 2540 5931 gratitudinem
2594 5857 2802 5914 deberi.
2855 5854 2975 5924 Quo
3036 5858 3240 5926 aegrius
3304 5872 3450 5914 nunc
3487 5875 3514 5912 a
3559 5859 3716 5915 vobis
