4094 6280
445 374 546 440 517

1373 372 1472 433 DE
1513 371 1965 437 ANDRONICO
2008 373 2476 436 PALROLOGO
2516 375 2661 437 LlB.
2694 378 2777 440 VI
2813 427 2816 432 .

3592 374 3702 443 518

441 504 527 554 vat
561 490 622 538 τὸ
673 485 902 557 πρᾶγμα
948 480 1092 541 κατὰ
1148 482 1351 544 σκοπὸν
1379 482 1439 542 ὃν
1479 485 1802 553 ὲτρέχομεν.
1856 483 2020 546 Ὅθεν
2049 498 2092 552 Α
2123 487 2282 549 Ocius
2319 485 2538 540 ἐννοιῶν
2567 487 2716 553 ἄξιος
2741 503 2758 522 “
2813 485 2909 546 καὶ
2944 484 3221 542 πιστεύειν
3255 487 3547 544 ἀπώκνουν
3593 495 3704 556 τοῖς

440 578 533 639 καὶ
562 575 695 647 πρὸς
729 574 901 629 ταῦτα
932 572 1300 643 παλινδρομῶ.
1328 573 1420 628 καὶ
1447 573 1505 626 ὃν
1533 575 1729 643 opsita,-
1753 574 1826 635 ὡς
1853 574 2015 648 δῆθεν

437 667 586 730 θείειν
604 667 786 737 ψῆφον
802 665 1045 736 πληρῶν,
1063 666 1154 740 ἐπὶ
1168 665 1265 733 τῆς·
1284 666 1432 736 ἱερᾶς
1452 664 1605 737 ἀξίας
1627 667 1813 734 ἀγάγω
1834 668 2012 735 πάλιν,

437 759 605 829 ἀνδρα
633 758 779 822 λιτὸν
807 759 872 812 τὰ
902 759 1075 819 πάντᾳ
1099 756 1192 809 καὶ
1227 755 1459 810 ἄσκευον
1490 760 1582 821 ttat
1611 757 1813 825 ἀρετῆς
1848 760 2014 810 ἐπιει-

437 853 550 918 κῷς
590 852 762 922 φίλον.
794 851 870 916 Th
920 850 1101 922 μέντοι
1138 866 1200 919 γι
1234 848 1422 906 δοκοῦν
1454 849 1689 918 σκληρδν
1718 851 1810 906 καὶ
1858 851 1933 918 μὴ
1961 851 2017 911 ἐς

438 945 582 1007 ἅπαν
613 942 886 1006 ἑπικλινές
914 959 972 995 τε
1007 942 1101 996 ἱιαὶ
1146 940 1568 1012 συγκεχῳρηκδς
1599 936 1667 1012 ἦν
1713 940 1901 1014 καιρὸς
1928 940 2015 992 ὅτε

438 1038 609 1108 κάμοὶ
643 1036 1001 1108 (μαρτυρήσω
1029 1035 1138 1104 γὰρ
1175 1033 1429 1104 τάληθὲς)
1468 1031 1596 1104 παρ’
1626 1032 1768 1103 ὑμᾶς
1809 1032 2019 1103 πάντας

437 1132 588 1189 οὐδὲν
635 1130 811 1190 “dicit:
863 1129 1142 1198 προσῆκον
1192 1127 1369 1191 ἄλλως
1423 1126 1668 1206 ποιμένι,
1701 1125 1796 1178 καὶ
1842 1123 2018 1188 ταῦτα

439 1226 814 1298 πνευματικῷ,
856 1227 949 1284 καὶ
986 1226 1092 1283 οὐδ’
1124 1224 1199 1290 ὥς
1225 1241 1288 1293 γε
1336 1221 1626 1292 ἐπαγωγὸν
1651 1221 1760 1278 τῶν
1805 1220 2018 1276 πολλῶν

438 1323 531 1376 καὶ
572 1322 868 1390 εἰρηνικὸν,
920 1318 1017 1373 καὶ
1059 1317 1311 1376 τοσοῦτον
1365 1317 1444 1370 ὅτι
1498 1315 1592 1372 καὶ
1646 1314 1739 1370 τοῦ
1783 1312 2018 1384 μονοιχοῦ

437 1414 598 1483 Μηνᾶ
626 1413 692 1467 τὰ
719 1413 812 1469 ἀπ’
846 1411 1012 1467 αὑτοῦ
1041 1412 1174 1480 πρὸς
1206 1412 1307 1482 ἐμὲ
1354 1409 1605 1478 λέγοντος
1631 1407 1906 1477 δυσχερῶς
1937 1401 2017 1459 εἷ-

436 1524 526 1576 χον
582 1506 879 1570 πιστεύειν,
934 1506 984 1560 si
1051 1503 1292 1564 toro-3:0;
1342 1501 1418 1555 ὢν
1469 1495 1584 1564 ,οἷος
1639 1500 1812 1564 ἔδειξε
1871 1501 2017 1563 adu,

436 1599 711 1669 ἀγλευκής
766 1617 823 1652 τε
881 1601 972 1653 καὶ
1029 1597 1314 1666 ἄτεγκτος,
1375 1579 1631 1650 comitatu
1675 1592 1742 1647 ἂν
1801 1590 2018 1664 κριθείη

435 1782 746 1855 claritatem
810 1781 1051 1839 Ecclesia
1105 1779 1220 1849 troia
1258 1786 1561 1850 agnoscere
1607 1794 1703 1834 vos
1769 1785 2011 1848 oportet.

2118 578 2450 648 λεγομένοις,
2485 574 2567 642 οἷς
2601 579 2770 649 ὀργὴν
2810 577 2947 633 θεοῦ
2976 581 3330 652 ἐπικειμένην
3357 585 3467 647 τοῖς
3506 584 3707 655 ἡμετέ-

2121 688 2235 740 ροις
2262 671 2458 733 εἰδέναι
2487 671 2749 743 sopierat.
2793 672 2935 726 Ἀλλ’
2969 673 3117 741 ὅμως
3153 675 3182 728 ὁ
3209 674 3384 739 οὕτως
3409 676 3546 746 ἔχων
3578 679 3707 754 περὶ

2116 760 2310 818 ratione
2341 760 2452 830 ἆγὼ
2476 765 2633 818 τόσον
2663 765 2881 819 ἑάλωκα
2904 766 3000 836 τῆς
3033 766 3169 836 πρὸς
3195 769 3359 822 αὐτὸν
3382 770 3702 840 διαθέσεως,

2118 852 2192 918 ὡς
2224 852 2353 908 ἄλλο
2393 872 2446 915 τι
2494 855 2806 922 λογίζεσθαι
2852 857 2947 912 νῦν
2999 859 3214 929 συμϐὰν
3241 862 3331 916 ἐπ’
3361 862 3486 932 ἐμοὶ
3534 866 3613 927 εἰς
3643 865 3705 918 τὸ

2120 946 2558 1022 καταλαμϐάνειν
2588 949 2665 1013 ὡς
2699 948 2926 1028 δυνατὸν
2961 952 3207 1022 κρίματα
3245 954 3362 1008 θεῖα
3389 957 3420 1026 ἢ
3447 958 3532 1011 ὅτι
3571 957 3703 1028 παρ’

2121 1035 2300 1100 ἄλλοις
2337 1040 2657 1109 ὲμάνθανον,
2688 1039 2829 1103 ὥστε
2879 1045 2975 1100 καὶ
3008 1045 3142 1098 αὐτὸ
3171 1045 3230 1099 τὸ
3270 1047 3484 1113 πολλοῖς
3513 1049 3704 1104 δοκοῦν

2119 1131 2412 1202 Dida-ruitur.
2458 1132 2553 1186 τοῦ
2607 1133 2801 1204 ἀνδρὸς
2855 1126 3178 1208 προτέρημα
3212 1139 3414 1210 μᾶλλον
3465 1140 3700 1212 ἔκρινονο

2122 1222 2352 1295 Τι-γὰρ,
2401 1224 2610 1294 ελεγον,
2661 1229 2710 1282 ει
2771 1229 2866 1282 καὶ
2897 1229 3027 1294 Orbe
3075 1231 3452 1302 φιλάνθρωπος
3508 1233 3584 1288 ὢν
3633 1237 3704 1289 τὰ

2123 1317 2349 1373 πλεῖστα
2376 1318 2602 1383 δικαίως
2635 1319 2874 1389 κολάζει,
2907 1323 2982 1387 ὡς
3007 1323 3349 1397 καθαρτικῆς
3384 1325 3512 1391 ἴσως
3537 1325 3704 1397 οὔσης

2121 1414 2216 1470 καὶ
2251 1413 2348 1484 τῆς
2382 1412 2688 1480 κολάσεως;
2723 1414 2752 1469 ὃ
2785 1415 2848 1486 δὴ
2902 1418 2996 1470 καὶ
3031 1417 3444 1490 φιλανθρωπίας
3501 1421 3704 1492 μᾶλλον

2121 1506 2375 1568 staretur;
2422 1507 2586 1578 μέρος
2623 1508 2683 1560 οὺ
2724 1509 2786 1562 τὸ
2822 1510 3006 1581 τυχόν.
3038 1512 3150 1564 Καὶ
3195 1513 3275 1566 ὅτι
3314 1514 3411 1583 μὶν
3449 1490 3704 1581 αὗτέξούσ

2123 1615 2236 1662 σιος
2267 1597 2550 1670 ἄνθρωπος
2595 1602 2813 1665 πάντως
2850 1601 2960 1673 ἔχει
3008 1604 3242 1675 χρῆσθαι
3277 1609 3344 1678 τῇ
3386 1609 3701 1680 προαιρέσει

2123 1786 2340 1850 tempus
2395 1781 2779 1844 intervenisset
2808 1784 3095 1856 quippiam
3141 1804 3355 1843 summa
3386 1791 3723 1848 considera--

434 1852 588 1948 Quod
617 1880 662 1936 si
699 1879 904 1941 facitis.
932 1877 1047 1946 jam
1081 1855 1366 1938 nobiscum
1395 1877 1746 1944 consentitis,
1775 1872 1890 1944 jam
1927 1892 2024 1931 vo-
2050 1852 2097 1912 Β
2127 1876 2277 1931 tione
2311 1877 2559 1947 dignum,
2620 1878 2768 1948 quod
2825 1852 3002 1934 totam
3044 1880 3110 1936 ad
3154 1897 3215 1936 se
3253 1896 3463 1953 raptam
3524 1900 3700 1940 meam

414 1976 520 2029 his
554 1989 746 2029 manus
777 1973 995 2037 damus,
1039 1961 1259 2048 cunctis
1290 1974 1434 2027 inter
1467 1987 1566 2027 nos
1617 1971 2016 2026 controversiis

439 2067 686 2136 sublatis.
726 2066 819 2121 Sin
867 2051 1279 2138 pergitisjﬂl
1345 2065 1632 2146 resistere,
1698 2066 1782 2120 sin
1822 2063 2020 2118 admit-

438 2170 558 2217 tere
595 2175 698 2230 pro
742 2161 886 2216 veris
939 2161 1210 2214 recusatis
1234 2166 1439 2223 noetrte
1493 2157 1666 2224 partis
1715 2158 2014 2224 antistites,

428 2255 545 2324 jam
581 2258 712 2310 estis
739 2270 965 2324 prorsus
995 2237 1323 2324 importuni,
1362 2254 1454 2325 qui
1486 2253 1764 2309 studentis
1789 2268 2020 2324 perSua-

437 2348 568 2402 dere
609 2346 816 2400 nullum
870 2347 1033 2401 hodie
1083 2347 1137 2400 in
1189 2347 1352 2402 tet-ris
1409 2347 1635 2416 reperiri
1674 2362 1860 2401 verum
1904 2348 2020 2416 epi-

443 2442 704 2510 scopum;
736 2438 883 2508 quod
919 2439 1011 2508 qui
1053 2439 1204 2503 dicit,
1255 2438 1617 2494 sacerdotalis
1657 2439 2020 2495 ordinationis

435 2534 691 2586 exhaurit
743 2533 968 2594 fontem,
1005 2539 1132 2587 et‘e
1181 2532 1347 2588 rebus
1386 2533 1647 2587 humanis
1697 2547 1845 2601 spem
1902 2548 2019 2586 0m-

437 2638 561 2679 uem
589 2623 920 2677 exterminat
951 2622 1170 2675 videndi
1219 2637 1465 2692 unquam
1512 2620 1683 2676 ullum
1740 2623 2049 2680 hominem.

435 2716 699 2772 canonica
767 2716 1118 2785 itnpositione
1182 2730 1442 2770 manuum
1518 2713 1583 2768 ad
1666 2714 2016 2786 sacriﬁcandi

433 2807 525 2877 jus
566 2817 840 2863 evectum.
878 2808 1171 2878 Suscipitis
1218 2825 1287 2862 an
1325 2807 1562 2876 rejicitis
1609 2807 1682 2862 ab
1729 2808 2019 2862 existima-

440 2903 592 2963 tione
619 2908 800 2956 vestra
835 2901 1122 2954 manifeste
1156 2901 1557 2956 intolerabilem
1617 2900 2017 2956 absurditatotn

438 2994 603 3062 istam
630 2992 653 3046 Ἰ
679 2992 852 3062 Atqui
884 2993 1003 3064 eius
1035 3009 1063 3047 s
1099 2995 1250 3049 vobis
1279 2994 1616 3063 depellendus
1645 3011 1749 3049 una
1783 2995 1898 3049 sola
1934 3003 2017 3050 est

439 3104 568 3146 sane
596 3086 1018 3156 impeditissima
1065 3087 1208 3140 ratio
1241 3127 1256 3151 ,
1293 3086 1347 3140 in
1380 3102 1446 3142 κο
1472 3087 1578 3142 sita
1631 3100 1690 3142 ιιι
1732 3087 2020 3144 evidenter

436 3179 743 3242 ostendatis
804 3194 973 3249 super
1014 3180 1196 3249 adhuc
1256 3195 1379 3236 esse
1434 3179 1595 3235 hodie
1638 3183 1693 3236 in
1753 3182 1890 3236 vivis
1917 3181 2017 3234 aii-

433 3291 573 3345 quos
603 3289 895 3344 episcopos
923 3289 986 3329 ex
1027 3289 1094 3330 eo
1125 3283 1372 3344 tempore
1425 3288 1557 3343 quo,
1620 3259 1811 3344 utpote
1842 3274 2015 3330 tribus

427 3366 540 3437 jam
593 3372 911 3423 memoratis
966 3366 1267 3432 anteriore,
1330 3357 1482 3421 nulia
1533 3377 1651 3425 erat
1700 3367 1770 3423 de
1822 3367 2016 3438 cujus-

436 3477 601 3532 quam
671 3463 917 3533 ipsorum
980 3469 1125 3516 statu
1168 3475 1232 3514 ac
1295 3469 1566 3528 potestate
1611 3463 2014 3521 controversia.

436 3553 645 3610 Herum
686 3556 981 3623 praescium
1032 3556 1233 3610 veteris
1265 3564 1318 3606 et
1371 3555 1581 3609 nemini
1629 3565 1900 3624 suspectae
1931 3570 2019 3609 or—

434 3648 736 3704 dinationis
776 3649 822 3703 si
871 3663 1032 3716 quem
1079 3647 1218 3702 forte
1270 3647 1495 3701 unicum
1537 3648 1841 3703 in‘arcanis
1872 3650 2018 3718 apud

434 3760 533 3800 nos
564 3743 789 3808 latebris
833 3745 942 3798 huc
977 3759 1148 3812 usque
1175 3742 1521 3808 custodistis,
1574 3757 1764 3807 quaeso
1817 3757 1885 3795 nc
1935 3745 2022 3796 in-

443 3838 679 3902 videatis
721 3838 902 3900 nobis,
955 3851 1022 3891 ne
1057 3836 1247 3890 celetis
1290 3835 1548 3904 amplius.
1588 3833 1876 3890 Ostendite
1904 3850 2018 3890 rem

352 3996 354 3999 τ
437 3930 825 3988 necessariam.
871 3928 1062 3984 Videat
1093 3929 1147 3982 in
1181 3944 1247 3983 eo
1274 3941 1370 3996 per
1411 3942 1510 3982 vos
1544 3934 1856 3981 monstrato
1908 3927 2018 3980 Ιιο-

434 4029 628 4083 dierna
650 4026 899 4081 Ecclesia
926 4025 1210 4079 traducem
1238 4040 1352 4078 sua:
1381 4021 1795 4093 propagatiouis
1830 4022 1898 4075 ah
1925 4036 2024 4074 an-

434 4125 612 4192 tiqua,
664 4135 816 4190 spem
855 4134 969 4173 sua:
1015 4117 1415 4173 trausfusionis
1473 4118 1526 4170 in
1562 4125 1857 4184 posteram.
1905 4114 2020 4169 Lic-

434 4215 567 4269 mini
618 4227 720 4267 vos
755 4213 921 4282 paulo
947 4220 1078 4265 ante
1104 4219 1164 4265 ut
1193 4211 1356 4265 talem
1413 4211 1727 4264 nominasse
1788 4206 2024 4262 Marma-

433 4305 725 4362 ritsiorum
782 4306 1150 4374 episcopum:
1187 4301 1284 4359 sed
1343 4310 1716 4372 praeterquam
1767 4299 1913 4370 quod
1974 4301 2021 4355 is

433 4416 656 4472 quoque
707 4401 870 4456 finem
936 4415 1084 4455 nunc
1119 4400 1338 4454 vivendi
1401 4398 1554 4465 fecit,
1591 4398 1756 4454 etiam
1821 4397 1888 4454 de
1917 4397 2023 4454 hoc

435 4493 656 4548 homine
685 4509 786 4564 ego
816 4500 950 4548 tunc
982 4491 1344 4562 inquisitione
1373 4491 1559 4546 habita
1606 4492 1779 4546 multa
1822 4491 1878 4545 in
1915 4493 2021 4547 vita

2124 1979 2360 2026 mentem
2416 1971 2484 2026 ab
2513 1972 2673 2028 istius
2722 1976 3112 2043 prosecutione
3169 1977 3324 2046 scopi
3382 1981 3701 2037 necessario

2123 2062 2377 2120 abduxit.
2445 2062 2581 2120 Cum
2636 2068 2781 2123 enim
2833 2069 3166 2139 contigisset
3240 2066 3704 2132 declarari'miro

2122 2157 2385 2212 vaticinio
2441 2159 2629 2214 statim
2689 2162 2903 2218 eventis
2943 2163 3300 2232 comprobato
3328 2165 3544 2236 insigne
3588 2183 3703 2223 me-

2121 2250 2287 2307 ritum
2346 2259 2399 2305 et
2447 2268 2718 2306 summam
2756 2254 2900 2324 apud
2933 2253 3102 2310 Deum
3137 2258 3370 2327 gratiam
3419 2250 3548 2328 ejus
3599 2262 3702 2317 viri

2122 2345 2214 2414 qui
2272 2345 2521 2415 deposito
2559 2345 2893 2418 jampridem
2950 2350 3328 2420 patriarchatu
3381 2353 3552 2426 472
3591 2358 3704 2428 pri-

2123 2448 2282 2495 vatus
2341 2450 2471 2494 tunc
2521 2441 2752 2506 viveret,
2792 2443 3046 2513 religioni
3085 2445 3344 2502 duximus
3384 2464 3494 2505 non
3542 2455 3700 2520 sequi

2124 2541 2231 2584 tam
2258 2531 2569 2586 evidentem
2597 2531 2847 2607 suﬂ‘ragii
2881 2534 3056 2589 divini
3097 2539 3519 2607 praerogativam
3551 2543 3699 2595 eoin

2123 2625 2252 2680 sede
2317 2626 2654 2694 reponendo.
2698 2642 2729 2682 e
2779 2642 2884 2698 qua
2922 2643 3208 2700 perperam
3264 2631 3536 2700 deiectum
3598 2635 3702 2689 ista

2124 2718 2237 2786 ipsa
2269 2719 2579 2789 prodigiosa
2608 2719 2940 2791 significatio
2978 2724 3346 2789 monstrabat,
3403 2727 3702 2796 praisertim

2121 2828 2245 2866 cum
2295 2822 2492 2883 praeter
2519 2807 2823 2886 periculum
2875 2816 2996 2882 Del,
3042 2819 3099 2872 ni
3137 2820 3216 2873 sic
3245 2819 3578 2888 faceremus,
3621 2821 3705 2891 oi-

2125 2904 2378 2961 i‘cndendi
2435 2908 2501 2961 ad
2540 2907 2592 2960 id
2627 2908 2807 2978 ipsum
2849 2917 3074 2980 urgeret
3111 2921 3302 2968 .status
3331 2929 3572 2984 praesens
3610 2930 3703 2970 ec-

2123 3001 2560 3056 clesiasticarum
2620 3018 2827 3068 rerum,
2902 3018 3045 3072 quas
3112 3007 3287 3061 novis
3336 3008 3481 3062 haud
3538 3008 3708 3064 dubie

2125 3093 2636 3163 perturbationibus
2699 3095 3071 3164 implicandas
3113 3099 3433 3169 apparebat,
3466 3101 3510 3155 si
3556 3101 3704 3154 aliud

2126 3188 2533 3243 decerneretur.
2559 3186 2900 3259 Reputaham
2939 3207 3154 3247 mecum
3188 3194 3378 3257 etiam,
3420 3193 3505 3249 vel
3537 3195 3583 3249 si
3612 3213 3711 3250 ne-

2123 3279 2313 3351 glcctis
2345 3280 2409 3334 iis
2463 3282 2598 3335 tanti
2657 3285 2920 3337 momenti
2986 3285 3297 3340 rationibus
3353 3288 3701 3342 obstinarem

2121 3373 2366 3427 animum
2399 3373 2450 3427 in
2493 3374 2848 3444 obsequendo
2887 3379 3070 3443 voltis,
3131 3379 3336 3435 frustra
3374 3383 3594 3448 quidem
3648 3381 3702 3437 id

2123 3466 2393 3521 facturum
2426 3482 2532 3521 me.
2569 3467 2675 3522 Per
2715 3469 2856 3523 viam
2883 3471 3028 3526 enim
3061 3480 3141 3525 tot
3167 3488 3231 3526 ac
3271 3475 3439 3530 tantis
3470 3475 3704 3532 diiilcul-

2123 3560 2329 3615 tatibus
2361 3559 2647 3631 obseptum
2694 3563 2840 3616 nulla
2878 3580 3005 3634 spes
3033 3565 3304 3620 allucebat
3337 3571 3704 3639 perungenda:

2112 3669 2365 3724 unquam
2422 3662 2597 3718 metae,
2661 3656 2726 3709 ad
2795 3671 2958 3723 quant
3011 3660 3292 3713 communi
3339 3676 3437 3716 vos
3485 3668 3536 3716 et
3600 3678 3703 3732 ego

2122 3757 2286 3798 cursu
2339 3743 2672 3799 nitebamur.
2709 3742 2812 3800 Per
2849 3747 2964 3799 haec
2997 3749 3172 3809 satis,
3224 3758 3284 3803 ut
3325 3751 3570 3812 confido,
3611 3753 3707 3807 de-

2124 3844 2425 3895 monstrata
2448 3837 2705 3908 (equitate
2733 3853 2797 3891 ac
2815 3839 3146 3895 necessitate
3173 3824 3381 3897 ultima:
3403 3843 3565 3914 huius
3593 3845 3704 3901 ele-

2124 3930 2321 3984 ctionis
2351 3945 2582 4004 prorsus
2637 3930 3003 3997 ineiuctabili,
3050 3932 3231 3988 refero
3267 3950 3354 3990 me
3403 3937 3469 3990 ad
3501 3953 3704 4008 propo-

2125 4023 2335 4078 nendas
2367 4023 2529 4079 vobis
2573 4028 2726 4080 dotes
2775 4027 3109 4095 constiicuas
3144 4035 3197 4081 et
3237 4028 3518 4096 quantivis
3553 4030 3703 4084 avsti-
3808 4059 3810 4062 ν

2126 4117 2349 4170 mandas
2400 4116 2501 4170 viri
2561 4117 2745 4183 huius,
2781 4132 2945 4185 quem
2976 4117 3219 4174 divinum
3253 4129 3478 4178 secutus
3505 4121 3706 4177 suifra-

2125 4209 2275 4279 gium
2304 4212 2358 4263 in
2393 4209 3085 4280 patrisrcitali,utvidetis,
3104 4229 3307 4280 repono
3340 4214 3493 4270 sede.
3527 4216 3703 4270 ilomo

2125 4303 2174 4358 is
2205 4313 2290 4360 est
2328 4305 2491 4374 plane
2531 4305 2783 4374 simplex,
2811 4303 2920 4362 fuci
2954 4315 3008 4360 et
3036 4305 3246 4362 fraudis
3272 4323 3493 4377 expers,
3524 4311 3700 4366 virtu-

2126 4396 2194 4450 tis
2214 4394 2506 4451 admodum
2536 4411 2754 4452 amans.
2786 4395 2911 4452 Scio
2939 4395 3114 4452 videri
3145 4397 3363 4467 quidem
3402 4397 3554 4453 illum
3590 4400 3704 4469 ple-

2124 4492 2315 4561 risque
2339 4506 2486 4547 nunc
2511 4491 2758 4555 solitum,
2787 4490 2918 4544 olim
2953 4489 3118 4545 etiam
3145 4489 3278 4544 mihi
3296 4489 3531 4558 (fatebor
3555 4492 3700 4546 enim

434 4589 553 4656 eius
581 4601 752 4658 atque
789 4589 926 4643 actis
959 4587 1348 4657 vituperabilis
1384 4587 1754 4656 reperiebam,
1786 4586 1857 4640 ob
1900 4600 2023 4656 quae
2056 4582 2100 4642 ι)
2129 4585 2363 4655 ingenue
2385 4599 2500 4640 rem
2527 4585 2761 4649 veram),
2799 4589 3085 4647 austerum
3123 4583 3439 4653 durumque
3465 4600 3530 4640 ac
3559 4586 3703 4640 irre-

432 4681 482 4741 Β
513 4683 820 4753 episcopali
879 4683 1084 4737 honore
1124 4680 1384 4752 indignus
1443 4681 1640 4737 merito
1695 4690 1877 4750 posset
1921 4680 2015 4748 ju-

435 4775 630 4831 dlcari.
681 4770 876 4831 Nostis"
905 4790 965 4829 ea
1001 4783 1056 4829 et
1109 4789 1231 4841 vos,
1276 4789 1340 4828 ex
1383 4789 1469 4828 me
1518 4773 1704 4843 utique
1749 4771 1844 4826 illo
1875 4779 2015 4825 tem-

439 4883 568 4937 pore
596 4867 808 4933 audita,
847 4869 1068 4937 quando
1126 4865 1490 4920 nihilominus
1535 4863 2014 4936 perseverantibus

409 4961 588 5028 vobis
621 4961 674 5014 in
707 4963 990 5030 proposito
1052 4959 1386 5029 praﬂciendi
1439 4958 1582 5012 hunc
1625 4957 1912 5022 Ecclesiae,
1963 4963 2019 5010 et

439 5054 899 5108 contendentibus
938 5063 1084 5107 recte
1113 5052 1457 5120 t'ontpensari
1480 5053 1723 5106 maculas
1753 5064 2016 5120 quorum—

439 5150 518 5204 vis
539 5150 660 5219 ejus
691 5156 883 5203 contra
922 5147 1274 5215 disciplinam
1328 5146 1586 5216 lapsuum
1626 5159 1734 5199 una
1764 5145 1853 5200 illa
1885 5144 2014 5198 dote

440 5238 786 5308 antiquitatis
827 5237 1168 5291 admoventis
1199 5237 1381 5306 ipsum
1439 5235 1747 5290 indubitate
1784 5249 2011 5291 succes-

446 5330 623 5387 sionis
683 5330 850 5396 fonti,
912 5331 1098 5385 remisi
1152 5346 1254 5402 ego
1313 5345 1397 5386 me
1427 5331 1789 5400 acquievique
1837 5339 2016 5383 vestro

438 5422 668 5491 judicio,
720 5422 859 5476 tanti
907 5421 1155 5486 ducens,
1201 5420 1495 5490 quantovis
1542 5419 1904 5476 imcommodo
1963 5424 2016 5470 et

440 5517 809 5588 qualicunque
857 5514 1187 5585 indignitate
1235 5513 1572 5579 devoranda,
1609 5511 1878 5566 demereri
1918 5526 2013 5566 vos

443 5621 498 5668 et
524 5611 688 5668 nobis
712 5613 1030 5682 adiungere.
1067 5608 1254 5676 itaque
1287 5609 1483 5664 JOanui
1511 5621 1638 5661 mox
1674 5605 2017 5674 patriarcha-

449 5714 568 5760 ιω
617 5703 896 5760 abdicanti
943 5713 1191 5760 vestrum
1239 5702 1768 5758 llarmarilziensem
1816 5699 2028 5756 subro-.

444 5813 594 5870 gare,
627 5808 687 5853 ut
720 5799 899 5865 scitis,
946 5797 1340 5870 cogitaveram,
1366 5796 1481 5850 solo
1515 5796 1789 5863 impulsus
1813 5795 1877 5848 ad
1916 5797 2016 5848 hoc

380 5954 390 5958 _
445 5898 627 5951 studio
652 5894 808 5952 vobis
852 5892 1232 5966 gratiﬁcandi;
1272 5891 1655 5960 fecissentque,
1690 5890 1796 5944 nisi
1825 5905 1922 5958 per
1960 5891 2012 5943 id

2123 4677 2443 4732 vocabilitcr
2471 4674 2792 4731 inﬂexibilis
2821 4676 3168 4746 emollirique
3217 4677 3269 4730 in
3305 4677 3699 4746 indulgentiam

2122 4769 2323 4826 nescire
2380 4770 2697 4840 rigiditatis,
2746 4769 3091 4839 praefractius
3121 4769 3351 4823 omnino
3402 4784 3564 4838 quam
3602 4785 3701 4838 pa-

2121 4864 2666 4933 storetn,praesertim
2692 4864 3054 4934 spiritualem.
3095 4865 3286 4917 decere
3310 4864 3577 4918 videatur.
3602 4861 3701 4918 Fui

2118 4965 2174 5011 et
2200 4970 2320 5025 ego,
2347 4955 2745 5025 inquam,alias
2770 4955 2821 5008 in
2852 4970 2915 5006 ea
2949 4955 3229 5008 vobiscum
3283 4953 3576 5019 sententia,
3614 4968 3701 5008 re-

2119 5051 2345 5118 quirens
2367 5049 2418 5102 in
2447 5050 2538 5103 illo
2564 5048 3032 5104 accommodatam
3078 5046 3430 5101 concilianda:
3461 5046 3706 5102 multitu-

2121 5146 2233 5198 dini
2271 5142 2586 5199 facilitatem
2621 5141 3016 5212 paciiicamque
3048 5135 3552 5196 mansuetudinem.
3583 5141 3698 5206 Qua

2122 5245 2537 5308 praeoccupatus
2563 5234 2632 5289 ab
2665 5249 2730 5287 eo
2759 5234 3050 5288 aversione
3067 5249 3191 5288 cum
3227 5233 3472 5288 audirem
3506 5247 3535 5286 a
3560 5234 3698 5288 refc-

2122 5341 2274 5385 rente
2306 5330 2457 5383 Mena
2490 5327 2761 5382 monacho
2788 5325 3053 5381 divinitus
3085 5324 3188 5395 ipsi
3211 5326 3504 5381 revelatam
3535 5323 3703 5380 nobis

2124 5427 2502 5480 imminentem
2574 5422 2827 5485 cladem,
2879 5436 3021 5488 aegre
3091 5435 3223 5475 sane
3283 5419 3591 5476 adducebar
3644 5428 3700 5473 ut

2121 5522 2425 5581 (tt-ederem,
2460 5516 2600 5570 haud
2639 5515 2750 5570 ﬁeri
2803 5530 2966 5585 posse
2994 5524 3166 5579 ratus,
3221 5513 3495 5568 hominem
3539 5528 3698 5583 aspe-

2124 5631 2270 5673 rum,
2301 5609 2522 5664 immitis
2561 5609 2857 5677 acerbique
2887 5608 3113 5678 ingenii,
3149 5607 3373 5678 dignum
3409 5623 3437 5660 a
3471 5605 3581 5660 Deo
3607 5606 3698 5676 ju-

2121 5709 2291 5760 dicai-i
2327 5704 2870 5759 manifestationihus
2900 5702 3210 5758 istiusmodi
3260 5710 3556 5757 eventuum
3604 5703 3694 5757 in-

2123 5799 2534 5868 Sllspicabllillilt
2573 5797 2879 5867 prudentiae
2909 5797 3178 5851 humanm.
3210 5794 3394 5862 Quare
3424 5796 3567 5872 istud
3603 5811 3699 5851 va-

2123 5874 2372 5949 ticinium
2405 5894 2540 5946 iram
2592 5890 2848 5946 Numinis
2882 5890 3042 5946 nobis
3069 5889 3475 5961 impendentem
3514 5891 3702 5945 inten-
