4094 6280
454 323 559 390 εις)

1646 330 1982 394 GEORGII
2024 322 2513 393 PACHYMER/E

3610 324 3711 389 520

447 430 542 495 καὶ
577 441 836 511 πράττειν
867 440 934 494 τὰ
965 442 1102 494 κατὰ
1139 441 1385 513 γνώμην,
1438 442 1577 513 πλὴν
1615 444 1712 498 καὶ
1744 444 1908 515 νόμος
1947 444 2034 498 δάε»
2060 447 2104 508 Α
2140 445 2336 515 ρᾶσθαι
2361 446 2587 515 σχίζειν.
2619 444 2712 499 καὶ
2763 432 2982 512 ἀμελεῖν
3011 443 3086 506 ὡς
3119 443 3194 515 μή
3229 460 3370 506 τινος
3425 439 3599 496 κακοῦ
3623 457 3712 510 γε·

447 533 615 593 δοται.
647 537 674 586 δ
705 533 802 599 μὲν
827 531 914 606 [Ρ.
945 533 1070 604 529]
1103 537 1349 601 φυσικὸς,
1375 537 1402 589 δ
1447 535 1504 589 δὲ
1532 537 1795 607 γραπτδς,
1815 536 1919 592 ¹καὶ
1949 537 2028 594 δι·-
2075 549 2079 552 “

448 624 658 692 καστὴς
691 623 1033 693 προκάθηται
1061 623 1281 696 κρίνων,
1303 625 1389 678 ’ἵν’
1416 624 1445 679 ὃ
1490 627 1565 696 μὴ
1600 627 1692 697 ἀφ’
1719 628 1913 682 ἑαυτοῦ
1942 643 2028 692 τις
2074 640 2080 645 ’

447 714 560 780 ῑξει
587 716 654 786 τῇ
694 716 996 786 συνειδήσει
1030 717 1497 787 σωφρονιζόμενος
1519 719 1614 772 καὶ
1645 719 1721 782 ὡς
1745 720 2027 793 ἀναγκαίῳ

447 807 650 880 χαλινῷ
678 808 1104 880 καταγχόμενος,
1136 806 1296 863 τοῦτο
1331 809 1482 880 παρὰ
1518 812 1620 880 τῆς
1645 808 1844 876 ἔξωθεν
1871 811 2020 876 £500-

450 901 573 965 σίας
599 899 910 964 παιδευθεὶς
955 901 1140 970 μάθοι,
1181 902 1276 954 καὶ
1307 900 1643 972 δλμετελθὼν
1664 903 1726 955 τὺ
1769 903 2030 974 πλημμέ-

447 992 598 1064 λημα
631 994 751 1056 ταῖς
778 991 1058 1064 ἀληθείαις
1102 995 1398 1066 εὐεργέτης
1429 993 1572 1061 δόξοι
1615 999 1713 1052 καὶ
1744 999 2026 1070 τιμωρῶν.

461 1086 553 1140 Ἐν
583 1085 641 1140 δέ
666 1103 730 1155 γε
763 1086 840 1156 τῷ
895 1087 1025 1159 ἱερῷ
1073 1087 1392 1159 Εὑαγγελίῳ
1425 1090 1520 1143 καὶ
1564 1092 1612 1142 ol
1658 1093 1717 1143 ὲν
1752 1093 1892 1156 ὁδοῖς
1933 1092 2032 1146 καὶ

450 1180 733 1242 πλατείαις
759 1181 852 1234 καλ⁵
903 1180 1105 1251 ῥύμαις
1143 1181 1386 1248 κείμενοι
1420 1183 1500 1246 είς
1531 1185 1658 1248 τοὺς
1692 1185 1905 1256 γάμους
1932 1182 2029 1240 τοῦ

449 1271 712 1342 βασιλέως
739 1271 997 1326 εἰσελθεῖν
1021 1271 1442 1339 ἀναγκάζονται,
1474 1274 1550 1337 ὡς
1573 1275 1885 1344 ἀναγκαίως
1912 1276 2033 1331 ἑπι-

448 1365 701 1435 κείμενον
734 1363 794 1418 δν
820 1365 884 1418 τὸ
923 1365 1020 1434 τῆς
1055 1365 1323 1435 ἀνάγκης,
1362 1369 1412 1419 εί
1457 1367 1701 1433 βούλοιτὸ
1735 1385 1819 1431 τις
1859 1367 2030 1433 σώζε-

451 1457 595 1512 σθαι.
647 1457 712 1510 Ti
756 1458 932 1512 τοίνυν
961 1458 1022 1512 τὸ
1055 1459 1182 1528 ὑμῖν
1219 1459 1404 1513 ἱκανὸν
1455 1459 1645 1513 δογοῦν
1703 1461 1785 1522 είς
1813 1461 1874 1513 τδ
1913 1462 2033 1532 σχί-

449 1550 677 1617 ζεσθαις
710 1551 762 1604 τι
811 1569 870 1605 τε
896 1551 925 1605 ὃ
972 1553 1249 1606 ἐκκλιτέον
1288 1554 1416 1623 ὑμῖν
1448 1553 1522 1616 ὡς
1559 1553 1632 1624 μὴ
1681 1554 1860 1618 καλῶς
1907 1556 2032 1626 ἕχον

448 1645 672 1716 ἥγηται,
701 1646 843 1700 ὥστε
894 1648 990 1701 καὶ
1035 1647 1215 1710 ἄλλοις
1266 1647 1527 1718 παρέχειν
1578 1648 1898 1715 σκάνδαλον,
1933 1651 2031 1703 καὶ

447 1738 540 1791 τὸν
581 1738 679 1794 ἕνα
707 1739 802 1793 καὶ
845 1738 1103 1811 ἄσχιστον
1137 1739 1342 1811 χιτῶνα
1390 1739 1490 1810 τῆς
1527 1739 1855 1813 Ἑκκλησίας
1906 1758 2029 1796 πει-

448 1929 577 1976 tans
601 1930 660 1976 ut
679 1935 879 1975 vanum
905 1932 999 1976 aut
1025 1921 1196 1992 gratis
1217 1919 1516 1976 conilctum
1541 1923 1901 1992 aspernabar,
1932 1922 2027 1978 diu

448 2015 501 2070 ei
526 2011 684 2069 ﬁdem
703 2016 975 2069 abnuens.
995 2015 1200 2068 Tamen
1219 2013 1338 2069 viso
1360 2024 1545 2085 postea
1565 2030 1844 2077 successu,
1865 2030 2030 2084 argu-

448 2120 744 2176 mentoque
763 2106 1128 2178 irrefragabili
1152 2107 1444 2163 convictus
1473 2107 1724 2164 habitare
1743 2111 1794 2163 in
1819 2109 1917 2164 illo
1932 2109 2028 2166 Dei

444 2199 609 2272 573
680 2200 965 2268 Spiritum,
1030 2198 1190 2271 cujus
1242 2202 1437 2267 utique
1491 2201 1665 2257 solius
1735 2201 2027 2270 pr0phetia

445 2295 659 2349 eventis
709 2303 919 2363 patrata
967 2293 1174 2349 donum
1235 2293 1646 2362 agnoscendum
1691 2301 1795 2360 est,
1844 2293 2029 2351 facere

449 2399 559 2438 non
613 2385 762 2454 potui
805 2386 939 2453 quin
980 2397 1205 2454 raperer
1241 2383 1550 2439 vehementi
1603 2385 1844 2454 quodam
1898 2399 2028 2453 erga

447 2479 611 2534 talem
667 2480 843 2533 virum
900 2480 1108 2543 studio,
1163 2479 1596 2549 prmjudiciaque
1649 2481 1704 2536 in
1753 2497 1878 2537 eum
1936 2482 2030 2536 illa

447 2572 625 2639 priora
654 2570 836 2626 excuti
863 2571 992 2624 mihi
1016 2587 1084 2626 ex
1110 2573 1298 2626 animo
1322 2572 1580 2636 sinerem.
1606 2582 1870 2644 reputans
1905 2576 2027 2630 ideo

447 2664 581 2718 mihi
634 2662 797 2726 forte,
835 2663 1174 2732 indulgentia
1210 2664 1465 2720 Numinis
1504 2681 1679 2720 meam
1721 2667 2027 2722 erutlientis

447 2755 801 2824 imperitiam,
856 2756 1095 2824 experiri
1155 2755 1284 2809 talia
1344 2773 1702 2822 concessum,
1767 2770 1825 2813 ut
1878 2761 2025 2830 quod

448 2845 712 2902 hactenus
755 2847 1108 2916 uequiveram
1149 2849 1534 2917 intelligerent.
1578 2849 1816 2906 immane
1853 2868 2029 2921 quan-

449 2951 562 2994 tum
607 2939 792 2994 extolli
850 2955 1015 3008 supra
1069 2941 1430 3010 cogitationes
1482 2941 1765 2996 hominum
1817 2944 2026 3011 judicia

444 3031 654 3097 divina,
695 3048 929 3102 quorum
974 3033 1048 3086 illi
1087 3047 1196 3087 non
1227 3047 1353 3086 raro
1387 3033 1663 3103 suffragiis
1695 3037 2026 3103 evehuntur,

2057 1791 2106 1852 B

2131 538 2359 608 νομένου
2384 556 2398 604 ;
2425 528 2560 591 Εξ’δ’
2586 534 2699 600 οὖν,
2730 538 2847 592 ἀλλ’
2875 538 2984 591 [Bob
3015 537 3365 606 πατριάρχης
3401 535 3492 588 καὶ
3527 533 3710 606 ίεράρ·

2129 639 2241 700 χαι,
2271 630 2379 683 ίδοὺ
2406 631 2608 702 κλῆρος
2628 631 2722 684 καὶ
2746 629 3050 701 σύγκλητος
3071 631 3166 684 καὶ
3187 630 3314 692 λαὸς
3339 629 3431 682 καὶ
3463 625 3714 707 μοναχῶν

2128 722 2179 774 οἱ
2211 721 2438 789 λογάδες
2458 737 2472 750 ⁸
2498 723 2596 777 καὶ
2627 723 2751 778 ὅσον
2774 723 2901 794 ὑμῖν
2927 724 3009 786 είς
3035 722 3334 789 ἀπολογίαν
3357 720 3715 790 παρίσταται,

2077 846 2082 850 -
2129 814 2344 880 εἴπατε,
2378 815 2471 869 καὶ
2522 814 2739 887 πρῶτον
2766 815 2877 870 τῶν
2904 814 3102 883 ἄλλων,
3143 815 3320 868 ὁποῖοι
3359 813 3456 868 καὶ
3485 812 3632 875 τίνες
3656 813 3716 864 ιν

2133 903 2418 976 ἱεράρχαις
2461 906 2599 979 πρὸς
2646 905 2743 971 οὓς
2797 907 3089 976 ἀναφέρειν
3133 905 3283 976 ἔχετε
3333 904 3402 958 τὰ
3452 903 3712 973 ὑμέτερα,

2130 997 2292 1051 ὥστε·
2328 995 2534 1052 τούτων
2583 992 3133 1066 ἀποϐουκοληθέντων
3189 995 3434 1059 ἐκείνους
3486 983 3716 1058 δικαίως

2131 1085 2502 1156 ὲγκρίνεσθαι.
2533 1088 2668 1142 Οὐδὲ
2700 1088 2808 1159 γὰρ
2853 1090 2935 1152 είς
2975 1090 3281 1158 ἀπέραντον
3329 1085 3712 1158 quatientes,

2131 1178 2248 1232 οὐδὲ
2287 1179 2516 1244 δίκαιον,
2548 1181 2668 1235 οὐδέ
2693 1183 2744 1250 γ’
2792 1181 2986 1251 ἑτέραν
3011 1180 3339 1250 οἰκουμένην
3380 1179 3713 1248 ζητήσομεν,

2131 1268 2191 1334 ἔξ
2216 1265 2282 1342 ἧς
2309 1271 2623 1342 δνέγκωμεν
2655 1273 2914 1344 ίεράρχας
2953 1274 3080 1338 τοὺς
3107 1273 3207 1342 τῆς
3234 1273 3514 1343 ἡμετέρας
3547 1270 3716 1340 ἀρχῆ-

2133 1364 2225 1416 θεν
2265 1363 2596 1431 Ἐκκλησίας
2645 1365 2724 1427 ὡς
2763 1365 2823 1418 τὸ
2873 1365 3019 1428 εἰκὸς
3078 1365 3543 1433 καταστήσοντας.
3591 1357 3716 1414 Οὐδ’

2133 1455 2356 1523 εὔλογον
2387 1457 2516 1526 περὶ
2549 1457 2656 1509 τῶν
2685 1458 2854 1510 ὄντων
2883 1458 3092 1528 ἐρωτᾷν
3115 1457 3243 1520 τοὺς
3277 1455 3354 1526 μὴ
3384 1457 3568 1518 ὄντας,
3597 1450 3713 1508 ἀλλ’

2133 1549 2294 1617 ἡμεῖς
2318 1549 2443 1601 καθ’
2467 1549 2664 1612 αὐτοὺς
2687 1551 2783 1612 τὰς
2806 1549 3068 1620 διαφορὰς
3093 1549 3487 1620 δοκιμάσομεν.
3521 1547 3714 1618 Ἡμεῖς

2134 1640 2428 1710 κρινοῦμεν
2471 1643 2567 1695 καὶ
2598 1644 2656 1694 ἐν
2695 1644 2850 1712 μέρει
2884 1641 3407 1713 ὰντικριθησὸμεθα,
3451 1643 3546 1695 καὶ
3578 1639 3717 1709 μετὰ

2133 1731 2270 1785 Θεοῦ
2304 1733 2413 1786 καὶ·
2447 1734 2556 1787 τῶν
2603 1733 2862 1805 Πατὲρων
2889 1732 3179 1804 ζητοῦντες
3207 1733 3305 1786 οὐκ
3352 1731 3418 1786 ἂν
3451 1734 3717 1804 ἁμάρτοι-

2134 1915 2272 1969 lieri.
2336 1915 2470 1980 Quae
2519 1929 2646 1972 cum
2699 1916 2772 1970 ita
2827 1915 2960 1980 sint,
2995 1931 3244 1985 quaenam
3299 1916 3456 1972 vobis
3490 1917 3712 1973 demum

2133 2008 2328 2062 idonea
2370 2008 2701 2077 persistendi
2755 2007 2810 2061 in
2845 2009 3143 2064 schismate
3174 2024 3341 2065 causa
3395 2019 3480 2065 est
3506 2009 3550 2063 τ
3580 2009 3712 2080 quid

2131 2098 2386 2167 excipitls
2423 2098 2702 2154 declinare
2728 2115 2828 2155 nos
2853 2101 3055 2156 debere
3100 2103 3302 2156 malum
3336 2117 3366 2157 a
3417 2104 3572 2158 vobis
3624 2103 3715 2158 in-

2133 2191 2578 2258 conveniensque
2603 2189 2938 2258 iudicatum,
2973 2207 3085 2261 quo
3119 2192 3265 2248 velut
3295 2202 3480 2246 amoto
3518 2201 3716 2250 vestra

2130 2281 2454 2336 oﬂ‘ensionis
2514 2282 2778 2337 seandalo
2839 2284 2893 2337 in
2963 2300 3131 2338 unum
3187 2285 3466 2341 conciliati
3521 2301 3714 2344 omnes

2131 2371 2299 2445 ‘75.
2346 2375 2747 2429 occurramus?
2808 2389 2912 2428 cur
2975 2389 3141 2430 unam
3203 2385 3259 2430 et
3332 2377 3710 2433 inconsutilem

2137 2465 2394 2521 Ecclesiae
2453 2471 2698 2522 tunicam
2731 2469 3011 2523 conamini
3047 2469 3320 2536 scindere,
3351 2485 3529 2541 eoque
3569 2471 3714 2528 facto

2140 2575 2339 2616 secure
2392 2561 2624 2632 pergitis
2650 2561 2856 2626 vivere,
2887 2562 3044 2632 quasi
3075 2563 3227 2618 nullo
3256 2579 3354 2620 vos
3379 2565 3608 2620 crimine
3633 2563 3714 2620 sic

2133 2655 2346 2725 agendo
2383 2654 2655 2726 llligetis?
2683 2656 2779 2710 Sin
2828 2671 2928 2712 vos
2958 2658 3140 2712 adhuc
3185 2658 3289 2712 ista
3334 2673 3441 2712 non
3470 2667 3711 2728 movent,

2133 2762 2233 2817 age
2267 2747 2506 2818 proferte
2535 2763 2644 2817 quo
2677 2748 2966 2802 nitamini.-
3007 2747 3087 2802 En
3136 2748 3447 2817 patriarcha
3495 2761 3553 2804 et-
3591 2747 3712 2805 hie-

2134 2841 2372 2906 rarchte;
2441 2856 2507 2895 en
2580 2841 2764 2895 clerus
2805 2863 2808 2867 λ
2850 2851 2904 2896 et
2956 2852 3182 2896 senatus
3254 2853 3306 2897 et
3361 2843 3593 2913 populus
3657 2853 3712 2900 et

2135 2934 2416 2989 leuissimi
2450 2935 2657 3004 quique
2714 2937 3106 2989 monachorum
3139 2953 3154 2990 :
3185 2951 3370 2988 coram
3415 2935 3500 2991 his
3542 2943 3714 3008 expo-

2136 3028 2248 3084 nite
2273 3028 2414 3097 quod
2440 3029 2504 3081 ad
2526 3035 2763 3099 vestram
2805 3027 3187 3083 defensionem
3219 3029 3427 3084 utiliter
3465 3029 3711 3100 allegan-

446 3126 540 3194 qui
597 3124 805 3178 nullum
859 3123 930 3178 ab
975 3123 1214 3179 humano
1268 3124 1456 3180 favore
1501 3139 1764 3194 punctum
1822 3127 2025 3184 ferunt.

2138 3120 2266 3174 dum
2297 3119 2599 3176 conﬁditis.
2625 3120 2764 3173 Ante
2786 3129 2967 3174 autem
2994 3122 3201 3186 omnia,
3226 3138 3351 3176 cum
3381 3138 3504 3176 vt-ra
3527 3123 3714 3178 Eccle-

447 3215 605 3272 Unde
645 3216 791 3271 istud
827 3215 1005 3285 ipsum
1054 3214 1198 3284 quod
1249 3214 1304 3270 in
1337 3215 1440 3271 hoc
1495 3217 1741 3286 plerique
1799 3221 1913 3273 viro
1946 3221 2025 3275 uti

446 3309 637 3364 vitium
691 3307 1176 3378 damnant,‘laudi
1225 3309 1409 3378 potius
1449 3311 1836 3366 ascribendnm
1879 3313 2024 3380 judi-

444 3403 587 3458 cavi.
642 3402 758 3456 Cur
813 3404 985 3466 enim,
1041 3403 1277 3466 aiebam,
1336 3403 1480 3458 hunc
1533 3404 1833 3473 vituperetn
1879 3411 2025 3476 quod

445 3511 672 3553 sei-erus
696 3497 749 3548 in
785 3496 1102 3564 castigando
1134 3497 1228 3560 sit,
1257 3511 1384 3550 cum
1411 3494 1660 3560 Deus,de
1687 3500 1844 3567 cujus
1873 3501 2026 3554 beni-

446 3593 650 3656 gnitate
681 3589 934 3642 dubitare
991 3605 1152 3643 nemo
1185 3598 1385 3658 potest,
1421 3591 1746 3660 plerumque
1780 3594 2029 3646 homines

439 3683 588 3750 juste
624 3682 850 3752 puniat?
897 3696 1004 3735 non
1045 3683 1231 3734 animo
1267 3682 1479 3736 scilicet
1531 3684 1678 3751 ipsos
1735 3684 2022 3753 perdendi,

2135 3214 2217 3267 sia
2251 3226 2452 3281 corpus
2504 3214 2625 3267 sine
2672 3213 2850 3280 capite
2885 3229 3007 3268 esse
3057 3230 3163 3268 nun
3215 3213 3406 3282 possit,
3440 3215 3711 3271 ostendite

2132 3303 2337 3372 quibus
2369 3313 2421 3357 et
2465 3304 2724 3372 qualibus
2768 3305 3070 3358 hieran-his
3107 3317 3343 3358 vestram
3387 3306 3526 3360 hanc
3559 3313 3711 3360 recte

2133 3398 2386 3466 subjuugi
2420 3398 2897 3468 congregationem
2933 3400 3256 3452 aututuetis.
3294 3397 3400 3454 Sed
3439 3400 3620 3454 videte
3649 3409 3709 3454 ut

2133 3491 2274 3545 tales
2331 3490 2748 3552 demonstretis,
2805 3491 3063 3560 qualibus
3117 3493 3273 3560 plena
3334 3493 3711 3560 exploratione

2133 3585 2369 3654 cognitis
2422 3583 2565 3638 haud
2617 3584 2782 3639 dubie
2829 3584 3156 3647 debeamus,
3209 3587 3548 3653 repudianda
3606 3602 3708 3640 no-

2129 3689 2276 3734 stros
2328 3687 2389 3733 ut
2445 3680 2628 3733 minus
2665 3679 2918 3740 idoneos,
2961 3679 3246 3732 accedere.
3281 3676 3397 3744 Eia,
3461 3680 3704 3750 inquam,

443 3776 542 3830 and
574 3775 872 3845 purgandi;
905 3775 1052 3844 quod
1087 3775 1337 3843 profecto
1371 3776 1749 3844 benignitatis,
1791 3778 2026 3849 ejusque
2125 3773 2466 3840 reperiamus
2527 3773 2768 3841 aliquem
2820 3774 3027 3825 θιίωῐιὶ
3089 3773 3286 3826 inﬁnili
3353 3774 3468 3841 iam
3535 3787 3706 3842 prope

446 3883 556 3920 non
606 3867 866 3935 vulgaris.
917 3867 1154 3920 cilicium
1213 3875 1319 3922 est.
1356 3867 1625 3933 Quoniam
1692 3881 1874 3924 autem
1935 3872 2022 3925 sui

446 3970 640 4028 potens
666 3974 730 4012 ac
760 3959 917 4013 liberi
945 3974 1170 4028 compos
1205 3960 1416 4013 arbitrii
1439 3961 1697 4014 conditus
1723 3963 1886 4016 homo
1916 3973 2020 4028 est,

446 4055 751 4123 exspectari
791 4053 935 4106 aliud
965 4069 1068 4106 non
1102 4055 1264 4107 debet
1298 4069 1460 4123 quam
1486 4055 1856 4109 exerciturum
1893 4070 2022 4111 eum

446 4146 500 4198 in
537 4148 660 4198 vitae
712 4157 834 4199 actu
872 4160 1027 4198 suam
1082 4146 1236 4197 istam
1283 4145 1591 4210 expeditam
1647 4149 1701 4200 in
1748 4151 2020 4204 utrumvis

446 4237 680 4305 eligendi
731 4235 1067 4299 facultatem,
1100 4248 1152 4290 et
1185 4248 1341 4304 prout
1389 4237 1718 4304 iudicaverit
1769 4253 2025 4305 operatu-

447 4345 595 4385 runt.
639 4329 874 4383 Tantum
927 4332 978 4384 ei
1013 4331 1297 4402 dirigenda
1336 4332 1418 4385 lex
1475 4335 1791 4401 apponitur,
1821 4341 2020 4404 partim

449 4425 717 4478 naturalis
757 4424 952 4491 partim
983 4425 1214 4491 scripta,
1275 4425 1594 4493 arbiterque
1637 4427 1894 4495 praesidet
1927 4428 2023 4495 ju-

2131 3866 2357 3935 negotii.
2415 3865 2684 3920 Nullusne
2739 3866 3007 3921 terminus
3050 3865 3366 3936 iurgiorum
3415 3865 3526 3919 sit?
3574 3880 3706 3920 num

2131 3969 2346 4020 a-quttm
2406 3954 2753 4008 arbitramini
2801 3965 3011 4008 eterna
3052 3969 3152 4009 vos
3206 3954 3644 4010 irrevocabiliter
3675 3972 3705 4011 a

2131 4047 2335 4100 mundo
2369 4047 2624 4100 universo
2665 4046 2891 4117 abjungi
2924 4047 3200 4102 discidio?
3225 4049 3311 4102 An
3345 4049 3511 4102 alium
3562 4065 3708 4120 qua-

2129 4153 2311 4190 remus
2335 4148 2604 4190 terrarum
2633 4140 2846 4198 orbem,
2875 4137 3020 4193 unde
3051 4138 3372 4193 hierarcbas
3405 4141 3562 4193 vobis
3595 4155 3704 4195 non
3752 4143 3761 4150 '

2129 4229 2493 4284 fastidiendos
2536 4230 2900 4292 adducamus;
2951 4230 3044 4299 qui
3103 4241 3349 4285 nostram
3409 4231 3706 4301 aliquando

2131 4323 2432 4377 Ecclesiam
2492 4339 2596 4375 non
2647 4324 2760 4390 jam
2813 4324 3057 4390 amplius
3106 4322 3287 4379 dubia:
3337 4326 3708 4383 ordinationis

2129 4415 2472 4484 presbyteris
2503 4415 2780 4468 instruant
2830 4428 2894 4467 ac
2926 4425 3074 4468 certa
3103 4430 3228 4468 eum
3258 4416 3561 4472 orthodoxa
3613 4433 3732 4475 τεο,

447 4518 640 4570 dicans
708 4527 785 4572 ut.
837 4515 882 4570 si
950 4517 1038 4568 cui
1090 4531 1116 4567 a
1179 4514 1367 4568 fraude
1417 4517 1723 4570 coercendo
1779 4520 2028 4573 naturale

2136 4509 2236 4558 teri
2299 4507 2710 4561 continuatione
2768 4507 3141 4562 conuectant?
3205 4509 3399 4564 Utrum
3467 4511 3705 4567 censetis

449 4608 680 4678 singulis
747 4607 980 4662 inditum
1047 4611 1284 4677 propria:
1331 4609 1603 4678 cujusque
1650 4613 2026 4674 conscientiae,

447 4700 669 4754 vitanda
703 4701 1098 4770 sequendaque
1130 4702 1538 4770 distinguentis.
1574 4703 1717 4756 haud
1752 4705 2031 4759 suﬂeceiit

449 4792 700 4854 frenum,
759 4792 920 4861 hujus
969 4793 1246 4847 defectum
1296 4805 1540 4849 exterur
1581 4801 1870 4864 potestatis
1906 4815 2028 4852 cor-

449 4889 627 4955 reptin
662 4888 933 4955 suppleat,
980 4885 1269 4954 discatque
1322 4902 1553 4941 censura
1601 4889 1838 4942 docente
1879 4893 2026 4958 quod

449 4980 778 5030 admonente
826 4977 1021 5030 intimo
1068 4989 1277 5031 naturae
1307 4980 1511 5046 judicio
1564 4980 1721 5034 visus
1785 4991 1870 5035 est
1916 4997 2023 5036 non

449 5070 786 5122 intellexisse
829 5071 920 5139 qtti
963 5071 1239 5138 peccavit;
1274 5087 1338 5124 ex
1376 5087 1480 5138 quo
1517 5072 1752 5125 infertur
1791 5075 2030 5140 Casliga-

451 5171 624 5215 torem
657 5161 838 5215 delicti
879 5177 1062 5212 revera
1115 5163 1484 5217 lieneiactuns
1541 5164 1661 5217 loco
1693 5168 2025 5236 ducendum,

449 5258 612 5310 etiam
656 5270 780 5309 cum
820 5256 992 5309 saevit.
1027 5256 1093 5307 ab
1125 5270 1189 5309 eo
1240 5272 1399 5324 quem
1435 5269 1731 5312 merentem
1775 5261 2022 5327 corripit.

449 5351 583 5404 Nam
617 5364 742 5403 esse
797 5349 1105 5403 hominbus
1141 5353 1436 5416 expetibile
1469 5352 1516 5403 vi
1550 5353 1796 5405 adhibita
1841 5354 2023 5420 juvari

450 5444 792 5495 demonstrat
819 5458 1036 5496 sacrum
1075 5443 1450 5511 Evangelium,
1486 5443 1578 5497 ubi
1611 5443 1778 5498 refert
1808 5445 2022 5498 turbant

453 5541 506 5590 in
539 5537 641 5590 viis
681 5537 874 5605 plateis
926 5537 1170 5604 vicisque
1204 5540 1376 5592 otiose
1424 5537 1762 5591 desidentem
1793 5552 1903 5591 non
1938 5537 2025 5591 in-

449 5631 760 5684 humaniter
791 5634 881 5682 sed
915 5631 1154 5684 beneﬁce
1181 5631 1521 5699 compulsam
1554 5629 1762 5683 intrare
1785 5630 1851 5683 ad
1880 5632 2025 5700 regis

453 5723 704 5790 nuptias;
764 5735 820 5775 nt
877 5725 978 5776 sibi
1036 5724 1408 5778 necessarium
1471 5737 1663 5777 omnes
1721 5721 2026 5791 inteiligant

453 5817 712 5870 ann-lium
763 5820 994 5870 admota:
1043 5818 1404 5876 necessitatis.
1447 5815 1490 5868 si
1529 5818 1618 5886 qui
1653 5815 1789 5868 salvi
1833 5815 2024 5870 volunt

2135 4601 2530 4652 controversiis
2589 4600 2842 4655 ﬁniendis
2897 4601 3274 4665 conducibile,
3331 4618 3497 4670 super
3551 4592 3698 4659 statu

2133 4691 2428 4743 viventium
2467 4693 2787 4743 consultare
2827 4705 2953 4744 cum
3012 4695 3267 4756 mortuis,
3303 4702 3358 4746 et
3409 4693 3702 4764 exquirere

2131 4784 2200 4834 ab
2238 4783 2306 4836 iis
2341 4783 2432 4851 qui
2467 4798 2576 4835 non
2613 4793 2763 4845 sunt,
2804 4785 2934 4852 quid
2959 4785 3199 4853 judicari
3234 4787 3302 4840 de
3337 4787 3699 4856 prasentibns

2131 4876 2362 4929 debeat?
2409 4878 2542 4945 quin
2599 4892 2699 4930 nos
2743 4877 2848 4945 ipsi
2892 4881 3074 4947 potius
3109 4878 3419 4934 decidimus
3455 4881 3579 4935 lites
3607 4894 3704 4934 no-

2133 4983 2300 5026 stras.
2341 4982 2396 5023 et
2434 4969 2782 5035 proferendis
2817 4973 3098 5039 utrimque
3135 4973 3371 5027 invicem
3411 4989 3699 5030 causarum

2131 5065 2483 5117 adversarum
2505 5063 3058 5131 juribusjudicantns
3083 5067 3327 5121 vicissim
3354 5067 3703 5135 iudicantur-

2129 5173 2257 5224 que,
2287 5159 2364 5210 sic
2399 5157 2654 5209 conﬂictu
2690 5167 3142 5225 argumentorum
3172 5161 3526 5215 extundenda
3555 5164 3701 5218 veri-

2131 5264 2259 5312 tate,
2303 5269 2407 5322 qua
2463 5269 2583 5305 mox
2631 5256 2746 5306 visa
2809 5267 3224 5311 consenuentcs
3263 5261 3700 5327 acquiescant”.

2131 5348 2316 5400 Auden
2349 5350 2496 5416 polii!
2519 5349 2622 5412 eri,
2667 5349 2862 5400 ﬁducia
2897 5366 3007 5403 non
3037 5351 3280 5405 defuturi
3333 5354 3506 5408 divini
3539 5355 3698 5410 auxi-

2132 5441 2184 5492 lii
2213 5460 2224 5493 :
2259 5443 2304 5495 si
2335 5443 2424 5495 Dei
2447 5443 2638 5501 ductu,
2659 5442 2876 5495 Patrum
2905 5448 3328 5501 auctoritatibus
3353 5457 3408 5502 et
3429 5450 3699 5520 exemplis

2129 5536 2471 5601 inquire-ntus
2505 5538 2637 5605 quid
2673 5553 2808 5604 opus
2845 5536 2988 5590 facta
3039 5540 3129 5596 sit.
3166 5556 3274 5594 non
3315 5544 3696 5603 aberrabimus

2129 5644 2156 5679 a
2189 5644 2376 5698 scopo,
2407 5644 2506 5682 nec
2531 5632 2624 5684 diu
2659 5631 2836 5685 aberit
2867 5634 3000 5699 quin
3033 5636 3428 5692 conveniamus
3459 5639 3512 5692 in
3544 5655 3698 5693 com-

2129 5725 2368 5776 muniter
2405 5723 2704 5776 salutarem
2740 5737 2793 5778 et
2825 5727 3172 5779 commodam
3209 5729 3456 5800 utrisque
3485 5743 3703 5786 senten-

2131 5817 2280 5869 tiam.
2343 5813 2464 5870 llaec
2499 5833 2562 5872 ex
2613 5833 2734 5872 meo
2785 5834 2950 5873 sensu
3009 5837 3130 5889 qua:
3171 5824 3462 5890 profiterer
3514 5827 3697 5880 habui.
