4066 6286
486 405 589 473 531

1701 419 2030 483 GEORGII
2075 421 2435 486 PACHYME
2447 425 2563 486 BE

3641 421 3748 491 532

478 523 591 580 λων
615 524 791 597 ἔργων
821 529 882 584 ἐκ
918 529 1018 600 τῆς
1052 531 1185 604 πρὸς
1238 532 1329 588 τὸν
1362 535 1616 610 γαμϐρὸν
1663 537 1937 609 ἐντυχίας,
1970 537 2061 598 τὸν
2088 541 2140 603 Α
2166 542 2328 612 κραῖς
2359 543 2518 595 ναυσὶ
2546 540 2639 612 ’τῷ
2678 541 2775 612 τῆς
2806 540 3061 597 Μαδύτου
3111 541 3397 614 προσίσχει
3449 512 3653 611 λιμένι,
3689 542 3757 596 ὃν·

483 617 677 688 καιρὸν
728 623 1025 691 ἠργολάϐει
1070 626 1209 690 τέως
1261 630 1356 683 καὶ
1406 629 1466 683 τδ
1519 631 1793 701 πρακτέον
1843 631 2061 685 διεεου-

481 713 689 771 λεύετο.
723 720 841 774 Κάν
871 720 977 773 πού
1019 739 1070 774 τι
1111 724 1204 776 καὶ
1247 724 1359 778 τῶν
1402 724 1794 796 ἀπειρημένων
1832 726 2060 795 ἠκούετο

483 809 752 876 γίνεσθαι,
786 813 891 867 κᾶν
948 815 1089 869 αὑτά
1127 817 1492 888 παρήρπαζον
1547 819 1614 872 τὰ
1659 820 1913 888 δημόσια,
1959 817 2061 873 κᾶν

481 903 584 972 τὴν
614 905 797 974 χώραν
841 906 1149 980 ἐξέτρεχον,
1183 910 1243 963 ἐν
1285 911 1463 982 καιρῷ
1505 913 1702 984 ἀρότου
1741 915 1832 965 καὶ
1861 913 2056 974 ταῦτα,

481 997 570 1050 ὅτε
609 1000 704 1052 καὶ
734 1001 840 1064 πᾶς
864 1002 922 1063 ἐς
949 1003 1120 1056 νέωτα
1153 1004 1416 1076 θερισμὸς
1441 1006 1536 1059 καὶ
1563 1007 1620 1059 τὸ
1640 1007 1914 1078 τραφῆναι
1943 1006 2061 1077 ἅμα

485 1092 587 1160 μὲν
620 1091 824 1161 ξένους,
845 1096 962 1167 ἅμα
1000 1097 1044 1150 δ’
1070 1099 1323 1164 ἐποίκους
1344 1101 1442 1170 τῆς
1468 1102 1733 1172 ἀνατολῆς
1767 1101 2062 1172 καχεκτού-

484 1201 586 1254 σης
622 1185 902 1256 ἠλπίζετο,
945 1193 1099 1245 αὐτοὶ
1128 1192 1184 1247 δὲ
1223 1196 1320 1249 καὶ
1346 1196 1454 1247 τῶν
1487 1196 1769 1266 ἀροτήρων
1796 1195 1932 1266 βοῶν
1958 1197 2059 1251 οὐκ

481 1278 809 1348 ἀπέσχοντο,
871 1284 1066 1356 ἀνέδην
1116 1287 1210 1339 καὶ
1241 1289 1440 1351 αὐτοὺς
1492 1289 1730 1355 θύοντες,
1765 1290 1914 1358 ὅμως
1962 1290 2061 1358 τῆς

483 1370 785 1438 ὲπάὐτοῖς
845 1377 1277 1450 ἀγανακτήσεως
1329 1383 1605 1451 καθυφίει.
1665 1382 1776 1436 Καὶ
1834 1383 2060 1454 συχνοὺς

483 1461 832 1518 ἀποστέλλων
867 1469 1008 1533 (οὐδὲ
1035 1472 1144 1540 γὰρ
1176 1473 1442 1541 ἠρέσκετο
1483 1474 1592 1528 τῶν
1619 1474 1837 1528 πάντων
1868 1475 2061 1529 διαπε-

485 1555 853 1627 ραιωϐέντων)
885 1563 1011 1630 περὶ
1037 1563 1242 1632 χιλίους
1268 1566 1544 1635 ἐγκρίνειν
1573 1565 1932 1628 διεκελεύετο,
1970 1567 2062 1622 καὶ

484 1647 583 1717 τὴν
621 1649 882 1722 ταχίστην
909 1655 1155 1729 ἀπαντᾷν
1199 1658 1352 1730 παρὰ
1383 1659 1600 1729 Μιχαὴλ
1643 1661 1890 1729 βασιλέα,
1923 1663 2065 1732 πέμ-

482 1757 602 1794 πων
631 1745 723 1796 καὶ
758 1747 915 1799 ἱκανά
953 1749 1090 1820 πρὸς
1123 1751 1410 1818 μίσθωσιν.
1442 1755 1580 1818 Τοὺς
1609 1754 1655 1806 δ’
1686 1754 1879 1818 ἄλλους
1907 1756 2058 1809 ἀντιο

484 1837 661 1906 περᾷν
719 1839 927 1907 ἐφιέναι
978 1846 1072 1897 καὶ
1127 1845 1215 1898 ἐπ’
1262 1847 1525 1914 ἀνατολῆς
1572 1848 1886 1917 διατρίϐειν,
1939 1850 2060 1902 ἐπεὶ

2171 628 2424 701 βασιλεὺς
2460 633 2558 702 μὲν
2589 634 2647 686 οὐ
2676 634 2968 704 κέκληκεν,
3011 629 3172 697 αὐτὸς
3205 629 3250 686 δ⁴
3283 632 3486 696 ἐκεῖνος
3513 635 3541 686 ό
3575 632 3750 703 μέγας

2165 723 2291 790 Gabi
2323 725 2383 779 τὸ
2419 728 2518 796 μὲν
2541 729 2654 789 τοῖς
2686 725 2812 782 καθ⁶
2853 728 3014 782 αὑτὸν
3048 727 3365 783 ἀκουσθεῖσι
3398 723 3746 799 παρώτρυνε,

2163 817 2223 870 τὸ
2259 817 2312 871 δὲ
2360 819 2454 873 καὶ
2498 821 2790 891 γράμμασι
2841 821 2964 876 καθ’
2999 823 3293 893 ὑπόσχεσιν
3336 821 3612 892 μεγίστων
3650 818 3747 872 καὶ

2165 913 2486 981 περιφανῶν
2515 914 2856 986 Empquth
2895 917 2957 970 ὲκ
2992 916 3278 987 βασιλέως.
3311 915 3409 968 Διά
3442 913 3617 986 ταῦτα
3651 913 3746 980 μό-

2165 1023 2253 1059 νον
2288 1008 2496 1071 ὲκεῖνος
2525 1009 2748 1079 ἐπέστη.
2803 1011 2960 1066 Καὶό
2996 1012 3172 1083 μέγας
3221 1009 3347 1074 δοὺξ
3396 1009 3495 1062 σὺν
3541 1005 3746 1074 ὀλίγοις

2167 1103 2323 1171 παρά
2349 1101 2574 1173 βασιλέα
2603 1103 2836 1168 γίνεται,
2869 1099 2928 1160 οὗ
2963 1105 3057 1158 κοιλ⁸
3101 1101 3532 1175 μεγαλοπρεπῶς
3569 1099 3745 1152 elabe-

2163 1194 2405 1263 χθέντος.
2441 1195 2609 1265 μηνδς
2651 1195 3115 1266 Ἐλαφηϐολιῶνος
3143 1196 3422 1266 λήγοντος,
3457 1194 3520 1247 τά
3552 1191 3745 1262 πρῶτα

2168 1287 2267 1356 μὲν
2293 1288 2341 1340 oi
2377 1289 2507 1357 περὶ
2545 1289 2756 1355 μισθῶν
2789 1288 3066 1343 ἐκινοῦντο
3092 1289 3268 1356 λόγοι,
3296 1281 3745 1358 καὶ’τριακοσίσς

2164 1379 2480 1451 χιλιοστὺας
2512 1384 2866 1451 νομισμάτων
2896 1384 3302 1452 συνεκορῦφουν
3326 1379 3425 1442 τὰς
3462 1381 3540 1441 εἰς
3573 1375 3744 1431 ἀπαε-

2165 1470 2344 1544 τησιν,
2379 1473 2606 1547 ὕστερον
2641 1478 2696 1530 δὲ
2727 1478 2819 1530 καὶ
2851 1477 2940 1530 τδν
2971 1478 3388 1548 ἐπιδημήσαντα
3419 1473 3554 1536 τέως
3582 1471 3745 1534 αὐτὸς

2167 1567 2412 1629 συνεστα.
2449 1569 2543 1622 καὶ
2576 1569 2652 1644 ὡς
2693 1570 2958 1640 γεννάδας
3009 1571 3091 1638 εἴη
3139 1570 3233 1622 καὶ
3271 1567 3517 1636 εὐγενὴς,
3547 1565 3638 1619 καὶ
3667 1563 3744 1626 ὡς

2164 1661 2375 1715 δίκαιον
2411 1663 2550 1733 ὑπὲρ
2585 1664 2776 1728 ἄλλους
2801 1667 2898 1735 τῆς
2935 1664 3221 1736 βασιλικῆς
3262 1662 3546 1733 εὐμενείας
3574 1676 3742 1717 κατα-

2165 1750 2423 1803 πολαύειν
2450 1767 2464 1785 ο
2511 1754 2724 1823 μεγάλα
2764 1755 2871 1824 γὰρ
2906 1755 3205 1808 ἐλπίσαντα
3247 1753 3338 1807 καὶ
3377 1754 3528 1822 παρά
3569 1751 3744 1819 μέγαν

2165 1842 2471 1914 ἀφιγμένον
2521 1846 2621 1900 οὐκ
2657 1848 2798 1910 εῐκδς
2833 1848 3012 1919 εὑρεῖν
3060 1848 3168 1901 τῶν
3209 1845 3492 1914 elimati.th
3516 1845 3742 1916 ἥττονα.

486 1928 623 1998 μηδὲ
657 1932 754 1999 τὴν
791 1935 964 2007 ἀρχὴν
995 1937 1167 1992 τόσων
1219 1939 1447 2006 δεῖσθαι,
1481 1939 1604 2012 μηδ’
1648 1941 1793 2012 ἔχειν
1840 1943 2058 2013 τρέφειν
2088 1927 2136 1988 Β
2172 1935 2360 2004 Ἔχειν
2392 1936 2448 1989 δὲ
2479 1939 2569 1991 καὶ
2601 1939 2765 1994 αὑτὸν
2797 1941 3055 2003 εὐνοϊκῶς
3090 1942 3205 2004 τοῖς
3226 1939 3318 1991 τοῦ
3349 1937 3634 2008 βασιλέως,
3667 1935 3743 1998 ὡς

480 2020 583 2092 τὴν
618 2019 896 2087 βασιλείαν
928 2029 1235 2095 τοσούτους,
1263 2034 1314 2086 si
1354 2033 1450 2087 καὶ
1483 2034 1618 2105 πρὸς
1666 2034 1854 2105 καιρὸν
1878 2033 2061 2087 ἐλθόν-

483 2129 583 2176 τας
612 2119 986 2191 παρακληθεὶς
1019 2122 1256 2190 ἐδέξατο.

483 2227 550 2282 δ’.
572 2232 713 2302 Περὶ
750 2231 859 2314 τῇς
906 2237 1238 2314 ἐπιδημίας
1258 2243 1368 2297 τοῦ
1396 2246 1804 2314 Μπυριγερίου
1851 2243 2062 2308 Τέντζιι

772 2309 1116 2364 Κατελὰνου
1147 2313 1244 2367 καὶ
1273 2314 1394 2368 τῶν
1417 2309 1552 2370 amt“
1569 2309 1778 2374 αὖὲόν.

558 2395 640 2458 (Ρ.
684 2399 815 2474 537]
854 2403 942 2457 Ἐν
986 2407 1226 2480 τοσούτῳ
1251 2408 1307 2462 δὲ
1352 2410 1447 2464 καί
1474 2427 1560 2475 τις
1594 2411 1701 2466 τῶν
1736 2412 2063 2469 Κατελάνων

484 2490 581 2544 καὶ
608 2492 792 2563 αὐτὸς,
826 2494 1207 2572 Μπυριγέριος
1238 2500 1500 2576 τοῦνομα,
1538 2505 1736 2577 σύναμ’
1765 2508 1923 2564 ἐννέα
1953 2526 2062 2581 μα-

487 2673 728 2730 nondum
783 2675 889 2734 sibi
937 2679 1098 2750 plene
1153 2683 1381 2750 credita,
1414 2694 1771 2757 cognouerat.
1807 2687 1918 2746 Nec
1966 2690 2058 2746 diu

485 2768 699 2851 scilicet
725 2770 899 2828 abfuit
934 2777 1066 2845 quin
1119 2776 1333 2836 iteratis
1377 2795 1478 2836 nec
1513 2781 1626 2852 jam
1666 2781 2061 2842 dubitabilibus

413 2902 418 2907 .
485 2861 716 2921 indiciis.
739 2867 903 2923 etiam
941 2871 1171 2927 tetriora
1203 2874 1355 2943 prius
1397 2877 1669 2932 numiatis
1705 2877 2060 2935 efferrentur.

487 2955 854 3015 Scribebatur
885 2965 1032 3018 enim
1066 2981 1134 3021 ne
1181 2981 1210 3020 ι
1257 2968 1468 3038 publica
1501 2969 1720 3041 quidem
1757 2972 1864 3029 illic
1895 2988 2063 3044 pecu-

2168 2029 2542 2101 συμπράττειν
2577 2032 2673 2104 ὅλῃ
2710 2033 2804 2085 καὶ
2839 2034 2980 2102 χειρὶ
3014 2033 3111 2086 καὶ
3142 2033 3356 2104 γνώμῃ.
3384 2031 3478 2084 ἕνα
3510 2029 3618 2082 τῶν
3645 2027 3743 2098 βα-

2169 2122 2362 2186 σιλέως
2411 2125 2756 2195 μεγιστάνων
2802 2127 2878 2189 ὼς
2909 2125 3055 2190 etab;
3105 2124 3470 2179 καταστάντα.
3504 2122 3568 2174 Ei
3596 2121 3650 2173 δέ
3679 2134 3744 2187 γε

2166 2215 2262 2270 καὶ
2299 2217 2594 2285 μανθάνειν
2618 2218 2850 2289 τάληθὲς
2881 2217 3148 2291 βούλοιτο,
3183 2216 3346 2272 αὐτὸν
3377 2208 3517 2270 εἶναι
3546 2201 3761 2283 μᾶλλον

2165 2308 2333 2362 αὐτοῦ
2381 2311 2475 2363 καὶ
2524 2310 2618 2364 ὲπλ
2665 2311 2742 2382 τῷ
2793 2311 2887 2365 τοῦ
2942 2311 3182 2382 μεγάλου
3238 2309 3429 2369 δουκὸς
3475 2307 3747 2376 ἀξιώματι

2163 2401 2480 2474 ἀξιώτερον,
2510 2403 2606 2458 ire
2640 2402 2820 2474 πολλῷ
2856 2405 3038 2475 μέτρῳ
3066 2405 3125 2457 τὸ
3147 2403 3303 2473 γένος
3331 2399 3740 2472 ὕπερηρμένον.

2164 2494 2246 2548 Τά
2281 2494 2380 2566 μὲν
2406 2495 2584 2550 τοίνυν
2633 2496 2759 2566 περὶ
2789 2495 2958 2550 αὐτοῦ
3013 2494 3264 2568 βασιλεὺς
3292 2497 3351 2548 ὲν
3400 2493 3639 2563 δευτέρῳ
3662 2488 3743 2545 οϊ-

2165 2683 2272 2740 bus
2321 2682 2387 2738 ad
2434 2679 2638 2754 Madyti
2688 2689 2910 2752 portum
2950 2680 3200 2753 appulit;
3233 2693 3396 2750 quem
3444 2677 3748 2746 imperator

2161 2776 2328 2850 485
2353 2776 2575 2848 quidem
2606 2791 2715 2831 non
2753 2781 3079 2842 vocaverat;
3116 2773 3205 2828 ille
3235 2781 3414 2828 autem
3440 2771 3557 2842 ipse
3602 2760 3748 2839 saepe

2164 2871 2328 2928 nobis
2382 2862 2719 2926 memoratus
2775 2870 2885 2925 dux
2941 2883 3175 2939 magnus
3236 2867 3432 2938 partim
3493 2863 3754 2931 exemplo

2164 2966 2308 3023 fama
2337 2954 2559 3037 vulgato
2605 2964 2908 3038 ingentium
2961 2979 3188 3021 suorum
3247 2963 3300 3018 in
3334 2969 3652 3032 quaestuosa
3691 2969 3749 3013 et

484 3049 578 3103 nia
606 3051 911 3144 diripienda
946 3066 1254 3146 tempera/re
1284 3059 1616 3133 Catelanos;
1649 3066 1870 3121 eosdem
1903 3067 2062 3136 plane
2164 3062 2314 3119 facili
2349 3062 2538 3117 militia
2572 3062 2850 3116 lucrorum
2898 3061 2964 3116 ad
2998 3075 3125 3129 spes
3166 3057 3490 3129 praedasque
3536 3053 3752 3111 similes

394 3149 399 3155 '
486 3156 705 3203 vastare
752 3161 816 3204 ac
862 3150 1074 3221 rapinis
1123 3153 1420 3211 exhaurire
1464 3157 1740 3228 regionem
1783 3159 2060 3229 segetibus
2096 3188 2097 3191 η
2164 3155 2366 3213 tacitus
2389 3156 2745 3220 excitaverat,
2776 3152 2976 3225 partim
3023 3151 3213 3217 etiam,
3248 3159 3309 3205 ut
3337 3159 3423 3205 est
3457 3146 3750 3211 credibile,

485 3243 603 3290 tum
661 3236 798 3295 forte
858 3243 1100 3300 maturis.
1150 3247 1567 3316 praemetendis,
1615 3265 1738 3321 quae
1790 3262 1894 3305 tam
1935 3251 2059 3308 laeto
2089 3285 2135 3349 ο
2167 3250 2372 3307 diserte
2405 3248 2729 3320 perscriptis
2764 3245 3253 3342 pollicitationibus
3283 3243 3645 3298 maximorum
3684 3253 3752 3295 ac

484 3343 753 3400 proventu
789 3335 1165 3406 adoleverant,
1198 3349 1258 3396 ut
1292 3356 1511 3398 annona
1558 3345 1684 3401 inde
1714 3356 2062 3417 exspectare-

485 3436 578 3482 tur
603 3443 710 3484 non
741 3428 1016 3502 indigenis
1057 3435 1256 3504 solum,
1291 3435 1384 3493 sed
1416 3447 1472 3494 et
1506 3436 1730 3498 advenis
1762 3456 1827 3497 ex
1872 3439 2063 3499 Orien-

486 3523 581 3577 tali
605 3525 931 3582 continente
961 3531 1554 3600 propterbarbaricas
1593 3533 1941 3594 incursiones
1974 3537 2063 3593 in-

485 3619 631 3672 culta
688 3633 754 3676 eo
803 3623 1010 3692 passim
1059 3623 1510 3695 confugientibus
1561 3627 1814 3698 plurimis
1845 3630 2062 3688 abunde

484 3709 697 3766 alendis
729 3711 1052 3770 suffectura.
1091 3715 1243 3774 Hanc
1290 3713 1466 3774 exteri
1503 3720 1708 3778 milites
1749 3737 1856 3778 non
1897 3727 2060 3781 modo

486 3806 542 3859 in
582 3823 824 3875 praesens
852 3812 1215 3880 pessumdare
1256 3813 1483 3886 direque
1523 3816 1758 3872 helluari
1812 3817 2069 3875 fereban-

487 3904 598 3964 tur,
633 3899 727 3954 sed
762 3915 915 3970 spem
956 3904 1120 3958 etiam
1157 3915 1392 3974 postera
1421 3906 1724 3967 fertilitatis
1765 3913 2066 3984 prmeipete

486 3989 667 4048 bobus
699 3992 903 4064 ubique
934 3996 1249 4055 aratoribus
1283 3999 1616 4058 mactandis.
1661 4000 1732 4058 Ea
1770 4018 1955 4060 rerum
1980 4005 2068 4063 in-

487 4083 754 4154 dignitate
779 4103 1094 4160 quanquam
1121 4089 1314 4150 intime
1345 4093 1610 4151 urebatur
1637 4095 1958 4169 imperator,
1984 4101 2068 4156 in-

414 4215 416 4217 -
487 4178 810 4252 dignatione
847 4195 1028 4241 tamen
1074 4186 1126 4240 in
1185 4202 1428 4259 prasens
1474 4188 1823 4252 dissimulata
1852 4205 2065 4251 tantum

488 4289 600 4344 prae
624 4291 688 4330 se
721 4278 846 4333 tulit
869 4291 1060 4335 contra
1091 4297 1248 4337 suam
1281 4291 1517 4341 mentem
1567 4284 1773 4342 factum
1827 4297 1888 4344 ut
1944 4289 2069 4346 uni-

2167 3343 2569 3416 perillustrium
2627 3341 2698 3397 ab
2741 3340 2794 3395 in
2822 3327 3074 3411 peratore
3121 3338 3390 3394 donorum
3449 3334 3597 3388 ultro
3651 3344 3753 3400 per

2167 3439 2381 3493 litteras
2429 3436 2776 3492 invitaverat.
2820 3432 2964 3487 Sane
3008 3430 3271 3502 apparuit
3319 3427 3757 3496 haudquaquam

2167 3533 2606 3603 inexspectatum
2649 3530 2815 3584 illum
2873 3529 3148 3597 imperato
3197 3522 3587 3595 supervenisse
3620 3519 3752 3576 duci

2168 3642 2387 3698 magno,
2423 3641 2490 3680 ex
2520 3639 2587 3686 eo
2613 3623 2759 3694 quod
2793 3621 2954 3677 simul
2989 3621 3166 3675 adfuit
3216 3616 3606 3689 Mpyrigerius,
3639 3614 3754 3668 dun

2166 3736 2399 3792 magnus
2431 3735 2583 3775 mora
2622 3718 2769 3774 nulla
2801 3716 3125 3788 interposita
3163 3729 3283 3769 cum
3315 3711 3506 3784 paucis
3543 3709 3608 3764 ad
3645 3711 3755 3764 im-

2167 3824 2476 3884 peratorem
2538 3828 2599 3869 se
2646 3811 2901 3875 contulit,
2943 3824 3030 3865 res
3090 3805 3346 3863 videlicet
3395 3820 3520 3861 cum
3551 3817 3618 3860 eo
3663 3803 3754 3858 sui

2169 3907 2450 3980 popularis
2489 3907 2711 3961 advenae
2769 3912 3174 3967 transacturus,
3212 3900 3286 3956 uti
3338 3915 3406 3955 ex
3463 3906 3764 3968 compacto

2168 4000 2314 4056 inter
2347 3999 2543 4055 ambos
2579 4005 2935 4054 convenerat.
2962 3995 3257 4053 Admissus
3296 3993 3371 4050 ab
3401 3993 3656 4063 Augusto
3686 3990 3760 4046 de

2169 4111 2325 4153 more
2356 4094 2643 4165 splendide
2673 4093 2778 4151 sub
2812 4093 2974 4148 finem
3009 4088 3266 4147 Octobris
3298 4100 3610 4144 sermonem
3643 4082 3760 4156 pri—

2169 4205 2321 4246 mum
2356 4188 2539 4245 intulit
2564 4187 2634 4242 de
2663 4184 3027 4258 pensionibus
3053 4182 3158 4241 sibi
3191 4197 3257 4240 ac
3289 4179 3428 4244 suis.
3464 4188 3525 4234 ut
3548 4177 3758 4243 aiebat,

2170 4292 2344 4356 pactae
2376 4282 2647 4354 mercedis
2697 4281 2921 4338 nomine
2957 4279 3182 4343 debitis,
3211 4289 3444 4346 quarum
3481 4287 3757 4331 summam

487 4383 685 4425 versus
721 4372 904 4441 magni
967 4372 1123 4430 ducis
1173 4375 1452 4433 exercitus
1482 4375 1540 4432 in
1568 4375 1866 4435 Occiduam
1896 4381 2070 4436 conti—
2172 4392 2349 4448 usque
2374 4377 2439 4430 ad
2471 4383 2718 4432 trecenta
2766 4387 3120 4429 nummorum
3167 4369 3340 4426 millia
3382 4367 3637 4438 ﬂagitans
3664 4379 3763 4444 ae-

489 4471 711 4548 nentem
735 4479 798 4521 ex
843 4464 972 4521 Asia
1031 4467 1325 4538 trajiceret.
1376 4469 1555 4526 lliissis
1606 4474 1788 4542 itaque
1835 4475 2071 4530 subinde
2173 4467 2515 4526 cumulabat.
2558 4467 2877 4526 Orationem
2924 4464 3124 4521 deinde
3164 4461 3440 4519 convertit
3479 4459 3546 4514 ad
3596 4472 3758 4514 cum-

489 4554 654 4611 variis
695 4556 894 4614 institit
935 4575 1130 4631 urgere
1171 4571 1227 4616 ut
1260 4580 1290 4619 e
1329 4565 1502 4633 capiis
1523 4563 1799 4636 Madytum
1825 4569 2070 4637 appulsis
2175 4563 2542 4620 mendandum
2599 4562 2690 4633 qui
2746 4573 2937 4615 recens
2995 4558 3296 4614 advenerat
3356 4555 3533 4608 civem
3591 4564 3759 4608 suum

491 4651 694 4708 milites
741 4653 967 4708 circiter
1019 4655 1163 4710 mille
1205 4656 1601 4727 deligerentur,
1632 4660 1726 4727 qui
1775 4661 2064 4718 confestim

454 4804 458 4812 λ
488 4745 779 4803 Michaelis
816 4750 1046 4820 Augusti
1082 4751 1203 4820 plus
1230 4766 1295 4808 eo
1327 4768 1558 4808 numero
1601 4771 1706 4809 non
1741 4755 2074 4814 desideran-

493 4841 564 4895 tis
592 4855 716 4896 sese
743 4845 947 4898 castris
973 4844 1355 4914 adiungerent.
1395 4844 1750 4915 Mittebatque
1784 4847 1944 4905 simul
1981 4863 2074 4920 pc-

491 4934 707 4986 cuniam
739 4948 942 5005 quanta
971 4936 1026 4992 itt
1059 4937 1252 4992 horum
1286 4939 1557 5010 stipendia
1590 4941 1886 5000 sufficeret.
1919 4944 2073 5000 Alios

495 5031 694 5085 remitti
721 5031 954 5100 jubebat
983 5033 1123 5088 unde
1179 5045 1463 5099 venerant,
1498 5043 1551 5091 et
1594 5037 1646 5089 in
1701 5035 2075 5094 Orientalibus

498 5127 768 5181 diversari
826 5126 1116 5192 tractibus,
1158 5128 1367 5182 addens
1410 5144 1588 5198 neque
1631 5143 1689 5182 se
1735 5143 1766 5182 a
1806 5129 2076 5198 principio

502 5231 649 5275 tanta
695 5219 1042 5276 multitudine
1083 5236 1222 5290 opus
1253 5221 1513 5277 habuisse
1541 5237 1638 5275 nec
1667 5237 1913 5283 vocasse,
1943 5236 2077 5274 cnn-

497 5317 644 5372 scius
663 5315 806 5370 haud
827 5329 984 5384 posse
1001 5314 1104 5371 hoc
1122 5331 1306 5370 rerum
1319 5317 1621 5371 accisarum
1637 5323 1780 5373 statu
1803 5307 2080 5378 Romano-

497 5426 618 5465 rum
658 5410 951 5476 imperium
983 5423 1090 5464 tam
1131 5410 1328 5466 multos
1357 5412 1524 5471 alere.
1559 5410 1658 5464 etsi
1699 5411 1840 5464 ultro
1859 5425 1919 5466 se
1938 5407 2080 5464 offe-

505 5510 687 5556 rentes
704 5501 1000 5572 exceperit,
1027 5503 1090 5557 ad
1110 5518 1268 5558 usum
1294 5505 1557 5557 duntaxat
1586 5501 1765 5558 brevis
1789 5501 2076 5570 temporis.

503 5614 557 5668 4.
598 5613 669 5667 De
704 5613 930 5668 adventu
962 5615 1283 5739 Mpyrigeriib
1301 5613 1508 5669 Tentw
1535 5612 1798 5680 Cumani,
1839 5622 1887 5668 et
1919 5613 2080 5682 hujus

1198 5703 1251 5739 re
1291 5703 1373 5739 us.

1198 5703 1373 5741 renus.

574 5779 689 5837 Hoc
731 5781 968 5836 articqu
1017 5796 1200 5840 rerum
1247 5781 1470 5851 quidam
1498 5787 1558 5834 et
1613 5779 1727 5847 ipse
1754 5777 2078 5843 Catelanus,

503 5876 863 5954 Mpyrigerius
893 5875 973 5946 (i)
1015 5877 1398 5943 noutiue,cum
1460 5887 1651 5929 novem
1701 5871 1877 5940 longis
1931 5870 2085 5924 navi-

575 5988 652 6065 (1)
676 5992 788 6050 luto
827 5991 1155 6064 Byrigen’us.

2100 4638 2145 4696 θ
2174 4657 2597 4730 Mpyrigerium;
2632 4654 2698 4709 de
2721 4654 2883 4724 cujus
2924 4650 3311 4721 generositate,
3337 4645 3624 4706 nobilitate
3650 4659 3761 4700 ca:-

2175 4749 2418 4818 terisqne
2442 4746 2687 4811 dotibus,
2709 4745 2912 4815 quibus
2943 4742 3215 4812 pracipes
3249 4735 3600 4809 imperatoris
3632 4749 3761 4806 gra-

2177 4844 2250 4898 tia
2289 4859 2398 4914 pra
2429 4841 2646 4899 cunctis
2672 4839 2794 4894 aliis
2824 4837 3021 4908 dignus
3057 4833 3216 4899 foret,
3246 4830 3340 4888 ubi
3388 4832 3524 4884 mira
3555 4827 3758 4896 praedi-

2177 4943 2420 4997 caverat,
2455 4930 2711 4997 addebat,
2739 4944 2861 4984 cum
2898 4927 2980 4982 vir
3023 4926 3146 4981 talis
3182 4937 3377 4995 magna
3429 4935 3661 4993 sperans
3688 4920 3761 4976 ad

2181 5041 2435 5096 magnum
2461 5026 2704 5079 venisset
2724 5021 3049 5094 principem,
3093 5017 3236 5074 haud
3263 5015 3560 5073 convenire
3588 5015 3762 5079 hunc,

2179 5119 2448 5188 siquidem
2484 5118 2623 5172 tueri
2659 5116 2884 5187 gloriam
2922 5128 3076 5167 suam
3127 5126 3188 5166 ac
3240 5109 3396 5165 fama:
3444 5123 3547 5162 non
3592 5107 3764 5162 abro-

2181 5227 2312 5284 gare
2369 5212 2528 5266 fidem
2568 5208 2801 5280 preprizc
2842 5207 2995 5271 velit,
3044 5204 3260 5259 tardum
3298 5211 3394 5257 aut
3435 5215 3664 5270 parcum
3702 5197 3760 5253 in

2181 5305 2432 5362 ornando
2494 5304 2588 5357 illo
2649 5319 2792 5363 esse,
2834 5301 3035 5356 dareve
3085 5299 3161 5353 illi
3217 5295 3566 5357 occasionem
3601 5293 3766 5347 dero-

2181 5398 2344 5470 gandi
2382 5393 2778 5451 existimationi
2828 5389 3154 5452 Andronici,
3184 5385 3533 5443 testificando
3563 5400 3624 5440 se
3673 5383 3764 5438 in-

2182 5495 2384 5549 feriora
2410 5491 2478 5545 iis
2506 5505 2648 5560 quae,
2677 5489 2837 5558 juxta
2869 5486 2934 5540 de
2967 5485 3060 5538 illo
3095 5480 3284 5552 procul
3328 5478 3535 5544 audita,
3567 5490 3762 5545 spera-

2186 5593 2362 5649 verat,
2394 5587 2671 5638 admotum
2704 5582 2757 5635 in
2805 5579 3157 5650 prmsentiam
3203 5574 3494 5645 reperisse,
3535 5584 3770 5642 praeser-

2189 5680 2284 5735 tim
2327 5694 2453 5733 cum
2489 5677 2631 5730 idem
2666 5675 2944 5747 praecipuo
2987 5671 3282 5726 instinctus
3310 5683 3438 5740 erga
3471 5667 3765 5737 imperato-

2190 5783 2306 5824 rem
2343 5769 2528 5823 studio
2566 5765 2814 5829 accedat,
2851 5777 3073 5834 paratus
3109 5769 3283 5816 totum
3334 5775 3393 5815 se
3448 5755 3766 5827 impendere

2193 5863 2250 5917 in
2282 5864 2400 5934 ejus
2431 5861 2718 5932 obsequia,
2751 5875 2976 5933 remque
3013 5855 3228 5929 imperii
3261 5853 3534 5926 publicam
3573 5863 3763 5916 ntanu,
