4066 6286
223 353 327 419 ὗ37

1192 372 1295 435 ΒΕ
1332 373 1791 439 ANDRONICO
1824 376 2296 442 PALIEOLOG'O
2326 382 2476 447 LIB.
2511 377 2600 451 Vl.

3413 376 3529 449 538

216 462 606 546 περιϐαλέσθαι
635 485 741 557 γῆν
766 480 833 563 ἧς
874 487 1231 558 ἐπελάϐοντο,
1263 492 1359 549 καὶ
1403 492 1668 566 ἀσφαλῶς
1724 495 1821 551 κύ·
1845 499 1897 561 Α
1923 497 2087 554 αὐτὸν
2134 499 2355 572 σύναμα
2398 500 2612 557 δώδεκα
2645 499 2954 556 instituerat
2995 500 3176 568 ναυσὶ,
3240 499 3336 559 καὶ
3386 503 3522 570 ὅσον

216 578 328 641 atqu
358 582 924 652 περιταφρεύσαντες,
948 583 1197 657 δέχονται
1243 588 1395 660 παρὰ
1444 588 1555 643 τῶν
1604 588 1821 645 οἰκείων

217 667 307 721 Gri
336 673 706 745 ταχυδρόμων
730 676 1024 749 μηνύματα
1047 678 1125 742 ὡς
1151 680 1321 745 πολὺς
1354 680 1678 753 ἐξαρτύεται
1704 682 1822 736 στό-

222 760 311 828 λος
338 762 581 839 ἅματῆρι
617 769 943 838 προσὸαλεϊν
967 776 1032 843 τῇ
1059 772 1243 841 πόλει,
1275 774 1361 844 ἐφ’
1395 769 1439 844 ᾧ
1493 775 1824 847 παραφυλα-

226 858 400 929 κτέην
433 862 589 928 σφίσι
611 860 712 933 τὴν
746 864 1072 937 προσϐολὴν,
1126 866 1205 930 si;
1237 867 1484 923 κίνδυνον
1508 868 1603 923 καῖ
1636 868 1822 932 αὐτοῖς

224 950 506 1018 κειμένοις
534 951 612 1016 ὡς
649 954 751 1025 τῆς
799 956 1015 1027 μερίδος
1070 958 1169 1014 τοῦ
1214 959 1484 1031 βασιλέως
1533 957 1707 1025 οὖσιν,
1762 960 1826 1029 ἐξ

226 1042 496 1110 ἐμφανῶν
527 1047 774 1120 ύποτοπη
785 1050 992 1118 μάτων,
1010 1051 1085 1117 ὡς
1105 1052 1338 1117 ἐκείνοις
1369 1054 1544 1110 ἐδόκει
1571 1055 1823 1126 βουλευο-

229 1136 438 1205 μένοις.
483 1139 876 1209 Ταῦτέύθέως
911 1147 1110 1201 ἐκεῖνοι
1154 1147 1235 1218 τῷ
1275 1147 1492 1217 βασιλεῖ
1544 1149 1822 1219 προσανέ-

227 1246 421 1300 φερον,
444 1234 778 1301 προσθέντες
804 1238 883 1303 ὡς
920 1238 1015 1293 καὶ
1048 1239 1208 1295 αὐτοὶ
1240 1240 1334 1305 οὓς
1358 1241 1661 1310 ὑπεδέξατο
1688 1242 1824 1308 ξενι-

226 1322 383 1391 θεοὺς,
409 1326 507 1379 καὶ
537 1327 638 1381 σὺν
670 1329 854 1395 αὐτοῖς
883 1333 932 1387 οἱ
962 1335 1371 1403 ὲπιγεγιινότες,
1403 1336 1538 1405 μιᾶς
1583 1336 1676 1393 καὶ
1720 1336 1824 1405 τῆς

226 1417 407 1487 αὐτῆς
451 1421 686 1487 ἐκείνοις
730 1426 838 1478 εἰσὶ
884 1424 1102 1496 βουλῆς,
1161 1429 1256 1491 καὶ
1308 1430 1699 1495 κατασκόπων,
1760 1429 1821 1483 ού

227 1513 541 1584 συμμάχων
558 1516 762 1586 τρόπον
790 1518 1086 1591 ἐπέχουσι·
1118 1522 1236 1585 τοῖς
1283 1520 1394 1594 γὰρ
1460 1522 1527 1577 ὲκ
1571 1522 1825 1589 Σικελίας

226 1606 516 1676 κρυφηδὺν
553 1607 649 1667 καὶ
689 1610 890 1677 αὐτοὺς
947 1613 1355 1687 συμπράττειν,
1419 1617 1514 1670 καὶ
1569 1616 1823 1688 μήνυτρα

225 1698 483 1770 δέχεσθαι
508 1702 607 1756 καὶ
629 1701 951 1775 λαμϐάνειν,
982 1706 1059 1772 ὠς
1082 1708 1178 1763 ἐπὶ
1209 1705 1405 1781 καιροῦ
1423 1710 1675 1778 ξὲκείνοις
1727 1710 1825 1763 καὶ

227 1790 432 1856 αὐτοὺς
462 1796 977 1867 συμμαχουμένους.
1010 1799 1185 1868 Δῆλον
1215 1800 1273 1856 δὲ
1306 1802 1399 1856 καὶ
1424 1800 1487 1857 ἑκ
1509 1800 1602 1857 τοῦ
1626 1802 1823 1869 ἄλλους

1923 590 2077 647 οὔπω
2097 596 2213 661 τοῖς
2233 595 2361 665 τῇδε
2392 593 2728 668 προσϐαλεῖν
2748 594 2962 668 τρόπον.
2981 593 3075 649 τὸν
3105 593 3373 666 τοιοῦτον,
3424 595 3526 666 pte...

1924 704 2047 760 χρις
2073 687 2141 743 ἂν
2182 689 2217 760 ἡ
2262 689 2454 760 ύλότης
2492 688 2688 760 φανείη
2729 688 2829 745 καὶ·
2878 688 2939 744 ιν
2984 689 3192 755 πάντες
3256 686 3525 761 ﬂuctuso,

1924 777 2120 851 Ὅμως
2147 797 2213 848 γε
2246 780 2432 852 μέντοι
2471 780 2570 834 καὶ
2598 780 3009 847 συνεϐούλευον,
3045 782 3095 835 si
3131 780 3396 857 βασιλεὺς
3424 780 3522 836 θέᾳ

1921 869 2008 925 λιι
2037 871 2439 943 συμπράττειν,
2476 869 2811 927 ἀπεντεῖὠεν
2840 872 2935 926 τὸν
2962 871 3104 947 πρὸς
3128 873 3377 946 ἐκείνους
3424 870 3522 926 πός

1923 965 2089 1031 λεμον
2122 965 2396 1036 δέχεσθαι,
2426 966 2536 1021 ἀπὸ
2561 967 2765 1021 τούτων
2795 962 2939 1022 κατὰ
2981 966 3153 1036 θύρας
3177 966 3526 1039 ἀρξαμένους

1923 1057 2000 1122 ὡς
2028 1059 2340 1131 προχείρων
2362 1061 2549 1116 ὄντων.
2600 1060 2786 1132 Ἐχειν
2831 1060 2941 1131 γὰρ
2993 1061 3193 1126 αὐτοὺς
3235 1059 3527 1132 ἐξαρπάξιῆ

1925 1154 2267 1222 πεντήκοντα
2336 1153 2492 1218 ναῦς.
2565 1155 2828 1227 Ἐζήτουν
2883 1155 2942 1235 at
3003 1157 3101 1220 καὶ
3149 1153 3380 1226 βασιλέα
3414 1140 3524 1224 ότᾲί

1926 1247 2067 1310 ἴσας,
2107 1248 2139 1318 ἥ
2178 1246 2285 1318 μὴν
2315 1247 2385 1301 τὰ
2417 1250 2474 1311 ἐς
2504 1249 2783 1321 πλήρωμα
2816 1247 3025 1311 τούτων
3055 1248 3337 1321 χρήματα.
3400 1247 3523 1308 Κᾶν

1928 1341 2003 1412 μὴ
2028 1338 2124 1394 νῦν
2153 1339 2263 1411 ἔχοι
2293 1339 2514 1404 διδόναι,
2542 1341 2738 1405 αὐτοὺς
2773 1340 2910 1406 τέως
2940 1338 3356 1410 καταϐαλόντας
3381 1339 3526 1393 αὐτὰ

1924 1432 2020 1487 ἐπὶ
2049 1432 2246 1504 καιροῦ
2273 1434 2425 1505 παρὰ
2472 1431 2736 1504 βασιλέως
2792 1431 3333 1508 ἀνταπολαμϐάνειν,
3367 1429 3521 1504 Mode

1926 1528 2036 1601 γὰρ
2057 1522 2195 1583 εἶναι
2213 1527 2411 1596 αὐτοὺς
2439 1524 2774 1591 ἀλλοδαποὺς
2800 1524 2834 1597 ἢ
2894 1524 3207 1595 Ῥωμαίους
3269 1521 3525 1587 τούντεῦε

1925 1622 2039 1679 θεν.
2069 1624 2179 1677 Καὶ
2197 1622 2358 1676 πόνον
2386 1616 2523 1675 εἶναι
2549 1620 2702 1690 σφίσι
2727 1619 2789 1673 τὸ
2810 1618 2885 1690 μὴ
2916 1618 3122 1689 φθάσαι
3168 1616 3522 1690 προσαμῦναι

1937 1713 2233 1784 Ῥωμαιοις
2272 1716 2544 1784 πάσχουσι
2575 1712 2698 1772 κατ’
2721 1694 3009 1783 ἀντιτολὴν,
3042 1712 3102 1778 ᾶξ
3139 1704 3213 1766 ὧν
3238 1712 3337 1765 καὶ
3369 1710 3523 1765 αὐτοὶ

1925 1809 2027 1872 τὰς
2056 1809 2359 1880 ὲμπορείας
2404 1807 2670 1873 πλουσίας
2728 1802 2895 1879 εἶχον.
2957 1804 3033 1861 Οὐ
3104 1804 3210 1877 μὴν
3239 1803 3375 1857 ἀλλὰ
3424 1802 3524 1857 καὶ

228 1884 485 1956 ἀπαντᾷν
508 1888 896 1959 ἐ’ὅθτμάξασθοιι
916 1890 998 1965 [Ρ.
1025 1891 1156 1968 3M]
1179 1894 1276 1947 καὶ
1297 1893 1451 1961 αὖθις
1470 1896 1716 1968 ἑτέρους.
1738 1898 1830 1967 φῑ-
1857 1875 1901 1932 Β
1934 1900 2030 1955 τοῦ
2057 1875 2249 1955 λοιποῦ
2306 1904 2629 1973 συμμαχεῖν
2665 1875 2873 1955 ἐθέλειν
2937 1900 3033 1955 καὶ
3082 1875 3207 1961 τους
3268 1896 3527 1965 ἐπιόντας

226 1974 339 2032 λων
389 1978 710 2045 δεικνύντας
753 1982 852 2037 καὶ
885 1986 1087 2056 τρόπον
1131 1986 1227 2039 καὶ
1254 1985 1445 2059 ὄνομα.
1474 1988 1578 2043 Τδν
1605 1990 1717 2061 γὰρ
1735 1989 1828 2045 τοῦ

231 2072 404 2144 ρηγδς
424 2072 749 2149 Θευδσρίχου
767 2076 920 2133 νόθον
942 2077 1280 2152 αὐτάδελφον
1305 2081 1503 2149 μαθεῖν
1527 2081 1716 2156 ἔλεγον
1736 2083 1832 2138 καὶ

232 2278 473 2338 classem
510 2295 768 2355 magnam
812 2297 935 2355 quae
964 2284 1149 2356 primo
1188 2300 1318 2342 vere
1361 2286 1834 2361 Constantinam.

232 2372 331 2429 lim
374 2383 764 2445 oppugnatura
813 2386 973 2432 certo
1016 2377 1393 2436 existimetur.
1446 2380 1582 2451 Ejus
1616 2389 1829 2452 partem

234 2466 469 2537 periculi
507 2467 575 2523 ad
625 2468 780 2539 ipsos
832 2484 1056 2542 quoque
1108 2472 1414 2543 pertinere,
1448 2476 1543 2543 qui
1594 2475 1740 2532 lares
1774 2484 1834 2533 et

238 2557 482 2618 familias
522 2562 639 2619 illic
675 2562 989 2621 obtineant.
1032 2562 1216 2633 Quare
1245 2581 1349 2638 pro
1398 2582 1499 2624 sua
1546 2577 1699 2638 parte
1741 2570 1831 2625 iu-

241 2653 504 2735 vigilent;
573 2669 640 2713 ac
694 2670 820 2712 cum
898 2656 1141 2734 fortuna;
1223 2661 1499 2717 societate
1561 2657 1833 2719 foederato

242 2747 381 2820 ipsis
406 2749 727 2822 imperatori
755 2752 866 2809 sint
896 2755 1201 2825 conjuncti,
1235 2756 1515 2827 quomodo
1538 2771 1836 2815 commune

241 2842 381 2913 ipsis
417 2858 542 2900 cum
593 2860 660 2903 eo
688 2861 819 2903 mox
856 2846 1206 2905 inferendum
1258 2850 1462 2907 bellum
1492 2853 1711 2908 collatis
1734 2868 1835 2924 pro

243 2949 305 2991 se
344 2936 548 3008 opibus
579 2943 671 2995 "ac
702 2939 995 2996 conatibus
1046 2953 1251 3013 queant
1311 2943 1660 3017 propulsare,
1714 2961 1832 3002 ma-

243 3038 367 3084 ture
439 3031 810 3102 prospicient.
865 3030 979 3090 Nec
1030 3036 1447 3107 suspicionibus
1502 3038 1608 3095 niti
1671 3040 1835 3098 vanis

243 3133 443 3195 putent
491 3140 617 3199 quae
646 3125 993 3193 dicerentur,
1027 3143 1154 3186 cum
1189 3132 1295 3189 ista
1327 3132 1424 3203 qui
1467 3135 1834 3195 admonerent

1936 1992 2264 2065 ἀμύνεσθαι.
2303 1992 2493 2067 Ἔχειν
2525 1993 2581 2047 δὲ
2608 1994 2702 2048 καὶ
2740 1994 2806 2048 ὲκ
2834 1992 2929 2047 τοῦ
2959 1994 3134 2064 ῥᾷστα
3165 1988 3522 2046 ἀποστείλαν·

1933 2099 2035 2149 τας
2059 2086 2157 2149 τὰς
2188 2082 2283 2139 τοῦ
2323 2084 2565 2157 μεγάλου
2612 2084 2804 2149 δουκὸς
2850 2083 2929 2156 ὡς
2987 2082 3283 2155 πολεμίους
3352 2097 3526 2136 κατα-

1935 2298 2039 2341 nos
2099 2283 2403 2341 vertendis.
2447 2282 2575 2341 llaec
2621 2284 2760 2351 satis
2807 2293 3069 2343 constare
3117 2300 3187 2343 ex
3246 2300 3312 2342 eo
3346 2283 3522 2355 quod,

1932 2384 2139 2448 praeter
2174 2377 2339 2434 modo
2391 2377 2447 2434 in
2490 2386 2685 2449 portus
2737 2378 2952 2451 imperii
2985 2379 3269 2450 appulsam
3304 2378 3522 2448 iniussu

1933 2470 2170 2526 classem
2235 2468 2591 2542 Mpyrigeriif,
2640 2471 2734 2527 alii
2778 2470 2980 2528 eodem
3036 2473 3348 2544 navigaturi
3400 2486 3527 2531 sese

1934 2579 2134 2637 parare
2184 2566 2513 2621 nuntientur
2542 2603 2559 2632 ,
2607 2582 2803 2624 rursus
2843 2567 2944 2623 bos
2980 2566 3257 2624 secuturis
3291 2575 3346 2623 et
3375 2567 3522 2629 aliis.

1934 2674 2000 2715 eo
2032 2658 2291 2717 videlicet
2322 2658 2534 2729 perfido
2565 2660 2750 2717 animo
2779 2676 2843 2717 ac
2890 2660 3162 2718 scelerata
3198 2676 3321 2731 spe,
3353 2670 3411 2717 ut
3442 2669 3525 2721 tot

1934 2751 2104 2809 semel
2155 2753 2579 2810 insidiatoribus
2634 2753 2993 2811 simulatione
3058 2753 3318 2809 amicitia:
3373 2753 3523 2814 intra

1936 2855 2126 2901 nostra
2163 2845 2418 2918 praesidia
2465 2845 2690 2903 credule
2727 2846 3009 2912 admissis,
3036 2845 3131 2902 ubi
3162 2845 3363 2902 deinde
3388 2860 3527 2901 con-

1932 2938 2137 3009 juratis
2187 2952 2373 2995 secum
2408 2938 2464 2994 iu
2513 2955 2618 2996 nos
2655 2940 2833 3011 palam
2898 2937 3240 2993 irruentibus
3297 2936 3402 3008 ipsi
3456 2952 3523 3003 ex

1937 3038 2233 3101 compacto
2273 3033 2682 3105 conspirantes,
2723 3031 3136 3097 rebellaverint,
3165 3046 3327 3103 pares
3357 3030 3526 3089 simul

1936 3127 2185 3191 externis
2222 3126 2697 3197 oppugnatoribus
2727 3125 3072 3198 internisque
3133 3125 3514 3196 perduellibus

243 3218 381 3288 ipsis
446 3219 703 3278 benevoli
754 3232 811 3279 et
851 3223 1158 3295 prudentes
1220 3230 1589 3286 aestimatores
1647 3245 1831 3286 rerum
1861 3227 1907 3289 ο
1939 3237 2050 3277 una
2107 3222 2449 3287 sustinendis
2502 3236 2566 3278 ac
2597 3220 2927 3293 repellendis
2980 3235 3107 3277 esse
3160 3235 3521 3292 nequeamus.

242 3310 418 3383 signis
447 3327 623 3386 prope
666 3312 978 3373 manifestis
1025 3318 1271 3375 eminere
1318 3319 1837 3390 deprehendissent.

244 3406 346 3462 His
382 3405 462 3464 illi
502 3407 587 3465 sic
632 3410 934 3481 compertis
987 3426 1197 3468 moram
1231 3412 1443 3469 faciunt
1490 3415 1693 3471 nullam
1728 3416 1839 3472 im-

211 3542 217 3548 .
246 3502 527 3573 peratoris
581 3503 649 3561 de
690 3520 753 3561 re
782 3513 899 3562 tota
935 3506 1232 3575 edocendi,
1266 3525 1708 3583 magnopereque
1742 3512 1843 3567 ad-

248 3591 513 3651 hortandi
568 3603 630 3651 ut
674 3608 890 3666 partem
926 3613 1048 3668 qua:
1104 3598 1210 3669 ipsi
1250 3613 1593 3674 competeret
1632 3603 1838 3676 negotii

247 3695 614 3759 capesseret,
656 3705 803 3753 sese,
848 3707 991 3762 quos
1046 3693 1173 3750 alibi
1229 3702 1414 3762 natos,
1458 3696 1695 3769 benigno
1725 3696 1840 3754 illic

245 3792 513 3853 exceptos
548 3784 796 3856 hospitio
841 3801 1015 3857 prope
1064 3803 1299 3845 numero
1360 3789 1562 3846 civium
1613 3791 1842 3846 haberet

245 3877 578 3949 inquilinos,
616 3878 922 3950 liberisque
961 3881 1210 3951 ipsorum
1246 3881 1301 3947 in
1330 3882 1452 3954 ejus
1483 3882 1597 3955 jam
1629 3882 1843 3940 ditione

245 3972 500 4029 educatis
515 3973 817 4039 etadultis,
840 3974 1102 4031 concordi
1127 3977 1409 4046 proposito
1430 3978 1640 4050 paratis
1661 3978 1842 4035 nullas

244 4075 438 4137 panes
460 4067 789 4138 explorandi
829 4071 1301 4142 propulsandique
1326 4072 1569 4128 insultus
1598 4075 1840 4130 hostium

248 4158 537 4225 omittere,
568 4161 703 4232 quin
735 4172 794 4218 et
847 4163 1285 4235 promptissimis
1312 4180 1410 4235 pro
1442 4165 1546 4222 fide
1567 4166 1845 4223 societatis

242 4255 319 4311 ad
334 4271 560 4313 omnem
582 4270 930 4328 quaecunque
953 4260 1124 4315 instet
1145 4258 1201 4315 in
1225 4273 1390 4317 causa
1407 4259 1622 4332 publica
1645 4261 1843 4317 tuenda

250 4348 692 4406 dimicationem.
716 4348 930 4408 Instare
953 4359 1135 4408 autem
1160 4361 1429 4423 quantum
1462 4367 1571 4409 non
1607 4354 1846 4409 obscure

248 4450 547 4512 appareret
566 4482 582 4508 ,
608 4443 927 4507 maximam,
956 4458 1135 4514 eoque
1166 4442 1656 4501 formidabiliorem
1697 4445 1845 4516 quod

249 4534 607 4606 proditorum
654 4535 801 4607 apud
844 4553 949 4593 nos
981 4553 1079 4608 pro
1116 4537 1252 4608 ipsis
1284 4538 1656 4610 satagentium
1712 4554 1843 4593 con-

252 4628 490 4684 scientia
542 4626 668 4684 freti
716 4630 932 4685 externi
986 4631 1217 4696 hostes,
1275 4630 1723 4688 facilioremsilti
1773 4631 1843 4688 de

258 4723 428 4791 ri‘o'bis
480 4722 762 4795 spondent
813 4724 1132 4781 victoriam.
1169 4743 1189 4778 s
1234 4722 1466 4796 Nempe,
1519 4724 1839 4791 addebant,

260 4818 347 4875 isti
379 4832 524 4889 quos
551 4831 618 4874 es
650 4814 843 4874 Sicilia
886 4815 1186 4889 profectos,
1213 4817 1461 4881 domine,
1493 4824 1651 4872 tanto
1684 4832 1841 4873 sum-

265 4922 361 4984 ptu
412 4911 517 4968 alis
565 4912 735 4967 ductu
779 4910 1080 4968 militantes
1128 4911 1285 4967 ducis
1336 4910 1520 4982 magni
1569 4910 1840 4977 Catelani,

262 5006 472 5077 quique
522 5020 582 5062 se
616 5006 685 5061 de
734 5019 877 5061 novo
909 5004 1046 5073 ipsis
1088 5003 1415 5076 adiungunt,
1447 5020 1651 5061 arcano
1690 5019 1844 5060 com-

266 5100 493 5153 missum
527 5110 649 5152 cum
681 5096 839 5150 hoste
871 5094 1055 5149 fovent
1083 5098 1497 5160 commercium,
1522 5096 1691 5169 490
1718 5106 1840 5153 stu-

265 5191 420 5247 diose
464 5189 597 5245 hinc
630 5189 939 5243 indicantes
984 5202 1106 5259 quas
1148 5197 1433 5259 geruntur,
1481 5197 1536 5243 et
1584 5190 1712 5245 inde
1761 5190 1844 5245 vi-

265 5284 453 5341 cissim
502 5282 572 5338 de
614 5280 875 5338 omnibus
920 5281 1206 5347 admoniti,
1246 5291 1407 5353 prout
1446 5297 1588 5352 npus
1616 5293 1844 5340 censent

266 5378 333 5431 ad
365 5375 711 5433 sua-nefaria
747 5373 993 5430 'cousilia
1028 5374 1083 5429 ln
1120 5389 1414 5431 commune
1441 5383 1693 5432 nostrum
1725 5377 1845 5433 exi-

264 5472 401 5526 tium
442 5467 734 5540 patranda.
771 5466 1129 5525 Constituunt
1156 5470 1301 5524 enim
1335 5469 1417 5525 sic
1449 5470 1678 5527 invicem
1708 5479 1849 5526 tem-

264 5580 397 5636 pora
460 5578 588 5619 cum
635 5570 841 5619 exterae
893 5562 1204 5620 incursioni
1263 5561 1655 5619 foederatorum
1707 5563 1845 5635 ipsis

262 5667 578 5715 nostrorum
630 5657 900 5719 hostium,
933 5663 1047 5711 tum
1085 5670 1198 5711 suat
1244 5656 1491 5726 ipsorum
1535 5656 1837 5726 proditioni

258 5758 571 5824 opportuna
595 5789 611 5815 ,
644 5748 992 5819 pollicentes,
1026 5748 1190 5803 simul
1224 5748 1301 5802 illi
1339 5749 1445 5803 huc
1474 5749 1687 5803 advecti
1725 5764 1839 5803 rem

262 5858 454 5914 gerere
509 5842 822 5913 creperint,
858 5855 961 5910 pro
1004 5840 1153 5897 virili
1216 5849 1270 5894 et
1324 5841 1475 5911 ipsos
1515 5839 1837 5905 annisuros,

266 5936 417 5994 larva
462 5933 714 6007 obsequii
742 5931 965 5991 tandem
997 5929 1248 5990 eruenda
1278 5942 1330 5987 et
1362 5928 1530 5985 armis
1570 5928 1746 5999 palam
1783 5928 1836 5983 in

1939 3314 2023 3371 En
2056 3323 2266 3382 quanto
2300 3315 2377 3370 rei
2420 3330 2653 3372 summie
2685 3315 2929 3385 periculo
2965 3314 3089 3372 istis
3124 3312 3351 3385 ignotis,
3385 3314 3524 3370 snti-

1939 3424 2036 3466 cos
2062 3424 2123 3465 se
2152 3410 2316 3467 verbo
2338 3418 2392 3465 et
2424 3410 2610 3478 specie
2640 3406 2963 3475 ferentibus,
2999 3408 3206 3466 adi-tum
3242 3408 3310 3465 ad
3332 3416 3527 3463 nostra

1941 3502 2138 3559 intima
2175 3505 2510 3573 paudamus.
2537 3501 2710 3558 Nobis
2737 3501 2883 3558 enim
2920 3508 3264 3573 compertum
3298 3510 3529 3574 praster-

1939 3613 2003 3659 ea
2049 3609 2133 3654 est
2175 3599 2321 3669 regis
2361 3596 2731 3654 Tlieuderichi
2761 3596 2987 3653 fratrem
3013 3595 3240 3651 nothum
3269 3608 3396 3650 cum
3431 3608 3529 3650 na—

1940 3692 2104 3748 vibus
2134 3690 2430 3747 duodecim
2471 3690 2591 3746 vela
2619 3688 2728 3762 jam
2762 3690 2959 3746 fecisse
2990 3688 3056 3744 ad
3089 3697 3279 3747 nostra
3310 3690 3526 3760 littora,

1946 3802 2057 3857 quo
2113 3784 2327 3841 scilicet
2387 3783 2557 3839 sociis
2592 3782 2704 3851 jam
2731 3780 2838 3837 huc
2868 3782 3117 3853 appulsis
3151 3798 3217 3847 se,
3239 3783 3529 3857 adiungat,

1942 3878 2399 3936 dissimulaturos
2451 3875 2744 3932 consilium
2801 3877 3152 3949 oppugnandi
3184 3893 3310 3943 nos,
3345 3878 3527 3951 quoad

1944 3973 2068 4030 aliis
2105 3986 2331 4043 quoque
2374 3984 2609 4027 suorum
2668 3969 2787 4040 pari
2836 3978 3026 4027 nostra
3093 3969 3360 4027 facilitate
3405 3986 3529 4041 per-

1944 4064 2133 4120 missis
2167 4062 2215 4119 ei
2261 4078 2320 4118 se
2354 4075 2649 4133 aggregare
2680 4074 2895 4116 summa
2942 4059 3055 4133 jam
3094 4060 3197 4133 ipsi
3249 4069 3361 4117 tota
3392 4076 3531 4118 cono

1944 4164 2054 4213 stet
2090 4156 2489 4212 destinatarum
2545 4153 2707 4209 nobis
2755 4152 3121 4224 subjugandis
3148 4154 3457 4224 copiarum.
3501 4172 3522 4208 ι

1946 4250 2046 4306 llis
2086 4249 2170 4307 sic
2214 4248 2480 4320 expositis
2515 4262 2851 4319 magnopere
2897 4245 3095 4303 deinde
3130 4247 3530 4305 incumbebant

1946 4346 2014 4403 ad
2050 4341 2399 4402 suadendum
2452 4341 2774 4413 imperatori
2822 4350 2884 4397 ut
2923 4340 3059 4396 nihil
3103 4351 3373 4396 cunctane
3410 4340 3531 4396 dis-

1948 4441 2287 4497 simulansve
2317 4435 2555 4507 amplius
2584 4434 2761 4506 palam
2790 4434 2926 4506 ipsis
2956 4434 3240 4504 cooperari
3272 4432 3529 4489 Genuene

1950 4533 2105 4590 sibus
2147 4530 2332 4598 vellet,
2364 4528 2659 4586 Catelanos
2691 4527 2786 4599 qui
2822 4527 2891 4584 ad
2943 4542 3168 4583 manum
3211 4536 3367 4582 erant
3403 4540 3532 4597 pro-

1951 4628 2102 4682 tinus
2138 4624 2347 4696 paratis
2387 4623 2532 4679 bello
2572 4620 2793 4693 aggredi
2821 4621 3191 4689 invadereque
3229 4620 3530 4690 imparatos

1950 4721 2133 4777 adhuc
2172 4719 2406 4789 ideoque
2442 4715 2677 4773 subactu
2708 4714 3007 4772 faciliores.
3041 4714 3211 4771 Posse
3240 4713 3354 4786 jam
3382 4727 3531 4769 nunc

1950 4830 2012 4871 se
2056 4829 2273 4869 armare
2325 4825 2495 4868 naves
2541 4809 2962 4882 quinquaginta.
3018 4808 3214 4865 Parem
3260 4808 3390 4865 ltuic
3428 4823 3531 4863 nu-

1951 4923 2165 4965 merum
2210 4920 2277 4961 ne
2322 4912 2648 4975 gravaretur
2691 4901 2949 4958 conferre
2984 4901 3315 4972 imperator;
3352 4907 3448 4953 aut
3480 4898 3527 4954 si

1952 4999 2237 5069 expeditas
2282 5005 2365 5051 tot
2412 5011 2524 5052 non
2572 4995 2781 5059 liabet,
2829 4992 3123 5064 pecuniam
3182 4990 3529 5047 instruendis

1954 5092 2024 5147 iis
2072 5089 2427 5147 suﬂ‘ecturam
2480 5088 2656 5143 daret.
2708 5086 2803 5141 Vel
2860 5085 2906 5141 si
2968 5100 3073 5141 nec
3126 5084 3182 5139 in
3235 5093 3535 5139 numerato

1953 5184 2163 5241 nummi
2207 5183 2410 5249 forent,
2445 5182 2747 5236 collaturos
2774 5180 2828 5233 in
2858 5186 3205 5234 antecessum
3237 5192 3298 5233 se
3338 5177 3406 5232 de
3427 5191 3538 5233 suo

1948 5292 2069 5349 qua).
2106 5277 2390 5357 Augustus
2442 5274 2732 5329 commodo
2782 5272 2888 5327 sibi
2920 5281 3167 5340 tempore
3214 5280 3403 5338 poetea
3433 5283 3535 5324 ree

1946 5370 2220 5426 funderet.
2257 5368 2415 5423 llunc
2450 5367 2603 5437 ipsos
2632 5367 2737 5423 sibi
2778 5366 2933 5431 solis,
2972 5363 3139 5420 modo
3173 5366 3257 5420 sic
3301 5363 3527 5434 adiutis,

1944 5466 2093 5520 ultro
2127 5464 2429 5533 deposcere
2490 5461 2733 5517 laborem
2796 5458 3067 5515 liberandi
3126 5456 3408 5513 Romanos
3460 5455 3541 5511 ab

1946 5557 2168 5621 injuriis
2220 5570 2359 5626 quas
2407 5554 2614 5610 dudutn
2645 5552 2798 5609 diras
2827 5566 2923 5621 per
2972 5548 3259 5607 Orientem
3296 5564 3327 5603 a
3364 5553 3538 5617 gente

1953 5649 2119 5705 infida
2169 5655 2517 5720 paterentur.
2549 5644 2664 5702 lloc
2697 5644 2900 5701 debere
2951 5644 3103 5713 ipsos
3131 5656 3198 5698 eo
3234 5639 3397 5713 θοι
3431 5652 3545 5694 no—

1952 5743 2100 5798 mine
2128 5741 2273 5812 quod
2317 5738 2647 5810 quasstuosis
2681 5753 2779 5808 per
2822 5744 3002 5792 terras
3041 5743 3095 5791 et
3130 5742 3320 5805 portus
3352 5732 3539 5800 impe-

1952 5834 2019 5890 rii
2064 5832 2421 5890 commerciis
2459 5847 2575 5887 rem
2617 5828 2867 5899 quotidie
2896 5834 3203 5899 angerent:
3240 5821 3336 5879 sed
3362 5820 3449 5876 vel
3476 5820 3537 5878 si

1947 5928 2097 5985 nulla
2137 5942 2304 5985 causa
2338 5926 2560 5993 propria
2609 5925 2666 5981 in
2714 5924 2768 5981 id
2805 5922 3243 5989 impellerentur,
3282 5913 3403 5974 solo
3428 5927 3537 5969 re—
