4066 6286
415 403 524 488 eas
776 485 782 488 _
1659 419 1983 482 GEORGII
2011 421 2208 483 PACH
2219 421 2496 484 musas
3284 440 3289 443 -
3583 418 3691 486 ato

399 538 570 616 ’σχεῖν
614 553 766 600 vaec,
838 537 935 590 καὶ
976 535 1122 590 οὔτω
1169 537 1660 608 προσαρξαμένους
1718 538 1786 591 τὰ
1829 537 1992 591 λοιπὰ
2023 537 2371 602 Ατοσούτων
2392 538 2696 610 χρημάτων
2735 529 2821 593 ’ὧν
2859 539 3010 606 παρὰ
3071 537 3340 608 βασιλέως
3391 535 3694 605 λαμϐάνειν

419 629 778 701 ξυμπληροῦν
802 632 937 696 ἐκεῖ,
983 630 1480 700 προσυπαντῶντας
1518 633 1612 684 καὶ
1661 630 1834 703 στόλῳ
1867 649 2004 685 παν-
2107 633 2338 706 ήλπιζεν
2375 633 2478 705 (εἰς
2501 634 2610 704 γὰρ
2635 633 2965 704 τριακοσίων
2981 631 3342 701 νομισμάτων
3379 628 3692 701 χιλιοστύας

409 725 492 790 τὶ,
517 725 811 796 ἢνφανείη,
838 726 931 780 καὶ
957 723 1031 796 μὴ
1053 725 1258 788 ἐῶντας
1281 727 1627 800 προσχωρεῖν
1645 724 1999 796 προσωτέρω.

419 819 613 877 Ταῦτα
673 806 930 891 βασιλεὺς
980 819 1196 873 ἀκούων
1249 818 1526 890 διηπίστει
1568 821 1680 884 τοῖς
1731 819 2005 882 πλείστοις

406 910 532 970 ’τῶν
561 913 894 982 λεγομένων.
930 913 1024 967 καὶ
1054 911 1226 967 ταῦτα
1262 911 1379 984 ἅμα
1410 911 1510 981 μὲν
1544 911 1762 982 φθόνον.
1804 913 1920 983 ἅμα
1945 912 2003 966 δι

422 1008 521 1060 καὶ
543 1005 744 1060 κακίαν
785 1003 1164 1076 συμπράττειν
1207 1004 1307 1075 τὴν
1335 1006 1444 1060 ἀπὸ
1507 1007 1616 1059 τῶν
1668 1005 2002 1060 Γεννουϊτῶν

423 1098 755 1164 ὑπετόπαζε.
794 1099 903 1152 Καὶ
933 1098 966 1169 ἠ
1002 1097 1242 1168 ἀρχῆθεν
1279 1097 1431 1167 σφῶν
1486 1098 1625 1169 πρὸς
1688 1095 1780 1150 τδν
1827 1097 2003 1168 μέγαν

421 1189 593 1245 δοῡκα
611 1189 905 1260 δυσμένεια
935 1189 1032 1244 καὶ
1063 1192 1091 1245 ὁ
1133 1191 1268 1260 πρὸς
1322 1190 1485 1245 αὐτὸν
1519 1191 1755 1262 πόλεμος
1805 1191 2004 1262 πιστὴν

421 1287 657 1358 παρεῖχε
685 1283 783 1357 τήν
823 1285 1075 1355 ὑποψίαν.
1117 1283 1234 1340 Οὐκ
1264 1280 1380 1338 οἶδα
1408 1285 1466 1339 δὲ
1514 1284 1611 1339 καὶ
1637 1286 1686 1339 εἰ
1729 1285 1788 1340 τδ
1844 1287 2008 1355 κῆδος

423 1379 486 1434 τὸ
518 1379 658 1451 πρὸς
701 1379 864 1434 αὑτὸν
894 1378 988 1430 καὶ
1017 1377 1074 1430 ai
1129 1376 1236 1428 τῶν
1292 1377 1472 1448 ὅρκων
1510 1378 1846 1448 ἐμπεδώσεις
1905 1379 2004 1447 τὴν

429 1471 717 1542 βασιλικὴν
757 1470 1175 1542 κατεμαλασσον
1199 1467 1444 1540 γνώμην,
1489 1471 1584 1524 καὶ
1616 1471 1677 1524 οὐ
1727 1473 1840 1533 τοῖς
1883 1472 2004 1525 κατ’

424 1563 650 1620 ἐκείνων
715 1563 936 1631 λέγουσι
985 1562 1334 1633 συνεφέρετο.
1377 1562 1566 1629 Ὅμως
1617 1561 1843 1626 ἐκείνοις
1907 1563 2005 1632 μὶν

426 1659 836 1730 εὐχαριστήσας
882 1656 950 1710 τὰ
988 1645 1218 1727 μέγιστα
1269 1654 1344 1718 ὥς
1382 1655 1523 1727 ὑπὲρ
1571 1656 1677 1708 τῶν
1720 1657 2008 1726 Ῥωμαίων

427 1755 612 1804 πονεῖν
656 1749 874 1803 δοκοῦσι
919 1749 1077 1820 σιγᾷν
1116 1748 1388 1811 ἐκέλευεν,
1423 1749 1580 1809 αὐτὸς
1624 1748 1668 1800 δ’
1698 1749 2008 1820 ὑπισχνεῖτο

430 1842 784 1915 βἰυλεύεσθαι
841 1841 968 1913 περὶ
1021 1837 1228 1893 τούτων
1287 1842 1379 1891 καὶ
1426 1839 1488 1892 τὸ
1545 1838 1704 1904 δόξαν
1761 1841 2008 1893 συνοῖσον

416 1940 624 1992 ποιεῖν.

431 2097 498 2164 ζ’.
535 2096 774 2167 Ἀφιξις
815 2097 964 2164 πρὸς
1005 2095 1274 2161 βασιλέα
1324 2094 1430 2150 τοῦ
1468 2091 1738 2162 μεγάλου
1784 2093 2006 2161 δουκὸς

642 2169 741 2223 καί
771 2169 921 2235 ὑπὲρ
951 2168 1060 2222 τοῦ
1089 2167 1495 2235 Μπιφιτερίου
1523 2167 1788 2231 ἀξίωσις.

503 2305 588 2380 [Ρ.
623 2305 751 2380 διε]
793 2305 852 2362 Ὀ
892 2307 1162 2377 μέντοιγε
1197 2306 1370 2376 μέγας
1410 2306 1534 2372 δοὶξ
1572 2306 1842 2375 ἀπογνοὺς
1897 2306 2008 2360 τῶν

433 2591 624 2651 specto
655 2581 773 2638 initi
814 2580 1037 2638 foederis
1070 2591 1124 2638 et
1152 2582 1424 2639 cbaritate
1461 2582 1683 2656 hospitii
1711 2583 2009 2656 periclitari

437 2691 538 2745 pro
573 2676 754 2732 salute
789 2675 1065 2732 sociorum
1099 2676 1239 2732 velle
1284 2675 1611 2734 discrimine
1655 2692 2010 2748 quocunque,

437 2777 602 2840 atque
651 2770 804 2838 ipsos
865 2769 1269 2826 incursantium
1331 2770 1568 2842 injurias
1625 2771 1837 2827 ulcisci.
1896 2770 2006 2828 Sibi

435 2861 570 2934 quin
606 2856 769 2917 etiam
822 2876 941 2919 esse
993 2861 1315 2918 facillimum
1372 2864 1665 2935 (annueret
1707 2863 1870 2920 modo
1900 2863 2014 2918 Au-

434 2957 657 3030 gustus)
715 2957 959 3014 immissa
1027 2960 1213 3015 statim
1268 2959 1325 3015 in
1381 2974 1551 3015 naves
1615 2958 1774 3016 ducis
1831 2956 2012 3028 magni

434 3065 598 3119 quam
635 3059 944 3124 promptam
992 3053 1106 3124 jam
1157 3055 1428 3110 haberent
1475 3053 1654 3110 classe
1687 3069 1781 3109 eas
1813 3068 2015 3125 capere

359 3194 362 3198 .
434 3143 792 3216 detinereque
842 3155 903 3202 ut
946 3148 1180 3225 hostiles
1221 3148 1324 3202 sub
1356 3155 1469 3202 tuta
1503 3147 1778 3214 custodia,
1809 3147 2016 3219 talique

436 3237 600 3295 initio
629 3238 828 3296 bellum
865 3240 934 3297 iis
985 3240 1195 3296 illatum
1247 3251 1475 3299 strenue
1527 3240 1789 3311 deinceps
1830 3242 2020 3297 conti-

2105 727 2167 780 τὸ
2193 729 2303 782 πᾶν
2329 725 2612 785 ,ἔΜσοῦτο
2647 725 2747 796 τῆς
2781 722 3277 793 ἀπαιτήσεως)ιὲπ’
3314 723 3520 790 ὀλίγοις
3570 723 3695 775 ἵστα

2102 823 2204 883 τὰς
2227 819 2423 884 δόσεις,
2453 819 2544 872 τὸν
2569 817 2733 888 θροῦν
2754 817 3140 872 κατα-στέλλειν
3163 815 3272 870 τῶν
3317 816 3536 872 Ἰταλῶν
3559 817 3692 870 ὑπι-

2108 911 2462 983 σχνούμενος.
2494 913 2583 965 ναὶ
2615 914 2722 984 μὴν
2765 911 2855 966 καί
2890 930 3042 974 τινας
3077 912 3135 976 ἐξ
3169 911 3348 965 αὐτῶν
3399 909 3696 965 ῖκανωθέν-

2105 1022 2204 1069 τας
2242 1004 2453 1075 μισθοῖς
2487 1005 2590 1073 τῆς
2610 1007 2745 1075 πρὸς
2781 1005 3006 1076 βασιλέα
3025 1003 3244 1076 Μιχαὴλ
3282 1003 3521 1076 ἅψασθαι
3555 1019 3695 1070 cuti.-

2109 1101 2480 1170 μαχήσοντας.
2512 1100 2576 1153 Ei
2604 1099 2649 1153 δ’
2687 1093 2801 1166 οὖν,
2855 1098 2972 1151 ἀλλ’
3021 1099 3184 1153 αὐτὸν
3243 1098 3342 1169 μὲν
3386 1098 3481 1152 καὶ
3535 1095 3692 1160 αὖθις

2107 1194 2414 1266 ἀντιπερᾷν
2445 1195 2570 1248 κατ’
2601 1191 2887 1264 ἀνατολὴν,
2922 1194 3016 1246 τὺν
3050 1191 3234 1264 μέντοι
3285 1208 3350 1259 γε
3403 1191 3698 1261 Μπυριγέ-

2109 1305 2224 1360 ριον
2247 1287 2508 1353 Τέντζαν,
2531 1286 2607 1352 ὡς
2634 1289 2728 1340 καὶ
2752 1287 2914 1341 αὑτὸν
2964 1286 3118 1353 ἄξιον
3165 1284 3234 1359 ὃν.
3298 1284 3696 1356 προσδέχεσθαι

2106 1382 2212 1435 ὑπὸ
2242 1381 2522 1451 μεγίστοις
2558 1384 2670 1456 τοῖς
2700 1381 2988 1448 ὲλπισμοῖς
3022 1381 3516 1450 προσχωρήσαντα,
3557 1394 3698 1448 συμ-

2110 1477 2295 1528 πεῖσαι
2322 1472 2728 1545 παραγενέσθαι
2759 1475 2918 1544 μόνον
2949 1473 3043 1526 ὑπ’
3077 1470 3370 1541 ἀσφαλείᾳ.
3397 1474 3465 1542 τῇ
3523 1489 3698 1540 προσ-

2090 1568 2340 1640 -ηιωύσῃ,
2388 1567 2483 1622 καὶ
2522 1566 2636 1630 τοῖς
2679 1567 2776 1621 ἀπ’
2833 1565 2998 1621 αὑτοῦ
3027 1565 3466 1643 χρυσοσούλλοις
3501 1566 3699 1635 σχόντα

2107 1662 2202 1716 τοῦ
2240 1663 2476 1732 θάρρους
2502 1659 2562 1714 τδ
2597 1660 2799 1714 ἱκανόν.
2838 1661 3098 1728 ’Έτοιμον
3131 1659 3175 1713 δ’
3202 1654 3342 1712 εἶναι
3384 1654 3699 1712 τοῦτονκαὶ

2112 1753 2494 1826 μισθοφορίαις
2532 1752 2865 1808 ἱκανωθέντα
2903 1754 2980 1825 τῷ
3014 1753 3128 1823 ἰδίῳ
3165 1754 3380 1820 σύναμα
3425 1751 3540 1822 λαῷ
3597 1752 3698 1820 τὴν

2111 1846 2248 1915 προς
2279 1846 2368 1898 τὸν
2393 1845 2511 1898 νέον
2536 1843 2763 1915 βασιλέα
2804 1844 3141 1916 πορευθῆναι
3181 1844 3427 1913 σφοδρῶς
3490 1844 3699 1914 ἰσχυρί-

2035 1963 2080 2020 B
2109 1936 2250 1998 ζετο.
2278 1936 2465 1990 Ταῦτα
2494 1937 2669 2003 λέγων
2701 1937 2794 1991 καὶ
2836 1936 3058 1989 πλείονα
3106 1937 3254 2006 αἱρεῖ
3296 1935 3403 2006 τὴν
3469 1936 3698 2002 γνὼιιην

2109 2031 2311 2084 αὐτίκα
2338 2030 2430 2083 τοῦ
2461 2029 2748 2100 βασιλέως.
2780 2030 2890 2084 Καὶ
2916 2030 3031 2099 ἅμα
3064 2031 3197 2099 πρὸς
3232 2030 3332 2096 μὲν
3390 2028 3478 2081 τὸν
3533 2031 3698 2082 Μιτυ-

2113 2124 2354 2195 ριγέριον
2382 2125 2595 2186 πίστεις
2625 2123 3062 2194 χρυσοϐοὑλλειοι
3106 2123 3498 2194 σχεδιάζονται,
3536 2123 3698 2186 αὐτὸς

2109 2218 2164 2273 δὲ
2197 2216 2266 2272 τὰ
2291 2218 2461 2272 πολλὰ
2492 2221 2592 2288 μὲν
2630 2220 2721 2273 καὶ
2750 2219 2844 2286 ἀφ’
2895 2217 3228 2288 ἐαυτοῦτῷ
3280 2217 3497 2286 μεγάλῳ
3545 2215 3699 2268 δουκὶ

2113 2311 2471 2383 προσνείμας,
2526 2312 2593 2366 τὰ
2639 2312 2864 2366 πλεῖστα
2926 2311 2982 2364 δὲ
3033 2311 3124 2364 καὶ
3156 2309 3352 2373 ἐκτῶν
3407 2308 3496 2361 τὸν
3552 2309 3698 2360 σῖτον

2115 2584 2172 2639 7.
2236 2581 2493 2637 Accessus
2549 2581 2618 2634 ad
2669 2583 3041 2651 imperatorem
3097 2560 3252 2633 ducis
3297 2580 3474 2648 magni
3499 2591 3546 2631 et
3603 2593 3700 2645 pro

2617 2652 2944 2724 llpyrigerio
2997 2651 3201 2722 petitio.

2190 2769 2260 2824 At
2295 2784 2526 2841 magnus
2575 2767 2686 2823 dus
2735 2766 3050 2838 intelligens
3097 2765 3367 2821 oﬁ‘ensum
3407 2765 3704 2834 imperato-

2115 2878 2234 2919 rem
2267 2870 2435 2917 tanta:
2467 2862 2521 2915 in
2555 2860 2830 2930 stipendia
2882 2859 3144 2931 petitione
3178 2859 3448 2928 pecuuire,
3497 2856 3698 2925 despe-

2117 2973 2362 3028 ransque
2391 2963 2638 3012 trecenta
2673 2969 3023 3011 nummorum
3060 2953 3230 3008 millia
3255 2953 3501 3023 (totidem
3534 2951 3699 3025 492

2118 3051 2264 3106 enim
2303 3050 2700 3122 postulaverat)
2736 3046 2923 3104 abeo
2973 3063 3133 3118 posse
3165 3063 3405 3117 unquam
3439 3046 3695 3117 exprimi.

2117 3162 2180 3201 ea
2238 3146 2294 3199 in
2350 3146 2513 3217 longe
2571 3144 2844 3199 minorem
2902 3145 3177 3198 contraxit
3221 3156 3519 3204 summam,
3553 3140 3607 3194 in
3641 3155 3701 3195 se

2118 3241 2392 3312 recipiens
2442 3239 2700 3296 donativo
2739 3253 2848 3293 non
2886 3252 3091 3307 magno
3118 3279 3132 3301 ,
3171 3251 3272 3293 nec
3319 3252 3463 3307 aegre
3497 3237 3564 3292 ab
3593 3236 3702 3289 im-

434 3341 610 3384 nuare
643 3329 1033 3397 occurrendol,
1066 3330 1477 3401 subeundisque
1510 3345 1851 3402 quaecunque
1883 3330 2017 3386 inci-
2049 3334 2092 3394 C
2126 3346 2376 3406 peratore
2421 3348 2522 3403 pro
2560 3333 2715 3404 copia
2753 3331 3007 3403 praesenti
3057 3330 3422 3397 numerando,
3451 3338 3572 3386 sese
3601 3343 3700 3401 pa-

437 3419 636 3476 derent
664 3422 946 3493 periculis,
978 3423 1144 3480 etiam
1173 3425 1454 3480 navalium
1487 3439 1611 3480 cum
1639 3425 1818 3481 classe
1851 3423 2015 3482 Cate-

437 3513 563 3571 lana
613 3515 968 3584 praeliorum;
1027 3517 1294 3588 omnique
1344 3519 1506 3572 modo
1554 3518 1893 3590 prohibendo
1924 3535 2015 3586 ne,

437 3618 870 3689 quantacunque
947 3609 1036 3666 itis
1093 3611 1374 3666 admoveri
1435 3612 1684 3682 partibus
1758 3613 2018 3684 deinceps

439 3705 645 3774 poterit
697 3702 945 3775 potentia
999 3705 1182 3775 gentis
1237 3704 1427 3769 istius,
1491 3704 1757 3774 proﬁcere
1812 3707 2019 3762 nostris

439 3796 658 3852 damnis
693 3809 746 3853 et
773 3812 1104 3869 progressus
1146 3796 1324 3852 facere
1365 3798 1430 3852 ad
1475 3799 1889 3869 oppressionem
1918 3799 2020 3852 im-

438 3890 581 3962 perii
617 3899 804 3960 queat.
840 3889 966 3947 Haec
1005 3891 1306 3961 imperator
1357 3892 1592 3949 audiens
1643 3908 1782 3948 vana
1836 3894 2021 3962 plera-

441 4000 549 4062 que
579 3991 634 4040 et
663 3985 768 4039 ﬁde
794 3984 1021 4056 indigna
1053 3985 1292 4051 censuit,
1339 3985 1538 4057 partim
1575 3986 1777 4042 invidia
1815 3985 2016 4057 partim

441 4074 640 4134 fraude
671 4086 972 4146 astutoque
1019 4077 1254 4134 artiﬁcio
1286 4077 1520 4148 conﬁngi
1572 4094 1603 4134 a
1635 4079 2025 4137 Genuens’ibus

441 4170 574 4226 talia
633 4179 984 4242 suspectans.
1020 4169 1301 4227 Praebebat
1356 4171 1405 4227 ei
1473 4166 1888 4230 fundamentum
1943 4174 2024 4230 sic

443 4260 707 4333 opinandi
755 4261 1035 4316 declarata
1070 4260 1280 4317 dudum
1317 4277 1505 4318 eorum
1545 4263 1933 4320 malevolentia
1967 4265 2024 4322 Ξιι

444 4370 704 4426 magnum
738 4355 962 4420 ducem.
995 4355 1109 4426 jam
1151 4363 1265 4412 tum
1294 4357 1520 4428 quando
1545 4357 1722 4428 ipsum
1755 4358 2027 4416 Constan-
2074 4372 2076 4374 '

446 4447 676 4513 tinopoli
733 4446 1108 4516 egredientem
1167 4446 1284 4501 rixa
1336 4456 1566 4501 cruenta
1630 4456 1760 4501 sunt
1818 4445 2025 4504 adorti.

447 4535 600 4590 Haud
631 4536 747 4592 scio
779 4537 945 4591 etiam
984 4552 1053 4591 an
1085 4552 1194 4591 non
1233 4537 1464 4591 multum
1503 4536 1740 4593 valuerit
1784 4537 1850 4593 ad
1884 4538 2031 4594 miti-

447 4627 687 4696 gandum
746 4627 873 4682 duci
922 4642 1121 4699 magno
1167 4628 1518 4698 imperatoris
1569 4628 1852 4694 animum,
1905 4645 2031 4699 pra-

2123 3435 2378 3482 caturum
2407 3452 2411 3457 ~
2441 3424 2766 3480 Latinorum
2826 3438 3076 3477 murmur
3105 3433 3160 3476 et
3204 3421 3402 3474 horum
3452 3421 3501 3476 ei
3543 3423 3704 3492 plene

2124 3517 2608 3577 reconciliaturum
2663 3518 2997 3592 voluntates.
3064 3513 3346 3569 Nuntiavit
3387 3515 3552 3569 etiam
3589 3513 3701 3582 jam

2123 3615 2394 3686 quosdam
2424 3629 2501 3668 ex.
2527 3611 2615 3678 iis,
2651 3625 2811 3684 prout
2862 3609 3168 3681 imperator
3212 3624 3271 3664 se
3306 3608 3444 3663 velle
3491 3607 3705 3678 signiﬁ-

2125 3700 2348 3775 casset,
2405 3722 2436 3763 a
2480 3722 2540 3762 se
2597 3704 2858 3762 mercede
2901 3706 3206 3760 instrictos
3261 3703 3458 3759 idonea
3511 3716 3707 3760 versus

2125 3801 2474 3874 imperatoris
2518 3799 2803 3855 Michaelis
2836 3807 3055 3863 "castra,
3087 3798 3206 3866 ejus
3251 3796 3518 3868 auspiciis
3564 3795 3707 3852 mili-

2128 3905 2358 3961 taturos,
2397 3893 2504 3951 iter
2531 3893 2858 3966 arripuisse.
2895 3893 2967 3949 Se
2997 3907 3126 3948 vero
3155 3901 3407 3963 paratum
3441 3890 3704 3956 ostendit,

2127 3987 2271 4060 quod
2308 3988 2360 4043 id
2392 3989 2559 4043 etiam
2595 3986 2700 4042 sibi
2752 4001 2877 4042 esse
2933 3985 3087 4042 cordi
3134 3984 3478 4039 declarasset
3522 3983 3709 4052 Augu-

2128 4088 2267 4146 stus,
2325 4095 2450 4136 cum
2509 4079 2740 4151 reliquis
2796 4079 2851 4134 in
2889 4077 3226 4134 Orientalem
3286 4077 3469 4132 redire
3527 4077 3711 4131 conti-

2130 4183 2378 4229 nentem.
2425 4170 2818 4243 Mpyrlgerium
2871 4169 3138 4226 Tentzam
3203 4170 3350 4240 quod
3413 4171 3709 4235 attineret,

2132 4283 2239 4323 non
2270 4265 2444 4321 videri
2480 4264 2935 4322 committendum
2975 4267 3036 4320 ut
3079 4264 3163 4319 vir
3197 4275 3383 4321 tantus
3433 4273 3541 4318 tam
3597 4249 3717 4319 ma-

2133 4361 2254 4434 gnis
2286 4361 2552 4431 appulsus
2587 4360 2787 4430 spebus
2824 4359 3016 4414 irritus
3068 4359 3471 4415 remitteretur.
3512 4357 3714 4416 Videre

2133 4453 2329 4510 saltem
2382 4452 2689 4509 sustineret
2768 4452 3048 4507 hominem
3117 4452 3398 4524 Augustus
3458 4461 3712 4522 paratum

2135 4547 2257 4617 ejus
2291 4545 2567 4617 majestati
2624 4559 2684 4600 se
2733 4545 2953 4610 sistere,
2991 4545 3036 4600 si
3091 4545 3378 4615 pramissa
3413 4544 3717 4601 securitate

2137 4640 2204 4696 ad
2265 4639 2319 4694 id
2352 4639 2547 4694 idonea
2583 4650 2828 4702 vocetur,
2882 4638 2987 4692 hoc
3033 4648 3116 4694 est
3163 4637 3208 4692 si
3242 4635 3368 4692 dato
3409 4637 3465 4691 in
3513 4651 3717 4692 manus

446 4732 661 4790 vasque
704 4718 774 4776 de
827 4720 924 4776 illo
966 4707 1316 4790 suspiciones
1345 4721 1695 4786 avertendos.
1736 4723 2028 4779 conscien-
2057 4704 2102 4763 ιδ
2133 4730 2234 4804 ipsi
2293 4731 2592 4802 diplomate
2644 4731 2997 4801 imperatoris
3058 4745 3224 4786 aurea
3262 4729 3506 4785 ιωυηῑιο
3564 4728 3715 4786 bulla

448 4816 525 4870 tia
579 4821 688 4867 tam
735 4821 868 4868 arta
895 4811 1199 4878 afﬁnitatis,
1250 4828 1355 4884 qua
1382 4815 1486 4871 sibi
1514 4830 1637 4870 eum
1675 4815 2023 4882 admoverat,

449 4914 505 4959 et
545 4905 856 4959 reverentia
902 4911 1092 4959 sancto
1129 4904 1290 4973 iurati
1335 4919 1459 4960 cum
1488 4919 1555 4961 eo
1592 4904 1684 4961 tali
1731 4906 2028 4964 occasione

455 4995 699 5052 foederis.
754 4992 852 5051 His
905 4996 1236 5051 crediderim
1283 4997 1539 5068 equidem
1599 4998 1856 5069 obseptas
1917 5000 2031 5054 Au-

452 5088 598 5158 gusti
632 5101 796 5142 aures
828 5087 1133 5157 quamlibet
1191 5088 1586 5145 verisimilibus
1640 5090 1695 5146 in
1733 5102 1840 5145 tam
1888 5107 2029 5162 prae-

450 5180 710 5250 iudicata;
740 5181 925 5249 gratiae
955 5185 1133 5235 virum
1185 5181 1380 5236 delatis
1425 5182 1756 5237 criminibus
1804 5184 2032 5239 minime

452 5273 723 5343 patuisse.
750 5271 1141 5328 Genuensihus
1178 5283 1360 5328 tamen
1397 5276 1539 5329 idem
1584 5275 1876 5332 declarata!
1908 5277 2029 5332 ﬁdei

456 5382 522 5420 ac
557 5365 955 5422 benevolentiae
1012 5366 1066 5419 in
1125 5376 1233 5420 tam
1285 5366 1527 5423 oﬁiciose
1572 5369 1913 5425 consulendo
1951 5372 2026 5426 rei

457 5457 721 5515 Romanae
753 5459 959 5528 gratias
991 5461 1099 5529 egit
1131 5461 1421 5526 maximas,
1453 5463 1706 5519 hortatus
1740 5464 1805 5518 de
1835 5476 2032 5519 caetero

459 5561 519 5607 ut
571 5552 626 5606 in
657 5566 859 5606 arcano
901 5569 1020 5620 qtae
1053 5554 1429 5609 indicaverant
1466 5555 1682 5612 interim
1717 5557 1983 5612 baberent
2015 5573 2030 5613 :

464 5662 524 5701 se
551 5647 701 5700 enim
730 5645 1008 5716 impertita
1044 5649 1238 5703 notitia
1273 5665 1500 5706 usurum
1532 5651 1672 5705 haud
1705 5653 1946 5721 segniter
1976 5653 2030 5705 in

461 5748 783 5812 pustcrnm,
846 5741 1180 5811 invigilanth
1248 5753 1404 5814 prout
1488 5761 1580 5818 par
1653 5755 1798 5801 esset
1872 5745 2033 5801 saluti

461 5836 724 5906 publicae,
801 5849 852 5892 ct
926 5855 1047 5909 qua:
1147 5840 1252 5895 huc
1333 5839 1705 5897 conducerent
1807 5842 2034 5913 impigre

443 5932 695 5994 .aqcndo.

2133 4825 2293 4897 plena
2338 4824 2444 4896 ipsi
2494 4823 2692 4878 ﬁducia
2726 4824 3012 4893 contingat
3047 4820 3370 4878 honoriﬁca
3416 4820 3718 4879 admissio-

2132 4912 2222 4970 nis
2268 4922 2321 4969 ct
2365 4912 2466 4969 tuti
2521 4921 2645 4984 post
2700 4913 3041 4983 colloquium
3090 4923 3370 4982 receptos.
3410 4911 3588 4984 Atque
3622 4910 3715 4968 hic

2135 5009 2489 5063 vehementer
2519 5008 2872 5062 asseverabat
2913 5005 3329 5076 paratissimum
3384 5005 3531 5060 hunc
3562 5019 3714 5066 esse.

2129 5099 2312 5154 ductis
2341 5113 2528 5153 secum
2555 5097 2828 5153 universis
2861 5097 3066 5168 quibus
3099 5105 3333 5165 praeerat
3368 5094 3569 5167 copiis.
3605 5094 3716 5152 sub

2127 5191 2363 5262 junioris
2415 5190 2642 5260 Augusti
2673 5190 2828 5259 signa
2870 5187 3172 5260 proﬁcisci,
3212 5202 3324 5242 rem
3377 5187 3500 5256 eius
3544 5188 3713 5240 ductu

2132 5293 2357 5339 strenue
2404 5291 2709 5352 gesturum.
2776 5279 2902 5335 limo
2949 5289 3004 5336 et
3043 5282 3199 5348 plura
3237 5279 3552 5335 istiusmodi
3603 5277 3715 5333 dux

2132 5389 2366 5446 magnus
2419 5391 2729 5430 memorans
2762 5390 3052 5430 assensum
3097 5375 3151 5429 in
3188 5389 3340 5428 suam
3383 5372 3717 5428 sententiam

2131 5467 2320 5524 statim
2383 5467 2568 5534 rapuit
2608 5467 2867 5548 Augqﬂi.
2929 5466 3152 5521 Litterae
3203 5467 3374 5537 igitur
3421 5480 3586 5520 aurea
3632 5465 3717 5519 in-

2143 5562 2330 5630 signes
2378 5559 2563 5624 bulla,
2619 5547 2997 5628 quibus’ﬁdes
3055 5557 3208 5613 ﬁeret
3265 5556 3421 5612 liberi
3457 5569 3719 5612 accessus

2143 5652 2441 5722 securique
2485 5667 2762 5715 recessus,
2805 5651 3135 5722 Mpyrigerio
3175 5652 3566 5722 expediuntur.
3598 5648 3722 5718 Ipse

2146 5754 2326 5800 autem
2377 5743 2658 5816 Augustus
2708 5745 2894 5798 multis
2930 5754 3252 5812 prazsentem
3303 5759 3564 5815 magnum
3615 5743 3718 5796 du-

2149 5853 2266 5891 cem
2309 5837 2558 5891 donariis
2598 5839 2910 5903 cumulans,
2963 5837 3279 5907 pleramque
3327 5837 3553 5908 insuper
3593 5850 3717 5902 par-

2155 5945 2260 5986 tem
2289 5931 2564 6000 veczigalis
2589 5931 2930 5986 frumentarii
2969 5931 3142 5988 eidem
3183 5932 3529 6000 postmodum
3559 5945 3716 5986 man-
