4066 6286
318 414 418 484 541

1235 433 1335 496 DE
1375 436 1824 500 ANDRONICO
1860 439 2336 506 PALEOLOGO
2378 447 2522 511 LIB.
2585 447 2688 510 VI.

3477 436 3585 516 542

320 541 664 641 συναγόντων
691 544 954 626 κελεύσας
983 548 1297 620 ἀναλαϐεῖν,
1335 557 1472 628 μετὰ
1509 559 1688 630 πάσης
1726 560 1894 631 εὐμε-
1924 565 1966 621 Α
2000 563 2330 634 προστάσσει
2361 568 2646 638 πράττειν.
2685 568 2778 622 Ἐκ
2809 567 3016 623 τούτων
3065 568 3195 638 γοῦν
3236 551 3331 625 καὶ
3382 570 3458 641 τῷ
3494 587 3579 641 με·

319 633 466 698 νείας
496 637 800 709 ἐκπέμπει.
847 669 849 671 ί

386 919 460 973 Τὸ
479 922 536 976 δι
567 923 660 978 τοῦ
691 928 1166 1000 ἑπισυναγομένου
1198 935 1506 1003 σιτοκρίθου
1551 913 1746 997 τοιόνδ’
1799 933 1890 1008 ἦν.

315 1012 402 1066 Τὰ
442 1016 540 1084 μὲν
571 1020 679 1089 γὰρ
711 1021 808 1091 τῆς
841 1024 1108 1095 ἀνατολῆς
1144 1028 1238 1084 καὶ
1285 1028 1408 1081 λίαν
1448 1028 1782 1100 ὲξηπορήθη,
1821 1031 1896 1094 ὡς

319 1108 485 1180 μηδὲν
509 1111 654 1179 ἔχειν
683 1114 932 1171 ἐντεῦθεν
961 1117 1059 1188 τὴν
1085 1118 1386 1188 βασιλείαν,
1439 1123 1639 1190 μᾶλλον
1673 1124 1772 1192 μὲν
1803 1123 1894 1178 οὖν

309 1203 413 1282 ικαὶ
467 1204 713 1276 ἀνάγκην
752 1211 1093 1281 καταστῆναι
1152 1213 1292 1284 ὑπὲρ
1345 1216 1560 1286 ἐκείνης
1632 1217 1896 1272 ἐκκενοῦν

275 1297 602 1366 χρήματα.
659 1298 723 1354 Ἥ
746 1301 804 1355 δὲ
853 1303 964 1356 τῶν
1005 1306 1335 1360 Μακεδόνων
1388 1310 1483 1363 καὶ
1533 1309 1687 1372 δύσις
1744 1313 1895 1366 πᾶσα

318 1392 413 1443 καὶ
454 1390 575 1444 λίαν
610 1394 933 1466 εὐφόρησεν,
967 1400 1014 1451 εί
1045 1401 1139 1452 καὶ⁴
1173 1402 1246 1470 μὴ
1273 1399 1466 1454 εὔωνοι
1508 1406 1554 1456 οἱ
1586 1405 1789 1473 καρποὶ
1836 1403 1905 1473 ἐξ

317 1480 501 1554 αὐτῶν,
529 1482 617 1553 [Ρ.
659 1483 789 1558 διδ]
819 1485 1042 1542 ἁλὼνων
1063 1484 1224 1560 ἦσαν,
1259 1490 1373 1544 ἀλλ’
1403 1491 1474 1555 ὡς
1493 1493 1550 1545 ὲν
1579 1493 1758 1564 καιρῷ
1794 1511 1892 1560 με·

316 1574 504 1639 γίστου
526 1576 689 1646 λιμοῦ
707 1581 731 1632 ὁ
751 1581 897 1645 σῖτος
923 1581 1372 1666 διεπιτεράσκετο,
1399 1586 1506 1638 τῶν
1552 1586 1672 1640 κατ’
1703 1589 1894 1640 ἀνατο-

315 1662 413 1734 λὴν
482 1670 621 1737 πρὸς
675 1668 828 1723 δύσιν
880 1662 1381 1744 μετενηνεγμένον).
1416 1675 1582 1729 Ταῦτ’
1634 1677 1743 1748 ἄρα
1797 1679 1893 1732 καὶ

2004 655 2157 729 γάλῳ
2183 658 2334 713 δουκὶ
2365 661 2624 726 κελεύσας
2654 661 2897 718 δίδοσθαι
2946 663 3190 736 ἀργύρου
3248 684 3308 717 τε
3341 667 3432 720 καὶ
3464 683 3594 736 χρυ·

2005 750 2124 805 σίου
2155 741 2656 831 ’ἀπεμπολούντων,
2711 757 2809 810 καὶ
2867 756 3162 829 ἁνακωχὴν
3202 756 3312 810 τῶν
3375 754 3589 810 ἐκείνου

2007 842 2169 915 σχὼν,
2235 845 2303 898 τὰ
2336 849 2463 917 περὶ
2502 847 2596 901 τοῦ
2659 850 3040 919 Μπυριγερίου
3091 849 3481 912 διεσουλεύετο,
3513 850 3590 913 ὡς

2001 940 2198 994 αὐτίκα
2219 941 2472 994 κάκεῖνον
2498 943 2884 1012 προσηκόντως
2927 945 3020 997 καὶ
3049 943 3123 1006 ὡς
3160 944 3368 1006 ἐκεῖνος
3425 943 3592 1013 ἠλπίο

2001 1052 2088 1088 κει
2130 1036 2542 1105 ὑποδεξὸμενος.
2584 1036 2683 1090 Διὰ
2721 1037 2894 1093 ταῦτα
2940 1039 3035 1093 καὶ
3073 1039 3182 1092 τῶν
3235 1039 3379 1092 κατὰ
3437 1039 3589 1091 δύσιν

2001 1129 2268 1196 προνοιῶν
2299 1129 2523 1200 ἥπτετο,
2557 1132 2650 1184 καὶ
2683 1129 2742 1183 τὸ
2773 1131 2955 1202 τρίτον
2998 1133 3064 1184 ὲκ
3111 1131 3318 1185 τούτων
3343 1117 3581 1204 ἀφῄρειο

1999 1221 2068 1274 τὰ
2112 1221 2212 1292 γὰρ
2229 1219 2338 1274 τῶν
2368 1222 2576 1292 μισθῶν
2602 1223 2709 1276 τῶν
2730 1223 2874 1276 κατὰ
2899 1224 2966 1276 τὰ
3001 1221 3274 1293 ἀνάκτορα
3301 1221 3588 1278 ὲκδουλευ-

1998 1314 2166 1368 όντων
2204 1316 2299 1368 καὶ
2332 1313 2438 1382 πρὸ
2499 1315 2708 1385 χρόνων
2752 1315 2979 1386 διεκόπη
3027 1316 3219 1369 πάλαι.
3264 1315 3427 1368 Ἀλλὰ
3487 1332 3584 1369 και

1997 1406 2059 1459 τὸ
2088 1410 2330 1477 νόμισμα
2355 1406 2444 1460 διὰ
2473 1407 2573 1478 τὴν
2625 1405 2815 1477 χρείαν
2855 1407 3259 1479 ἐκιὸδηλεύετο.
3315 1408 3589 1479 Πρότερον

2000 1501 2101 1572 μὲν
2150 1504 2258 1572 γὰρ
2298 1501 2392 1554 ἐπὶ
2437 1502 2690 1555 Ἰωάννου
2723 1502 2814 1556 τοῦ
2869 1502 3047 1556 Δούκα
3089 1502 3152 1556 τδ
3195 1502 3442 1571 δίμοιρον
3493 1501 3590 1555 τοῦ

1996 1594 2258 1648 ταλάντου
2285 1593 2394 1647 τῶν
2415 1596 2770 1664 νομισμάτων
2801 1595 3007 1664 χρυσὸς
3035 1590 3102 1666 ἦν
3132 1595 3394 1670 ἄπεφθος,
3458 1594 3486 1647 ὃ
3519 1594 3588 1665 δὴ

1996 1687 2087 1738 καὶ
2113 1688 2140 1739 ό
2171 1685 2231 1750 ἐξ
2257 1685 2467 1739 ἐκείνου
2499 1687 2735 1758 διετήρει
2768 1704 2785 1720 ο
2828 1687 3056 1757 ὕστερον
3111 1688 3167 1742 δὲ
3221 1687 3316 1741 ἐπὶ
3363 1687 3589 1758 Μιχαὴλ

318 1758 574 1828 βασιλεὺς
611 1763 813 1832 πόρους
843 1767 1102 1832 ἐπινοῶν,
1128 1769 1288 1822 τοῦτο
1322 1771 1424 1839 μὲν
1454 1770 1563 1823 τῶν
1589 1773 1725 1840 πρὸς
1765 1773 1890 1838 τοὺς
1992 1777 2091 1848 τῆς
2118 1776 2326 1841 πόλεως
2357 1778 2612 1850 ἀλούσης,
2644 1780 2732 1832 διὰ
2764 1780 2860 1842 τὰς
2885 1781 3007 1832 τότε
3041 1783 3164 1834 κατ’
3211 1779 3461 1850 ἀνάγκην
3496 1779 3585 1833 δ⁶⁴

328 1854 566 1916 Ἰταλοὺς
603 1857 971 1923 μισθωμάτων
1004 1860 1369 1932 ὑπερηφάνων
1412 1861 1602 1927 ὄντων,
1647 1864 1802 1917 τοῦτο
1833 1865 1887 1917 δὲ

1996 1887 2130 1933 σεις,
2183 1869 2277 1923 καὶ
2321 1870 2522 1940 μᾶλλον
2577 1872 2710 1941 πρὸς
2793 1872 3066 1935 Ἰταλοὺς,

3137 1873 3589 1942 μετεγεγρὰφατο

316 1943 411 1994 καὶ
439 1943 548 1995 ’τῶν
576 1944 668 1996 ἐπὶ
706 1946 919 2016 χρείαις
977 1927 1180 2014 ἄλλαις-
1219 1952 1645 2024 δαπανημάτων,
1701 1955 1760 2008 τὸ
1799 1927 1968 2022 ἀειῖΒ
2004 1927 2204 2031 prima
2228 1927 2337 2016 τῶν
2365 1927 2914 2034 παλαιῶνισημείων,
2954 1927 3065 2033 τῆξ
3116 1927 3324 2028 adieci;
3349 1927 3588 2035 “lapat-

318 2035 552 2090 ἑκάστου
578 2041 832 2108 γεωργοῦ
853 2040 1126 2118 ὀλίγιστον
1155 2048 1234 2107 είς
1259 2047 1462 2122 ,μεῖζον
1520 2046 1636 2117 ἃμα
1682 2065 1898 2118 συμπο-

322 2128 446 2183 σοῦν
469 2130 635 2201 ἔγνω,
665 2135 760 2189 καὶ
807 2136 1139 2202 ἀποστείλας
1197 2137 1290 2207 ἀφ’
1342 2141 1458 2204 ἑνὸς
1513 2143 1745 2195 ἑκάστου
1791 2141 1898 2195 τῶν

319 2225 715 2296 γεωργούντων
747 2228 888 2301 ὑπὲρ
922 2232 1258 2302 συγκομιδῆς
1278 2232 1578 2304 ζευγίτιδος
1623 2234 1774 2289 σίτου
1803 2237 1900 2305 μὲν

324 2317 541 2387 μοδίους
572 2319 652 2387 ἐξ,
705 2322 904 2396 κριθῆς
945 2325 1001 2380 δὲ
1057 2327 1273 2398 μοδίους
1323 2327 1594 2399 τέσσαρας
1643 2331 1901 2393 τοπικοὺς

322 2499 462 2556 dans
513 2503 768 2569 attribui,
800 2504 986 2561 laetum
1021 2521 1144 2563 eum
1189 2523 1252 2564 ac
1287 2511 1396 2565 voti
1428 2522 1734 2581 compotem
1773 2528 1898 2568 eum

324 2597 472 2650 omni
523 2597 865 2670 benignitate
907 2601 1139 2658 dimisit.

297 2702 378 2762 ’8.
430 2706 655 2766 Occasio
698 2720 749 2767 et
788 2713 930 2768 ratio
986 2716 1174 2771 tributi
1198 2718 1338 2778 quod
1384 2719 1781 2775 tritichordeum
1824 2732 1914 2776 est.

994 2786 1217 2843 dictum.

396 2873 613 2932 Tributi
643 2893 810 2947 porro
841 2880 1129 2934 memorati
1165 2882 1328 2938 modo
1363 2882 1732 2950 frumentarii,
1755 2885 1902 2953 quod

330 2967 490 3038 vulgo
548 2969 862 3039 σιτόκριθον
891 3009 905 3034 ,
952 2973 1106 3041 quasi
1157 2970 1374 3031 diceres
1432 2977 1854 3034 tritichordeum
1885 3021 1901 3047 ,

327 3061 654 3132 appellatum
708 3073 824 3126 est,
869 3063 984 3119 hare
1035 3066 1187 3137 origo
1231 3077 1395 3138 alque
1447 3069 1722 3126 institutio
1776 3048 1902 3127 fuit.

324 3153 549 3211 Vastata
600 3155 1018 3213 incursionibus
1052 3160 1359 3216 barbaricis
1404 3164 1532 3219 Asia
1564 3174 1620 3220 et
1651 3164 1904 3220 Orienta-

2000 2055 2232 2125 τομένης
2255 2055 2503 2121 ὄπισθεν,
2533 2056 2831 2124 καθυφίετο
2893 2057 2949 2109 δὲ
2998 2056 3094 2110 καὶ
3135 2059 3288 2126 παρὰ
3331 2057 3586 2127 κεράτιον

1999 2146 2061 2198 τὸ
2088 2148 2151 2198 ἐκ
2182 2145 2382 2216 χρυσοῦ
2419 2145 2795 2216 νομιζόμενον,
2822 2149 2896 2210 ὡς
2927 2148 3324 2201 πεντεκαίδεκα
3349 2149 3485 2218 πρὸς
3515 2146 3587 2200 τὰ

2001 2240 2422 2310 είκοσιτέσσαρα
2445 2241 2717 2307 γίνεσθαι.
2768 2240 3221 2306 Μεταλλάξαντος
3271 2241 3318 2294 δ’
3374 2242 3583 2294 ἐκείνου

2002 2333 2268 2404 πρότερον
2294 2333 2393 2404 μὲν
2430 2334 2510 2396 είς
2531 2333 2908 2405 δεκατέσσαρα
2943 2337 3203 2406 περιέστη
3261 2334 3395 2405 πρὸς
3423 2335 3581 2400 δέκα,

2002 2519 2193 2587 injecit
2237 2518 2601 2587 pensionibus
2651 2533 2773 2588 quae
2819 2519 3139 2588 reipublicae
3186 2518 3458 2574 ministris
3488 2533 3584 2586 per

2005 2619 2219 2666 tractus
2278 2610 2555 2666 Occiduos
2619 2610 2826 2666 dudum
2891 2611 3210 2665 constitutae
3277 2612 3582 2678 quotannis

2003 2705 2181 2760 adhuc
2241 2704 2619 2758 solvebantur.
2682 2702 2790 2758 Has
2844 2705 3004 2760 tertia
3064 2715 3215 2774 parte
3278 2705 3580 2762 diminuit:

2004 2814 2114 2852 non
2157 2799 2302 2853 enim
2359 2797 2460 2852 l'uit
2496 2798 2644 2853 aliud
2691 2799 2838 2868 qtt’od
2901 2799 3193 2869 arriperet,
3224 2815 3346 2853 cum
3388 2809 3581 2855 aucto-

1987 2899 2275 2957 ramenta,
2309 2907 2430 2961 qua:
2463 2892 2769 2946 certissima
2803 2891 2959 2961 prius
2990 2902 3043 2946 et
3079 2893 3367 2961 praecipua:
3395 2891 3586 2947 condi-

2005 2985 2173 3040 tionis
2209 2983 2558 3040 babebantur
2580 3023 2595 3048 ,
2626 2985 2984 3038 servientium
3016 2984 3073 3038 in
3113 2983 3380 3053 imperiali
3415 2985 3582 3040 domo

2008 3079 2381 3148 palatinorum
2433 3078 2544 3149 jam
2607 3079 2815 3147 pridem
2877 3079 3302 3134 intervertisset.
3368 3079 3473 3134 Sed
3526 3085 3582 3133 et

2008 3171 2198 3235 alium,
2262 3172 2408 3226 unde
2463 3172 2624 3227 istam
2674 3172 2728 3226 in
2774 3171 3162 3241 Mpyrigerium
3195 3171 3582 3227 etTundendam

325 3245 403 3300 les
459 3255 669 3303 tractus
713 3247 981 3313 universi,
1025 3264 1257 3308 vacante
1325 3253 1435 3308 illic
1479 3268 1735 3327 agrorum
1784 3259 1902 3312 cul-
1928 3278 1970 3335 ε
2010 3264 2293 3333 pecuniam
2321 3263 2932 3333 conﬁceret,qumstum
2970 3265 3300 3334 excogitavit
3332 3281 3394 3319 ex
3428 3263 3583 3319 adul-

323 3345 471 3409 tura,
508 3347 755 3395 extrema
815 3341 996 3398 victus
1044 3344 1228 3414 in0pia
1279 3343 1443 3417 493
1481 3349 1894 3415 premebantur.

321 3432 390 3488 At
440 3431 633 3487 eodem
694 3441 943 3505 tempore
981 3437 1209 3492 adversa
1270 3443 1560 3496 continens
1624 3440 1896 3514 Europae,

320 3524 641 3581 Macedonia
677 3537 732 3581 et
763 3544 954 3584 omnes
1005 3528 1262 3585 Occiduae
1307 3534 1580 3602 regiones,
1620 3537 1898 3593 messibus

321 3627 452 3675 sunt
505 3620 804 3678 uberrimis
853 3623 1059 3678 ditataa.
1103 3623 1219 3680 Non
1281 3627 1470 3692 enim,
1539 3637 1596 3682 ut
1648 3629 1761 3685 fere
1818 3631 1898 3696 iit,

324 3715 665 3770 abundantia
699 3717 957 3772 vilitatem
1005 3733 1238 3775 annonae
1281 3719 1609 3789 induxerat,
1645 3724 1738 3777 sed
1774 3704 1902 3792 [fro-

309 3817 446 3884 .pter
479 3821 878 3866 concurrentes
931 3825 998 3866 eo
1052 3814 1293 3870 Asianos
1357 3815 1584 3871 sedibus
1635 3825 1897 3872 extr-usos

324 3902 567 3970 propriis
592 3901 664 3956 ita
693 3901 1032 3958 frumentum
1090 3905 1143 3960 in
1190 3922 1406 3962 summa
1457 3896 1702 3977 Segetum
1737 3909 1901 3964 uber-

322 4001 433 4049 tate
465 3995 837 4060 vendebatur,
877 4007 936 4052 ut
980 3998 1142 4052 annis
1196 4000 1278 4053 vel
1340 4002 1580 4056 maxime
1632 4001 1901 4058 {aliielicis

323 4098 728 4155 consueverat;
759 4089 903 4144 unde
949 4101 1195 4160 quaestus
1231 4095 1548 4149 aratoribus
1581 4105 1636 4149 et
1663 4096 1903 4152 dominis

322 4199 585 4257 agrorum
635 4185 1106 4244 cumulatissimus
1151 4189 1384 4244 redibat.
1446 4191 1561 4247 Hoc
1606 4191 1904 4262 imperator

324 4279 710 4335 animadverso
751 4279 930 4336 locum
984 4296 1106 4336 esse
1150 4284 1384 4339 credidit
1421 4277 1706 4340 indictioni
1736 4287 1906 4342 vecti-

324 4373 463 4444 galia
497 4371 652 4436 novi.
684 4387 796 4442 quo
835 4373 1133 4441 plurimum
1177 4375 1370 4444 egebat
1403 4377 1600 4446 partim
1637 4378 1706 4433 ad
1744 4391 1902 4434 com-

2001 3357 2276 3412 teratione
2329 3366 2566 3412 monetae
2599 3357 2853 3426 publicai,
2889 3357 2944 3412 in
2983 3359 3206 3427 sequius
3241 3357 3585 3412 detrahenda

2003 3451 2271 3521 qualitate
2319 3451 2518 3520 signati
2571 3451 2715 3516 auri,
2774 3450 3045 3520 siquidem
3105 3466 3229 3504 cum
3288 3452 3441 3520 prius
3476 3451 3583 3506 sub

2001 3543 2220 3600 Joanne
2253 3545 2402 3600 Dnca
2441 3552 2672 3600 eatenus
2704 3552 2962 3614 corrupta
2993 3543 3158 3616 494
3193 3552 3341 3599 esset
3375 3544 3582 3598 nummi

2000 3638 2153 3694 aurei
2184 3638 2503 3701 _siuceritas
2536 3647 2595 3694 ut
2626 3639 2746 3692 auri
2801 3637 2923 3706 puri
2973 3636 3260 3692 dimidium
3317 3637 3587 3693 duntaxat

2005 3732 2232 3788 haberet
2270 3731 2502 3801 pondus,
2557 3732 2775 3801 reliquo
2820 3747 2852 3787 e
2897 3731 3156 3788 deteriori
3196 3730 3423 3786 materia
3457 3734 3588 3786 sub-

2007 3825 2174 3878 misto
2217 3824 2336 3895 (qui
2401 3840 2535 3880 usus
2604 3832 2781 3893 usque
2852 3822 2922 3878 ad
2990 3824 3275 3880 Michaelis
3335 3835 3585 3895 tempora

2003 3916 2418 3983 perseveravit),
2453 3915 2618 3985 hujus
2651 3917 2848 3986 primis
2900 3918 3084 3981 annis,
3117 3925 3333 3987 recepta
3367 3933 3398 3973 e
3437 3917 3584 3971 Lati-

2005 4011 2095 4064 nis
2139 4007 2647 4080 ConstantinOpoli,
2687 4024 2812 4064 cum
2870 4009 3014 4064 idem
3064 4007 3298 4064 Michael
3354 4009 3587 4080 pecunia

2004 4110 2189 4170 egeret
2223 4099 2289 4154 ad
2342 4100 2667 4170 largitiones
2727 4099 3074 4155 necessarias
3102 4138 3118 4165 ,
3172 4101 3473 4171 praesertim
3509 4099 3588 4156 l'a-

2005 4194 2229 4248 ciendas
2284 4191 2456 4254 Italis,
2498 4193 2691 4248 recudi
2744 4202 3023 4248 monetam
3080 4206 3298 4247 omnem
3361 4206 3585 4248 auream

2003 4286 2197 4358 jussit,
2255 4292 2525 4355 praetextu
2583 4283 2914 4339 immutandi
2963 4292 3128 4341 notas
3168 4293 3383 4340 veteres
3418 4299 3585 4339 :nam

2007 4394 2110 4452 pro
2157 4387 2320 4434 antea
2359 4377 2583 4433 usitatis
2613 4376 2784 4448 signis
2814 4378 3005 4432 urbem
3051 4378 3587 4448 Constantinopolim

326 4467 634 4538 pescendas
684 4466 1034 4525 mercedibus
1089 4470 1555 4540 repraesentandis
1591 4487 1906 4527 murmura-
2009 4472 2066 4529 in
2106 4472 2320 4542 postica
2353 4471 2564 4527 nummi
2594 4470 2737 4528 facie
2767 4472 2943 4526 voluit
2970 4483 3210 4529 exstare.
3247 4472 3449 4528 Verum
3483 4472 3588 4528 ista

326 4564 505 4619 tiones
537 4564 966 4620 "contumacium
1014 4563 1360 4628 Latinorum.
1409 4567 1606 4638 partim
1667 4568 1733 4623 ad
1771 4584 1906 4625 usus
2009 4563 2300 4618 occasione
2330 4562 2553 4618 detrivit
2597 4561 2802 4617 metalli
2839 4562 3163 4631 probitatem
3213 4577 3484 4632 eousque
3529 4571 3591 4618 ut

324 4657 463 4712 alios
501 4657 940 4713 necessariorum
973 4669 1310 4729 sumptuum.
1339 4661 1482 4733 Ergo
1510 4662 1677 4718 edicit
1703 4671 1761 4716 ut
1789 4664 1907 4719 sin-
1938 4638 1983 4697 θ
2012 4673 2043 4710 e
2076 4657 2270 4727 viginti
2319 4666 2560 4727 quatuor
2607 4655 2862 4726 partibus
2915 4657 3064 4711 aurei
3097 4657 3258 4713 solidi
3296 4658 3418 4713 auri
3447 4656 3590 4712 dun-

283 4740 289 4745 ’
325 4754 436 4820 guli
469 4751 731 4822 agricolae
758 4766 1072 4807 mensuram
1097 4767 1127 4808 e
1151 4768 1249 4808 sua
1283 4770 1459 4810 messe
1494 4770 1601 4810 non
1629 4771 1904 4825 magnam,
2010 4759 2161 4806 taxat
2203 4750 2324 4822 puri
2365 4765 2559 4806 novem
2610 4758 2822 4813 essent,
2851 4750 3168 4820 quindecim
3223 4751 3472 4812 misturaa
3499 4765 3590 4806 se-

324 4839 556 4894 minime
606 4840 761 4909 gravi
819 4840 871 4895 in
934 4848 1087 4896 tanta
1137 4844 1295 4913 copia
1355 4845 1674 4908 collatione,
1711 4847 1906 4903 darent
2010 4843 2240 4914 quieris.
2285 4843 2420 4899 Post
2470 4842 2761 4898 Michaelis
2794 4853 3029 4898 mortem
3060 4845 3260 4915 exigua
3291 4854 3376 4898 est
3400 4860 3590 4901 einen-

323 4933 666 5002 reipublicc,
712 4947 891 5005 eoque
952 4936 1169 4992 modico
1229 4939 1406 5007 pretio
1467 4938 1903 4995 lucrosissimam
2010 4937 2164 4993 datio
2200 4945 2414 5001 secuta,
2459 4935 2652 4992 decem
2702 4937 2898 4993 saltem
2939 4937 3188 5007 partibus
3217 4937 3338 4993 auri
3373 4938 3589 5009 purgati

324 5025 430 5081 sibi
464 5022 793 5080 facultatem"
825 5037 1078 5081 emerent
1105 5027 1364 5082 frumenti
1398 5029 1678 5098 suiatque
1711 5029 1904 5085 hordei
2007 5029 2074 5086 ad
2124 5030 2350 5086 vitiosas
2409 5029 2836 5101 quatuordecim
2893 5030 3145 5097 adjectis.
3201 5033 3274 5085 At
3303 5045 3451 5086 nunc
3498 5030 3588 5085 isti

324 5119 588 5188 plaustris
617 5119 891 5189 bigisque,
936 5135 1159 5191 quoquo
1194 5121 1418 5187 vellent,
1450 5122 1733 5177 venditmn
1781 5123 1907 5178 mit-

326 5211 499 5266 tendi.
552 5213 635 5267 Διί
676 5213 779 5268 hoc
810 5214 1106 5286 unicuique
1155 5215 1322 5269 modii
1360 5231 1455 5271 sex
1489 5216 1681 5280 tritici,
1715 5217 1902 5272 hordei

326 5315 583 5374 quatuor,
619 5321 718 5375 per
743 5305 862 5362 loca
900 5307 1114 5377 singula
1148 5309 1420 5377 pendendi
1467 5317 1594 5363 sunt
1628 5309 1902 5379 imperati.

326 5396 400 5453 Ει
437 5399 544 5454 hac
575 5399 872 5454 collectitia
901 5415 1120 5456 annona
1157 5417 1353 5472 magno
1384 5402 1567 5456 statim
1601 5403 1903 5472 divendita,

327 5494 444 5548 auri
503 5493 830 5565 argentique
888 5509 1133 5549 summas
1184 5494 1436 5566 ingentes
1492 5495 1642 5550 reddi
1703 5511 1902 5564 magno

325 5585 448 5642 duci
476 5585 681 5657 jussit;
723 5588 938 5659 istoque
971 5588 1052 5643 sic
1082 5589 1303 5654 satiato,
1337 5587 1558 5657 quietus
1582 5589 1695 5659 jam
1741 5590 1810 5644 ab
1839 5604 1900 5644 ea

328 5691 482 5748 parte
531 5680 832 5750 imperator
889 5679 1198 5752 Mpyrigerii
1244 5696 1466 5751 quoque
1508 5697 1605 5750 pro
1633 5681 1752 5751 ejus
1777 5690 1905 5737 voto

329 5770 656 5826 munerandi
689 5771 1080 5842 cogitationem
1109 5773 1393 5840 ingressus
1416 5780 1520 5833 est.
1553 5773 1907 5842 decrevitque

331 5863 504 5935 ipsum
530 5864 597 5919 ad
636 5878 696 5919 se
723 5863 1028 5919 venientem
1061 5865 1356 5919 admittere
1389 5881 1452 5919 ea
1479 5880 1642 5933 quam
1681 5881 1905 5935 sperare

334 5957 484 6014 illum
515 5966 698 6025 norat,
751 5955 1192 6015 honoriﬁcentia.
1231 5956 1287 6012 ld
1328 5967 1385 6014 ut
1431 5957 1668 6025 faceret,
1701 5974 1900 6016 nianus

2009 5124 2115 5194 ipsi
2164 5123 2323 5188 probi
2376 5123 2579 5178 metalli
2631 5122 2918 5193 particulae
2949 5123 3241 5178 dimidium
3275 5124 3587 5178 detractum

2008 5217 2184 5271 scoria
2215 5224 2269 5270 et
2298 5215 2620 5270 retrimento
2665 5216 2976 5284 suppletum
3006 5224 3114 5281 est,
3163 5215 3310 5270 unde
3347 5213 3589 5269 securim

2009 5307 2184 5379 indigi
2208 5321 2461 5376 magnam
2490 5305 2618 5361 ﬁdei
2651 5307 3157 5361 commutationum
3184 5315 3240 5362 et
3273 5304 3590 5362 necessario

2012 5401 2194 5453 rerum
2264 5397 2432 5452 victui
2502 5407 2755 5466 aptarum
2798 5398 3133 5453 commercio
3185 5399 3437 5469 contigit,
3486 5412 3590 5453 nec

2010 5493 2219 5548 exteris
2250 5490 2412 5548 facile
2448 5492 2892 5570 importantibus_
2929 5492 2994 5548 ad
3052 5507 3156 5547 nos
3197 5508 3320 5560 sua,
3358 5507 3457 5547 nec
3490 5509 3591 5549 no-

2010 5588 2143 5640 stris
2204 5585 2610 5640 iuvenientibus
2672 5586 2760 5639 cui
2827 5585 2942 5640 suis
2995 5585 3184 5640 usibus
3221 5583 3588 5639 redundantia

2012 5679 2337 5744 venderent,
2396 5677 2587 5746 utique
2641 5677 2749 5733 illis
2815 5675 2962 5732 haud
3023 5677 3159 5733 satis
3186 5677 3585 5743 accipientibus

2012 5787 2113 5842 pro
2150 5786 2334 5825 merce
2371 5773 2539 5840 proba
2595 5772 2827 5839 pretium
2891 5770 3281 5835 adulteratam,
3339 5783 3390 5825 et
3431 5787 3588 5827 suam

2010 5864 2256 5920 melioris
2304 5873 2446 5918 notae
2478 5874 2754 5918 monetam
2791 5865 2907 5931 pari
2937 5878 3064 5918 cum
3118 5878 3308 5918 nostra
3347 5865 3425 5920 sic
3459 5881 3590 5918 cor-

2003 5959 2160 6028 rupta
2229 5957 2587 6015 aestimatione
2658 5957 2948 6031 proﬂigare
3024 5959 3439 6016 recusantibus.
3507 5955 3594 6015 Ex
