4066 6286
260 391 365 458 ξ53
1082 414 1085 417 λ
1186 391 1288 452 DE
1317 387 1764 452 ANDRONiCO
1803 385 2269 448 PALAIOLOGO
2302 386 2454 450 LIB.
2492 387 2599 452 VI.
3425 386 3537 449 554

261 506 404 574 ora;
440 503 648 576 μηδένα
678 503 750 558 τὸ.
785 503 944 573 γένος
977 504 1275 573 γεγονότας
1309 503 1605 572 δεξάμενος
1638 501 1837 556 τοσούι
1871 505 1913 565 Α
1942 517 2148 568 πεμπε.
2173 500 2285 555 Καὶ
2316 501 2436 555 τότε
2456 501 2616 572 δῆλος
2646 493 2716 572 ἦν
2740 498 2811 557 τὰ
2835 496 2931 553 τοῦ
2963 496 3229 572 βασιλιως
3248 499 3533 570 ἀποστραετ

261 615 377 662 τοις
406 596 641 669 inane,
663 597 831 655 τοῦτο
860 597 961 666 μὲν
994 596 1160 661 ἑκὼν,
1209 597 1372 650 τοῦτο
1400 597 1447 649 δ’
1468 597 1640 661 ἄκων,
1675 595 1840 659 αὐτὸς
1947 595 2069 665 (psi;
2103 593 2201 648 καί
2235 588 2303 664 γε
2338 595 2721 666 μεμνημένος,
2751 594 2804 649 el
2847 582 2945 649 καὶ
2980 592 3055 666 μὴ
3075 595 3185 648 τῶν
3215 594 3380 656 οἴκοι,
3414 594 3532 649 ἀλλ’

262 689 319 744 δὲ
344 688 589 754 τοιοῦτος
618 687 699 741 ὢν
736 689 829 742 καὶ
874 688 1149 753 τοιούτους
1182 688 1337 758 ἄγων
1358 688 1448 760 ’μὴ
1480 690 1565 742 ὃτι
1619 705 1684 757 γε
1719 688 1843 758 μηδ’
1947 684 2044 744 οὖν
2079 686 2178 757 τῆς
2204 687 2342 759 πρὸς
2384 688 2478 741 τὸν
2511 687 2668 757 φίλον
2698 687 3076 760 ὑποστροφῆς.
3123 686 3395 751 Κάκεῖνος
3432 687 3539 761 μὲν

264 783 433 851 ἐγγὺς
483 784 708 845 τούτων,
732 840 744 852 ,
756 783 891 854 μηδὲ
922 782 983 833 τὸ
1010 781 1308 837 πολλοστὸν
1343 784 1495 853 σχεῖν
1524 781 1749 853 ἠλπίκει
1784 780 1845 847 ἐξ
1946 782 2121 836 ταῦτα
2168 783 2407 853 ἡμέραις
2439 783 2595 847 ὅλαις
2621 782 2772 854 τρισὶ
2818 782 2913 836 καὶ
2966 780 3118 850 νυξὶν
3151 783 3321 845 ῐσαις,
3354 798 3539 853 παρυ-

260 871 337 932 ὧν
370 877 591 949 ἤκουεν.
628 876 793 931 Ὅθεν
816 878 911 931 καὶ
933 874 1265 929 ἁπεντεῦθεν
1295 874 1722 948 ὲῤῥᾳστωνεύθη
1747 876 1847 929 καὶ

264 969 402 1040 πρὸς
436 971 534 1032 τὰς
567 970 699 1031 ναῦς
736 968 957 1035 ἔϐλεψε.
993 970 1106 1023 Καὶ
1154 966 1231 1032 ὣς
1260 970 1310 1022 οἱ
1339 970 1409 1024 τὰ
1430 969 1532 1039 μιν
1561 969 1659 1022 τοῦ
1686 968 1845 1039 βασι-

262 1063 399 1129 λέως
425 1065 632 1135 ὕστερα
663 1065 821 1119 πάντ’
850 1060 989 1135 ἦσαν
1018 1063 1127 1117 τῶν
1162 1063 1551 1134 βουλευμάτων
1578 1057 1657 1120 ὧν
1681 1064 1847 1129 αὐτὸς

265 1155 404 1231 εἶχε,
454 1157 796 1228 κρούσασθαι
827 1158 913 1229 δὴ,
945 1159 1007 1212 τὸ
1065 1158 1160 1211 τοῦ
1210 1159 1409 1226 λόγου,
1459 1158 1721 1229 πρύμναν
1751 1160 1849 1212 καὶ

267 1253 634 1324 ὑποστρέφειν
667 1250 927 1320 ἔγνωστο.
984 1253 1255 1313 Κάκεῖνος
1294 1252 1396 1321 μὲν
1457 1252 1699 1325 ἀπάρας⁴
1735 1252 1849 1306 τῶν

266 1346 413 1398 κατὰ
442 1344 541 1407 τὰς
570 1344 883 1416 Βλαχέρνας
918 1344 1107 1412 ὅρμων
1137 1345 1230 1398 ἐπὶ
1259 1346 1359 1413 τῆς
1386 1343 1567 1415 πύλης
1599 1343 1706 1415 τῆς
1751 1344 1851 1416 βαι

268 1434 490 1508 στλικῆς
539 1433 896 1498 ὲπεπλεύκει,
944 1435 1130 1488 ἀλύων
1176 1431 1288 1489 οἷον
1343 1435 1436 1488 καὶ
1468 1434 1545 1506 τῷ
1567 1440 1856 1505 γνωσιμα-

267 1528 454 1601 χοῧντι
480 1517 816 1601 παρεοικὼς,
851 1529 1250 1600 παρακατέχων
1274 1528 1379 1597 μὲν
1395 1530 1462 1581 τὰ
1489 1529 1583 1582 τοῦ
1607 1526 1854 1600 ἀξιώμα-

267 1638 363 1686 τος
415 1620 689 1691 σύμϐολα,
727 1621 1132 1691 παρακατέχων
1164 1621 1219 1673 δὲ
1253 1624 1348 1674 καὶ
1381 1618 1640 1689 βασιλικὰ
1672 1622 1853 1691 χρυσᾶ

194 1716 195 1719 “
269 1733 334 1771 τε
364 1718 463 1770 καὶ
503 1716 730 1787 ἀργυρᾶ
763 1715 1072 1785 ἐκπώματα
1117 1714 1250 1785 περί
1287 1732 1387 1768 που
1412 1716 1736 1787 τριάκοντα,
1771 1711 1855 1781 οἷς

270 1807 335 1880 δὴ
359 1810 426 1879 τῇ
459 1790 769 1878 προτεραίᾳ
796 1806 1056 1877 βασιλεὺς
1080 1808 1354 1878 ἐδέσματα
1380 1811 1622 1877 πέμπων
1634 1809 1854 1878 ἐγέραι-

1949 873 2277 930 ποκλέπτων
2326 876 2428 945 τὴν
2483 873 2808 943 ἐκπλευσιν,
2865 874 3307 940 ἁνταποστείλας
3339 873 3543 930 καὶτὰ

1949 967 2260 1041 ἐκπώματα
2277 986 2292 1001 ·
2320 971 2434 1023 τῶν
2463 969 2613 1035 τινὲς
2635 971 2693 1025 δὲ
2715 969 3208 1043 Μονεμσασιωτῶν
3238 968 3538 1040 βασιλικῶν

1950 1064 2095 1117 κατὰ
2142 1062 2414 1119 θάλατταν
2444 1064 2774 1132 δουλευτῶν,
2830 1066 2958 1119 ἐπεὶ
3011 1066 3111 1120 καὶ
3143 1064 3299 1135 σφῶν
3329 1063 3538 1143 τριήρη

1952 1158 2359 1228 παρακατεῖχεν
2386 1157 2595 1222 ἐκεῖνος
2622 1157 2931 1229 μισθώσας,
2959 1157 3167 1231 ὥρμων
3187 1158 3544 1211 ὲτιεισπεσεῖν
3628 1218 3635 1225 ο

1952 1248 2215 1320 ἐξαίφνης
2274 1252 2370 1306 καὶ
2420 1250 2582 1305 τοῦτο
2636 1252 2736 1323 μὲν
2767 1253 2979 1307 ἐκεῖνον
3006 1253 3106 1323 τῆς
3136 1251 3277 1322 πρὸς
3310 1249 3545 1320 βασιλέα

1954 1341 2151 1412 χλεύης
2183 1342 2524 1415 ἀμύνασθαι,
2555 1343 2719 1399 τοῦτο
2739 1343 2797 1400 δὲ
2825 1345 2923 1400 καὶ
2962 1344 3181 1409 ιαυτοϊς
3234 1343 3391 1414 σφίσι
3439 1343 3542 1413 τὴν

1955 1435 2089 1490 ναῦν
2132 1436 2541 1493 ἀνασώσασθαι.
2595 1437 2863 1503 Βασιλεὺς
2909 1437 2991 1502 δὲ,
3025 1439 3137 1493 εἴτε
3171 1438 3261 1494 διὰ
3294 1438 3425 1502 τοὺς
3453 1437 3549 1509 ὅρ-

1956 1545 2107 1594 κους,
2143 1531 2238 1584 καὶ
2268 1530 2348 1584 ἔτι
2381 1532 2623 1600 ἐλπίζων
2661 1531 2764 1605 τὴν
2792 1532 3011 1587 ἐκείνου
3063 1530 3393 1603 μεταϐολὴν,
3432 1532 3547 1587 εἴτε

1959 1622 2053 1676 καί
2082 1640 2135 1675 τι
2174 1623 2285 1676 τῶν
2315 1625 2633 1696 ἀνηκέστων
2678 1626 2926 1681 ὑπονοῶν
2963 1625 3377 1698 συμϐήσεσθαι,
3430 1626 3548 1682 εἴτε

1961 1714 2070 1786 μὴν
2092 1716 2187 1769 καὶ
2215 1718 2335 1771 κατ’
2370 1718 2702 1784 ἐπιείκειαν,
2733 1720 2836 1773 οὐκ
2866 1718 3031 1787 ἐφίει.
3075 1718 3287 1774 Ἐδόκει
3318 1719 3364 1773 δ’
3389 1719 3546 1789 ὅμως

1957 1805 2021 1859 τὸ
2051 1805 2304 1862 πλεῖστον
2334 1809 2410 1880 μὴ
2439 1811 2653 1879 ἐφιέναι
2682 1813 2827 1867 κατὰ
2849 1813 2911 1866 τδ
2940 1814 3186 1878 ἐπιεικές
3212 1831 3273 1871 τε
3291 1814 3386 1866 καὶ
3417 1811 3548 1879 σύγ-

274 1918 359 1973 ρε.
381 1901 653 1965 Βασιλεὺς
680 1902 737 1954 δὲ
762 1903 862 1955 οὐκ
894 1903 1058 1959 εὐθὺς
1084 1902 1414 1965 πιστεύσας,
1436 1902 1589 1973 ὅμως
1620 1902 1854 1974 συχνοὺς
1883 1888 1929 1947 Β
1958 1916 2180 1971 γνωμον
2198 1904 2294 1956 τοῦ
2325 1903 2373 1955 τ’
2403 1903 2555 1959 ἐλέου
2586 1907 2681 1958 καὶ
2709 1906 2977 1977 ἀκριϐοῦς
3002 1923 3056 1960 τι
3088 1906 3243 1977 παρά
3272 1905 3428 1976 δίκην
3445 1907 3547 1977 τὴν

271 1995 627 2051 ἀποστέλλων
650 1998 742 2048 ἐπὶ
771 1996 870 2067 τὴν
904 1993 1097 2067 ἑορτὴν
1126 1995 1237 2049 τῶν
1250 1995 1452 2050 Mer
1478 1997 1691 2063 ἐκάλει,
1712 1999 1855 2068 μετά

271 2088 382 2143 τῶν
414 2090 664 2160 συνήθων
694 2089 1043 2160 παρασήμων
1066 2091 1132 2160 τῇ
1161 2088 1427 2162 γερουσίᾳ
1457 2090 1854 2161 συνεορτάσονο

273 2199 361 2237 τα.
390 2181 505 2237 Καὶ
526 2183 577 2235 οἱ
604 2182 703 2252 μὲν
732 2180 984 2246 ἐκάλουν,
1009 2184 1037 2236 ό
1061 2182 1117 2235 δὲ
1147 2182 1345 2251 συχνὸν
1376 2182 1637 2255 μυκτῆρα
1671 2182 1858 2253 σφίσιν

271 2274 580 2347 ιμιραίνων,
631 2274 718 2348 [Ρ.
751 2272 880 2348 551]
927 2275 1004 2339 ὡς
1031 2276 1129 2329 καὶ
1176 2270 1293 2329 οἷον
1324 2276 1505 2348 κὰδδῳ
1537 2278 1614 2348 τῷ
1644 2294 1857 2349 σκαρα-

274 2367 497 2437 μαγκίῳ
529 2368 672 2421 κατὰ
703 2366 982 2437 θαλάσσης
1015 2368 1108 2421 ἐπὶ
1148 2368 1346 2436 γέλωτι
1394 2366 1660 2438 χρῆσθαι,
1714 2368 1852 2420 aut-

273 2563 536 2621 magnum
568 2546 765 2603 ducem
798 2546 1004 2603 auditis
1037 2546 1092 2601 in
1127 2545 1246 2609 illo,
1282 2561 1351 2602 oe
1401 2558 1512 2615 quo
1544 2544 1682 2611 dixi,
1721 2560 1858 2601 cou-

279 2642 412 2698 ciiio
444 2641 618 2697 fuisse
658 2638 1054 2696 incredibiliter
1086 2638 1394 2695 eﬂeratum.
1427 2634 1634 2711 Nempe
1666 2640 1859 2695 intime

277 2736 504 2807 ringens
539 2734 873 2791 mussitabat
922 2735 1066 2806 apud
1104 2751 1185 2799 se,
1208 2742 1262 2791 et
1292 2733 1347 2789 in
1384 2735 1521 2791 lidas
1557 2750 1858 2791 occurren-

279 2834 420 2888 tium
465 2833 580 2887 haec
624 2847 789 2887 aures
830 2831 1142 2887 eﬂ'undebat
1173 2849 1189 2888 :
1226 2831 1304 2887 En
1329 2832 1633 2901 imperator
1665 2835 1721 2888 in
1757 2832 1860 2890 bos

278 2924 533 2981 homines
560 2925 747 2989 nihili,
778 2925 906 2993 vilis
944 2934 999 2981 et
1029 2926 1255 2995 plebeiae
1294 2925 1508 2996 stirpis,
1543 2926 1611 2981 ad
1646 2942 1705 2982 se
1733 2942 1862 2997 pro-

281 3018 456 3074 fectos
501 3027 583 3074 tot
627 3018 948 3075 centenaria
1004 3019 1237 3074 millium
1273 3035 1625 3076 nummorum
1662 3022 1859 3092 partim

279 3113 475 3169 volens
513 3113 713 3183 partim
762 3120 909 3168 metu
972 3112 1201 3169 adactus
1243 3110 1454 3168 eti‘miit.
1512 3112 1622 3185 Ego
1676 3125 1857 3169 autem

1963 1993 2132 2067 ὀρθὴν
2175 1997 2551 2069 παραθραύων
2576 2015 2589 2030 ·
2625 1999 2653 2053 ὃ
2707 1999 2774 2071 δὴ
2810 1994 2927 2064 τοῖς
2979 2000 3241 2074 καθαρῶς
3277 2002 3548 2073 ὑπηκόοις

1967 2089 2062 2142 καὶ
2103 2088 2309 2159 μᾶλλον
2358 2090 2557 2163 χρεὼν,
2603 2095 2631 2146 ὁ
2654 2093 2709 2147 δὲ
2760 2092 2856 2147 καὶ
2895 2096 3009 2159 τοῖς
3035 2093 3285 2166 ἀκρισῶς
3315 2094 3551 2150 ἀντιπάκ

1964 2178 2078 2242 λοις
2101 2179 2401 2252 ἀπονέμειν
2428 2180 2694 2253 οὕμενουν
2722 2185 2785 2239 οὐ
2823 2183 3120 2252 κατώκνει,
3163 2184 3241 2251 ὡς
3278 2183 3345 2240 ἂν
3371 2180 3466 2240 οὖν
3490 2185 3550 2252 ἐξ

1964 2270 2163 2326 ἑαυτοῦ
2196 2275 2630 2347 ἀποτριϐόμενος
2660 2278 2722 2331 τὸ
2756 2279 3051 2351 ἐπίμωμον
3082 2279 3182 2335 ἐπὶ
3215 2283 3332 2346 τοῖς
3364 2280 3549 2336 τοιού-

1964 2381 2097 2431 τοις.
2154 2366 2215 2423 ’0
2245 2368 2305 2421 δὲ
2337 2370 2523 2435 πάσας
2574 2372 2793 2445 ἡμέρας
2848 2375 3070 2442 ὲκείνας
3126 2375 3553 2448 θαλασσαυλῶν,

1968 2564 2157 2605 secum
2192 2551 2585 2611 celebrandum
2609 2559 2918 2628 exspectari
2950 2573 2980 2614 a
3012 2574 3071 2617 se
3086 2575 3213 2616 cum
3242 2560 3556 2632 insignibus

1968 2660 2082 2701 suae
2110 2644 2417 2717 dignitatis,
2440 2658 2708 2707 consueto
2737 2652 2880 2707 inter
2910 2661 3195 2711 senatores
3221 2654 3345 2713 loco
3374 2670 3558 2713 sessu-

1970 2754 2118 2803 rum.
2150 2738 2395 2796 oclose
2428 2741 2758 2799 indicarent.
2784 2743 2991 2804 Verum
3024 2747 3126 2808 hos
3154 2750 3236 2805 sie
3257 2748 3326 2804 ad
3356 2747 3556 2806 festum

1968 2830 2269 2889 invitantes
2301 2832 2391 2891 ille
2426 2833 2663 2892 irridens
2708 2838 2987 2903 eludebat,
3010 2856 3176 2914 quam
3203 2841 3359 2897 nihili
3387 2843 3558 2899 duce-

1966 2934 2055 2981 ret
2080 2924 2320 2997 insignia
2346 2943 2471 2998 quae
2501 2941 2867 2987 memorarem
2889 2933 3176 3006 dignitatis
3206 2936 3276 2994 ab
3305 2935 3559 3009 Augusto

1973 3018 2125 3081 data,
2162 3027 2425 3087 proterve
2449 3029 2758 3090 ostentans,
2787 3025 3063 3082 almtendo
3084 3044 3269 3085 coram
3293 3028 3430 3101 ipsis
3459 3046 3558 3103 per

1968 3110 2208 3166 derisum
2265 3115 2648 3186 scaramangio
2710 3127 2766 3173 ut
2797 3117 2935 3175 cado
2987 3119 3054 3175 ad
3094 3136 3293 3193 aquam
3331 3138 3363 3180 e
3410 3124 3552 3178 mari

280 3209 467 3260 tantus
494 3217 697 3276 genere
722 3218 787 3258 ac
810 3202 1099 3275 dignitate,
1132 3187 1212 3258 tot
1240 3218 1305 3257 ac
1325 3206 1459 3259 tales
1488 3204 1716 3269 ducens,
1750 3222 1858 3262 non
1892 3271 1931 3291 ﬂ
1973 3203 2353 3261 hauriendam.
2388 3205 2509 3274 Quo
2538 3208 2624 3263 sui
2659 3218 3010 3280 contemptus
3056 3212 3110 3269 iu
3140 3187 3230 3271 res
3256 3218 3555 3286 imperato-

178 3308 185 3313 ‘
244 3306 249 3309 ‘
281 3295 445 3354 mede
472 3297 609 3353 nihil
642 3299 823 3353 adhuc
856 3299 1044 3368 accepi
1075 3296 1223 3368 quod
1280 3298 1362 3353 vel
1419 3297 1580 3369 longe
1632 3302 1862 3356 accedat

279 3393 348 3449 ad
381 3392 753 3465 mquralitatem
788 3393 909 3462 ejus
958 3405 1212 3452 summae.
1263 3391 1357 3447 sed
1382 3399 1438 3448 et
1468 3390 1560 3446 ubi
1587 3406 1858 3447 summam

280 3489 395 3559 spei
430 3487 563 3542 mihi
617 3491 917 3557 propositae
970 3502 1036 3540 ex
1083 3485 1543 3565 promissionibus
1577 3503 1641 3542 ac
1687 3487 1862 3557 signis

281 3581 495 3636 caeteris
527 3582 633 3635 rite
670 3579 932 3646 subduxi,
981 3588 1135 3635 certo
1182 3568 1434 3649 intelligo
1472 3596 1593 3636 eam
1638 3582 1859 3637 demum

281 3688 500 3731 omnem
530 3673 587 3729 in
619 3685 833 3743 partem
869 3673 956 3729 vix
991 3673 1359 3729 multesimam
1396 3674 1737 3730 mercedisin
1760 3673 1863 3729 Ca-

284 3773 498 3828 teianos
528 3771 794 3842 impensa:
825 3771 1017 3842 redigi.
1060 3769 1182 3824 Tali
1221 3770 1440 3840 penitus
1480 3769 1862 3839 indignatione

280 3874 530 3920 aestuans
554 3865 726 3935 capit
755 3863 992 3935 primum
1028 3863 1286 3919 omittere
1308 3862 1485 3917 otiicia
1506 3864 1682 3918 aulica
1722 3880 1863 3933 quo-

283 3960 485 4015 tidiana
498 3973 617 4013 rum
642 3958 1036 4013 salutationum
1059 3955 1311 4027 Augusti.
1334 3956 1479 4012 domi
1505 3958 1862 4035 contemptim

284 4054 570 4120 desidens,
607 4067 711 4108 nec
738 4042 976 4107 obscure
1003 4051 1190 4108 ferens
1227 4060 1540 4121 respectare
1580 4068 1863 4109 secessum

283 4150 336 4206 in
369 4162 749 4213 navessuas,
802 4146 947 4215 quod
998 4146 1112 4215 jam
1170 4146 1357 4215 utique
1415 4146 1626 4216 liquido
1660 4147 1867 4202 videret

282 4258 447 4313 quam
480 4243 648 4312 longe
677 4239 819 4295 intra
863 4238 1269 4295 destinationes
1316 4238 1678 4294 consiliorum
1734 4255 1865 4295 sno-

282 4352 405 4392 rum
437 4344 495 4390 et
525 4333 990 4404 exspectationes,
1024 4347 1145 4401 quae
1170 4331 1322 4384 illum
1356 4332 1423 4385 ad
1476 4330 1863 4401 imperatorem

283 4440 595 4491 traxerant,
630 4441 929 4482 successus
958 4426 1176 4481 demum
1206 4426 1320 4494 ipse
1344 4439 1409 4479 ac
1432 4440 1672 4495 prmsens
1702 4442 1869 4495 expe-

280 4524 476 4579 rientia
525 4520 821 4577 recideret.
880 4518 1051 4590 Ergo,
1085 4520 1231 4588 quod
1275 4520 1451 4582 aiunt,
1486 4518 1738 4573 inhibere
1783 4535 1867 4573 re-

1968 3297 2046 3353 ris
2084 3297 2263 3369 palam
2289 3301 2539 3357 exhibito
2569 3304 2895 3373 specimlne.
2929 3307 3128 3364 missos
3157 3309 3277 3379 ejus
3300 3310 3420 3367 sine
3441 3308 3554 3366 alio

1968 3385 2238 3461 reaponso
2261 3408 2291 3448 a
2315 3408 2374 3450 se
2403 3396 2633 3452 dimisit.
2660 3396 2817 3455 Tunc
2848 3400 2952 3456 fuit
2984 3406 3333 3460 manifestum
3362 3418 3557 3460 averSo

1964 3496 2089 3540 esse
2114 3484 2266 3541 illum
2293 3488 2363 3542 ab
2393 3489 2641 3563 Angusto
2666 3495 2872 3559 animo,
2902 3495 3258 3567 cogitarcque
3291 3496 3448 3568 plane
3466 3497 3552 3557 vel
3614 3538 3617 3539 ν

1970 3578 2206 3636 reditum
2234 3581 2460 3663 domum
2490 3586 2572 3641 vel
2593 3588 2658 3642 ad
2685 3602 2845 3643 suum
2869 3588 3314 3645 Theudericlmm
3341 3632 3357 3657 ,
3395 3591 3556 3661 cujus

1966 3680 2089 3727 erat
2142 3672 2443 3731 amicitiam
2483 3687 2594 3734 tam
2635 3682 2925 3752 splendide
2960 3684 3263 3754 professus,
3296 3684 3401 3741 sibi
3428 3699 3556 3741 cer-

1968 3764 2243 3821 tissimum
2296 3783 2605 3826 accessum.
2653 3774 2924 3831 Ceterum
2988 3775 3135 3831 idem
3170 3777 3225 3831 in
3288 3787 3553 3849 apparatur

1970 3858 2334 3915 tumultuario
2397 3865 2563 3919 eundi
2621 3874 2734 3921 tres
2802 3866 2922 3923 dies
2970 3877 3025 3924 et
3076 3879 3266 3924 noctes
3326 3870 3553 3926 totidem

1969 3952 2350 4022 consumpsit,
2380 3970 2493 4024 quo
2544 3958 2724 4026 spatio
2782 3960 2998 4016 remisit
3052 3960 3120 4015 ad
3169 3962 3556 4030 imperatorem

1968 4059 2168 4101 aureas
2214 4060 2344 4102 suas
2384 4058 2783 4121 argenteosque
2831 4052 3039 4109 lances.
3080 4053 3158 4110 Eo
3192 4056 3376 4109 triduo
3437 4053 3554 4110 Μο-

1971 4138 2329 4195 nembasiotze
2359 4143 2584 4209 quidam
2621 4145 2948 4199 eministris
2988 4146 3283 4202 maritimis
3318 4149 3559 4217 impera-

1969 4228 2152 4296 toris,
2197 4233 2421 4289 solliciti
2477 4236 2620 4305 quod
2665 4238 2940 4295 triremem
2997 4240 3290 4310 quamdam
3323 4240 3477 4310 prius
3522 4254 3556 4295 a

1972 4322 2305 4396 Mpyrigerio
2345 4330 2596 4386 mercede
2628 4332 2955 4389 conductam
2984 4334 3029 4390 is
3050 4335 3193 4404 apud
3222 4350 3282 4390 se
3305 4335 3553 4400 haberet,

1970 4420 2048 4472 uti
2102 4420 2436 4490 apparebat,
2468 4424 2828 4492 abducturus,
2869 4427 3165 4481 consilium
3197 4437 3461 4496 ceperunt
3495 4426 3552 4485 in

1969 4525 2095 4565 eum
2134 4514 2875 4590 improvisoirruendimuo
2903 4521 3070 4575 simul
3110 4521 3420 4576 irrisiouem
3447 4522 3554 4575 imo

282 4618 509 4689 migium
546 4629 612 4669 ac
640 4623 813 4677 retro,
865 4613 1014 4667 unde
1051 4620 1300 4675 venerat,
1330 4626 1555 4666 cursum
1589 4610 1868 4667 rctiectere
1901 4626 1948 4683 ο
1975 4607 2249 4674 peratoris
2292 4607 2712 4675 ulciscrrentur,
2756 4611 2921 4666 simul
2944 4624 3336 4681 recuperarent
3370 4611 3552 4666 navim

279 4709 549 4780 decrevit.
581 4707 821 4775 Moxque
847 4719 972 4760 cum
999 4704 1117 4759 suis
1138 4704 1579 4759 navilmsversus
1609 4702 1869 4759 Biacher-

283 4813 383 4854 nas
415 4798 668 4860 tendens,
702 4795 849 4863 ipsas
880 4793 1114 4865 Augusti
1167 4793 1355 4862 palatii
1389 4793 1867 4862 praeternavigavit

285 4890 455 4955 fores,
480 4888 925 4943 ineertitudinem
949 4895 1130 4941 tamen
1155 4889 1324 4941 animi
1358 4886 1658 4956 praferens
1678 4900 1870 4958 quam-

282 4986 403 5037 dam
426 4982 954 5050 aoiiiignitatemque
984 4981 1291 5040 sententia,
1323 4980 1453 5033 dum
1489 4980 1616 5033 hinc
1642 4978 1861 5049 quidem

280 5076 443 5146 quasi
496 5076 709 5127 lia-rens
769 5074 949 5127 adhuc
1006 5072 1181 5143 pactis
1233 5074 1514 5127 conventis
1572 5071 1861 5143 dignitatis

281 5168 529 5241 symboia
564 5170 634 5220 ah
667 5167 994 5235 imperatore
1017 5174 1243 5237 accepta
1272 5164 1435 5238 ὅθι
1465 5166 1699 5230 retinet;
1729 5165 1862 5236 quin

281 5272 335 5320 et
362 5263 624 5332 palatina:
664 5261 1028 5330 supellectilis
1067 5275 1195 5317 vasa
1232 5262 1429 5328 partim
1466 5274 1633 5314 aurea
1665 5260 1859 5329 partim

280 5364 540 5427 argentea
570 5355 797 5409 circiter
829 5354 1075 5424 triginta,
1103 5353 1157 5408 in
1198 5353 1402 5421 quibus
1431 5351 1499 5406 ad
1529 5366 1653 5406 eum
1678 5351 1863 5419 Angu-

281 5462 402 5505 stus
432 5448 613 5519 pridie
650 5448 878 5502 honoris
900 5462 1067 5503 causa
1094 5462 1124 5502 e
1152 5462 1337 5501 mensa
1370 5460 1466 5500 sua
1491 5445 1670 5501 edulia
1698 5446 1863 5500 mise-

280 5552 385 5604 rat,
442 5543 687 5596 nondum
741 5540 973 5596 remissa
1028 5541 1245 5594 tenebat
1281 5538 1425 5608 apud
1500 5554 1641 5595 sese.
1692 5537 1861 5593 Porro

281 5637 582 5707 imperator
632 5634 864 5690 audiens
901 5635 1017 5689 vela
1060 5634 1245 5690 facere
1283 5632 1672 5706 Mpyrigerinm
1718 5633 1868 5687 iusa—

282 5729 459 5783 lntato
489 5743 546 5781 se
573 5770 587 5793 ,
622 5734 859 5798 primum
909 5736 970 5782 ut
1010 5728 1085 5783 rei
1141 5729 1302 5798 plane
1366 5727 1669 5782 incredibili
1708 5724 1866 5781 ﬁdem

1979 4700 2280 4769 propriam.
2316 4697 2519 4757 Verum
2554 4716 2652 4757 eos
2683 4701 2737 4757 id
2766 4718 2928 4774 agere
2964 4703 3106 4758 haud
3155 4720 3352 4774 passus
3384 4705 3558 4775 impe-

1976 4799 2129 4845 ratur
2175 4799 2291 4857 est,
2356 4792 2438 4846 vel
2484 4792 2665 4849 adhuc
2723 4796 3083 4864 pertinaciter
3132 4810 3364 4867 sperans
3408 4800 3556 4854 illius

1975 4885 2477 4941 reconciliationem
2520 4903 2734 4955 secum,
2778 4890 2863 4946 vel
2890 4874 3099 4946 eiadem
3132 4893 3395 4960 majorem
3451 4892 3557 4945 ali-

1974 4990 2137 5045 quam
2167 4987 2442 5044 metuens,
2472 4983 2555 5035 vei
2584 4981 2821 5049 denique
2857 4981 3149 5052 indulgens
3204 4982 3405 5039 innatae
3452 4983 3555 5039 sibi

1972 5070 2285 5138 inolitmque
2342 5071 2570 5127 lenitati.
2622 5073 2687 5127 Et
2741 5075 2845 5129 hac
2894 5075 3112 5145 quidem
3147 5075 3342 5131 ultima
3388 5076 3554 5131 trium

1971 5175 2261 5217 causarum
2318 5166 2479 5222 unice
2534 5182 2592 5221 se
2648 5176 2857 5223 motum
2906 5168 3067 5240 505
3099 5168 3154 5223 in
3212 5168 3552 5239 prohibenda

1972 5256 2329 5325 aggressione
2378 5258 2689 5331 Mpyrigerii
2722 5260 2870 5316 credi
2925 5263 3098 5317 voluit
3132 5260 3433 5334 Augustus,
3470 5261 3554 5316 af-

1974 5348 2183 5405 fectans
2235 5368 2452 5422 semper
2505 5352 2704 5409 famam
2763 5356 3200 5412 mansuetudinis
3238 5356 3474 5412 innoxia!
3500 5365 3555 5411 et

1974 5440 2152 5497 facilis
2204 5445 2268 5497 ad
2297 5444 2688 5515 ignoscendum
2722 5447 3064 5517 gravissimis
3094 5447 3258 5502 etiam
3288 5445 3509 5517 injuriis
3532 5483 3549 5507 .

1972 5545 2027 5590 et
2079 5539 2459 5601 humanitatis,
2498 5555 2603 5611 qua
2647 5543 2754 5595 vim
2803 5557 3050 5597 severam
3091 5541 3224 5596 recti
3267 5539 3459 5608 judicii
3490 5554 3555 5597 ac

1970 5632 2198 5703 justitiie
2236 5635 2447 5691 ultricis
2484 5636 3188 5707 laudabiliterinfringeret.
3220 5636 3369 5703 Quas
3394 5636 3555 5706 equi-

1975 5730 2098 5783 dem
2132 5731 2364 5783 virtutes
2396 5730 2572 5785 fateor
2608 5742 2800 5786 rectea
2835 5733 3080 5803 principe
3112 5730 3349 5801 impendi
3378 5730 3555 5800 culpis

283 5821 590 5891 abnegabat
620 5837 636 5885 ;
673 5836 736 5876 ac
767 5822 859 5874 ubi
894 5822 1150 5889 credidit,
1186 5821 1546 5877 dissimulans
1572 5820 1874 5891 destinavit
1978 5822 2313 5877 excusaudis
2339 5838 2464 5878 vere
2486 5825 2825 5893 ﬁdeliterque
2856 5827 3224 5879 subditorum.
3250 5823 3344 5877 Iiie
3371 5831 3553 5876 autem

284 5911 486 5971 multos
521 5915 613 5985 qui
640 5931 764 5971 eum
796 5916 858 5969 ad
887 5913 1083 5970 festum
1108 5916 1402 5976 luminum.
1432 5916 1581 5985 quod
1603 5914 1872 5976 instabat.

520 6013 789 6075 ΡΑτιιοῐ..
823 6015 939 6074 Gn.
978 6013 1237 6079 CXLIV.

1984 5915 2083 5967 has
2109 5914 2373 5970 adhibere
2409 5931 2514 5969 non
2546 5918 2880 5985 gravabatur
2921 5918 3169 5971 fovendis
3195 5913 3560 5987 tegendisque

3108 6012 3180 6073 iS
