4066 6286
344 391 445 457 557

1289 397 1386 460 DE
1424 389 1868 460 ANDRONICO
1905 389 2370 492 PALr’EOLOGO
2395 399 2544 460 LiB.
2585 394 2687 465 VI.

3526 397 3630 468 558

342 510 477 566 κᾶτα
507 508 662 579 ἔλεγε
695 509 1000 583 πολυωρετν
1024 510 1122 566 καὶ
1156 513 1408 585 χρήμασι
1436 517 1532 567 καὶ
1552 515 1848 577 δαπάναις.
1881 514 1928 567 εί
1959 521 2004 575 Α
2033 512 2166 582 γοῦν
2191 515 2380 584 συχνοὶ
2406 515 2497 569 ἐπὶ
2527 509 2743 579 τούτοις
2774 513 3113 585 ἐπέμποντο,
3143 511 3252 568 ἔδει
3280 511 3338 567 δὲ
3367 513 3632 567 κάκεῖθεν

346 604 507 674 μόνον
544 607 611 657 τὰ
639 603 810 658 πιστὰ
843 606 1002 674 σχοίη
1036 604 1112 668 ὡς
1129 605 1368 660 εύνοοῖεν
1386 609 1500 670 τοῖς
1528 607 1628 676 τῆς
1649 605 1930 677 βασιλείας

341 697 688 774 πράγμασιν.
727 698 947 752 Λύτίκα·
970 697 1026 752 δὲ
1055 697 1590 771 θιαπεραιουμένους
1623 700 1711 753 ἐπ’
1736 702 1933 753 ἀνατοο

339 791 437 861 λῆς
467 790 642 845 είκοσι
677 791 882 861 χιλιάσι
917 793 1145 862 χρυσίου
1181 794 1276 846 καὶ
1307 794 1647 864 τριακοσίοις
1675 795 1930 863 χιλιάδων

348 883 550 956 μοδέοις
588 888 835 948 τοπικοῖς
861 887 1012 939 σίτου
1033 885 1331 958 δωρεῖσθαι
1362 886 1812 956 καθυπισχνεῖτο,
1839 887 1932 940 καὶ

341 979 437 1035 τοῦ
463 979 655 1034 λοιποῦ
709 981 878 1051 μηδὲν
922 982 1130 1036 ἀνεῖναι
1160 983 1258 1035 καὶ
1297 979 1454 1045 αὖθις
1501 981 1568 1036 τὰ
1602 967 1788 1035 είκᾶτα
1835 1001 1932 1034 πο-

343 1071 811 1146 λυωρεῖν.’Ταῦτα
835 1077 1021 1146 συχνοὶ
1053 1076 1406 1148 πεμπόμενοι
1437 1077 1809 1147 παρεδήλουν,
1835 1080 1931 1130 καὶ

344 1169 555 1224 τούτων
584 1162 1016 1242 προσανετίθουν
1045 1170 1113 1227 τὰ
1141 1171 1374 1226 πλεῖστα
1407 1174 1474 1243 τῇ
1524 1171 1618 1224 τοῦ
1657 1171 1925 1242 βασιλέως

345 1258 565 1335 ἀδελφῇ
587 1263 671 1338 [Ρ.
699 1264 828 1338 555]
851 1268 1031 1321 ἐκεῖσε
1065 1267 1160 1320 καὶ
1182 1265 1268 1319 ἔτι
1295 1266 1571 1338 παρούσῃ,
1607 1267 1701 1319 καὶ
1728 1265 1931 1336 μᾶλλον

347 1357 430 1412 ὅτι
461 1362 556 1414 καὶ
585 1363 640 1414 ai
670 1360 802 1432 περὶ
825 1359 1218 1428 Φιλαδελφείας
1249 1359 1479 1424 πύστεις
1510 1359 1674 1434 μέχρι
1702 1360 1798 1412 καὶ
1823 1359 1934 1411 τῶν

351 1451 644 1526 νεκρῶνεξ
692 1453 915 1524 ἐνδείας
950 1454 1048 1508 καὶ
1099 1451 1197 1507 τοῦ
1231 1453 1648 1525 πολιορκεῖσθαι
1685 1447 1933 1524 ἅψασθαι

352 1549 811 1619 κατηγγέλλοντο.
843 1549 1014 1604 Οὐδὲν
1041 1549 1086 1604 δ’
1112 1551 1326 1604 ἐκεῖθεν
1359 1549 1493 1607 ἀλλο
1522 1550 1759 1622 ἠκούετο
1790 1551 1824 1622 ἢ
1874 1551 1931 1604 ai

354 1643 728 1715 μισθοφορίαι,
761 1645 856 1699 καὶ
885 1643 962 1708 ὡς
1003 1646 1062 1698 τὸ
1097 1645 1308 1716 πλῆθος
1337 1645 1648 1701 ἀκάθεκτον
1678 1641 1740 1698 ὃν
1766 1645 1944 1709 αὐτὸς

351 1738 605 1808 κατέχειν
633 1739 725 1791 καὶ
747 1737 942 1808 ἄγχειν
961 1738 1024 1793 ού
1055 1737 1299 1814 δύναται,
1324 1740 1422 1794 καὶ
1457 1737 1532 1802 ὡς
1558 1740 1607 1791 εί
1639 1737 1716 1810 μὴ
1748 1737 1932 1811 δοθείη

349 1833 412 1886 τὸ
449 1832 881 1903 ἀπαιτούμενον,
911 1832 1026 1886 οὐδ’
1054 1833 1219 1897 αὐτὸς
1249 1835 1309 1887 ὲν
1343 1833 1580 1903 ἀσφαλεῖ
1609 1832 1787 1898 ἔσται,
1841 1833 1936 1886 καί⁸

2039 607 2168 672 τοὺς
2197 607 2512 678 μηνύτορας
2545 605 2891 677 πέμπεσθαι,
2939 605 3120 669 οὐδεὶς
3165 601 3233 677 ἦν
3282 605 3420 670 πρὸς
3471 605 3630 660 ταῦθ’

2039 700 2232 772 ἕτερος
2280 702 2329 752 εί
2379 701 2456 770 μὴ
2502 701 2529 752 ὁ
2559 700 2801 763 ὀἰκείως
2829 696 3188 771 ἐξυπηρετῶν
3222 702 3290 772 τῇ
3324 699 3415 752 τοῦ
3465 700 3632 754 Ἀσάν

2040 791 2473 864 Κανναϐούριος,
2532 792 2592 856 ὃς
2641 793 2738 847 καὶ
2797 793 2923 847 ἐπεὶ
2972 791 3234 856 πολλάκις
3282 795 3497 846 ἐκεῖθεν
3529 787 3630 845 ὦδε

2039 884 2345 939 κάντεῦθεν
2371 886 2488 939 ἐκεῖ
2513 886 2899 956 παραγένοιτο,
2936 886 3093 949 τέλος
3132 885 3398 954 ἀσφαλεῖς
3432 885 3516 955 ἐφ’
3548 884 3630 950 οἷς

2041 980 2379 1051 προσέταττε
2414 979 2670 1050 βασιλεὺς
2714 980 2817 1044 τὰς
2849 979 3064 1043 πίστεις
3097 978 3284 1050 ζητεῖν
3338 981 3632 1050 ἐφειμένον

2041 1072 2228 1141 ἔλεγεν
2261 1071 2428 1144 ἔχειν,
2453 1072 2624 1126 αὑτὸν
2654 1072 2701 1126 δ’
2730 1074 2942 1127 ἐκεῖνον
2968 1073 3068 1145 τὴν
3093 1072 3444 1144 ἀντωμοσίαν
3483 1091 3632 1145 παρ-

2041 1164 2189 1234 έχειν
2216 1165 2312 1216 ἐπὶ
2349 1165 2650 1234 προεώπου
2685 1165 2778 1219 τοῦ
2807 1165 3255 1232 ἀποστείλαντος,
3290 1166 3547 1237 γενέσθαι
3574 1169 3633 1222 δὲ

2042 1261 2138 1311 καὶ⁵
2166 1258 2267 1322 τὰς
2293 1259 2645 1328 ὁρκωμοσίας
2687 1260 2783 1312 sai.
2819 1260 3100 1332 παρουσίᾳ
3139 1263 3242 1333 τῆς
3267 1263 3459 1334 τιμίας
3486 1262 3631 1318 εικό-

2041 1367 2131 1414 νος
2155 1349 2256 1421 τῆς
2287 1351 2656 1424 Θεομήτορος.
2702 1353 2818 1423 Ἐφ’
2852 1350 2934 1418 οἷς
2964 1354 3168 1409 αὐτίκα
3214 1354 3311 1410 τοῦ
3357 1355 3632 1428 βασιλέως

2043 1447 2502 1515 κατανεύσαντος,
2523 1451 2618 1505 καὶ
2653 1449 2858 1520 μᾶλλον
2887 1450 2971 1504 ὅτι
3004 1451 3098 1505 καὶ
3125 1452 3152 1506 ὁ
3176 1449 3269 1504 τοῦ
3297 1451 3628 1524 Θευδερίχου

2042 1534 2270 1608 ἀδελφὸς
2304 1544 2370 1595 ἐκ
2395 1542 2607 1606 νοθείας
2627 1544 2686 1596 ιν
2710 1543 2874 1598 ναυσὶ
2891 1543 3286 1615 τρεισκαίδεκα
3305 1545 3629 1618 περιπλέειν

2043 1634 2343 1703 ἠγγέλλετο
2362 1636 2454 1690 καί
2480 1653 2634 1700 τινας
2654 1638 3019 1709 κατατρέχειν
3053 1639 3164 1693 τῶν
3186 1638 3370 1713 νήσων
3399 1640 3498 1695 καὶ
3525 1642 3630 1696 ἀνὰ

2044 1731 2244 1801 κράτος
2270 1728 2497 1795 κακοῦν,
2529 1731 2771 1802 πέμπειν
2807 1740 2867 1785 τε
2916 1732 3012 1787 καὶ
3061 1731 3201 1804 πρὸς
3253 1733 3504 1800 ἐκείνους
3533 1741 3631 1790 καὶ⁸

2045 1820 2201 1886 αὖθις
2231 1827 2365 1895 παρ’
2399 1824 2629 1878 ἐκείνων
2648 1821 2953 1892 λαμϐάνειν
2985 1825 3312 1896 μηνύματα,
3342 1828 3631 1884 τελούνται

355 1925 558 1996 μᾶλλον
587 1898 708 1996 ὅσῳ*
735 1926 848 1990 τοῖς
885 1924 1205 1996 ἀξιώμασιν
1231 1898 1726 1998 ύπερηφανεύοιτο.
1747 1925 1936 1980 Ταῦτα
1969 1898 2012 1954 Β
2047 1915 2146 1983 μὲν
2178 1917 2353 1989 ὅρκοι,
2395 1916 2509 1989 (ιζ’)
2539 1916 2826 1987 πέμπεται
2846 1914 2904 1968 δὲ
2929 1916 3026 1970 καὶ
3052 1917 3138 1990 [Ρ.
3167 1917 3297 1993 354]
3327 1922 3355 1976 ὁ
3377 1921 3632 1993 Χοῦμνος

351 2019 527 2087 λέγων
555 2017 714 2089 δῆλος
763 2013 832 2092 ἦν
861 2019 1096 2084 εκείνοις
1130 2019 1557 2092 προσκείμενος,
1593 2025 1690 2074 καὶ
1738 2018 1934 2092 θηρίου

351 2109 1004 2186 δυσμεταχειριστότερον
1024 2113 1186 2185 ιχων,
1218 2113 1287 2186 ἦν
1312 2133 1398 2179 τις
1438 2115 1794 2187 μεταπείθειν
1815 2116 1936 2168 ὲπι-

349 2209 588 2277 χειροίη.
621 2206 711 2261 διὰ
739 2207 840 2281 τὴν
886 2207 1070 2282 πηγὴν
1097 2206 1195 2263 τοῦ
1222 2211 1447 2282 φρονεῖν
1492 2209 1714 2274 πάντως
1768 2207 1938 2279 μήπω

351 2307 776 2378 κατηρτυμένην
802 2300 886 2371 είς
939 2305 1208 2378 ὑπηκόοις
1257 2307 1578 2379 πρέπουσαν
1627 2301 1802 2370 τάξιν.
1850 2303 1939 2366 Ὠς

353 2485 538 2540 animo
611 2484 832 2539 illorum
903 2499 1033 2555 erga
1103 2501 1264 2541 suum
1349 2487 1641 2558 imperium
1723 2486 1938 2543 Roma-

354 2594 595 2650 namque
673 2595 788 2634 rem
851 2579 1070 2635 indiciis
1148 2581 1493 2654 persuaderi.
1551 2579 1649 2637 llis
1709 2591 1934 2646 autem,

355 2673 512 2744 507
538 2675 724 2730 statim
751 2688 816 2730 ac
835 2675 1185 2741 trajecissent
1206 2675 1258 2729 in
1282 2674 1621 2730 orientalem
1646 2677 1939 2730 continen-

357 2773 489 2829 tem,
514 2767 705 2836 viginti
732 2782 791 2822 se
823 2768 990 2822 millia
1022 2782 1371 2822 ntnnmorum
1410 2782 1705 2824 aureorum
1741 2781 1938 2824 nume-

356 2857 460 2910 rari
485 2857 796 2924 jussurum,
829 2858 1105 2929 simulque
1133 2858 1464 2914 donaturum
1494 2868 1739 2916 trecenta
1770 2859 1938 2916 tniiiia

357 2953 666 3007 modiorum
707 2951 874 3007 tritici
909 2969 1179 3008 mensurae
1211 2955 1457 3009 locorum
1509 2955 1753 3018 illorum,
1787 2954 1941 3009 dein-

356 3061 596 3116 cepsque
639 3047 696 3102 in
748 3047 966 3103 cunctis
1003 3049 1218 3103 caeteris
1252 3049 1446 3104 seditio
1491 3059 1838 3110 curaturum,
1873 3063 1940 3102 ne

355 3139 654 3209 quidquam
709 3141 844 3211 ipsis
899 3143 1280 3197 necessarium
1330 3141 1565 3198 deesset.
1623 3141 1746 3198 llrec
1778 3143 1935 3205 varii,

355 3232 580 3296 utdixi,‘
599 3233 667 3287 ab
695 3234 1024 3304 imperatore
1043 3235 1109 3290 ad
1145 3235 1504 3291 liontzerium
1524 3236 1759 3292 subinde
1786 3235 1939 3290 missi
1969 3276 2013 3338 Ο

357 3323 711 3387 nuntiabant,
769 3327 1034 3397 pleraque
1082 3331 1423 3397 deponentes
1483 3329 1627 3400 apud
1684 3343 1935 3384 sororem

357 3416 708 3487 imperatoris
760 3435 979 3474 socrum
1033 3417 1336 3487 Rontzerii,
1381 3437 1449 3477 eo
1499 3423 1752 3477 videlicet
1808 3437 1943 3474 cou-

357 3509 480 3565 silio
516 3524 581 3564 ac
613 3525 711 3579 spe
741 3519 801 3565 ut
843 3511 935 3566 illa
970 3527 1212 3582 prmsens
1249 3528 1346 3584 pro
1381 3514 1794 3568 necessitudine
1825 3512 1938 3567 alii-

357 3606 549 3659 nitatis
599 3613 654 3659 et
705 3605 880 3674 gratia
933 3620 1001 3659 ex
1049 3620 1111 3659 ea
1163 3605 1416 3672 privatim
1469 3621 1593 3661 eum
1634 3607 1944 3675 impelleret

360 3715 471 3770 quo
508 3699 788 3770 Augustus
821 3699 1068 3769 optabat.
1115 3697 1242 3754 Haec
1275 3709 1424 3754 tanta
1461 3699 1665 3756 offerre
1697 3701 1844 3756 ultro
1876 3716 1943 3756 ac

358 3795 510 3850 velut
543 3807 808 3863 oggerere
839 3803 1028 3847 extero
1056 3807 1160 3848 nec
1191 3793 1239 3848 ei
1271 3793 1380 3848 fido
1410 3794 1618 3848 homini
1649 3796 1944 3866 cogebatur

361 3885 662 3955 imperator
695 3885 880 3940 multis
909 3887 1320 3957 urgentissimis
1350 3889 1556 3941 causis.
1596 3884 1732 3940 Nam
1767 3888 1943 3958 primo

363 3979 431 4035 de
489 3978 862 4050 Philadelphia
920 3981 1282 4034 nuntiabatur
1335 3994 1362 4033 a
1423 3980 1604 4034 Persis
1665 3982 1944 4037 artissime

363 4076 611 4137 obsessa,
658 4077 818 4143 cujus
871 4074 1166 4130 liberanda.-
1200 4076 1348 4128 uulla
1387 4075 1601 4144 uspiam
1649 4077 1779 4131 alibi
1815 4093 1944 4147 spes

363 4177 508 4222 esset
554 4184 720 4236 quam
761 4169 814 4223 in
848 4169 1017 4238 copiis
1051 4167 1359 4232 Rontzerii,
1395 4177 1601 4222 tantam
1638 4169 1786 4222 intus
1833 4171 1946 4224 illic

363 4260 600 4329 grassari
639 4259 832 4314 famem
860 4268 920 4312 ut
963 4275 990 4311 a
1023 4261 1381 4314 cadaveribus
1407 4268 1747 4313 mortuorum
1772 4263 1948 4315 homi-

366 4370 498 4408 num
565 4368 664 4424 pro
733 4354 859 4408 cibo
916 4355 1272 4410 absumendis
1337 4370 1446 4408 non
1518 4365 1939 4424 temperaretur.

361 4449 595 4503 Aliunde
649 4448 716 4501 ab
747 4449 991 4503 exercitu
1028 4447 1304 4504 Rontzerii
1338 4448 1473 4503 nihil
1508 4443 1790 4504 aiiud‘nisi
1825 4452 1942 4504 sine

365 4542 472 4598 ﬁne
511 4543 719 4597 iterata:
764 4542 1164 4612 stipendiorum
1222 4543 1589 4614 ﬂagitationcs
1639 4544 1944 4600 audieban-

364 4644 475 4691 tur.
513 4634 636 4706 ipse
667 4637 917 4705 quotidie
949 4636 1228 4690 scribebat
1262 4637 1407 4691 haud
1442 4653 1522 4700 se,
1559 4639 1639 4692 vel
1677 4639 1719 4692 si
1757 4640 1942 4700 vellet.

364 4745 526 4798 posse
577 4730 888 4784 famelicam
917 4741 970 4784 et
996 4729 1342 4800 desperatam
1382 4732 1788 4786 multitudinem
1821 4748 1944 4800 pru-

367 4823 556 4878 hiberc
583 4840 652 4876 ne
695 4822 926 4887 fureret,
954 4838 1018 4877 ae
1047 4825 1196 4877 velut
1229 4824 1482 4878 faucibus
1519 4823 1941 4879 vociferantium

365 4917 688 4974 constrictis
735 4917 994 4986 querelas
1047 4920 1165 4983 ejus
1221 4919 1510 4983 minasque
1554 4920 1941 4986 comprimere.

366 5013 508 5079 Quin
546 5023 602 5068 et
632 5003 984 5075 denuntiare,
1017 5013 1122 5066 nisi
1153 5017 1379 5066 daretur
1407 5011 1540 5081 ipsis
1570 5013 1716 5082 quod
1751 5028 1945 5078 posce-

367 5107 518 5171 bant,
550 5107 698 5160 haud
732 5120 790 5160 se
826 5112 1004 5159 tutum
1038 5115 1087 5158 et
1117 5119 1370 5159 securum
1404 5106 1472 5156 ab
1503 5105 1694 5160 horum
1723 5105 1772 5157 vi
1808 5105 1940 5158 fore.

365 5201 476 5258 Nec
525 5202 630 5257 sibi
683 5200 949 5256 adversus
999 5199 1228 5255 istorqu
1269 5197 1510 5253 insultus
1554 5198 1811 5267 praesidio
1863 5199 1946 5257 fu-

368 5305 547 5351 turam
600 5309 871 5351 summam
906 5309 1013 5364 qua
1045 5302 1191 5348 esset
1241 5301 1472 5347 ornatus
1509 5293 1578 5346 ab
1609 5292 1950 5362 imperatore

369 5390 715 5460 dignitatem.
748 5388 889 5455 Quin
924 5402 985 5442 ea
1028 5387 1140 5456 ipsa
1175 5387 1346 5454 magis
1395 5385 1602 5440 irritari
1652 5385 1948 5440 seditiosos

371 5501 561 5549 ausus,
608 5483 694 5536 vel
743 5482 947 5535 invidia
993 5481 1231 5551 quadam
1279 5488 1331 5533 et
1375 5483 1784 5546 comparatione
1831 5493 1947 5535 sute

371 5594 492 5631 cum
530 5578 708 5630 aliena
745 5576 937 5638 sortis,
973 5575 1054 5628 vel
1089 5575 1373 5642 Opinione,
1406 5569 1570 5644 posse
1610 5574 1713 5628 sibi
1748 5589 1950 5643 procu-

373 5686 492 5725 rare
522 5685 644 5739 qua:
686 5669 856 5724 velint
886 5667 952 5721 ab
983 5669 1252 5736 Augusto,
1285 5683 1411 5721 ettm
1443 5681 1605 5735 quem
1647 5677 1795 5720 tanta
1828 5668 1948 5734 pol-

373 5764 482 5818 lere
542 5763 684 5831 apud
741 5763 921 5830 ipsum
975 5773 1236 5831 appareat
1291 5762 1489 5830 gratia.
1546 5761 1621 5814 Ex
1682 5763 1947 5832 quibusa

376 5855 672 5911 Rontzerio
739 5855 942 5925 passim
1010 5854 1256 5924 allegatis
1316 5866 1469 5908 certo
1531 5855 1951 5924 intelligebatur

375 5966 571 6007 vanam
617 5966 836 6008 omnem
872 5965 1026 6022 spem
1055 5966 1178 6008 esse
1211 5949 1519 6008 abducendi
1553 5965 1676 6005 eum
1710 5965 1740 6005 a
1774 5954 1946 6021 parti-

2045 2007 2346 2079 Θεόδωρος,
2369 2009 2510 2062 αὑτά
2539 2021 2598 2062 τε
2637 2008 2711 2063 τά
2730 2007 2826 2062 τοῦ
2858 2009 3137 2079 Καίσαρος
3170 2009 3416 2083 σύμὸολα
3448 2014 3632 2088 φέρων

2045 2101 2142 2154 καὶ
2156 2103 2255 2167 τὰς
2275 2100 2758 2172 χρυσοὸουλλείους
2787 2099 3004 2164 πίπτεις
3030 2103 3128 2155 καὶ
3153 2103 3471 2173 νομίσματα
3498 2125 3631 2177 χρυ-

2047 2191 2211 2246 σίνων
2244 2194 2494 2265 χιλιάδας
2522 2195 2842 2264 τριάκοντα.
2886 2193 2966 2248 Τά
3021 2193 3078 2248 δὲ
3105 2196 3199 2248 τοῦ
3244 2200 3393 2250 σίτου
3423 2205 3632 2268 προην-

2043 2287 2388 2361 τρεπισμένα
2441 2282 2530 2358 ἦν,
2566 2287 2642 2350 ὠς
2671 2285 2954 2358 ἠλπίζετο,
3003 2288 3068 2341 ὲκ
3099 2289 3447 2360 συναγωγῆς.
3485 2289 3546 2343 Εί
3585 2290 3631 2344 δ’

2047 2472 2154 2530 bus
2202 2483 2451 2534 suorum,
2505 2465 2873 2539 privatimque
2927 2463 3034 2537 ipsi
3090 2468 3468 2525 satisfaciendi
3523 2471 3632 2527 alia

2045 2569 2261 2626 ratione
2304 2579 2467 2633 quant
2507 2563 2672 2619 simul
2722 2563 2992 2634 explenda
3024 2562 3298 2619 desideria
3329 2565 3632 2620 Catelaun-

2048 2678 2193 2729 rum,
2267 2660 2572 2731 praesertim
2611 2674 2732 2714 cum
2794 2665 3084 2730 appareret
3141 2658 3411 2730 judicium
3481 2662 3634 2718 arbi-

2049 2757 2328 2827 triumque
2367 2755 2624 2810 intimum
2671 2752 2956 2809 Rontzerii
3001 2753 3244 2808 nondum
3279 2751 3682 2811 irrevocabili.

2047 2851 2330 2922 proposito
2361 2847 2576 2904 addicta
2610 2847 2894 2918 obsequiis
2930 2849 3308 2925 imperatoris,
3341 2849 3438 2905 sed
3474 2865 3627 2920 qua-

2049 2962 2169 3002 rere
2200 2945 2386 3000 adhuc
2409 2953 2464 3000 et
2497 2941 2827 3008 deliberare,
2865 2941 3163 3012 ancipitem
3197 2957 3308 3013 quo
3356 2959 3415 2998 se
3457 2946 3636 3014 appli-

2048 3049 2223 3097 caret.
2305 3039 2434 3094 Haec
2518 3036 2817 3092 durissima
2885 3036 3190 3092 necessitas
3269 3041 3628 3109 quantumvis

2048 3117 2278 3190 invitum
2326 3133 2509 3203 adegit
2555 3128 2926 3211 An'd'roniCum
2957 3131 3022 3185 ad
3053 3129 3219 3188 uuius
3244 3131 3484 3186 hominis
3510 3132 3636 3202 gn-

2048 3230 2182 3284 tiam
2233 3237 2341 3282 tam
2394 3241 2524 3283 caro
2559 3225 2923 3283 'licitandam.
2971 3225 3110 3282 Cum
3153 3224 3325 3298 igitur
3375 3226 3470 3282 diii
3524 3219 3634 3282 iam

2046 3330 2330 3378 cessarent
2361 3319 2678 3392 quotidiani
2708 3318 2882 3375 ferme
2912 3319 2979 3374 ab
3008 3320 3132 3374 aula
3162 3315 3461 3383 convenire

2045 3415 2282 3486 tzcrium
2317 3429 2485 3485 super
2517 3415 2604 3471 his
2635 3414 2876 3470 ministri
2911 3411 3136 3487 publici,
3172 3423 3228 3470 et
3256 3416 3308 3470 ei
3345 3409 3636 3492 proposita

2046 3512 2347 3580 placerent,
2391 3508 2637 3577 oportuit
2667 3517 2720 3563 et
2763 3507 2829 3563 ab
2868 3507 2995 3577 ipso‘
3021 3506 3188 3580 508
3218 3508 3640 3583 aliquandore-

2033 3603 2242 3677 ‘sponsi
2293 3603 2579 3675 quidpiam
2632 3602 2808 3661 reddi.
2860 3603 3136 3669 Quaesitus
3185 3611 3270 3659 est
3304 3602 3637 3662 ldoneus‘iai

2047 3695 2413 3770 perferendo;
2453 3705 2580 3753 ‘nec
2644 3697 2787 3752 alius
2851 3696 3324 3751 accommodatior
3382 3704 3637 3768 repertus

2046 3790 2422 3856 Cannaburio,
2464 3790 2746 3847 ﬁdissimo
2765 3788 2974 3843 famulo
3020 3789 3146 3844 lilia:
3190 3792 3416 3858 Asanis,
3447 3793 3636 3848 uxoris

2035 3879 2380 3945 'lioutzerii.’
2409 3884 2511 3942 iiic
2545 3887 2635 3940 ubi
2685 3884 2889 3954 saepius
2933 3882 3061 3940 talia
3099 3894 3342 3942 tractans
3372 3890 3515 3944 ultro
3554 3877 3638 3966 ci-

2053 3991 2249 4051 troque
2290 3979 2680 4046 commeassef,
2731 3979 2954 4037 tandem
2989 3981 3102 4036 haec
3129 3977 3513 4039 conventionis
3545 3997 3638 4038 ca-

2051 4077 2160 4148 pita
2193 4084 2325 4131 sunt
2356 4089 2384 4128 a
2416 4072 2716 4130 Rontzerio
2748 4073 3147 4151 proposita,_'ut
3177 4074 3483 4144 imperator
3507 4091 3639 4147 pro-

2052 4169 2346 4224 missorum
2428 4183 2653 4223 suorum
2725 4165 2990 4236 quantam
3061 4168 3234 4224 vellet
3300 4169 3636 4228 Rantzerius

2051 4258 2522 4313 confirmationem
2581 4274 2643 4312 ac
2685 4241 3422 4331 securitatemdaret,ipse
3449 4275 3636 4320 autem

2050 4351 2382 4407 Rontzcrius
2417 4353 2663 4407 vicissim
2714 4353 2876 4408 iidem
2925 4354 3171 4424 Augusto
3203 4353 3420 4426 iuraret
3449 4374 3635 4414 coram

2052 4447 2119 4501 ab
2154 4446 2247 4500 illo
2295 4447 2466 4500 misso
2498 4446 2562 4500 ad
2596 4445 2648 4500 id
2692 4456 3100 4502 sacramentum
3147 4448 3516 4519 exigendum;
3547 4453 3637 4523 ju-

2052 4551 2268 4596 rarctur
2309 4548 2494 4595 autem
2550 4541 2618 4592 ab
2671 4523 2945 4609 utrisque.
2975 4542 3205 4596 seorsim
3255 4545 3308 4599 in
3340 4561 3634 4618 conspecu;

2053 4636 2378 4690 venerandae
2412 4636 2668 4706 imaginis
2713 4634 2805 4690 Dei
2841 4635 3048 4691 Matris.
3093 4636 3218 4694 llaec
3264 4653 3331 4695 eo
3362 4642 3635 4711 cupidius,

2052 4731 2305 4800 abruptis
2352 4729 2699 4783 tractationis
2748 4729 3032 4784 ulterioris
3077 4732 3273 4796 moris,
3321 4736 3508 4789 statim
3549 4751 3638 4789 ar-

2051 4822 2219 4891 ripuit
2252 4824 2558 4887 Augustus,
2587 4822 2731 4892 quod
2761 4822 2983 4876 interim
3010 4833 3190 4878 metus
3217 4826 3413 4896 ingens
3443 4829 3638 4882 admo-

2051 4917 2283 4971 vebatur
2315 4933 2381 4972 ne
2414 4917 2704 4972 formidata
2738 4916 3474 4987 conj'urath'Catelanorum
3508 4935 3634 4976 cum

2053 5011 2256 5066 Siculis
2316 5012 2367 5066 in
2435 5021 2675 5080 apertam
2738 5011 3118 5068 Romanorum
3155 5015 3634 5086 impugnationem

2051 5114 2385 5174 erumperet.
2439 5104 2574 5159 Nam
2621 5105 2992 5187 Tlteuderiehi
3049 5107 3220 5164 frater
3258 5110 3462 5166 nothus
3509 5126 3633 5165 cum
3675 5178 3677 5181 ι

2055 5203 2285 5256 naribus
2323 5203 2584 5257 tredecim
2635 5203 3114 5273 circumnavigare
3171 5211 3354 5258 terras
3415 5205 3636 5275 imperii

2052 5297 2426 5362 nuntiabatur,
2483 5296 3064 5372 incursasscque'jam
3111 5297 3376 5366 quasdam
3427 5299 3637 5353 insulas

2053 5397 2221 5459 atque
2249 5389 2524 5443 hostiliter
2562 5399 2833 5455 vastasse,
2870 5405 2970 5444 nec
3006 5405 3228 5445 cessare
3258 5397 3484 5445 nuntius
3517 5410 3639 5445 mu-

2053 5492 2180 5539 tuos
2208 5485 2327 5555 ejus
2369 5483 2432 5538 ad
2484 5484 2775 5540 Catelanns
2806 5499 2860 5540 et
2905 5485 3155 5541 vicissim
3196 5486 3262 5540 ad
3295 5489 3445 5543 illum
3478 5489 3638 5545 Cate-

2053 5576 2327 5632 ianorum.
2362 5577 2566 5634 Ultima
2618 5582 2730 5634 haec
2770 5593 2939 5635 causa
2991 5580 3092 5635 fuit
3134 5582 3363 5637 tollendi
3403 5598 3637 5639 cuncta-

2055 5673 2234 5727 tiones
2284 5688 2501 5736 oinnes,
2557 5682 2611 5728 et
2654 5674 2838 5730 statim
2897 5676 2962 5728 ad
3018 5675 3196 5730 frrdus
3251 5678 3637 5748 novmnjure-

2052 5765 2284 5835 jurando
2302 5767 2429 5820 hinc
2451 5776 2504 5822 et
2522 5767 2643 5821 inde
2661 5769 3017 5823 sanciendum
3043 5765 3318 5826 veniendi.
3341 5769 3454 5842 (Π)
3475 5777 3546 5826 Ac
3571 5788 3638 5830 ex

2057 5870 2211 5930 parte
2252 5861 2470 5929 quidem
2519 5877 2614 5915 sua
2665 5863 2788 5928 rite,
2845 5864 2898 5917 in
2954 5881 3075 5935 qua:
3122 5876 3459 5921 conventum
3516 5868 3636 5922 fuc-

2055 5963 2162 6018 rat,
2217 5953 2422 6023 iuravit
2478 5956 2803 6028 imperator;
2855 5943 3227 6032 praetereaque
3279 5961 3634 6020 Theodorum
