4066 6286
303 363 414 431 561‘

1225 378 1333 439 DE
1363 377 1807 440 ANDRONICO
1846 379 2326 445 PALAIOLOGO"
2348 385 2495 451 LIB.
2541 381 2637 446 VI.

3465 383 3585 450 562

299 481 427 547 οοῦς
456 483 789 556 ἐδημηγόρει
830 489 920 540 τοῦ
954 490 1251 561 σχήματος,
1288 493 1462 564 ἀρχῆς
1491 494 1586 547 ἀπ’
1619 493 1794 565 ἄκρης
1818 494 1886 548 τὰ
1917 501 1960 556 Α
2001 495 2364 572 Ἀτταλειὼτῃ
2405 500 2734 574 μαχόμενος,
2769 499 2866 554 καὶ⁸
2893 494 3121 564 πολλοὺς
3151 498 3418 554 ἀποὸἀλοι
3448 511 3575 556 γεν-

300 576 424 630 auO‘
454 579 616 633 αὑτὸν
667 582 934 636 συνιστῶν
966 583 1061 637 καὶ
1087 584 1184 649 τὰς
1232 588 1414 651 αἰτίας
1443 587 1552 641 τῶν
1604 587 1881 657 δυσχερῶν

302 670 740 741 σφίσιννέπάγων
763 673 839 744 τῷ
872 676 1104 746 βασιλεῖ,
1149 677 1297 742 ὅπως
1329 696 1386 732 τε
1417 680 1629 747 γένοιτο
1653 673 1751 747 τὴν
1779 680 1881 749 ἀρ-

299 764 401 835 λὴν
435 766 533 820 καὶ
561 768 710 832 ὅπως
765 773 998 842 τραφείη
1032 774 1465 844 διεξερχόμενος,
1521 775 1614 827 καὶ
1641 773 1716 838 ὡς
1758 772 1884 826 πολ-

301 859 413 922 hic;
443 860 726 930 διαγέγονε
755 867 868 928 τοῖς
900 865 1002 935 μὲν
1031 866 1364 939 συμμαχῶν,
1398 869 1514 931 τοῖς
1543 866 1591 921 δ’
1625 863 1690 921 αὖ
1719 866 1881 920 πολε-

304 951 447 1020 μῶν,
478 953 573 1007 καὶ
598 954 746 1017 ὅπως
769 956 940 1026 τύχης
971 960 1111 1030 ῥοπῇ
1151 962 1246 1013 κα).
1283 961 1527 1029 διηνεκεῖ
1551 960 1779 1033 ἀσχολίᾳ
1800 957 1885 1024 οἷς

303 1045 407 1114 μὲν
437 1051 817 1119 συμμαχήσων
847 1052 1126 1121 ἐπισταίη,
1154 1053 1215 1105 οὐ
1244 1053 1428 1121 σφίσιν
1456 1055 1640 1117 αὐτοῖς
1653 1055 1881 1126 παρεῖχε

299 1139 403 1206 τῆς
434 1137 822 1211 μετακλήσεως
853 1142 1194 1211 μέμψασθαι,
1232 1137 1309 1196 ὧν
1333 1142 1376 1195 δ’
1426 1142 1722 1213 ἀποσταίη.
1768 1145 1886 1212 μοῖ-

299 1247 404 1303 ραν
429 1235 492 1288 οὐ
521 1235 619 1304 τὴν
661 1236 933 1305 τυχοῦσαν
976 1237 1232 1308 βοηθείας
1276 1239 1447 1291 ἐδόκει
1477 1239 1882 1309 προσαφαιρεῖ-

303 1327 450 1381 dm.
481 1327 696 1400 Διεξῇει
724 1331 779 1383 δὲ
816 1331 910 1384 καὶ
939 1333 1016 1388 τὰ·
1047 1332 1189 1385 κατὰ
1218 1333 1317 1405 τὴν
1349 1333 1619 1397 Σικελίαν,
1653 1336 1750 1387 καὶ
1801 1335 1884 1388 ὅτι

300 1422 688 1493 μετα-χρόνιον
732 1424 968 1496 πόλεμον
1015 1426 1242 1498 εἰρήνης
1285 1429 1396 1504 τοῖς
1426 1427 1544 1480 ἐκεῖ
1597 1427 1884 1499 ξνμὸἁσης

297 1517 464 1580 αὖτὺς
505 1517 814 1589 εἰθισμένον
856 1521 998 1591 ἔχων
1034 1521 1308 1592 μελέταις
1339 1519 1686 1593 ἀσχολεῖσθαι
1726 1522 1884 1577 πολε-

300 1611 490 1682 μικαῖς
523 1612 742 1682 πέμψαι
769 1624 828 1667 τε
859 1614 995 1683 πρὸς
1025 1613 1270 1685 βασιλέα,
1303 1613 1396 1669 καὶ
1423 1613 1776 1683 προσαμῦναι
1818 1617 1882 1686 τῇ

299 1705 458 1777 χώρᾳ
505 1706 696 1761 τούτου
731 1708 1144 1782 κινδυνευούσῃ,
1207 1712 1255 1762 ei
1290 1710 1385 1762 καὶ
1417 1708 1578 1771 αὐτὸς
1619 1709 1882 1779 βούλοιτο,

297 1799 503 1871 ἀξιοίη,
535 1803 629 1902 καὶ
659 1801 842 1872 μέντοι
869 1817 932 1870 γε
973 1804 1065 1856 καὶ
1086 1801 1300 1873 ﬂexisti]
1336 1803 1555 1866 αὐτίκα,
1581 1802 1677 1855 καὶ
1704 1817 1884 1873 γραμο
1918 1848 1961 1902 Β

302 1891 493 1960 μάτων
522 1889 725 1956 ἀξιοῖτο
761 1891 1060 1962 βασιλικῶν
1091 1890 1256 1965 κῆδος
1285 1893 1663 1965 βραϐευόντων
1692 1896 1757 1946 ὲκ
1777 1893 1886 1945 τῶν

300 1987 450 2058 πρὸς.
493 1987 727 2059 αἱματος
778 1989 872 2042 καὶ
911 1987 1088 2042 τὸτοῦ
1132 1989 1374 2059 μεγάλου
1418 1989 1609 2051 bound;
1649 1987 1888 2058 ἀξίωμα,

302 2081 600 2137 κάντεῦθεν
627 2081 745 2149 ἄξοι
771 2083 987 2151 ὀλίγους
1020 2082 1052 2154 ἦ
1083 2085 1242 2144 ὅσους
1276 2083 1630 2152 μετεκαλείτο
1660 2082 1908 2151 γράφων.-

297 2176 344 2228 ἁ
371 2173 646 2244 βασιλεὺς,
674 2177 767 2228 καὶ
823 2161 995 2231 πολλὰ
1038 2177 1136 2246 μὲν
1164 2175 1327 2230 πάθοι
1361 2176 1479 2228 κατ’
1509 2173 1797 2242 ἀνατολὴν,
1842 2173 1892 2224 ei

303 2273 400 2323 καὶ
427 2269 507 2341 μὴ
538 2269 774 2341 Πέρσαις
803 2270 1150 2325 συσταλεϊσιν
1178 2271 1244 2324 ὲκ
1295 2271 1449 2334 δέους
1471 2313 1484 2336 ,
1520 2269 1634 2323 ἀλλ’
1683 2264 1778 2322 οὖν
1814 2267 1893 2338 τῷ

305 2466 470 2508 suum
503 2452 573 2507 ad
623 2461 804 2510 terras
837 2454 1055 2524 imperii
1099 2456 1391 2525 appulsam
1440 2455 1667 2511 sinistre
1709 2456 1892 2511 conti-

303 2543 537 2614 gissent,
577 2544 631 2598 in
667 2544 1054 2615 imperatorem
1105 2547 1406 2603 conferret.
1439 2546 1684 2606 Exorsus
1727 2551 1898 2603 nimi-

309 2650 431 2690 rum
460 2636 530 2691 ab
569 2638 761 2692 ultima
789 2640 1042 2708 pueritiae
1072 2641 1360 2705 memoria,
1397 2657 1562 2710 quam
1603 2642 1770 2699 claris
1795 2657 1894 2696 na-

307 2729 537 2794 talibus,
575 2746 741 2801 quam
774 2733 1062 2802 splendide
1107 2734 1305 2790 fuisset
1354 2737 1622 2791 educatus
1656 2737 1904 2805 gloriose

303 2822 558 2892 iactavit.
609 2821 749 2881 Tum
788 2827 871 2883 his
922 2837 1033 2882 non
1081 2830 1263 2883 minus
1295 2837 1624 2900 arroganter
1659 2831 1896 2884 attexuit

310 2927 376 2972 ut
409 2929 834 2988 perseveranter
885 2922 1028 2988 apud
1069 2923 1274 2979 multos
1322 2922 1663 2994 fortiterque
1695 2924 1898 2992 perstio

308 3014 462 3079 terit,
501 3011 605 3071 hos
627 3013 774 3072 bello
801 3015 1100 3087 adiuvans.
1150 3017 1276 3073 iilos
1311 3032 1670 3088 oppugnaris;
1707 3027 1766 3073 ut
1799 3034 1898 3089 per

310 3121 520 3163 attines
565 3106 798 3166 fortuna
830 3112 1148 3178 varietates,
1191 3113 1557 3184 occupatione
1607 3113 1900 3181 continua,

1986 589 2171 655 ναίους
2196 588 2415 663 ἄνδρας,
2457 586 2502 662 ᾧ
2539 592 2630 647 καὶ
2668 590 2745 656 ὡς
2777 593 3061 666 ἀντιπάλῳ
3095 591 3311 663 ἐπέχειν
3354 592 3570 664 ὁρμῷη,

1986 686 2082 740 καὶ
2114 685 2201 760 [Ρ.
2227 686 2448 759 3561ὡς
2465 689 2522 740 έν
2549 686 2816 755 ὑπηκόοις
2846 686 3109 759 βασιλέως
3134 685 3490 756 λογιζομένου
3512 686 3576 739 τὸ

1987 781 2156 834 πάλαι
2184 782 2276 833 καὶ
2327 782 2733 852 ἀφηνιάσαντος
2766 781 2888 854 ἢδη,
2926 776 3035 835 τῶν
3065 779 3202 853 πρὸς
3229 777 3437 835 ἐκεῖνον
3497 780 3576 851 μὴ

1984 873 2234 943 ἀφειδοιη
2255 869 2502 943 ἀγώνων.
2534 875 2640 928 Καὶ
2661 874 2812 939 τέλος
2843 872 3014 928 ἐλθὼν
3037 873 3098 928 τὸ
3121 871 3363 944 πόλισμα
3389 891 3575 942 παρα-

1988 965 2313 1036 στήσασθαι,
2367 965 2652 1038 βασιλικὰς
2682 968 2996 1040 ἐξεπίτηδες
3045 967 3438 1030 διακωλύοντος
3475 965 3576 1035 τὴν

1987 1061 2335 1129 παράστασιν
2368 1056 2580 1126 δέξαιτο
2627 1059 2898 1124 συλλαϐὰς
2923 1102 2940 1126 ,
3000 1059 3437 1123 ὲπισπευδούσας
3477 1055 3576 1126 τὴν

1985 1147 2081 1204 τοῦ
2130 1150 2531 1223 Ἑλλησπόντου
2568 1147 2989 1224 διαπεραίωσιν,’
3014 1153 3090 1218 ὡς
3113 1153 3313 1206 αὐτίκα
3337 1151 3574 1222 ἑτοίμων

1986 1240 2158 1296 ὄντων
2191 1245 2285 1297 καὶ
2308 1244 2495 1299 ἵππων
2521 1247 2614 1300 καὶ
2665 1247 2849 1316 πάσης
2871 1247 3123 1315 δαπάνης
3152 1246 3246 1300 καὶ
3277 1245 3571 1316 μισθωμάο

1986 1353 2121 1402 των,
2147 1336 2230 1406 ἐφ’
2255 1324 2422 1407 diem
2451 1338 2664 1403 Μυσίας
2698 1341 2836 1410 πρὸς
2883 1339 3107 1412 βασιλέα
3138 1338 3359 1409 Μιχαὴλ
3396 1357 3576 1410 παρα-

1987 1429 2233 1496 γένοιντο
2261 1426 2427 1501 μηδὲν
2468 1435 2976 1504 προσαργήσαντες.
3024 1435 3086 1488 Οί
3110 1433 3167 1487 δι
3201 1434 3298 1487 καὶ
3328 1426 3583 1503 περαιω-’

1988 1522 2133 1576 θεῖεν
2170 1523 2513 1588 ἐπιστάντες,
2548 1527 2642 1579 καὶ
2669 1526 2777 1579 τῶν
2812 1526 3185 1598 μισθωμὰτων
3220 1524 3580 1597 ὑπερτιθεμέ-

1988 1634 2096 1669 νων
2149 1619 2226 1670 τα·
2281 1620 2376 1671 καὶ
2423 1623 2492 1672 τὰ
2549 1619 2839 1691 πράξειαν.
2903 1621 3017 1674 Καὶ
3073 1618 3252 1674 ταῦτα
3311 1621 3487 1688 λέγων
3548 1619 3577 1671 6

1994 1709 2268 1780 βάρϐαρος
2293 1713 2576 1783 προσῆπτε
2611 1712 2710 1776 τὰς
2731 1713 2912 1778 αἰτίας
2936 1713 3013 1784 τῷ
3038 1713 3250 1784 βασιλεῖ
3269 1712 3344 1776 ὡς
3364 1713 3577 1766 ἐκεῖθεν

1989 1802 2051 1854 τὸ
2083 1803 2192 1855 πᾶν
2225 1803 2506 1857 παθόντων
2556 1804 2803 1867 ἐκείνων,
2846 1803 3278 1873 σοϐαρευόμενος
3323 1803 3416 1856 ἐπὶ
3450 1800 3574 1856 τοὺ·

1990 1909 2106 1955 τοις
2134 1893 2226 1946 καὶ
2263 1911 2319 1946 σε
2331 1884 2775 1964 μνοποιοιῗμενος,
2810 1895 2865 1948 ei
2891 1896 2944 1949 τί
2963 1913 3067 1948 που
3097 1896 3191 1950 καὶ
3218 1896 3409 1964 γέγονε
3450 1895 3583 1947 δυσ-

1992 1987 2173 2055 χερὲς,
2223 1988 2299 2050 εἰς
2359 1990 2538 2040 αἰτίαν
2571 1989 2791 2056 ἀνάγων
2840 1990 3177 2061 εὐσχήμονα,
3216 1990 3311 2043 καὶ
3374 1982 3450 2043 ὧν
3478 1989 3577 2058 τὴν

1993 2076 2176 2130 αἰτίαν
2226 2076 2522 2149 εἰλήφεσαν
2563 2080 2761 2134 Ἰταλοὶ
2801 2079 2858 2147 ἐξ
2902 2081 3236 2151 ἀλαστορίας
3289 2079 3575 2150 συνήθους.

1993 2170 2073 2232 εἰς
2109 2169 2207 2242 τὴν
2240 2171 2349 2223 ἀπὸ
2384 2165 2648 2242 βασιλέως
2688 2175 2963 2243 πρόφασιν
3004 2172 3350 2244 μεταφέρων,
3379 2170 3474 2225 καὶ
3503 2171 3584 2225 δι·-

1994 2262 2157 2326 καίας
2186 2263 2311 2327 τοὺς
2355 2264 2753 2336 εἰργασμένους
2804 2264 3059 2320 ἀπολύων
3095 2265 3380 2336 μέμψεως.
3416 2262 3608 2328 Τέλος-

1997 2457 2209 2504 teneret
2255 2450 2499 2505 cinctum
2539 2451 2662 2505 sine
2703 2466 2800 2520 spe
2859 2465 2924 2506 ac
2963 2451 3228 2508 facultate
3289 2451 3580 2514 evadendi,

1991 2545 2212 2614 jussum
2263 2558 2322 2596 se
2353 2543 2696 2598 instantibus
2742 2551 2907 2612 atque
2937 2543 3356 2612 increpantibus
3399 2556 3584 2598 moras

1999 2636 2374 2705 imperatoriis
2437 2636 2671 2700 litteris,
2725 2633 2965 2690 factione
3027 2633 3328 2690 faventium
3393 2633 3595 2694 rebelli

1999 2732 2302 2798 expressis,
2347 2733 2566 2785 cunctis
2617 2732 2960 2787 statimillic
3005 2732 3228 2786 omissis
3263 2730 3586 2802 Hellespon-

2000 2836 2115 2880 tum
2153 2825 2431 2894 trajicere.
2471 2823 2646 2896 Cujus
2694 2826 2926 2883 adversa
2971 2826 3025 2880 in
3076 2841 3172 2882 ora
3212 2827 3385 2896 parati
3436 2833 3591 2882 stare

2001 2919 2323 2973 ferebantur
2353 2918 2418 2972 ad
2458 2935 2621 2974 usum
2663 2929 2938 2986 nostrmn,
2981 2919 3143 2974 simul
3179 2919 3306 2973 illuc
3340 2919 3592 2988 appulis-

2001 3029 2210 3078 semus,
2237 3014 2386 3083 equi,
2419 3023 2761 3068 commeatus
2796 3022 2864 3069 et
2898 3015 3142 3082 pecuniae
3184 3013 3585 3083 stipendiorum

2002 3111 2230 3164 nomine
2260 3109 2478 3174 debitae,
2514 3119 2570 3163 ut
2609 3109 2960 3166 iisinstructi
2991 3109 3260 3164 continuo
3291 3105 3592 3180 progrede-

307 3199 381 3256 iis
417 3201 641 3269 quidem
685 3205 776 3273 qui
811 3221 869 3260 se
899 3207 954 3259 iu
983 3206 1254 3260 auxilium
1290 3207 1665 3276 periclitantes
1709 3221 1898 3262 accer-
1928 3209 1971 3268 C
2005 3213 2192 3254 rentur
2225 3199 2292 3252 ad
2330 3198 2652 3257 Michaelem
2684 3198 2960 3268 iuniorem
3005 3201 3312 3272 Augustum
3364 3201 3414 3254 ei
3451 3215 3585 3271 ope-

305 3297 538 3362 si‘ssent,
568 3301 868 3368 panitendi
892 3315 1116 3356 causam
1157 3302 1230 3356 ob
1261 3317 1320 3356 se
1355 3311 1611 3358 vocatum
1659 3318 1767 3358 non
1801 3306 1895 3358 de-

304 3392 494 3460 derit;
551 3403 760 3450 contra.
799 3411 932 3451 vero
986 3395 1057 3453 iis
1115 3412 1144 3451 a
1206 3397 1421 3467 quibus.
1467 3397 1541 3453 sit
1589 3396 1915 3468 digressus,

305 3504 473 3558 uitam
503 3488 698 3558 ingens
727 3489 811 3543 sui
850 3489 1135 3559 reliquerit
1176 3490 1554 3556 desiderium,
1579 3499 1899 3562 quantoque

309 3581 387 3636 illi
418 3582 680 3654 praesidio
719 3597 780 3637 se
810 3583 1047 3638 nudatos
1080 3583 1203 3650 ejus
1253 3583 1519 3640 abscessu
1554 3583 1898 3653 experiendo

309 3673 797 3747 comparand‘oque
839 3686 1027 3746 postea
1083 3662 1384 3733 senserint.
1435 3675 1723 3734 Processit
1767 3676 1900 3732 hinc

311 3775 378 3826 ad
415 3786 516 3828 sua
569 3771 624 3824 in
679 3768 868 3825 Sicilia
921 3780 1103 3841 gesta,
1132 3786 1449 3828 memorans
1485 3771 1650 3840 longo
1688 3787 1749 3826 se
1788 3771 1900 3826 illic

313 3863 670 3934 perfunctum
699 3862 868 3926 bello,
913 3862 1003 3917 ubi
1038 3863 1237 3918 deinde
1269 3863 1411 3916 inter
1442 3863 1622 3931 capita
1655 3862 1900 3930 partium

313 3956 382 4031 de
409 3966 549 4028 pace
566 3965 903 4012 conventum
936 3955 1155 4020 fuisset,
1190 3955 1370 4026 ipsum
1401 3955 1779 4025 impatientem
1803 3956 1900 4010 otii

314 4047 472 4123 511
504 4051 876 4120 labemque
909 4048 1235 4105 militarium
1274 4059 1554 4103 amantem
1586 4047 1807 4102 misisse
1832 4045 1902 4102 ad

227 4149 231 4152 ’
311 4147 707 4218 imperatorem
740 4131 1109 4216 oppugnatum
1153 4158 1185 4197 a
1226 4140 1508 4215 Barbaris,
1551 4141 1900 4196 ostendisse-

313 4257 419 4313 (ιω
448 4256 508 4294 se
545 4245 796 4308 paratum
831 4239 897 4293 ad
932 4236 1262 4293 veniendum
1291 4237 1342 4292 ei
1375 4251 1496 4290 cum
1532 4235 1708 4290 valida
1737 4250 1900 4290 manu

312 4335 616 4402 suppetias.
669 4330 973 4386 Admisisse
1006 4330 1189 4386 oblata
1243 4329 1440 4399 cupide
1476 4329 1812 4398 Augustum.
1849 4335 1917 4383 et.

312 4423 517 4482 litteris
551 4435 918 4496 properanter
965 4423 1217 4478 remissis
1247 4423 1512 4476 invitasse
1545 4421 1614 4476 ad
1652 4437 1735 4482 se,
1769 4436 1901 4490 pro-

312 4519 505 4574 missis
534 4516 848 4573 honoribus
888 4516 1082 4586 quales
1133 4514 1345 4573 deferri
1371 4515 1610 4585 propriis
1663 4528 1914 4568 consan-~

315 4613 539 4682 guineis
571 4613 816 4667 solerent
847 4617 903 4666 et
937 4610 1215 4679 digni-tate
1236 4609 1398 4664 ducis
1428 4608 1633 4678 magni.
1674 4606 1802 4663 Hac
1843 4625 1910 4663 se

313 4708 696 4770 acceptantetn
726 4699 1084 4769 rescripsisse
1118 4692 1506 4754 ducturum'se
1538 4715 1769 4769 parvum
1806 4711 1906 4754 aut

318 4797 552 4850 multum
585 4810 871 4849 numerum
920 4794 1183 4859 militum,
1220 4801 1382 4864 prout
1431 4797 1715 4863 Augustus
1766 4810 1905 4862 prae-

318 4892 641 4962 scripsisset
672 4909 687 4945 :
722 4907 787 4945 ex
826 4907 935 4959 quo
974 4899 1156 4944 autem
1186 4893 1340 4959 iuxta
1376 4891 1696 4945 condictum
1727 4906 1900 4960 appu-

319 4983 501 5048 lisset,
527 4997 853 5053 aggressum
893 4998 948 5035 se
977 4981 1237 5050 opitulari
1273 4982 1548 5035 laboranti
1603 4981 1770 5043 Asiae,
1809 4999 1908 5037 ex-

316 5092 495 5136 trema
550 5079 696 5134 bello
748 5077 1078 5133 difficillimo
1135 5093 1492 5146 perpessum,
1542 5086 1655 5131 tum
1717 5077 1905 5131 Per-sis

320 5175 667 5241 coercendis,
694 5190 833 5246 quos
875 5182 1022 5228 metu
1070 5188 1350 5227 armorum
1405 5187 1632 5226 suorum
1677 5179 1904 5228 contra-

319 5271 454 5327 here
486 5285 610 5327 sese
637 5285 703 5326 ac
735 5270 1017 5325 licentiam
1053 5270 1323 5338 evagandi
1373 5270 1608 5322 traznare
1639 5266 1912 5334 coegerit,

319 5375 437 5424 tum
489 5365 789 5435 Attaleota,
851 5364 1174 5435 imperatori
1231 5363 1484 5433 subjecto
1551 5359 1630 5414 illi
1682 5358 1906 5431 quidem

323 5459 477 5525 olim,
513 5459 609 5516 sed
666 5466 799 5514 tunc
851 5457 1163 5525 rebellanti,
1210 5459 1544 5513 etlomando.
1577 5457 1698 5522 Qun
1732 5457 1784 5509 in
1818 5471 1913 5509 ne-

324 5556 473 5628 getio
515 5570 680 5627 quam
734 5554 870 5610 nulli
908 5569 1088 5625 Operae
1135 5564 1231 5607 aut
1277 5553 1524 5622 periculo
1575 5553 1910 5622 pepercerit,

326 5647 775 5722 quotqualesque'
797 5649 946 5704 viros
977 5646 1315 5704 fortissimos
1348 5648 1620 5712 amiserit,
1655 5645 1837 5700 adhuc
1858 5661 1918 5700 se

2003 3305 2120 3346 ram
2164 3292 2369 3354 daturi,
2406 3294 2548 3347 bello
2584 3293 2650 3347 ad
2689 3295 2838 3364 quod
2874 3302 3022 3348 stare
3076 3295 3400 3364 procinctus
3436 3293 3590 3350 dice-

1999 3388 2166 3444 batur
2193 3398 2388 3444 contra
2414 3388 2642 3460 Mysiam
2672 3389 2934 3459 gerendo.
2969 3389 3219 3443 Addebat
3244 3401 3308 3444 se
3339 3402 3405 3445 ac
3430 3404 3588 3459 suos,

2003 3483 2094 3538 ubi
2125 3483 2258 3538 nihil
2283 3484 2521 3538 cunctati
2552 3483 2923 3553 traiecissent,
2952 3483 3088 3537 nihil
3112 3496 3301 3537 eorum
3331 3489 3587 3554 paratum

2003 3575 2283 3632 invenisse
2313 3592 2434 3646 quae
2460 3576 2734 3645 promissa
2766 3573 3003 3629 fuerant.
3046 3575 3234 3645 Itaque
3285 3588 3413 3631 cum
3466 3576 3588 3630 sine

2005 3667 2114 3724 ﬁne
2163 3669 2596 3740 stipendiorum.
2641 3679 2876 3736 quorum
2927 3667 3048 3721 dies
3099 3667 3310 3736 pridem
3352 3666 3586 3727 exierat.

2003 3763 2208 3819 solutio
2240 3761 2586 3818 eiusionibus
2625 3760 2967 3827 diﬂ’erretur,
2999 3759 3334 3816 necessitate
3364 3763 3590 3815 adactos

2002 3859 2200 3915 ultima
2234 3872 2372 3913 suos
2401 3857 2602 3912 milites
2635 3856 2810 3909 illa-et
2838 3855 2927 3908 illa
2955 3854 3158 3925 egisse,
3197 3869 3321 3924 quae
3353 3855 3592 3925 impera-

2003 3953 2130 4005 torii
2189 3949 2436 4004 solerent
2503 3945 2953 4003 invidiosissimis
2982 3945 3128 4015 apud
3181 3959 3316 4000 suos
3345 3945 3595 4015 querelis

2006 4043 2320 4100 traducere.
2357 4041 2510 4109 Quos
2557 4056 2619 4094 ex
2669 4048 3153 4110 aequo-aestimare
3186 4040 3473 4108 oportebat
3501 4038 3592 4093 cui

2004 4138 2167 4208 culpa
2198 4137 2399 4191 horum
2449 4134 2774 4205 imputanda
2822 4133 2916 4190 sit.
2956 4133 3014 4188 Si
3050 4133 3194 4188 enim
3241 4134 3390 4201 juste
3439 4132 3594 4187 ιιι-[ἠν

2008 4241 2243 4296 trentur,
2282 4232 2556 4300 reperient
2583 4237 2758 4283 totum
2807 4227 3017 4282 crimen
3069 4227 3137 4281 ad
3171 4241 3268 4281 eos
3321 4225 3598 4295 pertinere

2006 4327 2103 4398 qui
2154 4323 2360 4379 milites
2412 4325 2578 4377 toties
2631 4321 2930 4391 promissa,
3000 4326 3110 4374 tam
3149 4319 3361 4388 pridem
3407 4316 3621 4372 debita.

2010 4418 2270 4474 mercede"
2317 4417 2636 4471 fraudantes
2688 4416 2740 4468 in
2789 4429 2910 4467 eam
2964 4420 3262 4482 egestatem
3313 4409 3599 4479 compule-

2010 4523 2160 4575 runt,
2203 4527 2327 4582 qua:
2378 4508 2540 4579 512
2585 4508 2870 4562 famelicos
2921 4513 3145 4576 cogeret
3192 4504 3375 4560 obviis
3419 4505 3596 4575 copiis

1938 4581 2295 4674 nrapiendis
2353 4620 2459 4658 non
2509 4604 2814 4657 abstinere.
2879 4601 2973 4655 Sic
3037 4599 3268 4669 loquens
3319 4598 3620 4655 Barbarus.

2006 4716 2162 4754 reum
2207 4713 2469 4769 peragere
2517 4698 2905 4764 imperatorem
2959 4693 3266 4749 conabatur
3326 4694 3597 4750 scelerum

2006 4796 2255 4850 omnium
2294 4809 2417 4864 qua:
2450 4791 2534 4848 sui
2575 4792 2818 4846 latrones
2857 4796 3311 4858 perpetrassent,
3351 4787 3597 4841 omnium

2009 4891 2340 4944 damnorum
2372 4901 2494 4955 quae
2527 4886 2676 4938 illata
2710 4883 3042 4938 miserrimis
3073 4892 3343 4936 tractuum
3379 4881 3627 4937 illorum,

2013 4983 2251 5038 fuissent
2284 4981 2503 5036 incolis.
2535 4978 2678 5045 Quin
2714 4988 2767 5032 et
2785 4978 2982 5031 eadem
3013 4974 3355 5044 impudentia
3387 4972 3601 5042 jactane

2020 5081 2107 5132 tia:
2142 5095 2205 5149 pc
2247 5077 2386 5131 rexit
2415 5075 2518 5130 sibi
2564 5074 2786 5144 quidem
2822 5087 2884 5126 ac
2919 5071 3042 5125 suis
3067 5083 3332 5139 arrogare
3379 5067 3628 5122 laudem.

2016 5189 2236 5227 omnem
2267 5185 2529 5241 prospere
2565 5179 2884 5239 gestorum,
2908 5167 3069 5236 longe
3100 5177 3247 5218 vero.
3278 5163 3452 5230 phire.-
3480 5177 3604 5230 qua:

2020 5270 2162 5322 male
2193 5276 2580 5322 successerant
2603 5303 2618 5326 ,
2649 5272 2706 5317 et
2751 5260 2886 5316 illas
2923 5257 3277 5316 offensiones
3313 5254 3443 5310 belli
3472 5268 3604 5308 sue..-

2020 5377 2325 5431 cessusque
2356 5360 2741 5422 barbarorum,
2795 5354 2956 5408 unice
3004 5350 3357 5420 imperatoris
3389 5349 3603 5417 impru-

2020 5457 2219 5512 dentiae
2267 5464 2360 5510 aut
2413 5451 2768 5522 parcimonize
2815 5449 3079 5510 tribuere,
3112 5460 3219 5498 non
3259 5441 3602 5513 argumentis

2024 5552 2076 5606 id
2118 5551 2206 5605 ille
2240 5551 2460 5619 quidem
2498 5547 2714 5600 idoneis
2742 5544 3030 5604 evincens,
3071 5539 3167 5594 sed
3199 5546 3464 5592 consueto
3494 5533 3601 5588 La-

2026 5647 2127 5700 tini
2167 5643 2385 5713 generis
2425 5651 2480 5695 et
2518 5640 2662 5693 fastu
2701 5648 2756 5693 et
2802 5635 3093 5704 iniquitate
3137 5631 3190 5686 in
3227 5631 3473 5688 Grecam
3509 5641 3606 5681 na.-

327 5755 646 5801 mmrentem
671 5742 1010 5810 meminisse,
1031 5742 1328 5798 novissime
1347 5743 1578 5810 palmam
1634 5741 1757 5796 belli
1807 5738 1925 5804 ejus
2031 5739 2238 5792 tionem
2272 5749 2392 5788 cant
2431 5747 2674 5788 .oncrans
2703 5728 2908 5785 invidia
2944 5741 3136 5780 eorum
3169 5738 3294 5793 quae
3325 5729 3605 5790 peccasset

323 5840 434 5908 iam
475 5854 641 5910 prope
687 5837 924 5895 confecti
978 5838 1080 5893 sibi
1133 5837 1203 5891 ab
1257 5838 1589 5907 imperatore
1634 5834 1702 5889 de
1739 5836 1917 5888 mani-

330 5932 439 5992 bus
453 5942 728 5990 extortam
762 5950 776 5990 :
811 5948 936 5990 cum
961 5929 1459 6004 enimpcrdnellem
1485 5940 1602 5986 arta
1631 5929 1919 5988 obsidione

2032 5831 2148 5899 ipse
2181 5844 2304 5883 cum
2329 5826 2468 5888 suis,
2495 5833 2546 5878 et
2571 5837 2667 5876 eos
2694 5819 3051 5883 absolvendo,
3077 5832 3176 5873 nos
3205 5814 3605 5870 condemuans.

2030 5924 2112 5981 Ad
2161 5934 2468 5981 extremum
2525 5916 2711 5976 intulit
2760 5932 2789 5971 ιι
2824 5929 2885 5972 sc
2933 5911 3072 5971 nihil
3111 5913 3296 5972 suisse
3338 5909 3607 5982 iniuriose
