4066 6286
500 334 607 399 563

503 543 849 614 περθόμενοι
867 548 924 601 δὲ
941 550 1048 603 τῶν
1073 551 1282 621 μισθῶν
1297 556 1676 628 άφαρπάζοιεν
1698 563 1814 616 κατ’
1837 566 2082 634 ἀνάγκην

499 635 599 705 τὴν
629 637 817 708 χώραν
848 642 1164 707 κακοῦντες.
1217 646 1322 701 Τὸν
1356 633 1539 719 μέντοι
1587 671 1650 722 γε
1713 653 1944 725 βασιλέα
1978 633 2084 713 Μι-

500 729 643 802 χιὴλ
666 731 926 804 δυνάμεις
952 738 1082 808 περὶ
1113 740 1277 794 αὑτὸν
1303 740 1494 813 ἔχοντα
1530 747 1843 818 Ῥωμαϊκὰς
1865 753 2083 804 ἀκούειν

501 825 625 878 κατ’
655 825 834 885 αὐτῶν
871 829 1009 891 ίέναι
1051 833 1126 896 ὡς
1183 835 1516 894 ἀδικούντων
1561 841 1868 910 βούλεσθαι.
1906 839 1976 917 ᾯ
2019 846 2083 915 δὴ

499 919 590 972 καὶ
620 921 709 1010 διά
729 923 852 985 τοὺς
884 925 1082 995 ὅρκους
1129 924 1210 994 οἷς
1233 935 1371 1002 πρὸς
1410 937 1508 1005 τὴν
1546 928 1826 1004 βασιλείαν
1859 939 2083 1010 ὲπώμου

497 1026 590 1075 τος
622 1007 710 1084 ἦν,
753 1017 846 1068 ἐπὶ
891 1019 1027 1072 πόδα
1045 1022 1151 1074 ora!
1187 1024 1316 1090 γόνυ
1364 1029 1636 1098 χωρήσειν
1705 1031 1869 1101 μέχρι
1903 1007 1996 1086 καῖ
2026 1035 2082 1096 ες

495 1107 908 1178 τεσσαράκοντα
967 1110 1084 1182 ῐχνη
1128 1115 1468 1184 διεϐεϐαίου,
1529 1122 1849 1177 τούντεῦθεν
1895 1125 1952 1178 δὲ
1987 1125 2083 1179 καὶ

495 1196 647 1268 αύτῷ
670 1198 933 1270 μελήσειν
949 1204 1047 1274 τῆς
1074 1211 1348 1276 σωτηρίας
1381 1213 1546 1266 αὑτοῦ
1567 1231 1624 1267 τε
1652 1215 1745 1270 καὶ
1772 1215 1881 1270 τῶν
1910 1218 2078 1272 ίδίωνο

496 1294 600 1347 κᾶν
635 1296 798 1360 αὐτὸς
829 1296 1038 1365 πίπτοι,
1078 1307 1349 1367 πεσεῖται,
1404 1308 1506 1360 κᾶν
1537 1310 1764 1376 ἐκεῖνος,
1798 1312 1858 1365 τὸ
1891 1313 2091 1384 μόρσιέ

497 1402 619 1458 μον.
647 1388 756 1443 Καὶ
781 1391 873 1452 τοῦ
899 1390 1087 1449 λοιποῦ
1114 1398 1187 1467 μὴ
1221 1400 1417 1468 χρῆναι
1454 1403 1594 1470 σφᾶς
1621 1404 1930 1472 φροντίζειν
1951 1409 2080 1477 περὶ

498 1478 708 1549 κυρίου,
745 1482 818 1545 ὡς
853 1485 1153 1553 ἀναγκαῖον
1187 1489 1246 1552 ὃν
1281 1492 1589 1562 ἀμύνεσθαι
1638 1498 1764 1561 τοὺς
1798 1497 2079 1570 ὑπάρξαν-

492 1592 616 1641 τας.
662 1582 754 1634 καὶ
795 1583 869 1653 μὴ
907 1584 1277 1653 καθυφεικότα
1323 1590 1422 1657 τῆς
1484 1591 1622 1661 ὑπὲρ
1670 1591 1771 1661 τῆς
1808 1594 2080 1663 σωτηρίας

496 1672 730 1743 σπουδῆς
757 1678 1016 1743 ναυαγεῖν
1043 1681 1100 1731 ὲν
1124 1679 1322 1748 λιμένι.
1353 1678 1538 1734 Ταῦτα
1571 1684 1667 1737 καὶ
1681 1682 1888 1736 τοιαῦθ’
1914 1677 2078 1751 ’ἔτερα

493 1763 733 1835 κορύζης
774 1766 1039 1838 Ἰταλικῆς
1066 1770 1202 1825 πλέα
1228 1771 1716 1844 σοϐαρευσάμενος,
1751 1773 1820 1829 τὰ
1851 1778 1950 1845 μὲν
1970 1777 2080 1828 τῶν

505 1855 722 1913 Ἰταλῶν
746 1861 892 1921 κακά
925 1861 1286 1936 παρατρέχων
1314 1867 1407 1920 καὶ
1430 1868 1510 1931 είς
1540 1868 1721 1933 αἰτίας
1750 1869 2079 1941 μεταφέρων

491 1949 768 2020 εὐλόγους,
799 1954 875 2019 ὼς
901 1955 1282 2027 ὑπελάμϐανε,
1335 1962 1403 2014 τὰ
1436 1961 1494 2015 δὲ
1516 1962 1624 2015 τῶν
1659 1962 1925 2034 βασιλέων
1953 1965 2087 2018 ὁπο-

491 2045 846 2113 κοριξόμενος
871 2049 1275 2121 ἀναισχύντως,
1301 2052 1506 2122 μᾶλλον
1536 2052 1718 2126 ἑαυτῷ
1749 2071 1810 2108 τε
1844 2057 1937 2109 καὶ
1970 2057 2086 2120 τοῖς

493 2137 648 2203 ἰδίοις
673 2139 901 2206 πιθανὸς
955 2143 988 2214 ἢ
1028 2147 1140 2208 τοῖς
1193 2145 1486 2201 ἀκούουσιν
1517 2145 1720 2212 ἔδοξεν.
1757 2147 1832 2199 Οὐ
1863 2146 2085 2210 πλείους

489 2230 549 2297 ἐξ
579 2233 788 2288 ἐκείνου
820 2235 928 2289 τῶν
955 2236 1088 2290 δέκα
1117 2237 1402 2308 παρῆλθον
1434 2239 1662 2310 ἡμέραι,
1689 2239 1785 2294 καὶ
1813 2239 1973 2308 γνοὺς
2002 2233 2085 2302 οἷς

488 2325 590 2393 ρύκ
627 2327 796 2410 ἐχρῆν
841 2330 1019 2411 λόγοις
1054 2330 1402 2414 ἐξαμαρτὼν,
1434 2333 1466 2414 ἢ
1505 2335 1599 2388 καὶ
1631 2333 1731 2414 τὴν
1797 2334 1950 2405 παρὰ
1987 2333 2080 2386 τοῦ

490 2611 704 2669 actum.
761 2608 908 2676 quod
948 2608 1154 2678 injuste
1206 2609 1452 2666 fraudati
1516 2612 1815 2682 stipendiis
1855 2612 2079 2679 debitis,

490 2700 818 2772 redactique
850 2701 917 2756 a‘d
956 2702 1180 2769 incitas.
1220 2707 1363 2759 unde
1401 2705 1651 2762 viverent
1678 2723 1840 2763 manu
1878 2710 2081 2778 quaesi-

491 2795 752 2855 vissent.
789 2795 1098 2866 diripienda
1147 2799 1201 2852 in
1249 2814 1416 2868 quam
1466 2800 1641 2856 vocati
1704 2800 1943 2858 fuissent
1996 2819 2084 2858 re-

489 2888 674 2957 gione.
706 2889 914 2947 Audire
948 2906 1007 2948 se
1045 2899 1224 2948 tamen
1259 2893 1583 2949 Micliaelem
1617 2896 1926 2966 Augustum
1966 2895 2080 2950 Ro-

492 2999 688 3040 manas
709 2985 855 3044 circa
888 3002 947 3041 se
980 2987 1273 3044 habentem
1305 2989 1516 3056 copias,
1548 2990 1746 3044 minari
1775 2991 2079 3047 exercitum

489 3075 756 3144 infestum
805 3077 857 3131 in
899 3079 1050 3146 ipsos
1083 3078 1403 3135 immittere.
1443 3079 1583 3135 Huic
1619 3097 1770 3145 vero,
1817 3091 1876 3136 ut
1909 3083 2080 3152 impe-

489 3169 698 3232 ratoris
727 3171 841 3225 lilio
869 3179 922 3225 et
948 3171 1165 3240 imperii
1193 3175 1461 3239 consorti,
1499 3175 1647 3228 scire
1682 3191 1803 3232 sese
1837 3191 1936 3231 nec
1960 3177 2078 3231 dis-

488 3265 763 3320 simulare
786 3264 914 3332 quid
950 3264 1198 3320 deberet.
1231 3266 1492 3336 Adeoque
1522 3277 1860 3336 perstantem
1889 3270 1940 3325 in
1974 3270 2080 3326 tide

491 3360 674 3420 debita
698 3361 898 3429 jnrataz
927 3360 1002 3414 illi
1027 3360 1410 3430 subjectiouis,
1449 3371 1700 3428 paratum
1737 3379 1862 3418 esse
1895 3366 2075 3433 ipsum

489 3454 748 3518 venerari
783 3454 1117 3524 procidendo
1147 3454 1214 3510 ad
1253 3455 1414 3525 pedes
1443 3453 1585 3510 ﬂexo
1621 3468 1676 3511 et
1711 3458 1858 3514 bumi
1898 3457 2078 3529 posito

490 3565 659 3623 genu.
686 3549 771 3604 vel
810 3565 993 3620 usque
1017 3549 1091 3609 ab
1112 3550 1547 3621 quadragesimo
1585 3553 1837 3621 vestigio.
1877 3553 1949 3607 De
1971 3569 2078 3609 rm.

493 3655 636 3710 tero,
671 3643 715 3698 si
753 3643 858 3697 vim
895 3643 1146 3709 inferret,
1180 3659 1243 3700 se
1278 3645 1424 3700 haud
1457 3655 1786 3701 cunctanter
1818 3648 2076 3718 repulsu-

489 3751 638 3801 rum,
693 3737 945 3812 nihilque
1014 3740 1352 3797 omissurum
1389 3739 1534 3807 quod
1580 3756 1693 3795 sure
1749 3756 1813 3796 ac
1847 3756 2073 3796 suorum

490 3831 853 3904 expediendae
879 3834 1047 3890 saluti
1086 3834 1406 3890 necessario
1438 3833 1811 3890 adhibendum
1858 3835 2076 3899 videre-
2126 3870 2129 3873 -

488 3937 606 3987 tur.
656 3928 838 3983 Praalii
889 3942 1214 3983 successum
1247 3929 1302 3982 in
1353 3927 1522 3984 sortis
1548 3929 1782 3985 arbitrio
1814 3929 1930 3985 fore
1965 3947 1981 3984 :
2019 3944 2078 3986 se

489 4023 640 4079 enim
672 4030 732 4078 et
761 4023 960 4079 cadere
988 4023 1082 4079 tali
1114 4023 1423 4082 certamine
1457 4035 1736 4093 paratum,
1767 4035 1822 4080 et
1842 4024 2079 4092 quemli-

489 4115 586 4173 bet
629 4131 692 4172 se
734 4125 928 4172 contra
965 4115 1292 4174 inferentem
1321 4117 1594 4172 occidere.
1629 4116 1744 4174 Nec
1776 4118 1914 4175 velle
1942 4134 2077 4175 suos

491 4210 832 4281 augurandis
879 4209 1172 4266 eventibus
1229 4211 1499 4267 sollicitos
1541 4227 1667 4269 esse
1716 4212 1784 4267 de
1825 4213 2074 4269 domino.

489 4299 632 4357 Nam
662 4301 855 4358 talium
891 4316 1024 4360 cura
1055 4301 1189 4357 viris
1241 4300 1475 4358 fortibus
1507 4304 1560 4357 in
1606 4303 1935 4360 discrimine
1982 4319 2077 4361 ne-

492 4393 748 4467 gligenda
806 4403 913 4458 est,
958 4411 1073 4451 uno.
1119 4396 1402 4465 proposito
1444 4396 1756 4468 vigentibus
1801 4398 2076 4468 intrepide

493 4489 780 4562 pugnandi
831 4489 1248 4559 ulciscendique
1278 4503 1434 4544 sese
1467 4485 1751 4561 ffangendi
1807 4491 2072 4545 intentam

1725 356 2052 424 GEORGII
2093 359 2579 423 PACIIYMERE

501 452 812 515 προσετίθει
842 457 938 510 καὶ
984 457 1060 522 ὡς
1104 460 1257 515 οὐδὲν
1309 462 1410 532 μὲν
1450 465 1604 529 αὐτοὶ
1653 467 1913 534 ἀδικοῖεν,
1951 472 2087 525 ἀποο
2118 480 2160 533 Α

3677 366 3784 433 564

2196 471 2460 542 βασιλέως
2485 475 2704 548 Μιχαὴλ
2735 476 2921 541 δεδιὼς
2949 478 3298 546 ἐπεξέλευσιν
3327 479 3646 553 (ὴγγέλλετο
3673 487 3784 552 γάρ

2193 567 2286 619 καὶ
2316 568 2510 633 ταῦτα,
2539 567 2613 628 ὡ;
2650 572 3037 643 στρατολογοίη
3072 577 3099 626 ὸ
3131 573 3412 644 βασιλεὺς,
3469 577 3579 632 κᾶν
3631 577 3783 646 παρὰ

2189 659 2283 710 τοῦ
2344 662 2555 731 πατρὸς
2607 663 2704 716 καὶ
2772 664 3041 734 βασιλέως
3103 668 3354 740 ἐπείχετο
3428 673 3779 742 γράφοντος),

2189 751 2448 821 πρύμναν
2484 756 2856 824 κρουσάμενος
2906 757 3063 822 αὖθις
3097 762 3404 832 γράμματα
3431 761 3615 835 πλήρη
3655 764 3782 815 δου-

2186 842 2337 906 λείας
2372 845 2653 916 πεπόμφει
2706 849 2843 918 πρὸς
2895 849 3142 919 βασιλέα,
3195 853 3637 923 ἀπολογούμενος
3683 855 3782 923 μὲν

2186 935 2440 1012 αὐτῷ,.ετ
2465 937 2519 990 τί
2547 955 2646 991 που
2673 939 2782 1007 ἄρα
2811 943 2906 995 καὶ
2943 943 3318 1017 παρεξελέχθη
3347 946 3545 1016 πικρὸν
3571 948 3664 1000 καὶ
3686 946 3780 999 ἀλ-

2187 1030 2294 1094 λως
2323 1034 2463 1101 άπρε
2476 1033 2572 1096 πὲς
2603 1033 2686 1105 [Ρ.
2719 1035 2847 1108 557]
2879 1038 2976 1106 τὴν
2999 1039 3105 1092 ἀπὸ
3129 1021 3252 1092 τῶν¹
3275 1040 3494 1093 Ἰταλῶν
3523 1041 3776 1110 ἀνάγκην

2186 1126 2283 1176 καὶ
2315 1125 2404 1179 τὸν
2443 1127 2656 1181 ἐκεῖθεν
2687 1129 2934 1183 κίνδυνον
2957 1132 3360 1204 ὑπονοουμένῳ,
3391 1133 3557 1198 ἀξιῶν
3603 1135 3659 1188 δὲ
3691 1135 3782 1189 λα·-

2185 1215 2444 1281 γίσασθαι
2469 1220 2566 1290 μὲν
2596 1222 2689 1274 καὶ
2709 1222 2807 1291 τὴν
2837 1225 3188 1294 καινοτομίαν
3223 1227 3321 1296 τῆς
3379 1225 3562 1296 χώρας
3595 1226 3769 1294 ὁπόση

2187 1315 2638 1383 παρακατασχεῖν
2667 1315 2712 1368 δ’
2745 1316 2885 1386 ὑπὲρ
2919 1315 3121 1386 ταύτης
3161 1317 3355 1370 ὁπόσον
3391 1317 3486 1371 καὶ
3517 1317 3780 1386 βούλοιτο,

2185 1402 2319 1473 παρ’
2343 1402 2370 1454 ὃ
2400 1405 2494 1456 καὶ
2543 1405 2703 1474 μόνον
2729 1407 2790 1459 τὸ
2819 1408 3004 1461 λοιπὸν
3038 1409 3098 1475 ἐξ
3142 1403 3217 1464 ὧν
3249 1408 3503 1480 χιλιάδων
3533 1406 3781 1479 ἀπῄτουν

2191 1496 2419 1561 διδόναι,
2449 1498 2553 1551 κᾶν
2583 1500 2642 1551 ού
2668 1498 2764 1554 νῦν
2793 1501 2890 1564 τὰς
2929 1502 3134 1565 πάσας,
3177 1502 3293 1556 ἀλλ’
3326 1501 3418 1555 οῦν
3438 1501 3538 1562 τὰς
3561 1500 3781 1564 πλείους

2183 1589 2292 1641 τῶν
2315 1589 2453 1644 ὅλων
2475 1592 2742 1654 τέως,ἐπ“ι
2771 1594 2827 1647 δὲ
2857 1594 2934 1664 τῷ
2954 1593 3199 1648 λείποντι
3233 1597 3310 1658 είς
3342 1593 3572 1664 διωρίαν
3603 1611 3778 1665 προσ-

2184 1685 2444 1754 αναρτᾷν.
2477 1685 2540 1737 Ei
2566 1684 2612 1738 δ’
2641 1685 2755 1750 οὖν,
2781 1687 2901 1741 ἀλλ’
2935 1688 3099 1752 αὐτὸς
3138 1689 3240 1758 μὲν
3301 1688 3455 1756 ἔλεγε
3488 1687 3676 1750 δοῦλος
3707 1683 3784 1740 εἷ-

2185 1791 2272 1828 ναι
2298 1776 2393 1829 καὶ
2409 1776 2571 1832 πάλιν
2602 1778 2697 1832 καὶ
2720 1780 2832 1843 τοῖς
2864 1782 2945 1841 είς
2972 1782 3070 1848 τὴν
3092 1780 3374 1850 βασιλείαν
3401 1783 3582 1851 ὅρκοις
3611 1779 3784 1832 ὑπεύ-

2192 1863 2370 1930 θυνος,
2398 1869 2624 1937 ἕχεινδὲ
2653 1871 2746 1924 καὶ
2779 1872 2878 1925 σὺν
2904 1859 3055 1942 αὐτῷ
3084 1873 3290 1942 χιλίους
3316 1873 3446 1933 τοὺς
3485 1871 3780 1935 εὐπειθεῖς,

2189 1960 2302 2020 τοῖς
2327 1959 2372 2012 δ’
2401 1960 2582 2025 ἄλλοις
2613 1962 2678 2016 ἂν
2707 1963 2858 2032 αύτῷ
2976 1963 3290 2036 βουλομένῳ
3316 1965 3616 2035 μάχεσθαι,
3657 1965 3780 2016 ἐπεὶ

2192 2054 2466 2119 κάκείνοις
2497 2057 2703 2119 σκοπὸς
2733 2056 2766 2128 ἢ
2801 2055 3059 2110 λαϐοῦσιν
3087 2057 3321 2128 ἠρεμεῖν
3367 2056 3400 2127 ἢ
3447 2057 3520 2128 μὴ
3547 2055 3782 2110 λαϐοῦσι

2190 2151 2288 2220 τὴν
2315 2150 2500 2223 χώραν
2521 2153 2915 2223 καταδραμεῖν,
2959 2157 3051 2208 καὶ
3080 2155 3246 2221 αὐτὸς
3284 2154 3506 2227 σύναμα
3525 2157 3646 2220 ταῖς
3681 2153 3779 2227 βα-

2192 2245 2428 2311 σιλικαῖς
2449 2246 2746 2327 δυνάμεσιν
2772 2247 3139 2314 ἐπιτίθεσθαι,

2183 2625 2272 2671 sto
2302 2612 2588 2682 Michaele,
2617 2613 2904 2687 impetum,
2934 2627 2994 2671 ut
3019 2613 3327 2680 dicebatur,
3353 2628 3478 2670 mox
3511 2613 3566 2668 in
3595 2609 3779 2684 ipsum

2185 2711 2403 2766 facturo
2438 2720 2495 2766 et
2531 2709 2599 2765 ad
2644 2711 2752 2767 hoc
2792 2711 3102 2766 exercitum
3146 2723 3383 2782 augente
3414 2711 3573 2766 novis
3624 2709 3777 2766 dele—

2183 2804 2371 2860 ctibus
2404 2819 2727 2875 quanquam
2769 2805 2970 2860 litteris
3003 2806 3180 2876 patris
3220 2804 3289 2860 ab
3318 2819 3386 2859 eo
3419 2804 3657 2859 consilio
3687 2818 3776 2856 re.

2185 2898 2716 2955 traltebatur..Utut
2759 2899 2857 2963 sit,
2915 2911 3104 2963 cursu,
3142 2896 3288 2968 quod
3341 2898 3518 2964 aiunt,
3572 2897 3780 2954 reﬂexo

2182 2991 2520 3050 Rontzerius
2545 2993 2760 3048 litteras
2792 2994 2985 3064 plenas
3019 2992 3352 3048 humilitatis
3379 3009 3502 3048 cum
3535 2993 3778 3049 obnoxia

2184 3085 2539 3154 professione
2577 3087 2867 3142 servitutis
2911 3087 2980 3142 ad
3011 3088 3324 3158 Augustum
3376 3086 3657 3142 seniorem
3689 3085 3779 3139 dc-

2184 3176 2290 3242 dit,
2327 3194 2606 3234 excusans
2635 3179 2878 3235 sollicite
2910 3181 2954 3235 si
2987 3181 3119 3250 quid
3157 3180 3258 3250 ipsi
3286 3196 3418 3248 erga
3447 3179 3570 3249 ejus
3601 3178 3779 3246 maje-c

2184 3281 2384 3326 statem
2445 3274 2705 3328 acerbius
2763 3285 2858 3330 aut
2915 3273 3124 3343 alioqui
3160 3274 3340 3329 minus
3383 3274 3535 3328 dictu
3571 3288 3776 3328 conve-

2185 3364 2346 3418 niens
2391 3378 2605 3433 nupera
2661 3365 2934 3421 concione
2989 3366 3314 3422 excidisset.
3364 3364 3420 3420 Si
3476 3365 3609 3434 quid
3667 3365 3782 3420 tale

2183 3455 2346 3522 foret,
2387 3455 2497 3511 sibi
2533 3472 2752 3512 summa
2801 3457 2855 3513 vi
2883 3474 3239 3528 expressum,
3272 3460 3609 3514 necessitate
3637 3458 3778 3518 deli-

2183 3547 2372 3602 niendi
2413 3548 2724 3604 concitatos
2769 3551 2824 3604 in
2888 3549 3224 3606 seditionem
3285 3551 3339 3606 in
3404 3567 3575 3621 seque
3638 3553 3777 3606 adeo

2185 3644 2366 3710 ipsum
2419 3641 2638 3698 irruere
2694 3624 2978 3699 bostiiiter
3027 3657 3252 3716 paratos
3312 3645 3460 3701 feros
3513 3646 3774 3701 [talorum

2182 3738 2419 3792 animos.
2452 3737 2530 3791 De
2563 3737 2797 3808 negotio.
2832 3739 2956 3810 ipso
2986 3737 3359 3810 ﬂagitatorum
3396 3742 3466 3796 ab
3497 3739 3584 3797 bis
3619 3751 3778 3796 tanto

2184 3833 2369 3888 furore
2425 3832 2853 3899 stipendiorum,
2912 3833 2996 3889 sic
3055 3848 3202 3889 nunc
3253 3833 3359 3890 sibi
3428 3833 3603 3889 videri
3658 3851 3773 3901 rem

2181 3941 2347 3995 posse
2419 3924 2640 3980 conﬁci.
2694 3923 2986 3981 Estimari
3053 3925 3250 3998 jubeat
3321 3924 3582 3996 maiestas
3652 3930 3776 4000 ejus

2181 4021 2386 4075 damna
2445 4035 2625 4090 nuper
2683 4020 2834 4074 illata
2907 4020 3120 4091 regioni
3186 4021 3387 4093 praedis
3453 4021 3775 4094 rapinisque

2180 4113 2592 4176 Catelanornm.
2624 4113 2758 4168 Eam
2801 4128 3080 4168 summam
3126 4113 3182 4168 in
3219 4113 3624 4185 stipendiorum
3680 4130 3774 4170 re-

2183 4219 2269 4264 tro
2328 4208 2643 4266 debitorum
2699 4216 2914 4279 partem
2975 4208 3251 4278 imputet,
3312 4221 3490 4278 eoque
3552 4208 3776 4265 nomine

2187 4300 2422 4356 retineat
2464 4315 2531 4355 ex
2579 4300 2688 4355 illis
2735 4314 2860 4372 quae
2901 4310 3140 4371 poscunt
3193 4315 3548 4357 nummorum
3605 4302 3772 4357 milli-

2183 4395 2310 4459 bus,
2359 4405 2628 4464 quantum
2677 4410 2747 4450 ex
2791 4410 2951 4466 aequo
2982 4395 3282 4451 censuerit.
3333 4394 3627 4468 Reliquum
3678 4396 3777 4452 de-

2182 4489 2359 4544 bitum
2414 4497 2773 4561 repraesentet
2829 4491 3016 4558 modo,
3059 4490 3106 4547 si
3155 4504 3266 4546 non
3314 4499 3514 4557 totum,
3575 4493 3771 4548 saltem

493 4599 560 4639 ex
592 4584 824 4641 adverso
877 4583 1005 4636 vim.
1045 4582 1238 4652 Itaque
1283 4598 1392 4636 non
1441 4583 1877 4649 cummittemus,
1909 4584 2077 4640 stulta
2111 4568 2156 4624 D
2188 4599 2253 4638 ex
2305 4595 2454 4653 parte
2491 4583 2701 4654 majore
2732 4600 2752 4638 :
2779 4593 3034 4640 czeteram
3069 4584 3405 4639 solutionem
3448 4585 3769 4654 suspendat,

493 4679 697 4737 salutis
727 4679 1056 4750 objiciendae
1097 4678 1344 4748 periculo
1389 4677 1710 4742 formidine,
1756 4688 1815 4734 ut
1860 4680 2079 4749 injuriae

494 4776 926 4828 succumbentes
962 4773 1332 4843 servitutique
1380 4773 1571 4842 inique
1613 4773 1895 4841 nancipati
1941 4791 2082 4834 nau-

495 4869 731 4938 fragium
787 4866 948 4937 513
994 4866 1046 4920 in
1095 4876 1254 4936 portu
1307 4867 1595 4920 faciamus.
1648 4865 1773 4920 llaec
1818 4876 1871 4922 et
1911 4869 2079 4940 bujus

492 4963 711 5030 generis
755 4962 910 5030 plura
958 4959 1297 5030 Italas'plana
1356 4959 1666 5016 insolentia:
1711 4960 2079 5020 licentissime

492 5055 803 5112 blaterabat
855 5053 1331 5119 barbarus,'fceda
1365 5071 1594 5110 suorum
1642 5054 1965 5110 Latinorum
1997 5056 2075 5110 fa-

493 5150 686 5205 cinora
711 5149 1002 5218 speciosis,
1035 5157 1096 5203 ut
1142 5149 1388 5218 putabat,
1433 5151 1680 5218 integens
1730 5149 2075 5211 obtentibus.

497 5260 589 5299 res
623 5244 1022 5313 imperatorum
1074 5253 1382 5300 extenuans
1419 5244 1848 5314 deprimensque
1897 5245 2078 5315 impu-

496 5338 715 5399 denter,
753 5338 845 5390 sed
876 5351 943 5388 eo
986 5335 1205 5396 dicendi
1240 5351 1529 5400 successu,
1567 5345 1624 5390 ut
1667 5336 1768 5392 sibi
1805 5337 1981 5392 solum
2015 5352 2078 5392 ac

495 5433 633 5492 suis,
670 5432 805 5485 nulli
843 5441 1027 5485 autem
1065 5432 1299 5485 aliorum
1329 5432 1420 5499 qui
1450 5432 1729 5495 audirent,
1765 5430 2076 5500 probabilia

495 5525 646 5594 loqui
689 5525 763 5578 sit
814 5525 985 5579 visus.
1022 5521 1140 5579 Non
1187 5525 1374 5594 plures
1418 5527 1607 5580 decem
1655 5539 1720 5578 ex
1759 5525 1860 5580 bac
1890 5524 2074 5582 habita

493 5618 764 5672 concione
796 5617 916 5672 dies
944 5617 1290 5682 eliluxerant,
1323 5633 1450 5672 cum
1481 5618 1632 5673 visus
1655 5625 1742 5673 est
1772 5617 2079 5688 intelligere

496 5711 832 5765 Rontzerius
867 5726 989 5766 sese
1023 5711 1165 5764 ultra
1195 5725 1360 5781 quam
1395 5711 1476 5764 fas
1510 5710 1654 5766 foret
1693 5711 1929 5767 dicendo
1957 5728 2082 5782 pro-

497 5820 736 5872 vectum,
767 5807 886 5861 sive
926 5805 977 5860 id
1013 5806 1089 5860 illi
1119 5820 1218 5863 sua
1248 5805 1423 5875 ipsius
1457 5805 1747 5876 prudentia
1777 5810 2074 5878 suggessit,

497 5903 613 5967 sive
648 5903 806 5965 istam
834 5903 1124 5977 insiiiravit
1155 5903 1536 5976 pn-nitcntiam
1571 5912 1750 5961 metus
1790 5902 1862 5962 ab
1884 5903 2076 5983 Augu.

2186 4677 2498 4748 pollicendo
2545 4693 2603 4734 se
2655 4677 2709 4732 in
2744 4687 2994 4748 tempore
3025 4679 3402 4748 provisurum.
3440 4679 3575 4735 Sese
3623 4680 3773 4748 quod

2184 4775 2468 4836 attineret,
2500 4774 2700 4829 iterum
2735 4787 2801 4830 ex
2836 4773 3006 4828 animi
3043 4772 3128 4828 sui
3172 4774 3447 4829 sententia
3482 4774 3774 4832 verissimo

2189 4867 2386 4928 aﬂ‘ertu
2430 4867 2673 4935 protlteri
2708 4867 3019 4938 subjectum
3053 4882 3114 4924 se
3145 4868 3422 4936 maiestati
3458 4867 3577 4938 ejus
3611 4883 3763 4934 esse,

2185 4975 2248 5013 ac
2278 4976 2375 5028 pro
2401 4959 2776 5030 jurisjnrandi
2810 4958 3079 5028 religione
3129 4957 3630 5028 obsequentissima
3675 4974 3776 5014 vo-

2185 5054 2395 5108 luntate
2451 5063 2820 5122 prmparatum
2881 5052 2948 5105 ad
3012 5051 3061 5106 ei
3113 5051 3493 5108 serviendum.
3559 5051 3774 5110 Habere

2184 5148 2346 5206 etiam
2375 5148 2478 5204 sibi
2505 5149 2640 5204 satis
2674 5147 2979 5218 morigeros
3013 5163 3044 5202 e
3074 5148 3193 5202 suis
3231 5147 3414 5214 mille;
3445 5163 3584 5218 quos
3617 5147 3667 5203 si
3701 5148 3775 5204 sit

2183 5257 2322 5311 opus
2350 5251 2405 5296 et
2429 5243 2729 5310 imperator
2756 5239 2968 5311 jubeat,
3001 5239 3166 5313 διε
3199 5242 3404 5297 ducere
3427 5257 3532 5295 non
3556 5240 3775 5296 dubitet

2188 5337 2454 5391 adversus
2492 5336 2633 5392 alios
2680 5336 2736 5390 in
2780 5337 3129 5390 contumacia
3169 5343 3481 5405 perstantes
3509 5345 3563 5391 et
3589 5335 3771 5390 adhuc

2189 5429 2555 5485 vociferantes
2613 5445 2693 5495 se,
2746 5430 2794 5484 si
2846 5429 3137 5500 pecuniam
3168 5443 3334 5498 quam
3382 5439 3574 5499 petunt
3626 5427 3777 5483 acci'

2190 5526 2364 5596 piant,
2398 5525 2710 5594 quieturos,
2742 5525 2828 5580 sin
2868 5523 3077 5591 minus,
3113 5524 3394 5594 regionem
3443 5524 3772 5580 incursuros

2191 5615 2488 5676 hostiliter.
2535 5622 2745 5676 Horum
2783 5620 2977 5677 nlcisoi
3031 5619 3369 5691 proterviam
3421 5621 3772 5676 conserendo

2186 5730 2311 5768 eum
2357 5708 2451 5769 bis.
2502 5715 2689 5785 prmlio
2749 5715 2803 5769 in
2842 5715 3027 5768 animo
3053 5714 3158 5769 sibi
3194 5730 3339 5781 esse,
3391 5713 3482 5769 ubi
3535 5727 3766 5768 suarum

2184 5822 2511 5867 caeterarum
2566 5811 2851 5881 copiarum
2902 5810 3158 5866 idoneum
3211 5809 3278 5864 ad
3325 5824 3476 5880 spem
3521 5806 3768 5871 victoria

2184 5903 2494 5969 subsidium
2531 5905 2757 5978 adjungi
2786 5903 2890 5960 sibi
2927 5905 3210 5976 Augustus
3242 5900 3499 5974 jusserit.
