4066 6286
578 319 686 385 567
1790 331 2116 392 GEORGII

2251 331 2344 393 CH
2360 335 2559 398 YMER
2572 338 2635 398 ιΕ
3728 338 3838 401 ὗϐὶ

575 432 785 489 νεῖσθαι
834 435 1209 507 ἀλιτηριώδεις
1263 441 1624 511 φαινομένους
1656 441 1790 513 ,ἀντὶ
1821 445 2149 514 συμμάχων,
2177 443 2226 504 Α
2254 446 2359 516 μὲν
2396 449 2459 502 τὸ
2490 451 2644 520 σφίσι
2689 453 3142 525 συνοῖσονάφῆκε
3181 451 3554 525 βουλεύεσθαι,
3587 450 3750 513 αὐτὸς
3781 450 3836 504 δὲ

569 530 629 585 σε
673 544 774 582 που
819 531 931 594 τοῖς
990 529 1296 587 καθεστῶσι
1352 539 1792 609 ωρεγχειροῖεν.
1851 540 2005 610 Μηδὲ
2045 541 2153 609 γὰρ
2263 542 2355 595 τὸν
2393 542 2488 596 τσῦ
2537 544 2740 598 οἰκείου
2798 544 3136 614 αὗταδέλφου
3190 545 3285 598 τοῦ
3320 543 3838 614 πορφυρογεννήτου

564 623 788 692 ἀγνοεῖν
833 624 972 689 ὅλως
1001 627 1222 693 ὁπόσοις
1250 631 1317 682 ὲκ
1345 630 1456 685 τῶν
1500 631 1790 703 Ῥωμαίων
1810 633 2000 701 ὀλίγου
2046 635 2155 686 iw.-

569 716 897 783 κανὼθησαν
923 722 1140 790 χρόνον,
1173 723 1274 776 καὶ
1295 712 1451 777 ταῦτ’
1476 727 1561 794 ἐφ’
1591 725 1776 780 ἱκανὸν
1817 727 1876 789 ἐς
1896 726 2151 796 Θευδερι‹

569 825 668 880 χου
703 809 964 881 πολέμοις
994 816 1241 886 συνεχέσι
1278 817 1807 890 ταλαιπωρούμενοι,
1839 822 1934 872 καὶ
1983 820 2151 894 μηδὲν

566 899 903 973 άπονάμενοι
936 904 1046 956 τῶν
1072 905 1178 958 ὅσα
1215 907 1490 963 δεικνῦσιν
1520 907 1774 981 εὔπορον.
1828 912 2065 981 Σημεῖον
2105 910 2152 965 δ’

567 990 709 1048 εἶναι
743 996 804 1049 τὸ
825 997 1036 1051 ἐκεῖθεν
1075 999 1524 1065 άπαλλάττοντας
1559 1004 1724 1074 μηδὲν
1750 1006 1808 1068 ἐς
1836 1005 2010 1058 νέωτα
2038 1007 2154 1059 ὲπιο

567 1085 856 1157 φέρεσθαι,
886 1088 1003 1141 ἀλλ’
1031 1087 1222 1160 ὥσπερ
1258 1091 1316 1144 ὲν
1346 1093 1583 1165 ἐρήμοις
1617 1094 1925 1162 διάγοντας,
1977 1091 2153 1151 οὓτως

565 1179 778 1233 ἐκεῖθεν
804 1181 1040 1251 φανῆναι
1064 1184 1307 1254 γυμνούς
1339 1201 1490 1248 τινας
1505 1186 1602 1239 καὶ
1632 1184 1895 1248 ἀνόπλους
1922 1185 2151 1258 [P.559]

567 1269 663 1320 καὶ
691 1268 826 1338 μηδὲ
870 1271 977 1323 τῶν
1012 1272 1133 1326 καθ’
1169 1275 1384 1345 ἡμέραν
1415 1277 1472 1340 ὲς
1518 1276 1725 1347 τροφὴν
1755 1277 2147 1348 εὐποροῦντας.

567 1359 687 1416 Νῦν
735 1361 783 1415 δ’
815 1361 930 1416 ἀλλ’
964 1366 1128 1437 ἀργοὶ
1162 1366 1430 1438 κάθηνται
1487 1369 1582 1422 κοιλ⁸
1620 1370 2008 1441 ὑπερηφάνους
2052 1376 2153 1433 τὰς

570 1453 929 1525 μισθοφορίας
983 1458 1296 1525 ἀπαιτοῦσι,
1359 1461 1411 1540 τι
1462 1463 1558 1516 καὶ
1609 1460 1914 1540 πράξαντες
1943 1464 2152 1532 ἀγαθὸν

566 1549 663 1604 καὶ
720 1553 983 1624 μαχητιῖω
1030 1555 1192 1626 ἔργον
1247 1537 1544 1627 γενναίων,
1595 1561 1722 1625 τοὺς
1770 1537 2002 1633 ἐχθροὺς
2056 1561 2152 1614 καὶ

565 1643 736 1698 ταῦτα
787 1649 955 1716 ἐγγὺς
1000 1649 1256 1720 ὁρῶντες.
1309 1652 1566 1724 πολέμοις
1613 1656 2011 1725 συντραφέντες
2060 1653 2154 1708 καὶ

563 1738 794 1807 μάχαις,
822 1741 899 1805 ὡς
924 1740 1195 1810 λέγουσιν.
1217 1738 1316 1797 Ὧν
1343 1745 1505 1817 χάριν
1530 1747 1974 1816 ὲγκαλύπτεσθαι
2007 1746 2147 1812 δέον,

563 1834 613 1885 οἱ
652 1832 708 1887 δὲ
739 1835 834 1887 καὶ
879 1835 1170 1892 ἀπειλοῦσι
1203 1839 1566 1910 κατατρέχειν
1596 1841 1694 1912 τὴν
1725 1840 1934 1912 χώραν,
1965 1840 2154 1912 ὥσπερ

564 1926 632 1980 ἂν
654 1925 864 1997 ἔρημος
895 1928 1196 2000 προύκειτο
1225 1931 1321 1986 τοῦ
1353 1932 1790 2004 πολυωροῦντος,
1828 1934 1923 1986 καὶ
1949 1933 2025 1996 ὡς
2054 1931 2157 1988 οὐκ

561 2021 770 2075 οτδασιν
809 2022 883 2085 ὡς
928 2025 1074 2078 κατὰ
1123 2023 1297 2099 νώτου
1350 2025 1564 2089 τούτοις
1617 2028 1645 2080 ὁ
1675 2024 1932 2097 βασιλεὺς
1972 2027 2066 2079 καὶ
2094 2027 2153 2078 αἱ

562 2113 695 2184 asp!
733 2113 897 2169 αὐτὸν
947 2115 1244 2186 δυνάμεις,
1286 2110 1363 2172 ὧν
1409 2119 1486 2190 μὴ
1532 2120 1615 2172 ὅτι
1665 2137 1729 2188 γε
1762 2120 1863 2191 τὴν
1913 2119 2154 2193 προσϐοο

560 2202 659 2275 λὴν
684 2243 702 2267 ,
763 2205 882 2262 ἀλλ’
918 2206 1040 2261 οὐδὲ
1081 2207 1181 2266 τὴν
1231 2208 1424 2282 φήμην
1453 2211 1949 2282 προσπελαζόντων
1997 2211 2154 2282 ἐνέγ-

560 2313 745 2354 καιεν.

558 2405 632 2445 ar.
661 2391 1054 2468 Κατάστασις
1075 2394 1193 2468 τοῦ-
1212 2397 1869 2467 πανυπερσεόιιστικοῦ
1893 2398 2150 2468 ἀξιώμα-

723 2480 827 2528 τος
852 2465 952 2518 ἐπὶ
984 2465 1062 2532 τῷ
1094 2465 1204 2532 υιῷ
1242 2468 1349 2523 τοῦ
1389 2465 1986 2541 πορφυρογεννήτου.

633 2577 823 2636 Ταῦτα
867 2586 963 2638 καὶ
1012 2584 1235 2638 πλείονα
1269 2586 1478 2640 τούτων
1515 2587 1849 2660 διαλαλήσας
1913 2590 2150 2652 ἐκείνοις

555 2770 672 2831 rat,
733 2762 843 2819 nisi
896 2766 1145 2821 omnium
1200 2767 1398 2840 inopes
1433 2784 1465 2825 e
1519 2769 1891 2827 Theuderichi
1947 2772 2149 2831 castris

555 2851 868 2938 Roma-num
916 2856 1208 2930 imperium
1254 2857 1517 2919 fomentis
1551 2873 1832 2922 recreatos
1876 2876 2148 2944 opportu—

556 2947 670 3011 nis,
698 2947 1007 3008 incolumes
1048 2953 1117 3009 ad
1151 2952 1256 3009 hoc
1295 2963 1517 3026 tempus
1561 2958 1938 3033 perduxisset.
1972 2960 2145 3017 Palli-

555 3041 683 3109 dos,
707 3058 1042 3116 exsangues,
1082 3048 1318 3105 miseras
1361 3049 1631 3123 reliqiﬁas
1662 3053 1791 3109 belli
1816 3054 2009 3118 Siculi,
2046 3073 2147 3111 nu-

2264 639 2684 693 Κωνσταντὶνου
2735 640 2851 694 υἱὸν
2882 640 3152 710 ἀναδοχῆς
3209 638 3450 702 ἀξιώσας
3511 638 3757 707 μείζονος
3802 636 3838 706 ἢ

2265 732 2387 784 κατ’
2419 732 2818 798 ἁδελφόπαιδα.
2862 731 2982 803 ἅμα
3013 732 3188 802 δηλῶν
3223 732 3298 794 ὡς
3330 732 3469 801 τάχα
3517 731 3584 785 ἂν
3617 730 3713 784 καὶ
3763 728 3842 797 τῷ

2264 827 2433 895 πατρὶ
2464 825 2656 878 τούτου
2688 824 2874 889 καλῶς
2915 827 2971 890 ἐς
3005 827 3153 881 ἅπαν
3178 826 3380 896 εχρῆτο
3409 828 3504 878 καὶ
3534 824 3624 878 διὰ
3653 825 3840 886 τέλους

2261 917 2522 987 ἡγαλλεν,
2572 920 2622 971 si
2672 920 2746 990 μή
2778 920 2831 987 γ’
2857 920 3065 981 ἐκεῖνος
3097 917 3167 970 τὰ
3197 919 3333 988 πρὸς
3375 917 3544 970 αὐτὸν
3578 915 3838 986 ἐφωράθη

2261 1011 2525 1078 δύσνους,
2581 1015 2716 1085 τιμᾷ
2767 1012 2923 1068 οὔπω
2975 1013 3176 1076 τελέως
3227 1010 3321 1065 τοῦ
3371 1010 3842 1064 ἑπτακαιδεκάτου

2262 1106 2528 1162 ἐπιϐάντα
2551 1107 2709 1172 ἔτους
2743 1108 2821 1180 τῷ
2853 1106 2949 1161 τοῦ
2982 1105 3512 1176 πανυπερσεϐάστου
3544 1102 3844 1173 ἀξιώματι,

2264 1200 2403 1271 πλὴν
2437 1203 2498 1255 οὑ
2533 1205 2674 1257 κατὰ
2704 1205 2767 1257 τὺ
2797 1201 3042 1276 ἀρχῆθεν
3064 1202 3163 1273 τῆς
3188 1200 3346 1267 ἀξίας
3373 1201 3607 1270 ταυτησὶ
3632 1198 3840 1270 σχῆμα,

2261 1294 2402 1348 ἀλλὰ
2428 1297 2522 1348 καὶ
2549 1298 2662 1360 τοῖς
2690 1297 2752 1349 ἐκ
2774 1297 2884 1349 τῶν
2913 1297 3124 1368 κιρρῶν
3158 1294 3516 1365 παρασήμοις
3559 1291 3844 1364 σεμνύνει,

2261 1385 2293 1438 ἃ
2315 1387 2379 1455 δὴ
2411 1389 2508 1456 τῆς
2541 1388 2808 1458 ἐπαρχίας
2837 1389 3104 1458 πρότερον
3123 1388 3214 1462 [Ρ.
3246 1386 3374 1460 360]
3403 1385 3651 1458 σύμϐολα
3677 1378 3844 1457 ἦσαν,

2261 1481 2568 1550 ἀξύμϐολον
2599 1483 2727 1536 ὅσον
2751 1484 2844 1536 ἐπὶ
2878 1482 3092 1546 τούτοις
3123 1481 3448 1537 τούντεῦθεν
3475 1482 3570 1534 τὸν
3599 1481 3844 1548 ἔπαρχον

2263 1576 2634 1642 καταστήσας.
2660 1576 2814 1630 Οὕτω
2833 1577 2941 1648 γὰρ
2966 1577 3233 1648 πρότερον
3258 1577 3358 1629 κάν
3375 1576 3530 1630 δυσὶν
3555 1575 3844 1643 ἐπάρχοις,

2261 1669 2340 1738 τῷ
2364 1687 2423 1720 τε
2471 1669 2791 1740 Ὑπερτίμῳ
2824 1673 2921 1724 καὶ
2951 1671 3030 1739 τῷ
3053 1668 3479 1740 Χαλκεοπούλῳ,
3513 1669 3843 1740 πεποίηκεν,

2261 1762 2605 1834 άξυμϐόλους
2657 1766 3012 1835 καταστήσας
3047 1766 3210 1833 σφᾶς,
3252 1766 3327 1828 ὡς
3361 1763 3514 1830 ἄξιον
3535 1762 3596 1817 ὃν
3623 1765 3716 1816 τὸν
3746 1767 3847 1831 ἑγ-

2259 1857 2362 1924 γὺς
2396 1856 2663 1928 βασιλέως
2694 1857 2828 1912 ὄντα
2880 1859 2976 1912 καί
3024 1876 3087 1929 γε
3144 1862 3282 1929 πρὸς
3329 1859 3598 1925 αἵματος,
3629 1857 3842 1926 λέγων,

2259 1951 2613 2022 παρασήμοις
2641 1950 2906 2017 τοιούτοις
2934 1952 3317 2020 σεμνύνεσθαι.
3345 1952 3481 2015 Ταῖς
3509 1953 3564 2005 δὲ
3600 1954 3728 2022 περὶ
3750 1951 3847 2004 τὸν

2257 2045 2370 2097 υἱὸν
2397 2045 2492 2097 καὶ
2525 2044 2754 2113 βασιλέα
2781 2045 3048 2115 δυνάμεσι
3077 2047 3297 2115 πέμψας
3331 2046 3684 2115 προστάττει,
3719 2046 3845 2098 ἐπιῇ⁵

2256 2134 2503 2199 ἐκείνους
2554 2136 2728 2199 οὕτως
2765 2138 3092 2207 ἀπέπεμπε,
3146 2134 3512 2207 “manu;
3567 2138 3697 2206 περι
3738 2155 3843 2191 που

2253 2228 2354 2298 τὴν
2389 2229 2586 2300 ’Δπρω
2609 2230 3168 2300 στρατοπεδεύεσθαι,
3190 2233 3296 2286 κάν
3321 2249 3426 2285 που
3453 2231 3844 2302 ωνεξορμῷεν

2258 2325 2356 2374 σὺν
2382 2322 2796 2394 Ἀμογαϐάροις
2829 2326 3154 2391 Κατελάνοι,
3188 2327 3384 2398 πειρᾷν
3412 2327 3654 2403 ἐπέχειν
3682 2325 3846 2379 πολέ-

2253 2433 2364 2485 μῳ.
2423 2420 2532 2472 Καὶ
2591 2419 2765 2472 ταῦτα
2802 2421 2902 2490 μὲν
2951 2421 3189 2492 ἔπραττε
3244 2421 3541 2493 βασιλεὺς,
3581 2422 3705 2474 οὐδὲ
3748 2421 3842 2474 τδν

2252 2500 2504 2582 γαμϐρὸν
2537 2514 2722 2582 ἀφιεὶς
2750 2513 2888 2577 ὅλως
2912 2514 3015 2582 τῆς
3045 2513 3425 2584 προσπαθείας
3451 2517 3547 2570 καὶ
3573 2513 3843 2585 ἀπαρτῶν

2250 2603 2350 2672 τῆς
2382 2603 2738 2674 κηδεμονίας,
2772 2605 2910 2659 ἀλλὰ
2939 2606 3215 2671 παντοίως
3243 2606 3720 2678 προσποιούμενος
3743 2608 3840 2661 καὶ

2245 2781 2337 2839 20.
2366 2758 2549 2839 Filius
2569 2783 3013 2859 Porphyrogeniti
3088 2786 3562 2911 panhgperubarti
3580 2785 3843 2860 dignitate

2867 2872 3037 2911 conm
3066 2875 3100 2911 α
3129 2875 3212 2911 us.

2867 2872 3212 2916 εοιιειιιιιιιιε.

2318 2968 2447 3025 Haec
2533 2980 2590 3026 et
2677 2972 2832 3040 plura
2921 2970 3118 3028 bonum
3189 2977 3515 3046 prolocutus
3595 2975 3840 3046 impera-

2248 3069 2339 3115 tor
2384 3060 2702 3127 Catelaoos,
2750 3075 2809 3118 ut
2845 3064 2915 3120 de
2963 3066 3129 3123 rebus
3176 3066 3295 3122 suis
3343 3083 3530 3124 secum
3570 3068 3842 3124 delibera-

559 3127 665 3191 dos
705 3148 805 3192 vos
835 3144 1000 3206 atque
1036 3138 1278 3197 inermes
1322 3144 1666 3214 excepimus,
1704 3146 1965 3204 omnibus
1999 3146 2143 3203 indl-
2170 3174 2216 3234 ε
2255 3163 2396 3222 rent,
2437 3156 2667 3211 dimisit.
2731 3157 2850 3228 Ipse
2892 3169 3076 3214 autem
3129 3160 3344 3229 proprii
3394 3162 3642 3230 germani
3681 3162 3833 3218 Con-

558 3226 665 3284 ciis
697 3240 1074 3290 monstrantes
1101 3250 1265 3306 quam
1293 3240 1540 3294 sterilem
1563 3255 1628 3295 ac
1657 3241 1982 3298 damnosam
2014 3245 2146 3301 alibi

557 3320 815 3381 militiam
853 3326 1266 3387 militaveritis:
1301 3347 1366 3386 ex
1402 3349 1513 3405 qua
1545 3337 1738 3405 utique
1767 3338 1950 3403 vobis,
1976 3354 2148 3409 quan-

556 3423 675 3473 tum
706 3419 1031 3490 apparebat,
1067 3439 1138 3481 ne
1163 3425 1310 3482 unde
1333 3428 1555 3498 quidem
1591 3430 1646 3484 in
1676 3429 1821 3486 diem
1858 3443 2143 3502 posterum

554 3513 646 3567 vel
688 3514 892 3571 misere
923 3520 1291 3575 vescereminl
1343 3533 1656 3590 supererat.
1699 3523 1838 3580 Nam
1888 3527 1966 3582 ita
2002 3526 2167 3588 facie

553 3603 750 3674 luridi,
782 3606 858 3663 ita
903 3610 1156 3667 vestibus
1199 3612 1394 3680 laceri,
1446 3615 1520 3670 ita
1573 3618 1944 3689 professionis
1975 3621 2142 3677 etiam

553 3693 945 3757 instrumentis
993 3710 1216 3769 vestra,
1270 3706 1466 3772 armis,
1502 3707 1754 3778 inquam,
1789 3710 2040 3768 destituti
2086 3712 2142 3767 in

553 3788 714 3846 littus
739 3793 878 3850 estis
903 3805 1157 3851 nostrum
1187 3800 1449 3869 expositi,
1493 3803 1654 3872 quasi
1689 3819 1721 3861 e
1753 3804 1975 3862 deserto
2004 3823 2143 3879 quo-

551 3881 681 3938 dam
736 3892 791 3940 et
825 3896 980 3942 vasta
1022 3888 1325 3948 solitudine
1373 3894 1428 3949 in
1467 3903 1643 3952 terras
1695 3897 1920 3955 demum
1961 3901 2140 3957 cultas

555 3980 894 4037 transiretis.
951 3980 1110 4039 Nunc
1155 4000 1289 4040 vero
1342 3987 1670 4059 impinguati
1725 3994 1932 4047 nostris
1963 3993 2142 4064 copiis

553 4073 720 4131 otiosi
757 4075 1010 4133 videlicet
1032 4074 1313 4136 "desident
1349 4098 1364 4136 :
1399 4083 1532 4153 quin
1567 4091 1621 4138 et
1661 4082 1874 4142 feroces
1920 4088 2140 4141 tumidi.

551 4184 661 4242 que
701 4170 975 4237 laborum,
1006 4188 1146 4244 quos
1191 4176 1386 4244 ignave
1417 4177 1680 4245 vitarunt,
1716 4183 2001 4236 mercedes
2039 4183 2139 4245 lla-

552 4266 751 4337 gitant.
797 4265 1048 4334 Quanam
1093 4285 1226 4325 vero
1265 4286 1360 4327 cas
1399 4273 1652 4328 novanda
1701 4290 1869 4346 opera
1916 4291 2137 4346 prome-

552 4363 686 4419 riti?
719 4366 901 4435 Agite,
935 4367 1067 4437 quid
1118 4369 1478 4424 memorabile
1524 4372 1821 4441 gessistis?
1849 4389 1959 4443 quo
2008 4373 2136 4429 forti

550 4472 649 4514 vos
704 4457 950 4516 facinore
987 4475 1152 4518 manu
1204 4477 1318 4516 rem
1371 4465 1615 4534 gerendo
1663 4466 2138 4523 commendastis?

2258 3249 2486 3303 stantini
2521 3249 2683 3321 517
2719 3249 3180 3325 Porphyrogeniti
3235 3254 3404 3308 filium
3465 3254 3521 3310 in
3569 3257 3840 3328 majorem
3941 3304 3944 3306 ν

2257 3342 2522 3400 honorem
2551 3346 2864 3414 provehens
2907 3362 3072 3418 quam
3105 3362 3331 3417 sperare
3359 3362 3389 3402 a
3419 3331 3613 3419 patruo
3641 3351 3841 3406 verisi-

2255 3439 2464 3494 militer
2494 3451 2754 3510 petuerat
2789 3441 2980 3498 fratris
3016 3444 3161 3500 lilius
3190 3444 3530 3519 (significare
3551 3445 3838 3517 videlicet,

2254 3534 2478 3602 opinor,
2511 3534 2704 3590 volens
2725 3574 2742 3601 ,
2784 3537 3023 3607 se~patri
3079 3536 3242 3606 hujus
3279 3539 3651 3596 adolescentis
3685 3555 3840 3595 mor-

2251 3612 2350 3683 tuo
2402 3637 2668 3686 constans
2732 3629 3113 3686 exhibiturqu
3172 3630 3368 3698 fuisse,
3416 3633 3550 3690 dum
3601 3634 3836 3701 viveret,

2251 3721 2498 3778 officium
2554 3724 2962 3781 benevolentia
3012 3726 3291 3792 fraternae,
3338 3727 3446 3785 nisi
3481 3727 3577 3785 ille
3614 3745 3677 3788 se
3719 3731 3832 3786 sibi

2251 3817 2530 3875 infensum
2557 3818 2867 3876 manifestis
2900 3819 3125 3877 indiciis
3166 3825 3576 3891 monstrasset),
3608 3828 3832 3883 ornavit

2249 3927 2402 3977 eum,
2437 3911 2683 3967 nondum
2715 3928 2866 3967 anno
2908 3914 3087 3971 aetatis
3131 3916 3368 3987 septimo
3397 3917 3617 3974 decimo
3645 3934 3836 3990 egres-

2249 4021 2410 4067 sum,
2484 4007 2976 4078 panbypersebasti
3035 4008 3328 4080 dignitate,
3395 4027 3710 4082 quanquam
3777 4014 3832 4070 ei

2251 4116 2358 4155 non
2389 4103 2672 4156 concessit
2707 4115 2737 4155 a
2771 4102 3044 4173 principio
3077 4104 3321 4160 habitum
3359 4107 3485 4176 ejus
3533 4108 3672 4162 tituli
3704 4125 3833 4180 pro-

2247 4195 2452 4264 prium,
2487 4197 2584 4251 sed
2623 4195 2784 4267 gilvis
2817 4212 2944 4252 eum
2977 4196 3293 4270 insignibus
3343 4201 3675 4270 honoravit;
3708 4219 3833 4274 qua:

2247 4290 2521 4359 prxloritn
2569 4291 2724 4358 prius
2780 4300 2941 4346 erant
2994 4291 3246 4364 symbola
3300 4295 3611 4364 potestatis,
3653 4296 3728 4349 ita
3770 4305 3831 4350 ut

2247 4384 2511 4460 deinceps
2564 4395 2766 4456 praetor
2824 4398 3084 4442 ornatum
3150 4403 3258 4442 non
3320 4389 3548 4446 haberet
3589 4394 3684 4460 qui
3735 4390 3829 4445 uni

2247 4476 2350 4545 ipsi
2377 4479 2702 4535 conveniret
2751 4480 2994 4550 proprie.
3026 4480 3119 4536 Sic
3160 4483 3309 4537 enim
3342 4492 3396 4538 et
3430 4485 3584 4553 prius
3613 4485 3829 4541 duobus
3877 4487 3880 4490 ’

548 4555 706 4623 atqui
740 4554 930 4610 hostes
978 4571 1086 4608 non
1118 4555 1369 4618 deerant,
1399 4572 1540 4626 quos
1574 4568 1702 4613 ante
1734 4559 1930 4615 oculos
1978 4561 2141 4615 liabe-
2175 4554 2216 4607 ί)
2246 4573 2577 4643 praetoribus
2651 4572 2976 4645 Hypertimo
3030 4585 3084 4630 et
3139 4575 3522 4648 Chalceopulo
3598 4577 3826 4647 fecerat,

549 4647 715 4713 Datis,
742 4663 956 4703 summo
985 4648 1154 4703 vestri
1183 4658 1504 4720 contemptu
1539 4649 1776 4706 ferentes
1803 4662 2140 4724 agentesque

548 4739 665 4797 late
699 4755 918 4798 cuncta.
969 4742 1224 4797 Ηωιςυίιιθ
1274 4743 1478 4796 decora
1527 4754 1709 4801 vestra
1759 4756 1908 4812 sunt,
1960 4748 2142 4802 homi-

551 4851 704 4902 num,
747 4837 793 4893 si
835 4836 970 4908 ipsis
996 4839 1063 4892 de
1108 4853 1168 4891 se
1214 4837 1645 4905 praedicantibus
1678 4842 1946 4906 creditur,
1970 4843 2137 4898 bellis

552 4933 948 4988 lnnutritorum
1005 4948 1069 4988 ac
1101 4932 1340 5000 przeliis?
1372 4933 1465 5002 qui
1518 4934 1564 4988 si
1613 4951 1740 4990 vera
1793 4946 2133 5002 memorant,

552 5027 758 5095 pudere
783 5024 956 5094 ipsos,
988 5025 1134 5093 quod
1166 5039 1194 5077 a
1229 5027 1462 5095 pristina
1492 5027 1694 5083 virtute
1728 5039 1835 5083 tam
1872 5031 2136 5100 probrose

550 5117 1027 5188 degeneraverint,
1061 5117 1278 5185 deceat,
1319 5127 1373 5174 et
1406 5119 1648 5177 latebras
1683 5123 1996 5192 ignominiae
2023 5142 2137 5181 sua:

549 5226 819 5282 quaerere.
869 5212 1049 5282 Atque
1082 5211 1138 5266 1ιί
1177 5223 1360 5267 tamen
1395 5223 1526 5268 sunt
1549 5230 1692 5283 quos
1725 5217 1892 5272 audio
1936 5219 2132 5274 minari

553 5305 828 5361 hostiliter
861 5305 1187 5386 incursuros
1230 5313 1408 5360 terras
1461 5321 1668 5364 nostra:
1716 5310 1962 5375 ditionis,
2008 5324 2132 5366 tan-

550 5416 716 5472 quam
767 5399 1019 5479 regiones
1052 5409 1243 5456 uostro
1282 5400 1547 5469 subjectae
1595 5401 1824 5473 imperio
1857 5406 2132 5475 praesidiis

552 5495 736 5552 tutelae
766 5480 1460 5566 ipsarum'invigilantibus
1508 5509 1760 5553 careant.
1799 5497 1989 5572 Neque
2031 5516 2129 5556 co-

550 5581 727 5658 gitant
771 5587 1059 5642 imminere
1104 5587 1238 5658 ipsis
1267 5603 1298 5643 a
1354 5598 1508 5661 tergo
1537 5593 1845 5661 Augustqu
1889 5594 2127 5651 Michae-

550 5684 678 5745 lem,
722 5688 807 5736 tot
842 5697 906 5736 ac
954 5679 1156 5736 talibus
1192 5681 1528 5738 instructum
1556 5685 1753 5756 copiis,
1790 5703 2022 5756 quarum
2065 5707 2130 5746 ne

550 5775 752 5832 famam
779 5777 1000 5849 quidem
1045 5775 1486 5842 adventantium,
1530 5784 1731 5836 nedum
1767 5781 2029 5854 impetum
2067 5801 2130 5842 ac

552 5872 658 5927 vim
681 5873 1010 5929 irruentium
1039 5882 1245 5944 queant
1281 5873 1578 5930 sustinere.

2249 4667 2489 4738 propriis
2523 4681 2620 4724 eos
2650 4668 2872 4736 privans
2903 4669 3239 4740 insignibus,
3267 4671 3398 4726 dum
3433 4673 3630 4727 borum
3661 4689 3824 4729 usum

2242 4764 2618 4817 communicat
2660 4764 2802 4818 aliis.
2831 4764 3031 4818 Aiebat
3058 4775 3242 4819 autem
3286 4766 3554 4821 rationem
3589 4766 3826 4824 reddens

2246 4855 2371 4911 facti
2405 4857 2569 4926 hujus
2598 4859 2898 4928 imperator
2921 4858 3094 4913 videri
3121 4855 3231 4914 sibi
3257 4861 3613 4931 peculiariter
3637 4871 3820 4932 aptum

2243 4951 2481 5004 colorem
2514 4952 2718 5022 gilvum
2751 4952 3125 5024 insigniendis
3149 4955 3242 5023 qui
3282 4955 3456 5026 gradu
3491 4971 3556 5011 ac
3586 4970 3826 5012 consan-

2241 5043 2516 5113 guinitate
2564 5047 2816 5114 proxime
2876 5045 3170 5114 imperanti
3228 5056 3357 5100 sunt
3413 5046 3642 5103 admoti.
3701 5046 3822 5101 Jam

2240 5140 2504 5210 quoniam
2550 5138 2878 5207 providebat
2924 5154 2954 5194 a
2989 5139 3290 5202 Catelanis.
3325 5156 3492 5210 super
3539 5142 3819 5211 repulsam

2241 5234 2407 5286 etiam
2439 5232 2823 5301 objurgatione
2852 5246 2884 5287 a
2921 5247 2980 5287 se
3014 5231 3248 5286 irritatis
3303 5247 3524 5302 aspera,
3553 5230 3817 5287 insultum

2233 5321 2360 5394 jure
2396 5323 2638 5392 aliquem
2694 5322 2871 5378 timeri
2928 5336 3110 5392 posse,
3151 5321 3475 5376 Micltaelem
3509 5325 3818 5392 Augustum

2232 5418 2439 5486 jussit,
2507 5415 2754 5472 collectis
2816 5417 3037 5471 cunctis
3097 5417 3152 5470 in
3219 5431 3388 5469 unum
3443 5415 3621 5486 copiis
3668 5415 3816 5471 circa

2238 5512 2420 5564 arcem
2460 5511 2606 5578 Apro
2637 5511 2839 5566 dictam
2871 5519 3053 5567 castra
3088 5510 3308 5570 metari.
3333 5523 3395 5564 ac
3419 5510 3463 5562 si
3495 5523 3602 5580 qua
3628 5525 3818 5566 erum-

2239 5621 2366 5676 pere
2407 5623 2531 5660 cum
2566 5604 2929 5674 Amogabaris
2962 5601 3206 5658 Catelani
3253 5612 3611 5672 conarentur,
3640 5604 3688 5656 vi
3719 5617 3819 5660 eos

2239 5713 2534 5768 pugnaque
2582 5697 2865 5752 cohibere.
2895 5695 3075 5765 Atque
3121 5694 3236 5750 haec
3269 5695 3349 5749 sic
3382 5710 3551 5766 agens
3578 5696 3817 5766 impera-

2239 5801 2326 5846 tor
2357 5789 2787 5860 haudquaquam
2819 5790 3039 5844 afllnem
3070 5802 3230 5842 suum
3277 5787 3532 5843 intimum
3574 5797 3629 5844 et
3655 5788 3816 5859 quasi

2237 5901 2500 5952 generum
2535 5885 2896 5943 Retinerium
2933 5883 3095 5954 plane
3147 5874 3463 5950 abdicabat,
3511 5890 3602 5937 aut
3653 5881 3814 5938 benc-
