4066 6286
390 320 496 386 569

1351 327 1450 389 DE
1480 327 1928 390 ANDRONlCO
1967 328 2435 394 PALIEOLOGO
2463 332 2612 399 LIB.
2637 334 2737 403 VI.

3544 331 3655 399 570

377 441 638 511 Καίσαρα
689 440 793 512 ἤδη
831 441 1208 512 φημιζόμενον
1235 481 1252 506 ν
1308 441 1431 495 ἐπεὶ
1487 445 1586 498 καὶ
1640 445 1674 516 ἠ
1735 443 1969 510 σύζυγος
1998 451 2042 506 Α
2074 450 2238 518 δῆθεν
2277 455 2359 518 εἰς
2389 452 2490 517 τὰς
2537 453 2832 524 λαχούσας,
2869 453 2998 518 τοὺς
3030 453 3090 508 δδ
3123 452 3215 507 καί
3260 450 3412 521 παρᾶ
3450 447 3655 518 φαῦλον

377 537 596 591 ἐκείνου
629 537 701 590 τὰ
737 538 1055 610 Καισαρικὰ
1087 537 1205 607 ἅμα
1235 539 1508 609 δεξαμένη
1542 539 1962 610 περιεϐέϐλητο.

378 631 494 686 Καὶ
513 629 666 684 ταῦτ’
697 631 934 700 ἔπραττε
965 633 1073 684 τῶν
1102 632 1312 687 πολλῶν
1341 634 1553 705 διιστᾷν
1580 636 1792 688 ἐκεῖνον
1837 651 1964 688 πει·

381 722 649 794 ρώμενος,
687 724 809 776 ἐπεὶ
846 723 941 776 καὶ
980 725 1146 788 αὐτὸς
1182 725 1412 781 τοιαῦτα
1439 728 1674 794 πέμπων
1700 726 1835 798 πρὸς
1868 727 1966 798 βα-

379 815 536 869 σιλέα
562 814 903 888 διεμηνύετο.

374 939 486 1005 ’κας
517 932 659 998 Περὶ
692 933 801 1005 τοῦ
824 933 1168 1003 φαμούσου,
1202 935 1429 993 καὶτοῦ
1455 936 1853 1002 τελεσθέντος
1874 939 1965 1005 είς

425 1004 536 1057 τὸν
571 1003 881 1074 Ἀρμένιον
907 1021 922 1037 ·
949 1006 1049 1060 καί
1083 1006 1420 1076 δημηγορία
1453 1008 1558 1062 τοῦ
1589 1009 1918 1075 βασιλέως.

457 1093 518 1148 '0
539 1096 596 1150 δέ
616 1113 679 1165 γε
713 1098 1139 1168 πατριαρχεύων
1177 1099 1499 1164 Ἀθανάσιος
1525 1102 1592 1156 τὰ
1614 1101 1787 1154 πολλὰ
1813 1100 1965 1171 παρὰ

377 1189 470 1243 τοῦ
493 1189 758 1260 βασιλέα
779 1190 1088 1262 συγκροτού
1098 1210 1280 1263 μενος,
1303 1194 1425 1248 οὐδὲ
1451 1195 1637 1263 αὐτὸς,
1655 1194 1733 1256 ὡς
1762 1193 1962 1258 ἐδόκει,

377 1283 631 1354 καθυφίει
660 1284 760 1355 τῆς
809 1285 946 1356 πρὸς
1004 1287 1212 1341 ἐκεῖνον
1254 1287 1578 1358 θεραπείας,
1628 1287 1962 1356 καὶμᾶλλον

375 1379 456 1433 ὅτι
489 1394 552 1447 τι
593 1379 690 1432 καὶ
723 1378 937 1434 πολλῶν
964 1380 1076 1433 τῶν
1117 1381 1435 1452 δυναμένων
1468 1381 1681 1452 βασιλεῖ
1722 1385 1963 1436 συνεῖναι

375 1474 466 1528 καὶ
519 1472 802 1544 ξυνεργεῖν
864 1477 942 1538 εἰς
991 1475 1232 1543 τάγαθὸν
1283 1475 1495 1547 ἔρημον
1532 1476 1726 1530 τοῦτον
1788 1479 1964 1531 ποιεῖν

375 1564 676 1632 συνέϐαινε,
707 1567 867 1621 τοῦτο
899 1567 1000 1638 μὲν
1040 1569 1440 1636 ἀποφυγόντων
1492 1570 1757 1632 ἑκουσίως
1785 1571 1842 1633 ἐς
1869 1569 1966 1622 πό-

370 1661 483 1722 λεις
512 1662 728 1732 ἑτέρας.
757 1661 918 1714 τοῦτο
942 1661 1000 1714 δὲ
1031 1663 1125 1714 καὶ
1158 1662 1342 1716 αὐτῶν
1369 1662 1576 1726 αἰτίαις
1603 1661 1964 1733 περιϐαλλὸν-

368 1756 754 1819 των.ὲκείνους
796 1749 872 1808 ὧν
917 1755 1082 1808 ἕνεκα
1129 1756 1225 1808 καὶ
1251 1756 1639 1826 ἀπηρτημένοι
1684 1755 1956 1822 βασιλέως

369 1845 532 1920 ἦσαν.
567 1851 677 1904 Καὶ
705 1849 794 1903 διὰ
833 1849 1005 1903 ταῦτα
1038 1848 1478 1918 ὑποποιούμενος
1509 1849 1603 1902 τὸν
1639 1848 1831 1919 καιρδν
1863 1843 1956 1902 οὗ·

367 1959 459 2006 τος
489 1945 768 2014 συνεχέσιν
788 1943 1124 2015 ἀγρυπνίαις
1148 1943 1245 1996 καὶ
1265 1941 1565 2005 λιτανείαις
1591 1942 1955 2011 περιεσπᾶτο,

345 2036 560 2103 ’στῖφος
589 2034 837 2109 μοναχῶν
877 2020 1165 2102 συγκαλῶν
1190 2034 1287 2087 καὶ
1320 2034 1654 2104 ίερωμένους
1679 2034 1775 2087 καὶ
1813 2034 1955 2104 πλῆ-

367 2126 458 2188 θος
491 2126 640 2192 ἄλλο,
675 2128 770 2180 καὶ
801 2127 975 2181 πολλὰ
1001 2125 1453 2197 ὕπερπαθῶντῷ
1495 2125 1678 2181 δοκεῖν
1710 2127 1956 2190 συνόδοις

366 2218 692 2290 ὁλοημέροις
730 2221 890 2288 μόνος
916 2219 1237 2290 ἀρχιερέων,
1280 2220 1441 2286 μόνος
1466 2219 1576 2274 τῶν
1604 2219 1956 2291 προύχόντων

367 2311 467 2382 τῆς
514 2311 873 2381 Ἐκκλησίας,
905 2312 1032 2374 τοὺς
1066 2309 1154 2384 [Ρ.
1178 2308 1308 2383 561]
1341 2310 1441 2382 μὲν
1474 2311 1865 2382 παραπέμπων
1881 2309 1956 2373 ὡς

369 2492 626 2547 volentia!
681 2507 965 2562 curaeque,
1018 2507 1160 2563 quas
1195 2492 1322 2547 talis
1361 2493 1716 2550 necessitudo
1761 2509 1956 2564 posce-

371 2590 482 2648 ret,
536 2583 765 2638 omnino
797 2593 1083 2654 expertem
1135 2584 1506 2654 relinquebat,
1543 2587 1639 2642 sed
1677 2601 1708 2642 e
1732 2598 1954 2642 contra-

367 2677 452 2732 rio
504 2691 710 2748 genere
747 2679 902 2732 omni
964 2677 1364 2732 blanditiarum
1418 2679 1787 2743 demulcebat,
1834 2681 1954 2750 jam

368 2772 559 2842 utique
585 2786 726 2842 pce
762 2771 1105 2827 declaratum
1135 2770 1407 2827 Caesarem
1432 2789 1446 2824 :
1471 2771 1715 2828 Caesarea
1749 2774 1955 2845 quippe

367 2863 609 2933 insignia
657 2876 797 2917 uxor
845 2862 968 2932 ejus
993 2863 1062 2918 ab
1094 2864 1346 2932 Augusto
1381 2873 1608 2933 accepta
1664 2863 1952 2922 induerat.

367 2954 672 3022 Satagebat
708 2952 876 3023 518
915 2950 1173 3008 videlicet
1213 2952 1316 3007 hac
1349 2963 1466 3008 arte
1498 2967 1525 3006 a
1567 2956 1954 3012 communibus

370 3048 552 3118 gentis
598 3062 711 3102 suae
743 3045 1008 3103 consiliis
1037 3044 1400 3102 Rontzerinm
1447 3046 1747 3110 abducere,
1789 3062 1950 3103 occa-

2072 544 2378 614 τιθέμενος,
2415 545 2512 607 τὰς
2544 545 2990 616 ἀμφισϐητήσεις
3018 544 3112 599 τοῦ
3144 543 3386 613 πλήθους
3414 540 3655 596 διαλύειν

2068 639 2435 708 πειρώμενος,
2460 640 2565 694 κᾶν
2593 640 2770 705 ἄλλως
2796 640 2982 703 κακῶς
3013 631 3130 710 εἶχε
3169 638 3231 691 τὸ
3279 637 3386 706 τῆς
3422 634 3654 705 ἚκκλτΓ

2069 731 2191 793 σίας
2220 732 2516 802 πλήρωμα,
2546 732 2657 787 τῶν
2679 734 3000 807 περιφανῶν
3030 734 3088 785 ἒν
3120 730 3300 802 ἐνδείᾳ
3331 729 3426 783 καὶ
3454 725 3654 798 ἀτιμία⁵

2065 826 2446 884 διαδιούντων.
2487 828 2564 881 Οὐ
2611 828 2720 899 γὰρ
2775 827 3078 899 ὶξήλλακτο
3119 825 3199 894 τῷ
3253 823 3409 893 ἀνδρὶ
3452 822 3521 876 τὰ
3556 820 3656 876 τοῦ

2065 917 2234 989 ἤθους
2263 919 2373 972 οὐδ’
2399 921 2460 981 ὃς
2483 919 2657 991 βραχῦ
2690 921 3086 980 καταστάσεως
3109 917 3210 988 τῆς
3239 916 3502 985 ἀρχῆθεν.
3528 912 3656 968 ml-

2063 1026 2148 1062 τοι
2185 1027 2250 1079 γε
2279 1008 2376 1063 τοῦ
2406 1009 2675 1080 βασιλέως
2711 1010 3210 1082 πληροφοροῦντος,
3247 1011 3326 1063 ὅτ’
3357 1009 3522 1062 αὑτὸν
3557 1007 3653 1061 ἐπὶ

2064 1104 2176 1157 τῶν
2224 1103 2705 1172 ἐκκλησιαστικῶν
2751 1105 2846 1158 καὶ
2878 1104 3040 1159 πάλιν
3075 1103 3424 1173 πραγμάτων
3451 1098 3656 1164 ἐποίει,

2065 1195 2140 1260 ὡς
2178 1196 2237 1250 τὸ
2265 1192 2396 1268 ἦθος
2428 1197 2777 1267 ὲνήλλακται.
2810 1197 2994 1262 Ὀλως
3032 1192 3088 1250 δὲ
3116 1194 3436 1257 ἀθώπευτος
3457 1189 3524 1264 ἦν
3553 1192 3649 1247 καὶ

2067 1291 2354 1360 ἄτεγκτος,
2380 1292 2475 1345 καὶ
2503 1293 2568 1344 ἵν’
2596 1291 2768 1354 οὕτως
2791 1292 2950 1357 εἴπω,
2973 1288 3115 1344 κατὰ
3134 1291 3262 1350 τοὺς
3285 1285 3653 1358 κερασῦόλους

2066 1383 2315 1454 κυάμους
2341 1383 2683 1452 ἀμάλακτος,
2719 1382 2891 1452 βαρὺς
2926 1384 3026 1452 μὲν
3075 1383 3350 1451 μοναχοῖς,
3393 1378 3652 1444 ἐξαλλάτ-

2064 1495 2170 1530 των
2202 1477 2297 1530 κοιλ⁸
2333 1477 2472 1530 αὐτὰ
2491 1481 2559 1528 τὰ
2590 1477 2699 1529 τῶν
2729 1474 2910 1545 μονῶν
2945 1475 3150 1529 τυπικὰ
3179 1473 3273 1527 καὶ
3306 1473 3652 1544 μονοφαγίαν

2065 1568 2132 1622 δι’
2161 1568 2316 1633 ἔτους
2348 1564 2838 1641 ἐξακριϐούμενος,
2857 1568 2931 1633 ὡς
2957 1568 3051 1622 καὶ
3080 1567 3378 1630 ὲννατξζειν
3408 1565 3515 1626 ἀεὶ,
3545 1567 3651 1618 κᾶν

2065 1661 2337 1730 ὲφιστῷτο
2385 1661 2716 1724 δεσπόσυνος
2773 1657 2936 1730 ἑορτὴ
2989 1659 3083 1711 καὶ
3140 1657 3248 1710 τῶν
3283 1653 3649 1724 πασχαλξων,

2068 1754 2238 1825 βαρὺς
2268 1754 2323 1807 δὲ
2358 1756 2451 1807 καὶ
2498 1752 2803 1825 κληρικοῖς,
2847 1748 3016 1824 βαρὺς
3045 1753 3101 1806 δὲ
3151 1753 3244 1804 καὶ
3279 1751 3512 1813 λαῖκοῖς,
3549 1750 3649 1801 καὶ

2060 1843 2130 1899 τὰ
2180 1845 2335 1901 πάντ’
2370 1845 2519 1914 ἄγων
2550 1845 2640 1900 καὶ
2686 1844 2872 1918 φέρων
2900 1846 2980 1910 είς
3009 1846 3129 1900 θεῖα
3161 1843 3533 1911 δικαιώματα,
3566 1833 3651 1904 οτς

2059 1938 2169 1994 οὐδ’
2196 1939 2334 2004 ὅλως
2356 1938 2466 1993 οὐδ’
2498 1940 2546 1993 οἱ
2576 1939 3026 2009 ὁμολογουμένως
3060 1939 3192 2006 περὶ
3227 1937 3293 1991 τὰ
3329 1936 3450 1989 θεῖα
3480 1937 3647 2004 ἠκρι-

2062 2031 2298 2102 ϐωμένοι
2346 2033 2787 2106 κατεχρήσαντο.
2841 2034 2952 2086 Καὶ
2994 2033 3294 2101 ἐπορεύετο
3343 2030 3647 2101 κραταιούς

2062 2143 2222 2196 μενος
2272 2126 2366 2180 ἐπὶ
2405 2125 2614 2190 τούτοις
2677 2126 2945 2195 βασιλέως
3000 2125 3487 2197 συγκροτησμοῖς,
3538 2124 3646 2178 κᾶν

2058 2220 2298 2284 πάντες
2318 2219 2411 2274 καὶ
2452 2219 2656 2289 μᾶλλον
2689 2220 2799 2272 τῶν
2832 2219 3128 2291 ὲπιδήλων,
3183 2215 3468 2293 δυσχερῶς
3497 2215 3644 2290 εἶχον

2057 2314 2172 2376 τοῖς
2224 2311 2357 2381 παρ’
2409 2313 2623 2367 ἐκείνου
2671 2311 3095 2384 πραττομένοις.
3153 2311 3236 2366 Τὰ
3284 2311 3392 2383 γὰρ
3426 2311 3643 2366 ἐκείνου

2058 2492 2412 2549 siasticorum
2457 2509 2775 2564 procerum.
2829 2493 3037 2565 quippe
3074 2507 3199 2549 cum
3247 2493 3492 2564 reliquos
3527 2492 3645 2564 ipse

2057 2582 2128 2639 ab
2171 2586 2306 2640 urbe
2332 2584 2684 2641 amandasset
2721 2597 2934 2650 omnes,
2971 2585 3112 2640 alios
3142 2582 3368 2654 quidem
3410 2585 3476 2638 ad
3511 2596 3645 2640 suas

2059 2676 2342 2735 Ecclesias
2375 2680 2634 2750 prresenti
2669 2695 2801 2734 cura
2838 2677 3109 2748 regendas
3147 2675 3227 2734 ire
3252 2673 3476 2749 iubens,
3505 2674 3648 2732 alios

2057 2772 2434 2828 delationibus
2455 2773 2600 2844 vulgi
2629 2773 2698 2828 ad
2724 2789 2884 2828 suum
2910 2768 3151 2828 tribunal
3172 2783 3418 2835 vocatos,
3448 2783 3646 2826 secun-

2058 2865 2186 2919 dum
2238 2865 2617 2920 accusantium
2664 2875 2790 2917 vota
2841 2863 2956 2920 fere
2995 2863 3252 2933 judicans
3279 2902 3294 2926 ,
3338 2859 3645 2934 ignominia

2058 2954 2401 3012 deformatos
2431 2970 2634 3029 cogens
2670 2956 2951 3013 declinare
2988 2962 3352 3026 conspectum
3386 2953 3644 3009 multitu-

2057 3047 2208 3105 dinis
2268 3057 2326 3104 et
2385 3059 2497 3116 prae
2545 3047 2758 3118 pudore
2824 3045 3113 3103 dedecoris
3165 3046 3336 3102 inusti
3396 3047 3646 3102 latebras

365 3144 582 3197 sionem
640 3140 763 3210 ejus
797 3140 916 3208 spei
951 3156 981 3194 e
1018 3140 1206 3195 missis
1259 3141 1326 3194 ab
1375 3141 1479 3194 hoc
1525 3155 1728 3195 arcano
1779 3141 1848 3196 ad
1897 3157 1957 3198 se
1984 3167 2028 3225 ο
2062 3155 2292 3211 peregre
2317 3157 2589 3212 quaerere.
2642 3139 2938 3211 Reliquum
2973 3155 3106 3196 vero
3130 3139 3637 3197 ecclesiasticorum

365 3235 585 3290 nuntiis
620 3249 870 3298 sumens,
899 3233 1105 3304 quibus
1137 3232 1383 3288 studiose
1413 3233 1750 3302 persuadere
1783 3250 1956 3290 cona-

367 3327 537 3382 batur
561 3342 626 3381 se
661 3329 862 3382 devoto
894 3334 1142 3394 perstare
1191 3325 1245 3378 in
1279 3327 1586 3397 Augustum
1622 3328 1829 3393 animo,
1859 3327 1955 3383 sed

365 3422 648 3491 quandam
701 3419 900 3490 agendi
950 3418 1319 3488 loquendique
1354 3421 1618 3473 adversus
1654 3419 1958 3488 imperato-

367 3529 486 3569 rem
530 3511 945 3567 simulationem
981 3509 1301 3577 extorqueri
1351 3508 1458 3563 sibi
1493 3518 1642 3562 metu
1695 3523 1759 3562 ac
1790 3509 1958 3564 minis

369 3615 643 3668 auorum,
689 3615 928 3671 quorum
981 3599 1390 3654 contumaciam
1446 3600 1653 3654 tacitus
1715 3600 1958 3654 detesta-

369 3705 541 3753 retur.

369 3813 462 3870 2L
495 3812 573 3866 De
601 3811 778 3866 libello
833 3812 1059 3879 famoso,
1088 3813 1255 3878 deque
1301 3827 1363 3864 eo
1405 3817 1544 3880 quod
1585 3811 1714 3866 mire
1757 3811 1952 3866 accidit

513 3890 747 3938 Armcno
766 3898 786 3947 ;
821 3899 1076 3952 superque
1107 3883 1202 3936 illo
1234 3883 1415 3935 concio
1458 3881 1816 3950 imperatoris.

445 3977 766 4032 Patriarcha
815 3990 984 4045 porro
1019 3975 1361 4028 Athanasius
1393 3984 1454 4027 ut
1487 3973 1694 4041 ingenti
1742 3989 1964 4042 semper

378 4072 567 4126 favore
615 4079 783 4138 atque
831 4069 1100 4138 applausu
1148 4066 1506 4137 imperatoris
1551 4066 1961 4127 honorabatur.

377 4167 450 4220 ita
504 4180 608 4219 nec
662 4162 781 4232 ipse
819 4161 991 4216 videri
1041 4161 1260 4216 volebat
1317 4162 1425 4214 ulla
1488 4160 1733 4216 vicissim
1795 4161 1851 4214 in
1902 4176 1962 4215 re

374 4271 598 4316 cessare
630 4271 752 4328 qua
793 4256 860 4309 ad
905 4257 954 4310 ei
1000 4255 1429 4326 gratiﬁcandum
1467 4253 1957 4325 obsequendumve

377 4353 696 4422 pertineret.
725 4351 804 4405 Ad
851 4350 998 4419 quod
1045 4349 1201 4403 illum
1235 4348 1561 4403 stimulabat
1594 4349 1835 4404 maxime
1866 4364 1958 4401 so-

2065 3246 2265 3304 corpus
2293 3235 2534 3303 graviter
2584 3233 2905 3290 universum
2945 3233 3258 3298 laborabat,
3311 3228 3643 3288 illustriori-

2067 3328 2170 3383 bus
2213 3321 2530 3398 quibusque
2575 3327 2773 3383 horum
2821 3327 3019 3398 partim
3057 3327 3244 3396 inepia
3291 3323 3646 3390 conﬂictatis,

2067 3421 2270 3491 partim
2327 3421 2538 3475 honore
2597 3420 2888 3475 imminuto
2947 3421 3014 3475 de
3073 3421 3244 3488 gradu
3329 3413 3643 3489 splendoris

2067 3513 2292 3583 pristini
2345 3510 2597 3582 deiectis.
2642 3508 2759 3567 Non
2818 3513 2960 3567 enim
3007 3511 3173 3583 519
3221 3511 3306 3566 vel
3352 3511 3420 3565 ad
3478 3511 3644 3566 breve

2065 3615 2288 3676 tempus
2310 3604 2648 3661 Athanasius
2674 3607 2965 3658 immutare
2989 3604 3286 3673 quidquam
3319 3613 3414 3658 aut
3449 3605 3643 3656 remit-

2064 3708 2183 3754 tere
2205 3697 2273 3754 de
2307 3697 2401 3752 illa
2432 3714 2646 3752 morum
2703 3698 3001 3753 acerbitate
3055 3697 3223 3768 priori
3265 3696 3640 3767 patriarcbatu

2061 3791 2413 3848 odiosissime
2505 3789 2745 3846 exercita
2825 3801 3154 3853 curaverat,
3244 3798 3525 3856 utcunque
3588 3800 3643 3843 et

2063 3881 2387 3940 credidisset
2438 3884 2740 3955 imperator
2788 3893 2842 3939 et
2894 3885 3230 3953 persuadere
3281 3884 3403 3938 allis
3468 3900 3644 3953 spon-

2061 3976 2243 4035 dendo
2324 3978 2655 4044 studuisset,
2729 3977 2953 4048 quando
3018 3977 3171 4031 illum
3248 3975 3646 4032 ecclesiasticis

2063 4084 2259 4126 rursus
2340 4071 2575 4140 negotiis
2643 4071 2977 4139 praeposuit,
3049 4069 3216 4123 alium
3291 4069 3453 4138 plane
3525 4067 3642 4138 jam

2061 4167 2241 4237 ipsum
2299 4179 2327 4218 a
2381 4164 2560 4234 primo
2618 4164 2713 4218 illo
2764 4164 2972 4217 dudum
3028 4178 3197 4219 exoso
3248 4179 3311 4219 ac
3344 4163 3643 4219 formidato

2066 4273 2213 4312 nunc
2267 4270 2390 4312 esse
2447 4256 2678 4319 factum,
2733 4273 2860 4309 cum
2903 4267 3086 4310 tamen
3133 4257 3182 4311 is
3229 4265 3361 4310 tunc
3404 4255 3644 4313 maxime

2065 4351 2231 4405 nullis
2288 4365 2348 4404 se
2401 4350 2694 4405 verborum
2744 4349 2945 4404 officiis
2977 4346 3343 4413 delinibilem,
3394 4345 3644 4420 praerigi-

374 4446 552 4502 litudo
587 4446 940 4515 imperatoris
968 4453 1023 4498 et
1054 4443 1342 4498 destitutio
1374 4459 1404 4498 a
1432 4442 1618 4498 multis
1653 4458 1752 4498 sua
1789 4457 1958 4498 causa
1994 4505 2027 4515 _
2066 4440 2192 4496 dum
2227 4440 2386 4511 plane
2417 4440 2735 4511 quemdam,
2770 4449 2825 4497 et
2886 4452 2944 4495 ut
2997 4441 3076 4496 sic
3128 4442 3342 4510 loquar,
3380 4448 3543 4510 prout
3573 4440 3642 4496 de

372 4505 993 4607 absentibus,'~quorum
1039 4533 1331 4606 praesentia
1370 4544 1425 4589 et
1456 4549 1623 4604 Opera
1657 4534 1712 4588 in
1741 4542 1821 4588 tot
1849 4531 1958 4589 illis
1992 4505 2034 4560 Β
2065 4531 2207 4589 fabis
2237 4531 2395 4604 alunt
2418 4546 2592 4588 cornu
2625 4505 2807 4600 tactis,
2843 4535 2993 4588 nulla
3030 4505 3258 4589 coctura
3287 4505 3638 4587 emollibilem

374 4633 801 4690 difficultatibus
824 4630 1141 4701 gravissimi
1160 4629 1428 4696 temporis
1445 4628 1628 4698 juvari
1664 4628 1955 4699 potuisset,

371 4727 705 4791 quibusdam
731 4740 926 4780 eorum
955 4723 1215 4778 exsilium
1243 4722 1348 4778 sibi
1374 4728 1571 4792 sponte
1601 4720 1957 4776 consciscen-

370 4821 520 4875 tibus
549 4817 861 4873 recedendo
897 4818 952 4871 in
988 4816 1247 4870 civitates
1283 4815 1444 4877 alias,
1481 4822 1535 4868 et
1569 4813 1762 4868 iisdem
1795 4823 1958 4868 caete-

373 4927 468 4966 ros
520 4910 937 4981 implicantibus
973 4909 1027 4963 in
1073 4911 1294 4966 easdem
1347 4921 1545 4961 causas
1577 4905 1649 4960 ob
1683 4921 1821 4976 quas
1849 4904 1956 4975 ipsi

375 5006 444 5060 ab
516 5005 852 5074 imperatore
925 5003 1340 5058 discessissent.
1393 5002 1577 5069 Quare
1646 4999 1955 5070 patriarcha

373 5104 774 5168 congruentem
834 5096 1080 5152 tristitiae
1155 5105 1467 5167 temporum
1525 5094 1955 5150 sollicitudinem

375 5201 680 5257 ostentans,
740 5189 1022 5246 continuis
1074 5189 1276 5260 vigiliis
1334 5201 1390 5245 et
1452 5189 1662 5245 litaniis
1724 5187 1949 5244 Numen

377 5285 730 5356 propitiando
754 5300 936 5340 rerum
981 5286 1038 5339 in
1070 5286 1336 5356 pracipiti
1370 5285 1733 5354 pendentium
1766 5287 1958 5343 ruinas

378 5379 579 5434 fulcire
616 5379 950 5433 conabatur.
1001 5377 1210 5434 Multus
1261 5379 1429 5449 igitur
1461 5388 1584 5436 erat
1613 5379 1667 5434 in
1719 5395 1958 5452 congre-

383 5470 577 5542 gaudia
601 5471 670 5525 ad
704 5471 1013 5525 orationem
1049 5470 1453 5525 monachorum
1483 5469 1742 5535 cratibus,
1771 5485 1960 5525 sacer-

383 5566 570 5620 dotum
609 5577 831 5634 quoque
877 5578 944 5616 ac
977 5565 1154 5618 turba:
1189 5572 1423 5625 craterae,
1455 5577 1567 5632 prae
1599 5578 1657 5618 se
1691 5564 1873 5619 ferens
1894 5577 1961 5617 ex

382 5646 670 5711 animose
712 5654 954 5725 compati
997 5654 1411 5710 calamitatibus
1458 5654 1716 5722 publicis.
1768 5654 1961 5722 Quoti-

382 5745 574 5802 dianas
603 5744 737 5816 quin
787 5745 950 5798 etiam
992 5744 1302 5799 celebrabat
1345 5746 1610 5817 synodos,
1637 5761 1952 5816 quanquam

385 5835 536 5890 solus
575 5837 690 5905 ipse
722 5834 945 5904 quidem
999 5835 1572 5907 archiepiscoporum,
1600 5838 1751 5894 solus
1778 5837 1955 5894 eccle-

2064 4628 2351 4699 praeberet,
2375 4642 2598 4700 gravem
2632 4630 2856 4698 quidem
2888 4628 3176 4683 monachis
3211 4627 3436 4696 (quibus
3459 4630 3637 4697 ipsum

2061 4721 2312 4792 quotidie
2369 4735 2662 4777 numerum
2722 4721 3060 4792 psalmorum
3107 4729 3161 4774 et
3210 4729 3408 4774 cantus
3457 4719 3641 4774 ecclea

2065 4813 2316 4882 siastici,
2368 4827 2470 4870 usu
2531 4815 2993 4869 monasteriorum
3048 4813 3391 4884 singulorum
3431 4802 3664 4885 dudum,

2061 4906 2294 4972 deliniti,
2384 4908 2605 4962 modum
2687 4910 2896 4979 passim
2970 4922 3314 4978 exaggerans
3377 4912 3639 4969 mutaret,

2059 4999 2383 5067 eisdemque
2433 5000 2502 5054 de
2548 5014 2694 5054 novo
2731 5000 3137 5070 prmscriberet,
3179 5009 3442 5068 tanquam
3473 4997 3640 5052 insti~

2060 5091 2164 5146 tuti
2210 5087 2586 5148 observationi
2642 5091 2930 5147 monastici
2970 5091 3287 5155 necessario
3342 5104 3639 5155 annexam,

2060 5183 2382 5254 religionem
2417 5183 2725 5239 continuati
2774 5184 2911 5236 citra
2966 5180 3436 5237 intermissionem
3472 5181 3640 5234 ullam

2057 5286 2158 5346 per
2187 5281 2362 5329 totum
2394 5288 2553 5344 aque
2603 5288 2809 5328 annum
2852 5272 3075 5342 jejunii,
3113 5273 3276 5326 unica
3324 5271 3377 5324 in
3409 5268 3498 5324 die
3548 5286 3640 5326 re.

2062 5367 2302 5424 fectione
2374 5367 2660 5433 contenti;
2715 5367 2861 5421 unde
2922 5366 3086 5420 [iebat
3141 5379 3421 5434 nunquam
3479 5364 3641 5434 plane

2061 5462 2198 5517 liora
2237 5460 2389 5530 prius
2418 5475 2562 5516 nona
2607 5468 2830 5530 gustare
2865 5460 3168 5530 quidquam
3215 5458 3541 5522 monachos,
3571 5469 3641 5510 ne

2066 5555 2122 5610 in
2172 5555 2332 5610 festis
2376 5554 2600 5624 quidem
2643 5553 2862 5608 Domini
2907 5563 3006 5607 aut
3045 5553 3181 5621 ipsis
3231 5547 3640 5620 Paschalihus),

2063 5663 2282 5716 gravem
2349 5649 2516 5701 etiam
2578 5646 2821 5711 clericis,
2872 5661 3095 5716 gravem
3161 5651 3219 5697 et
3277 5644 3456 5707 laicis,
3505 5646 3636 5698 dunt

2065 5740 2248 5794 omnia
2286 5740 2529 5794 omnium
2572 5740 2636 5792 ad
2677 5738 3016 5813 divinarum,
3043 5749 3103 5793 ut
3143 5734 3640 5807 aiebat,justilica-

2065 5833 2274 5889 tionum
2322 5847 2570 5890 normam
2613 5832 2811 5890 acerbe
2857 5847 3077 5904 semper
3117 5832 3421 5893 emendans
3476 5843 3637 5893 revo-
