  <div class='ocr_page' id='page_1' title='image "/cluster/home/n/w/nwhite01/storage/ocr_20150623/144/mdp.39015046822246/309.png"; bbox 0 0 4066 6286; ppageno 0'>
   <div class='ocr_carea' id='block_1_1' title="bbox 413 345 518 410">
    <p class='ocr_par' dir='ltr' id='par_1_1' title="bbox 413 345 518 410">
     <span class='ocr_line' id='line_1_1' title="bbox 413 345 518 410; baseline 0.01 -2"><span class='ocrx_word' id='word_1_1' title='bbox 413 345 518 410; x_wconf 78' lang='lat'><strong>571</strong></span> 
     </span>
    </p>
   </div>
   <div class='ocr_carea' id='block_1_2' title="bbox 1637 343 2503 408">
    <p class='ocr_par' dir='ltr' id='par_1_2' title="bbox 1637 343 2503 408">
     <span class='ocr_line' id='line_1_2' title="bbox 1637 343 2503 408; baseline 0 0"><span class='ocrx_word' id='word_1_2' title='bbox 1637 343 1963 408; x_wconf 81' lang='lat' dir='ltr'><strong>GEORGII</strong></span> <span class='ocrx_word' id='word_1_3' title='bbox 2007 343 2503 407; x_wconf 60' lang='grc' dir='ltr'><strong>ΡΑΟΙΙΥΜΕΒΛΕ</strong></span> 
     </span>
    </p>
   </div>
   <div class='ocr_carea' id='block_1_3' title="bbox 3569 343 3676 408">
    <p class='ocr_par' dir='ltr' id='par_1_3' title="bbox 3569 343 3676 408">
     <span class='ocr_line' id='line_1_3' title="bbox 3569 343 3676 408; baseline -0.009 0"><span class='ocrx_word' id='word_1_4' title='bbox 3569 343 3676 408; x_wconf 67' lang='grc'><strong>572</strong></span> 
     </span>
    </p>
   </div>
   <div class='ocr_carea' id='block_1_4' title="bbox 402 445 3675 535">
    <p class='ocr_par' dir='ltr' id='par_1_4' title="bbox 402 445 3675 535">
     <span class='ocr_line' id='line_1_4' title="bbox 402 445 3675 535; baseline 0.002 -21"><span class='ocrx_word' id='word_1_5' title='bbox 402 460 514 532; x_wconf 77' lang='grc' dir='ltr'><strong>ἢθη</strong></span> <span class='ocrx_word' id='word_1_6' title='bbox 547 462 683 533; x_wconf 78' lang='grc' dir='ltr'>πρὸς</span> <span class='ocrx_word' id='word_1_7' title='bbox 713 461 783 515; x_wconf 85' lang='grc' dir='ltr'>τὰ</span> <span class='ocrx_word' id='word_1_8' title='bbox 816 461 924 516; x_wconf 86' lang='grc' dir='ltr'><strong>τῶν</strong></span> <span class='ocrx_word' id='word_1_9' title='bbox 951 463 1125 518; x_wconf 75' lang='grc' dir='ltr'>ἄλλων</span> <span class='ocrx_word' id='word_1_10' title='bbox 1154 445 1370 528; x_wconf 72' lang='grc' dir='ltr'>ἐξαίσια</span> <span class='ocrx_word' id='word_1_11' title='bbox 1401 460 1544 535; x_wconf 74' lang='grc' dir='ltr'>ἦσαν</span> <span class='ocrx_word' id='word_1_12' title='bbox 1586 467 1683 518; x_wconf 72' lang='grc' dir='ltr'><strong>καὶ</strong></span> <span class='ocrx_word' id='word_1_13' title='bbox 1714 466 1823 518; x_wconf 78' lang='grc' dir='ltr'>οὐδ’</span> <span class='ocrx_word' id='word_1_14' title='bbox 1853 467 1989 525; x_wconf 81' lang='grc' dir='ltr'>ὅλως</span> <span class='ocrx_word' id='word_1_15' title='bbox 2022 464 2064 520; x_wconf 81' lang='grc' dir='ltr'><strong>Λ</strong></span> <span class='ocrx_word' id='word_1_16' title='bbox 2093 455 2182 529; x_wconf 73' lang='grc' dir='ltr'>ἦν.</span> <span class='ocrx_word' id='word_1_17' title='bbox 2216 463 2588 534; x_wconf 71' lang='grc' dir='ltr'><strong>διαφερόντως</strong></span> <span class='ocrx_word' id='word_1_18' title='bbox 2613 462 2669 515; x_wconf 82' lang='grc' dir='ltr'><strong>δέ</strong></span> <span class='ocrx_word' id='word_1_19' title='bbox 2703 479 2763 530; x_wconf 83' lang='grc' dir='ltr'><strong>γε</strong></span> <span class='ocrx_word' id='word_1_20' title='bbox 2788 464 2851 532; x_wconf 77' lang='grc' dir='ltr'>τῇ</span> <span class='ocrx_word' id='word_1_21' title='bbox 2874 461 3115 530; x_wconf 69' lang='grc' dir='ltr'><strong>ἀδελφῇ.</strong></span> <span class='ocrx_word' id='word_1_22' title='bbox 3150 463 3236 523; x_wconf 80' lang='grc' dir='ltr'>Ὠς</span> <span class='ocrx_word' id='word_1_23' title='bbox 3255 460 3310 516; x_wconf 73' lang='grc' dir='ltr'><strong>δὲ</strong></span> <span class='ocrx_word' id='word_1_24' title='bbox 3337 463 3430 514; x_wconf 70' lang='grc' dir='ltr'><strong>καὶ</strong></span> <span class='ocrx_word' id='word_1_25' title='bbox 3461 463 3675 532; x_wconf 77' lang='grc' dir='ltr'>πικρῶς</span> 
     </span>
    </p>
   </div>
   <div class='ocr_carea' id='block_1_5' title="bbox 404 554 1984 632">
    <p class='ocr_par' dir='ltr' id='par_1_5' title="bbox 404 554 1984 632">
     <span class='ocr_line' id='line_1_5' title="bbox 404 554 1984 632; baseline 0.004 -27"><span class='ocrx_word' id='word_1_26' title='bbox 404 554 635 618; x_wconf 64' lang='grc' dir='ltr'>ἐκείνοις</span> <span class='ocrx_word' id='word_1_27' title='bbox 691 555 1032 621; x_wconf 75' lang='grc' dir='ltr'>συνέϐαινον,</span> <span class='ocrx_word' id='word_1_28' title='bbox 1067 559 1182 621; x_wconf 83' lang='grc' dir='ltr'>τοῖς</span> <span class='ocrx_word' id='word_1_29' title='bbox 1236 557 1336 628; x_wconf 85' lang='grc' dir='ltr'>μὲν</span> <span class='ocrx_word' id='word_1_30' title='bbox 1393 558 1453 624; x_wconf 78' lang='grc' dir='ltr'>ἐξ</span> <span class='ocrx_word' id='word_1_31' title='bbox 1507 558 1768 632; x_wconf 77' lang='grc' dir='ltr'><strong>ἐναρέτου</strong></span> <span class='ocrx_word' id='word_1_32' title='bbox 1823 561 1984 628; x_wconf 82' lang='grc' dir='ltr'>δῆθεν</span> 
     </span>
    </p>
   </div>
   <div class='ocr_carea' id='block_1_6' title="bbox 400 643 1985 723">
    <p class='ocr_par' dir='ltr' id='par_1_6' title="bbox 400 643 1985 723">
     <span class='ocr_line' id='line_1_6' title="bbox 400 643 1985 723; baseline 0.005 -25"><span class='ocrx_word' id='word_1_33' title='bbox 400 643 700 716; x_wconf 84' lang='grc' dir='ltr'>δοκήσεως,</span> <span class='ocrx_word' id='word_1_34' title='bbox 739 649 852 708; x_wconf 69' lang='grc' dir='ltr'>τοῖς</span> <span class='ocrx_word' id='word_1_35' title='bbox 889 647 934 700; x_wconf 76' lang='grc' dir='ltr'>δ’</span> <span class='ocrx_word' id='word_1_36' title='bbox 976 648 1036 713; x_wconf 72' lang='grc' dir='ltr'><strong>ἐξ</strong></span> <span class='ocrx_word' id='word_1_37' title='bbox 1073 649 1319 719; x_wconf 81' lang='grc' dir='ltr'><strong>ἐμφύτου</strong></span> <span class='ocrx_word' id='word_1_38' title='bbox 1367 651 1594 723; x_wconf 80' lang='grc' dir='ltr'>γνώμης</span> <span class='ocrx_word' id='word_1_39' title='bbox 1625 652 1839 716; x_wconf 77' lang='grc' dir='ltr'>δοκοῦν,</span> <span class='ocrx_word' id='word_1_40' title='bbox 1871 655 1985 715; x_wconf 82' lang='grc' dir='ltr'>τοῖς</span> 
     </span>
    </p>
   </div>
   <div class='ocr_carea' id='block_1_7' title="bbox 398 739 1992 817">
    <p class='ocr_par' dir='ltr' id='par_1_7' title="bbox 398 739 1992 817">
     <span class='ocr_line' id='line_1_7' title="bbox 398 739 1992 817; baseline 0.004 -24"><span class='ocrx_word' id='word_1_41' title='bbox 398 739 448 793; x_wconf 82' lang='grc' dir='ltr'><strong>δ’</strong></span> <span class='ocrx_word' id='word_1_42' title='bbox 476 740 773 816; x_wconf 19' lang='grc' dir='ltr'>’ἐμπαθοῦς</span> <span class='ocrx_word' id='word_1_43' title='bbox 824 742 1116 803; x_wconf 77' lang='grc' dir='ltr'>διαθέσεως</span> <span class='ocrx_word' id='word_1_44' title='bbox 1173 746 1317 797; x_wconf 74' lang='grc' dir='ltr'>κατὰ</span> <span class='ocrx_word' id='word_1_45' title='bbox 1361 745 1588 817; x_wconf 82' lang='grc' dir='ltr'>γνώμην</span> <span class='ocrx_word' id='word_1_46' title='bbox 1635 748 1743 800; x_wconf 84' lang='grc' dir='ltr'><strong>τῶν</strong></span> <span class='ocrx_word' id='word_1_47' title='bbox 1788 748 1992 804; x_wconf 68' lang='grc' dir='ltr'>πάλαι..</span> 
     </span>
    </p>
   </div>
   <div class='ocr_carea' id='block_1_8' title="bbox 396 831 1983 920">
    <p class='ocr_par' dir='ltr' id='par_1_8' title="bbox 396 831 1983 920">
     <span class='ocr_line' id='line_1_8' title="bbox 396 831 1983 920; baseline 0.006 -33"><span class='ocrx_word' id='word_1_48' title='bbox 396 831 642 892; x_wconf 60' lang='grc' dir='ltr'>,Ὅπόθεν</span> <span class='ocrx_word' id='word_1_49' title='bbox 674 837 731 889; x_wconf 77' lang='grc' dir='ltr'><strong>δὲ</strong></span> <span class='ocrx_word' id='word_1_50' title='bbox 759 836 906 890; x_wconf 75' lang='grc' dir='ltr'>τοῦτ’</span> <span class='ocrx_word' id='word_1_51' title='bbox 934 833 1024 908; x_wconf 81' lang='grc' dir='ltr'>ἦν,</span> <span class='ocrx_word' id='word_1_52' title='bbox 1065 839 1238 904; x_wconf 76' lang='grc' dir='ltr'>ἔξεστι</span> <span class='ocrx_word' id='word_1_53' title='bbox 1269 841 1516 907; x_wconf 84' lang='grc' dir='ltr'>γίνεσθαι</span> <span class='ocrx_word' id='word_1_54' title='bbox 1557 841 1653 894; x_wconf 78' lang='grc' dir='ltr'>τοῦ</span> <span class='ocrx_word' id='word_1_55' title='bbox 1701 843 1983 920; x_wconf 75' lang='grc' dir='ltr'>πείθοντος</span> 
     </span>
    </p>
   </div>
   <div class='ocr_carea' id='block_1_9' title="bbox 397 927 1984 1008">
    <p class='ocr_par' dir='ltr' id='par_1_9' title="bbox 397 927 1984 1008">
     <span class='ocr_line' id='line_1_9' title="bbox 397 927 1984 1008; baseline 0.006 -27"><span class='ocrx_word' id='word_1_56' title='bbox 397 927 689 999; x_wconf 81' lang='grc' dir='ltr'>λογισμοῦ,</span> <span class='ocrx_word' id='word_1_57' title='bbox 756 933 975 1000; x_wconf 77' lang='grc' dir='ltr'>Ἀμέλει</span> <span class='ocrx_word' id='word_1_58' title='bbox 1020 929 1102 985; x_wconf 78' lang='grc' dir='ltr'><strong>τοι</strong></span> <span class='ocrx_word' id='word_1_59' title='bbox 1148 935 1241 987; x_wconf 75' lang='grc' dir='ltr'>καὶ</span> <span class='ocrx_word' id='word_1_60' title='bbox 1282 935 1355 1003; x_wconf 84' lang='grc' dir='ltr'>μὴ</span> <span class='ocrx_word' id='word_1_61' title='bbox 1401 934 1562 1004; x_wconf 75' lang='grc' dir='ltr'>μόνον</span> <span class='ocrx_word' id='word_1_62' title='bbox 1593 938 1706 1000; x_wconf 83' lang='grc' dir='ltr'>τοῖς</span> <span class='ocrx_word' id='word_1_63' title='bbox 1743 936 1984 1008; x_wconf 79' lang='grc' dir='ltr'><strong>ἀρχῆθεν</strong></span> 
     </span>
    </p>
   </div>
   <div class='ocr_carea' id='block_1_10' title="bbox 401 1015 1985 1102">
    <p class='ocr_par' dir='ltr' id='par_1_10' title="bbox 401 1015 1985 1102">
     <span class='ocr_line' id='line_1_10' title="bbox 401 1015 1985 1102; baseline 0.008 -27"><span class='ocrx_word' id='word_1_64' title='bbox 401 1024 774 1095; x_wconf 77' lang='grc' dir='ltr'>σχιζομένοις,</span> <span class='ocrx_word' id='word_1_65' title='bbox 807 1027 944 1080; x_wconf 80' lang='grc' dir='ltr'>ἀλλὰ</span> <span class='ocrx_word' id='word_1_66' title='bbox 978 1031 1070 1080; x_wconf 75' lang='grc' dir='ltr'>καὶ</span> <span class='ocrx_word' id='word_1_67' title='bbox 1115 1031 1228 1093; x_wconf 82' lang='grc' dir='ltr'>τοῖς</span> <span class='ocrx_word' id='word_1_68' title='bbox 1276 1030 1456 1092; x_wconf 75' lang='grc' dir='ltr'>ἄλλοις</span> <span class='ocrx_word' id='word_1_69' title='bbox 1488 1031 1763 1102; x_wconf 77' lang='grc' dir='ltr'>ἀγλευκής</span> <span class='ocrx_word' id='word_1_70' title='bbox 1810 1015 1985 1087; x_wconf 72' lang='grc' dir='ltr'>ἐδόκει</span> 
     </span>
    </p>
   </div>
   <div class='ocr_carea' id='block_1_11' title="bbox 401 1118 1985 1195">
    <p class='ocr_par' dir='ltr' id='par_1_11' title="bbox 401 1118 1985 1195">
     <span class='ocr_line' id='line_1_11' title="bbox 401 1118 1985 1195; baseline 0.008 -25"><span class='ocrx_word' id='word_1_71' title='bbox 401 1118 497 1171; x_wconf 73' lang='grc' dir='ltr'>καὶ</span> <span class='ocrx_word' id='word_1_72' title='bbox 527 1119 753 1181; x_wconf 82' lang='grc' dir='ltr'><strong>ἀτενοῦς</strong></span> <span class='ocrx_word' id='word_1_73' title='bbox 785 1120 954 1190; x_wconf 76' lang='grc' dir='ltr'>ἦθους</span> <span class='ocrx_word' id='word_1_74' title='bbox 980 1121 1073 1174; x_wconf 74' lang='grc' dir='ltr'><strong>καὶ</strong></span> <span class='ocrx_word' id='word_1_75' title='bbox 1108 1123 1248 1186; x_wconf 85' lang='grc' dir='ltr'>ὅλως</span> <span class='ocrx_word' id='word_1_76' title='bbox 1280 1123 1686 1195; x_wconf 82' lang='grc' dir='ltr'><strong>δυσπέμφελος.</strong></span> <span class='ocrx_word' id='word_1_77' title='bbox 1719 1126 1985 1192; x_wconf 80' lang='grc' dir='ltr'>Βασιλεὺς</span> 
     </span>
    </p>
   </div>
   <div class='ocr_carea' id='block_1_12' title="bbox 397 1211 1980 1288">
    <p class='ocr_par' dir='ltr' id='par_1_12' title="bbox 397 1211 1980 1288">
     <span class='ocr_line' id='line_1_12' title="bbox 397 1211 1980 1288; baseline 0.006 -24"><span class='ocrx_word' id='word_1_78' title='bbox 397 1211 454 1265; x_wconf 82' lang='grc' dir='ltr'><strong>δὲ</strong></span> <span class='ocrx_word' id='word_1_79' title='bbox 490 1212 552 1265; x_wconf 81' lang='grc' dir='ltr'><strong>οὐ</strong></span> <span class='ocrx_word' id='word_1_80' title='bbox 589 1214 791 1282; x_wconf 83' lang='grc' dir='ltr'>μᾶλλον</span> <span class='ocrx_word' id='word_1_81' title='bbox 825 1218 1034 1268; x_wconf 84' lang='grc' dir='ltr'>ἐκεῖνον</span> <span class='ocrx_word' id='word_1_82' title='bbox 1082 1216 1115 1288; x_wconf 80' lang='grc' dir='ltr'>ἦ</span> <span class='ocrx_word' id='word_1_83' title='bbox 1153 1218 1254 1283; x_wconf 79' lang='grc' dir='ltr'><strong>τὴν</strong></span> <span class='ocrx_word' id='word_1_84' title='bbox 1289 1219 1495 1271; x_wconf 70' lang='grc' dir='ltr'>οἰκείαν</span> <span class='ocrx_word' id='word_1_85' title='bbox 1550 1220 1816 1274; x_wconf 85' lang='grc' dir='ltr'>συνιστῶν</span> <span class='ocrx_word' id='word_1_86' title='bbox 1847 1216 1980 1285; x_wconf 78' lang='grc' dir='ltr'>οἷον,</span> 
     </span>
    </p>
   </div>
   <div class='ocr_carea' id='block_1_13' title="bbox 398 1307 1978 1386">
    <p class='ocr_par' dir='ltr' id='par_1_13' title="bbox 398 1307 1978 1386">
     <span class='ocr_line' id='line_1_13' title="bbox 398 1307 1978 1386; baseline 0.004 -26"><span class='ocrx_word' id='word_1_87' title='bbox 398 1307 478 1370; x_wconf 84' lang='grc' dir='ltr'>ὡς</span> <span class='ocrx_word' id='word_1_88' title='bbox 511 1307 697 1377; x_wconf 74' lang='grc' dir='ltr'>ἐῴκει,</span> <span class='ocrx_word' id='word_1_89' title='bbox 735 1309 986 1381; x_wconf 80' lang='grc' dir='ltr'>γνώμην,</span> <span class='ocrx_word' id='word_1_90' title='bbox 1022 1307 1208 1379; x_wconf 82' lang='grc' dir='ltr'>ἐφόίς</span> <span class='ocrx_word' id='word_1_91' title='bbox 1235 1312 1334 1365; x_wconf 72' lang='grc' dir='ltr'><strong>καὶ</strong></span> <span class='ocrx_word' id='word_1_92' title='bbox 1356 1312 1453 1384; x_wconf 83' lang='grc' dir='ltr'><strong>τὴν</strong></span> <span class='ocrx_word' id='word_1_93' title='bbox 1479 1314 1656 1384; x_wconf 76' lang='grc' dir='ltr'>ἀρχὴν</span> <span class='ocrx_word' id='word_1_94' title='bbox 1676 1315 1978 1386; x_wconf 81' lang='grc' dir='ltr'>ὲκεκρίκει,</span> 
     </span>
    </p>
   </div>
   <div class='ocr_carea' id='block_1_14' title="bbox 397 1403 1980 1480">
    <p class='ocr_par' dir='ltr' id='par_1_14' title="bbox 397 1403 1980 1480">
     <span class='ocr_line' id='line_1_14' title="bbox 397 1403 1980 1480; baseline 0.006 -26"><span class='ocrx_word' id='word_1_95' title='bbox 397 1403 507 1455; x_wconf 80' lang='grc' dir='ltr'><strong>οὐδ’</strong></span> <span class='ocrx_word' id='word_1_96' title='bbox 559 1405 618 1466; x_wconf 87' lang='grc' dir='ltr'>ὲς</span> <span class='ocrx_word' id='word_1_97' title='bbox 669 1403 844 1474; x_wconf 78' lang='grc' dir='ltr'>βραχὺ</span> <span class='ocrx_word' id='word_1_98' title='bbox 899 1407 994 1475; x_wconf 84' lang='grc' dir='ltr'>τῆς</span> <span class='ocrx_word' id='word_1_99' title='bbox 1031 1407 1120 1459; x_wconf 76' lang='grc' dir='ltr'><strong>ἐπ’</strong></span> <span class='ocrx_word' id='word_1_100' title='bbox 1153 1406 1306 1478; x_wconf 81' lang='grc' dir='ltr'>αὑτῷ</span> <span class='ocrx_word' id='word_1_101' title='bbox 1354 1408 1668 1480; x_wconf 78' lang='grc' dir='ltr'><strong>πολυωρίας</strong></span> <span class='ocrx_word' id='word_1_102' title='bbox 1699 1409 1980 1477; x_wconf 75' lang='grc' dir='ltr'>καθυφίει.</span> 
     </span>
    </p>
   </div>
   <div class='ocr_carea' id='block_1_15' title="bbox 411 1495 1980 1573">
    <p class='ocr_par' dir='ltr' id='par_1_15' title="bbox 411 1495 1980 1573">
     <span class='ocr_line' id='line_1_15' title="bbox 411 1495 1980 1573; baseline 0.006 -25"><span class='ocrx_word' id='word_1_103' title='bbox 411 1495 565 1548; x_wconf 70' lang='grc' dir='ltr'>Ἐπεὶ</span> <span class='ocrx_word' id='word_1_104' title='bbox 595 1497 651 1550; x_wconf 84' lang='grc' dir='ltr'><strong>δὲ</strong></span> <span class='ocrx_word' id='word_1_105' title='bbox 691 1498 785 1550; x_wconf 67' lang='grc' dir='ltr'><strong>καὶ</strong></span> <span class='ocrx_word' id='word_1_106' title='bbox 824 1500 1061 1568; x_wconf 57' lang='lat' dir='ltr'><strong>radimus“</strong></span> <span class='ocrx_word' id='word_1_107' title='bbox 1115 1500 1253 1556; x_wconf 78' lang='grc' dir='ltr'>ἄττα</span> <span class='ocrx_word' id='word_1_108' title='bbox 1315 1503 1545 1570; x_wconf 77' lang='grc' dir='ltr'><strong>ῥιφέντα</strong></span> <span class='ocrx_word' id='word_1_109' title='bbox 1583 1503 1748 1573; x_wconf 84' lang='grc' dir='ltr'>μέχρι</span> <span class='ocrx_word' id='word_1_110' title='bbox 1799 1504 1892 1558; x_wconf 63' lang='grc' dir='ltr'>καὶ</span> <span class='ocrx_word' id='word_1_111' title='bbox 1924 1505 1980 1567; x_wconf 78' lang='grc' dir='ltr'>ἐς</span> 
     </span>
    </p>
   </div>
   <div class='ocr_carea' id='block_1_16' title="bbox 398 1589 1980 1671">
    <p class='ocr_par' dir='ltr' id='par_1_16' title="bbox 398 1589 1980 1671">
     <span class='ocr_line' id='line_1_16' title="bbox 398 1589 1980 1671; baseline 0.007 -30"><span class='ocrx_word' id='word_1_112' title='bbox 398 1589 566 1643; x_wconf 83' lang='grc' dir='ltr'>αὐτοῦ</span> <span class='ocrx_word' id='word_1_113' title='bbox 596 1593 786 1660; x_wconf 82' lang='grc' dir='ltr'>χεῖρας</span> <span class='ocrx_word' id='word_1_114' title='bbox 813 1593 1108 1662; x_wconf 80' lang='grc' dir='ltr'>πεφθάκει,</span> <span class='ocrx_word' id='word_1_115' title='bbox 1141 1595 1273 1648; x_wconf 84' lang='grc' dir='ltr'>δείν’</span> <span class='ocrx_word' id='word_1_116' title='bbox 1300 1595 1438 1650; x_wconf 80' lang='grc' dir='ltr'>ἄττα</span> <span class='ocrx_word' id='word_1_117' title='bbox 1463 1597 1694 1666; x_wconf 81' lang='grc' dir='ltr'>λέγοντα</span> <span class='ocrx_word' id='word_1_118' title='bbox 1715 1599 1806 1652; x_wconf 79' lang='grc' dir='ltr'><strong>καί</strong></span> <span class='ocrx_word' id='word_1_119' title='bbox 1836 1599 1980 1671; x_wconf 79' lang='grc' dir='ltr'><strong>ἀπᾴ-</strong></span> 
     </span>
    </p>
   </div>
   <div class='ocr_carea' id='block_1_17' title="bbox 395 1685 1980 1761">
    <p class='ocr_par' dir='ltr' id='par_1_17' title="bbox 395 1685 1980 1761">
     <span class='ocr_line' id='line_1_17' title="bbox 395 1685 1980 1761; baseline 0.006 -25"><span class='ocrx_word' id='word_1_120' title='bbox 395 1685 576 1748; x_wconf 84' lang='grc' dir='ltr'><strong>δοντα,</strong></span> <span class='ocrx_word' id='word_1_121' title='bbox 622 1687 723 1738; x_wconf 83' lang='grc' dir='ltr'>οὺκ</span> <span class='ocrx_word' id='word_1_122' title='bbox 755 1687 946 1757; x_wconf 78' lang='grc' dir='ltr'>ὀλίγην</span> <span class='ocrx_word' id='word_1_123' title='bbox 987 1689 1242 1753; x_wconf 83' lang='grc' dir='ltr'>κάκεῖνος</span> <span class='ocrx_word' id='word_1_124' title='bbox 1278 1691 1524 1760; x_wconf 78' lang='grc' dir='ltr'><strong>εὑρίσκει</strong></span> <span class='ocrx_word' id='word_1_125' title='bbox 1563 1692 1980 1761; x_wconf 82' lang='grc' dir='ltr'>σχεδιασοεῖσαν</span> 
     </span>
    </p>
   </div>
   <div class='ocr_carea' id='block_1_18' title="bbox 2089 550 3676 625">
    <p class='ocr_par' dir='ltr' id='par_1_18' title="bbox 2089 550 3676 625">
     <span class='ocr_line' id='line_1_18' title="bbox 2089 550 3676 625; baseline 0.003 -21"><span class='ocrx_word' id='word_1_126' title='bbox 2089 550 2238 624; x_wconf 80' lang='grc' dir='ltr'>εἶχον</span> <span class='ocrx_word' id='word_1_127' title='bbox 2266 555 2362 608; x_wconf 77' lang='grc' dir='ltr'>καὶ</span> <span class='ocrx_word' id='word_1_128' title='bbox 2391 555 2758 625; x_wconf 72' lang='grc' dir='ltr'>ἐλοιδοροῦντο</span> <span class='ocrx_word' id='word_1_129' title='bbox 2782 555 2859 624; x_wconf 80' lang='grc' dir='ltr'>τῷ</span> <span class='ocrx_word' id='word_1_130' title='bbox 2889 555 3246 608; x_wconf 80' lang='grc' dir='ltr'>ἁποκλίναντι</span> <span class='ocrx_word' id='word_1_131' title='bbox 3267 555 3355 608; x_wconf 78' lang='grc' dir='ltr'><strong>διὰ</strong></span> <span class='ocrx_word' id='word_1_132' title='bbox 3384 555 3676 624; x_wconf 68' lang='grc' dir='ltr'>τὴνιμετά-</span> 
     </span>
    </p>
   </div>
   <div class='ocr_carea' id='block_1_19' title="bbox 2090 646 3676 720">
    <p class='ocr_par' dir='ltr' id='par_1_19' title="bbox 2090 646 3676 720">
     <span class='ocr_line' id='line_1_19' title="bbox 2090 646 3676 720; baseline 0 -21"><span class='ocrx_word' id='word_1_133' title='bbox 2090 647 2713 720; x_wconf 75' lang='grc' dir='ltr'>οεσιν,.ἑνεπικραίνετό</span> <span class='ocrx_word' id='word_1_134' title='bbox 2745 650 2794 702; x_wconf 75' lang='grc' dir='ltr'>οἱ</span> <span class='ocrx_word' id='word_1_135' title='bbox 2848 652 2942 702; x_wconf 76' lang='grc' dir='ltr'><strong>καὶ</strong></span> <span class='ocrx_word' id='word_1_136' title='bbox 2977 649 3007 715; x_wconf 72' lang='grc' dir='ltr'>ἡ</span> <span class='ocrx_word' id='word_1_137' title='bbox 3055 648 3338 718; x_wconf 81' lang='grc' dir='ltr'>ὁμαίμων,</span> <span class='ocrx_word' id='word_1_138' title='bbox 3376 647 3472 700; x_wconf 71' lang='grc' dir='ltr'><strong>καὶ</strong></span> <span class='ocrx_word' id='word_1_139' title='bbox 3511 646 3676 717; x_wconf 82' lang='grc' dir='ltr'>μέσον</span> 
     </span>
    </p>
   </div>
   <div class='ocr_carea' id='block_1_20' title="bbox 2087 737 3676 815">
    <p class='ocr_par' dir='ltr' id='par_1_20' title="bbox 2087 737 3676 815">
     <span class='ocr_line' id='line_1_20' title="bbox 2087 737 3676 815; baseline 0.002 -23"><span class='ocrx_word' id='word_1_140' title='bbox 2087 741 2296 796; x_wconf 77' lang='grc' dir='ltr'>τούτων</span> <span class='ocrx_word' id='word_1_141' title='bbox 2330 742 2502 814; x_wconf 77' lang='grc' dir='ltr'>ἔχθρα</span> <span class='ocrx_word' id='word_1_142' title='bbox 2565 747 2876 796; x_wconf 78' lang='grc' dir='ltr'>συνίστατο.</span> <span class='ocrx_word' id='word_1_143' title='bbox 2914 737 3017 796; x_wconf 70' lang='grc' dir='ltr'><strong>1Ὧν</strong></span> <span class='ocrx_word' id='word_1_144' title='bbox 3067 745 3124 797; x_wconf 84' lang='grc' dir='ltr'>ὲν</span> <span class='ocrx_word' id='word_1_145' title='bbox 3171 744 3271 815; x_wconf 81' lang='grc' dir='ltr'>μιᾷ</span> <span class='ocrx_word' id='word_1_146' title='bbox 3304 741 3676 814; x_wconf 84' lang='grc' dir='ltr'>διαλοιδορου-</span> 
     </span>
    </p>
   </div>
   <div class='ocr_carea' id='block_1_21' title="bbox 2091 831 3677 908">
    <p class='ocr_par' dir='ltr' id='par_1_21' title="bbox 2091 831 3677 908">
     <span class='ocr_line' id='line_1_21' title="bbox 2091 831 3677 908; baseline 0.003 -24"><span class='ocrx_word' id='word_1_147' title='bbox 2091 833 2291 902; x_wconf 83' lang='grc' dir='ltr'>μένων,</span> <span class='ocrx_word' id='word_1_148' title='bbox 2312 835 2571 888; x_wconf 81' lang='grc' dir='ltr'>κάκείνου</span> <span class='ocrx_word' id='word_1_149' title='bbox 2591 853 2770 905; x_wconf 85' lang='grc' dir='ltr'>προσα</span> <span class='ocrx_word' id='word_1_150' title='bbox 2780 833 3094 899; x_wconf 83' lang='grc' dir='ltr'>πειλοῦντος</span> <span class='ocrx_word' id='word_1_151' title='bbox 3115 835 3415 906; x_wconf 76' lang='grc' dir='ltr'>ἀναφέρειν</span> <span class='ocrx_word' id='word_1_152' title='bbox 3437 833 3526 908; x_wconf 63' lang='lat'><strong>[13&quot;.</strong></span> <span class='ocrx_word' id='word_1_153' title='bbox 3546 831 3677 906; x_wconf 70' lang='lat'><strong>562]</strong></span> 
     </span>
    </p>
   </div>
   <div class='ocr_carea' id='block_1_22' title="bbox 2085 925 3674 1001">
    <p class='ocr_par' dir='ltr' id='par_1_22' title="bbox 2085 925 3674 1001">
     <span class='ocr_line' id='line_1_22' title="bbox 2085 925 3674 1001; baseline 0.002 -23"><span class='ocrx_word' id='word_1_154' title='bbox 2085 925 2166 996; x_wconf 83' lang='grc' dir='ltr'>τῷ</span> <span class='ocrx_word' id='word_1_155' title='bbox 2205 927 2524 1001; x_wconf 82' lang='grc' dir='ltr'>πατριάρχῃ</span> <span class='ocrx_word' id='word_1_156' title='bbox 2549 931 2646 982; x_wconf 80' lang='grc' dir='ltr'>καὶ</span> <span class='ocrx_word' id='word_1_157' title='bbox 2667 930 2738 984; x_wconf 78' lang='grc' dir='ltr'>τὰ</span> <span class='ocrx_word' id='word_1_158' title='bbox 2773 930 2906 1001; x_wconf 84' lang='grc' dir='ltr'>παρ’</span> <span class='ocrx_word' id='word_1_159' title='bbox 2944 931 3126 984; x_wconf 79' lang='grc' dir='ltr'>αὐτῶν</span> <span class='ocrx_word' id='word_1_160' title='bbox 3142 930 3321 999; x_wconf 77' lang='grc' dir='ltr'>ὀνείδη</span> <span class='ocrx_word' id='word_1_161' title='bbox 3343 930 3674 999; x_wconf 83' lang='grc' dir='ltr'>διεγκαλεϊν,</span> 
     </span>
    </p>
   </div>
   <div class='ocr_carea' id='block_1_23' title="bbox 2086 1012 3675 1093">
    <p class='ocr_par' dir='ltr' id='par_1_23' title="bbox 2086 1012 3675 1093">
     <span class='ocr_line' id='line_1_23' title="bbox 2086 1012 3675 1093; baseline 0.001 -21"><span class='ocrx_word' id='word_1_162' title='bbox 2086 1012 2174 1082; x_wconf 70' lang='grc' dir='ltr'>εἷς</span> <span class='ocrx_word' id='word_1_163' title='bbox 2200 1021 2569 1089; x_wconf 79' lang='grc' dir='ltr'>παρευρεθεὶς</span> <span class='ocrx_word' id='word_1_164' title='bbox 2615 1023 2850 1084; x_wconf 75' lang='grc' dir='ltr'>ἐκείνοις</span> <span class='ocrx_word' id='word_1_165' title='bbox 2900 1022 2996 1076; x_wconf 75' lang='grc' dir='ltr'>καὶ</span> <span class='ocrx_word' id='word_1_166' title='bbox 3041 1021 3492 1093; x_wconf 75' lang='grc' dir='ltr'>ἀναξιοπαθήσας</span> <span class='ocrx_word' id='word_1_167' title='bbox 3535 1017 3675 1084; x_wconf 78' lang='grc' dir='ltr'>οἷον,</span> 
     </span>
    </p>
   </div>
   <div class='ocr_carea' id='block_1_24' title="bbox 2086 1111 3679 1186">
    <p class='ocr_par' dir='ltr' id='par_1_24' title="bbox 2086 1111 3679 1186">
     <span class='ocr_line' id='line_1_24' title="bbox 2086 1111 3679 1186; baseline 0.001 -20"><span class='ocrx_word' id='word_1_168' title='bbox 2086 1111 2185 1183; x_wconf 77' lang='grc' dir='ltr'>τὴν</span> <span class='ocrx_word' id='word_1_169' title='bbox 2213 1113 2480 1184; x_wconf 72' lang='grc' dir='ltr'>ἐγκλησιν</span> <span class='ocrx_word' id='word_1_170' title='bbox 2531 1114 2878 1184; x_wconf 74' lang='grc' dir='ltr'>ἐϐλασφήμει</span> <span class='ocrx_word' id='word_1_171' title='bbox 2931 1116 3024 1168; x_wconf 82' lang='grc' dir='ltr'>καὶ</span> <span class='ocrx_word' id='word_1_172' title='bbox 3056 1115 3241 1169; x_wconf 84' lang='grc' dir='ltr'>πίστιν</span> <span class='ocrx_word' id='word_1_173' title='bbox 3269 1115 3366 1169; x_wconf 68' lang='grc' dir='ltr'><strong>καὶ</strong></span> <span class='ocrx_word' id='word_1_174' title='bbox 3402 1115 3679 1186; x_wconf 77' lang='grc' dir='ltr'>πατριάρ-</span> 
     </span>
    </p>
   </div>
   <div class='ocr_carea' id='block_1_25' title="bbox 2091 1205 3678 1278">
    <p class='ocr_par' dir='ltr' id='par_1_25' title="bbox 2091 1205 3678 1278">
     <span class='ocr_line' id='line_1_25' title="bbox 2091 1205 3678 1278; baseline -0.001 -17"><span class='ocrx_word' id='word_1_175' title='bbox 2091 1223 2217 1276; x_wconf 82' lang='grc' dir='ltr'>χην,</span> <span class='ocrx_word' id='word_1_176' title='bbox 2237 1205 2326 1259; x_wconf 76' lang='grc' dir='ltr'><strong>τὸν</strong></span> <span class='ocrx_word' id='word_1_177' title='bbox 2343 1208 2764 1278; x_wconf 82' lang='grc' dir='ltr'>καταφρονητὴν</span> <span class='ocrx_word' id='word_1_178' title='bbox 2786 1207 3254 1277; x_wconf 79' lang='grc' dir='ltr'>ὑπεμφαίνων,ὡς</span> <span class='ocrx_word' id='word_1_179' title='bbox 3279 1207 3480 1278; x_wconf 75' lang='grc' dir='ltr'>ἥκιστα</span> <span class='ocrx_word' id='word_1_180' title='bbox 3513 1225 3678 1278; x_wconf 76' lang='grc' dir='ltr'>φρον-</span> 
     </span>
    </p>
   </div>
   <div class='ocr_carea' id='block_1_26' title="bbox 2085 1300 3675 1374">
    <p class='ocr_par' dir='ltr' id='par_1_26' title="bbox 2085 1300 3675 1374">
     <span class='ocr_line' id='line_1_26' title="bbox 2085 1300 3675 1374; baseline 0.001 -21"><span class='ocrx_word' id='word_1_181' title='bbox 2085 1300 2242 1365; x_wconf 85' lang='grc' dir='ltr'>τιῶν,</span> <span class='ocrx_word' id='word_1_182' title='bbox 2271 1301 2338 1354; x_wconf 80' lang='lat' dir='ltr'><strong>.si</strong></span> <span class='ocrx_word' id='word_1_183' title='bbox 2377 1301 2688 1372; x_wconf 73' lang='grc' dir='ltr'>ἐπικαλοίη.</span> <span class='ocrx_word' id='word_1_184' title='bbox 2741 1301 2956 1372; x_wconf 66' lang='grc' dir='ltr'>Μικρὸν</span> <span class='ocrx_word' id='word_1_185' title='bbox 2987 1301 3175 1374; x_wconf 75' lang='grc' dir='ltr'>διῆλθε</span> <span class='ocrx_word' id='word_1_186' title='bbox 3216 1303 3316 1373; x_wconf 83' lang='grc' dir='ltr'><strong>τῆς</strong></span> <span class='ocrx_word' id='word_1_187' title='bbox 3369 1300 3539 1372; x_wconf 80' lang='grc' dir='ltr'>ὧρας,</span> <span class='ocrx_word' id='word_1_188' title='bbox 3577 1306 3675 1355; x_wconf 71' lang='grc' dir='ltr'>καὶ</span> 
     </span>
    </p>
   </div>
   <div class='ocr_carea' id='block_1_27' title="bbox 2085 1397 3674 1469">
    <p class='ocr_par' dir='ltr' id='par_1_27' title="bbox 2085 1397 3674 1469">
     <span class='ocr_line' id='line_1_27' title="bbox 2085 1397 3674 1469; baseline 0 -19"><span class='ocrx_word' id='word_1_189' title='bbox 2085 1398 2334 1460; x_wconf 83' lang='grc' dir='ltr'>ἀποστὰς</span> <span class='ocrx_word' id='word_1_190' title='bbox 2358 1398 2594 1462; x_wconf 82' lang='grc' dir='ltr'>ἐκεῖθεν,</span> <span class='ocrx_word' id='word_1_191' title='bbox 2623 1400 2830 1469; x_wconf 78' lang='grc' dir='ltr'>μεταξὺ</span> <span class='ocrx_word' id='word_1_192' title='bbox 2853 1399 2954 1469; x_wconf 82' lang='grc' dir='ltr'>τὴν</span> <span class='ocrx_word' id='word_1_193' title='bbox 2976 1398 3092 1452; x_wconf 74' lang='grc' dir='ltr'>ὁδὸν</span> <span class='ocrx_word' id='word_1_194' title='bbox 3123 1397 3199 1451; x_wconf 80' lang='grc' dir='ltr'>διε</span> <span class='ocrx_word' id='word_1_195' title='bbox 3210 1397 3491 1468; x_wconf 72' lang='grc' dir='ltr'>ρχόμενος,</span> <span class='ocrx_word' id='word_1_196' title='bbox 3521 1398 3674 1468; x_wconf 80' lang='grc' dir='ltr'>παρά</span> 
     </span>
    </p>
   </div>
   <div class='ocr_carea' id='block_1_28' title="bbox 2089 1491 3672 1564">
    <p class='ocr_par' dir='ltr' id='par_1_28' title="bbox 2089 1491 3672 1564">
     <span class='ocr_line' id='line_1_28' title="bbox 2089 1491 3672 1564; baseline 0.001 -20"><span class='ocrx_word' id='word_1_197' title='bbox 2089 1491 2366 1560; x_wconf 82' lang='grc' dir='ltr'>μηδεμίαν</span> <span class='ocrx_word' id='word_1_198' title='bbox 2419 1493 2602 1548; x_wconf 79' lang='grc' dir='ltr'>αἰτίαν</span> <span class='ocrx_word' id='word_1_199' title='bbox 2657 1493 2878 1564; x_wconf 72' lang='grc' dir='ltr'>ἐμφανῆ</span> <span class='ocrx_word' id='word_1_200' title='bbox 2912 1491 3304 1560; x_wconf 76' lang='grc' dir='ltr'>ξυμποδίζεται</span> <span class='ocrx_word' id='word_1_201' title='bbox 3339 1494 3436 1545; x_wconf 69' lang='grc' dir='ltr'><strong>καὶ</strong></span> <span class='ocrx_word' id='word_1_202' title='bbox 3483 1493 3672 1545; x_wconf 84' lang='grc' dir='ltr'>πίπτει</span> 
     </span>
    </p>
   </div>
   <div class='ocr_carea' id='block_1_29' title="bbox 2085 1578 3674 1659">
    <p class='ocr_par' dir='ltr' id='par_1_29' title="bbox 2085 1578 3674 1659">
     <span class='ocr_line' id='line_1_29' title="bbox 2085 1578 3674 1659; baseline 0.002 -21"><span class='ocrx_word' id='word_1_203' title='bbox 2085 1578 2289 1654; x_wconf 81' lang='grc' dir='ltr'>πτῶμα</span> <span class='ocrx_word' id='word_1_204' title='bbox 2318 1585 2517 1653; x_wconf 75' lang='grc' dir='ltr'>δεινὸν,</span> <span class='ocrx_word' id='word_1_205' title='bbox 2541 1587 2634 1641; x_wconf 68' lang='grc' dir='ltr'><strong>καὶ</strong></span> <span class='ocrx_word' id='word_1_206' title='bbox 2653 1586 2832 1651; x_wconf 79' lang='grc' dir='ltr'>ἔδοξεν</span> <span class='ocrx_word' id='word_1_207' title='bbox 2854 1587 3109 1658; x_wconf 80' lang='grc' dir='ltr'>ὑποσχὼν</span> <span class='ocrx_word' id='word_1_208' title='bbox 3129 1588 3285 1651; x_wconf 84' lang='grc' dir='ltr'>δίκας</span> <span class='ocrx_word' id='word_1_209' title='bbox 3306 1591 3405 1659; x_wconf 75' lang='grc' dir='ltr'><strong>τῆς</strong></span> <span class='ocrx_word' id='word_1_210' title='bbox 3429 1587 3524 1657; x_wconf 82' lang='grc' dir='ltr'>βλα</span> <span class='ocrx_word' id='word_1_211' title='bbox 3536 1606 3642 1656; x_wconf 64' lang='lat' dir='ltr'><strong>agor;</strong></span> <span class='ocrx_word' id='word_1_212' title='bbox 3660 1617 3674 1627; x_wconf 89' lang='lat'><strong>-</strong></span> 
     </span>
    </p>
   </div>
   <div class='ocr_carea' id='block_1_30' title="bbox 2039 1679 3674 1753">
    <p class='ocr_par' dir='ltr' id='par_1_30' title="bbox 2039 1679 3674 1753">
     <span class='ocr_line' id='line_1_30' title="bbox 2039 1679 3674 1753; baseline 0.001 -22"><span class='ocrx_word' id='word_1_213' title='bbox 2039 1688 2042 1691; x_wconf 85' lang='lat'>&#39;</span> <span class='ocrx_word' id='word_1_214' title='bbox 2091 1679 2242 1750; x_wconf 86' lang='grc' dir='ltr'>μίας,</span> <span class='ocrx_word' id='word_1_215' title='bbox 2291 1679 2481 1743; x_wconf 81' lang='grc' dir='ltr'>δεινῶς</span> <span class='ocrx_word' id='word_1_216' title='bbox 2532 1680 2845 1751; x_wconf 70' lang='grc' dir='ltr'>συντριϐεὶς</span> <span class='ocrx_word' id='word_1_217' title='bbox 2899 1680 2989 1733; x_wconf 73' lang='grc' dir='ltr'><strong>τὸν</strong></span> <span class='ocrx_word' id='word_1_218' title='bbox 3042 1683 3199 1734; x_wconf 78' lang='grc' dir='ltr'>πόδα.</span> <span class='ocrx_word' id='word_1_219' title='bbox 3250 1680 3435 1734; x_wconf 78' lang='grc' dir='ltr'>Ταῦτα</span> <span class='ocrx_word' id='word_1_220' title='bbox 3485 1682 3674 1753; x_wconf 83' lang='grc' dir='ltr'>μαθὼν</span> 
     </span>
    </p>
   </div>
   <div class='ocr_carea' id='block_1_31' title="bbox 395 1771 3670 1889">
    <p class='ocr_par' dir='ltr' id='par_1_31' title="bbox 395 1771 3670 1889">
     <span class='ocr_line' id='line_1_31' title="bbox 395 1771 3670 1889; baseline 0.005 -58"><span class='ocrx_word' id='word_1_221' title='bbox 395 1779 474 1850; x_wconf 81' lang='grc' dir='ltr'>τῷ</span> <span class='ocrx_word' id='word_1_222' title='bbox 507 1782 945 1853; x_wconf 79' lang='grc' dir='ltr'>πατριαρχοῦντι</span> <span class='ocrx_word' id='word_1_223' title='bbox 976 1783 1234 1838; x_wconf 85' lang='grc' dir='ltr'>σύστασιν</span> <span class='ocrx_word' id='word_1_224' title='bbox 1274 1785 1334 1851; x_wconf 76' lang='grc' dir='ltr'>ἐξ</span> <span class='ocrx_word' id='word_1_225' title='bbox 1365 1786 1544 1851; x_wconf 77' lang='grc' dir='ltr'>αἰτίας</span> <span class='ocrx_word' id='word_1_226' title='bbox 1570 1771 1808 1843; x_wconf 75' lang='grc' dir='ltr'>τοιᾶσδε.</span> <span class='ocrx_word' id='word_1_227' title='bbox 1850 1785 1979 1860; x_wconf 70' lang='grc' dir='ltr'><strong>Εἶχε</strong></span> <span class='ocrx_word' id='word_1_228' title='bbox 2016 1836 2055 1889; x_wconf 69' lang='grc' dir='ltr'>Β</span> <span class='ocrx_word' id='word_1_229' title='bbox 2087 1771 2368 1889; x_wconf 43' lang='lat' dir='ltr'><strong>Eudami.</strong></span> <span class='ocrx_word' id='word_1_230' title='bbox 2425 1776 2524 1889; x_wconf 35' lang='lat' dir='ltr'><strong>“ait</strong></span> <span class='ocrx_word' id='word_1_231' title='bbox 2575 1772 2666 1889; x_wconf 49' lang='lat'><strong>‘5:</strong></span> 
     </span>
    </p>
   </div>
   <div class='ocr_carea' id='block_1_32' title="bbox 400 1874 1976 1951">
    <p class='ocr_par' dir='ltr' id='par_1_32' title="bbox 400 1874 1976 1951">
     <span class='ocr_line' id='line_1_32' title="bbox 400 1874 1976 1951; baseline 0.007 -24"><span class='ocrx_word' id='word_1_232' title='bbox 400 1874 542 1944; x_wconf 79' lang='grc' dir='ltr'>μετὰ</span> <span class='ocrx_word' id='word_1_233' title='bbox 563 1875 773 1930; x_wconf 79' lang='grc' dir='ltr'>πολλῶν</span> <span class='ocrx_word' id='word_1_234' title='bbox 802 1876 977 1932; x_wconf 78' lang='grc' dir='ltr'>ἄλλων</span> <span class='ocrx_word' id='word_1_235' title='bbox 998 1881 1030 1948; x_wconf 75' lang='grc' dir='ltr'>ἡ</span> <span class='ocrx_word' id='word_1_236' title='bbox 1053 1879 1209 1943; x_wconf 81' lang='grc' dir='ltr'>πόλις</span> <span class='ocrx_word' id='word_1_237' title='bbox 1237 1881 1331 1934; x_wconf 58' lang='grc' dir='ltr'><strong>καί⁵</strong></span> <span class='ocrx_word' id='word_1_238' title='bbox 1356 1881 1681 1951; x_wconf 83' lang='grc' dir='ltr'>Ἀρμενίους</span> <span class='ocrx_word' id='word_1_239' title='bbox 1700 1884 1976 1946; x_wconf 79' lang='grc' dir='ltr'>ἐποίκους.</span> 
     </span>
    </p>
   </div>
   <div class='ocr_carea' id='block_1_33' title="bbox 393 1956 2002 2045">
    <p class='ocr_par' dir='ltr' id='par_1_33' title="bbox 393 1956 2002 2045">
     <span class='ocr_line' id='line_1_33' title="bbox 393 1956 2002 2045; baseline 0.006 -26"><span class='ocrx_word' id='word_1_240' title='bbox 393 1961 521 2020; x_wconf 88' lang='grc' dir='ltr'>Τῶν</span> <span class='ocrx_word' id='word_1_241' title='bbox 541 1984 625 2030; x_wconf 81' lang='grc' dir='ltr'><strong>τις</strong></span> <span class='ocrx_word' id='word_1_242' title='bbox 646 1969 741 2022; x_wconf 75' lang='grc' dir='ltr'><strong>καὶ</strong></span> <span class='ocrx_word' id='word_1_243' title='bbox 771 1971 1189 2040; x_wconf 83' lang='grc' dir='ltr'>προεπεφθάκει</span> <span class='ocrx_word' id='word_1_244' title='bbox 1216 1973 1589 2045; x_wconf 85' lang='grc' dir='ltr'>προσδραμὼν</span> <span class='ocrx_word' id='word_1_245' title='bbox 1618 1977 1682 2045; x_wconf 79' lang='grc' dir='ltr'>τῇ</span> <span class='ocrx_word' id='word_1_246' title='bbox 1716 1956 2002 2045; x_wconf 59' lang='grc' dir='ltr'>καθολικῆ</span> 
     </span>
    </p>
   </div>
   <div class='ocr_carea' id='block_1_34' title="bbox 410 2052 1981 2143">
    <p class='ocr_par' dir='ltr' id='par_1_34' title="bbox 410 2052 1981 2143">
     <span class='ocr_line' id='line_1_34' title="bbox 410 2052 1981 2143; baseline 0.009 -31"><span class='ocrx_word' id='word_1_247' title='bbox 410 2058 710 2130; x_wconf 71' lang='grc' dir='ltr'>Ἐκκλησία</span> <span class='ocrx_word' id='word_1_248' title='bbox 760 2065 854 2116; x_wconf 74' lang='grc' dir='ltr'><strong>καὶ</strong></span> <span class='ocrx_word' id='word_1_249' title='bbox 913 2063 1071 2134; x_wconf 84' lang='grc' dir='ltr'>μύρῳ</span> <span class='ocrx_word' id='word_1_250' title='bbox 1119 2065 1198 2136; x_wconf 81' lang='grc' dir='ltr'><strong>τῷ</strong></span> <span class='ocrx_word' id='word_1_251' title='bbox 1232 2066 1374 2139; x_wconf 80' lang='grc' dir='ltr'>ἁγίῳ</span> <span class='ocrx_word' id='word_1_252' title='bbox 1414 2067 1687 2140; x_wconf 77' lang='grc' dir='ltr'>χρισθείς.</span> <span class='ocrx_word' id='word_1_253' title='bbox 1741 2052 1877 2138; x_wconf 66' lang='grc' dir='ltr'>Παρ*</span> <span class='ocrx_word' id='word_1_254' title='bbox 1913 2073 1981 2143; x_wconf 79' lang='grc' dir='ltr'>ἢν</span> 
     </span>
    </p>
   </div>
   <div class='ocr_carea' id='block_1_35' title="bbox 392 2153 1980 2240">
    <p class='ocr_par' dir='ltr' id='par_1_35' title="bbox 392 2153 1980 2240">
     <span class='ocr_line' id='line_1_35' title="bbox 392 2153 1980 2240; baseline 0.009 -33"><span class='ocrx_word' id='word_1_255' title='bbox 392 2153 576 2208; x_wconf 81' lang='grc' dir='ltr'>αίτίαν</span> <span class='ocrx_word' id='word_1_256' title='bbox 609 2155 701 2208; x_wconf 73' lang='grc' dir='ltr'><strong>καὶ</strong></span> <span class='ocrx_word' id='word_1_257' title='bbox 731 2155 915 2222; x_wconf 75' lang='grc' dir='ltr'>ἄλλοις</span> <span class='ocrx_word' id='word_1_258' title='bbox 955 2159 1055 2230; x_wconf 84' lang='grc' dir='ltr'>μὲν</span> <span class='ocrx_word' id='word_1_259' title='bbox 1105 2163 1222 2228; x_wconf 82' lang='grc' dir='ltr'>τοῖς</span> <span class='ocrx_word' id='word_1_260' title='bbox 1269 2165 1590 2235; x_wconf 84' lang='grc' dir='ltr'>ὁμογενέσιν</span> <span class='ocrx_word' id='word_1_261' title='bbox 1640 2168 1980 2240; x_wconf 82' lang='grc' dir='ltr'>ἀπόστοργος</span> 
     </span>
    </p>
   </div>
   <div class='ocr_carea' id='block_1_36' title="bbox 394 2338 1974 2417">
    <p class='ocr_par' dir='ltr' id='par_1_36' title="bbox 394 2338 1974 2417">
     <span class='ocr_line' id='line_1_36' title="bbox 394 2338 1974 2417; baseline 0.011 -27"><span class='ocrx_word' id='word_1_262' title='bbox 394 2343 516 2404; x_wconf 85' lang='lat' dir='ltr'><strong>cat;</strong></span> <span class='ocrx_word' id='word_1_263' title='bbox 555 2338 704 2406; x_wconf 83' lang='lat' dir='ltr'><strong>quali</strong></span> <span class='ocrx_word' id='word_1_264' title='bbox 759 2340 1055 2398; x_wconf 85' lang='lat' dir='ltr'><strong>severitate</strong></span> <span class='ocrx_word' id='word_1_265' title='bbox 1101 2343 1314 2400; x_wconf 90' lang='lat' dir='ltr'><strong>nullum</strong></span> <span class='ocrx_word' id='word_1_266' title='bbox 1353 2362 1545 2404; x_wconf 88' lang='lat' dir='ltr'><strong>eorum</strong></span> <span class='ocrx_word' id='word_1_267' title='bbox 1585 2351 1679 2417; x_wconf 87' lang='lat' dir='ltr'><strong>qui</strong></span> <span class='ocrx_word' id='word_1_268' title='bbox 1728 2354 1974 2408; x_wconf 87' lang='lat' dir='ltr'><strong>omnium</strong></span> 
     </span>
    </p>
   </div>
   <div class='ocr_carea' id='block_1_37' title="bbox 391 2430 1975 2515">
    <p class='ocr_par' dir='ltr' id='par_1_37' title="bbox 391 2430 1975 2515">
     <span class='ocr_line' id='line_1_37' title="bbox 391 2430 1975 2515; baseline 0.013 -31"><span class='ocrx_word' id='word_1_269' title='bbox 391 2430 749 2487; x_wconf 78' lang='lat' dir='ltr'><strong>confessione</strong></span> <span class='ocrx_word' id='word_1_270' title='bbox 799 2433 1138 2492; x_wconf 70' lang='lat' dir='ltr'><strong>haberentur</strong></span> <span class='ocrx_word' id='word_1_271' title='bbox 1185 2439 1496 2497; x_wconf 86' lang='lat' dir='ltr'><strong>divinarum</strong></span> <span class='ocrx_word' id='word_1_272' title='bbox 1547 2445 1726 2515; x_wconf 88' lang='lat' dir='ltr'><strong>legum</strong></span> <span class='ocrx_word' id='word_1_273' title='bbox 1780 2447 1975 2503; x_wconf 84' lang='lat' dir='ltr'><strong>obser-</strong></span> 
     </span>
    </p>
   </div>
   <div class='ocr_carea' id='block_1_38' title="bbox 394 2529 1974 2599">
    <p class='ocr_par' dir='ltr' id='par_1_38' title="bbox 394 2529 1974 2599">
     <span class='ocr_line' id='line_1_38' title="bbox 394 2529 1974 2599; baseline 0.013 -21"><span class='ocrx_word' id='word_1_274' title='bbox 394 2533 623 2582; x_wconf 85' lang='lat' dir='ltr'><strong>vatores</strong></span> <span class='ocrx_word' id='word_1_275' title='bbox 655 2529 1017 2596; x_wconf 73' lang='lat' dir='ltr'><strong>exactissimi,</strong></span> <span class='ocrx_word' id='word_1_276' title='bbox 1050 2548 1212 2589; x_wconf 87' lang='lat' dir='ltr'><strong>usum</strong></span> <span class='ocrx_word' id='word_1_277' title='bbox 1260 2535 1439 2592; x_wconf 90' lang='lat' dir='ltr'><strong>fuisse</strong></span> <span class='ocrx_word' id='word_1_278' title='bbox 1475 2542 1784 2596; x_wconf 90' lang='lat' dir='ltr'><strong>constabat.</strong></span> <span class='ocrx_word' id='word_1_279' title='bbox 1827 2541 1974 2599; x_wconf 85' lang='lat' dir='ltr'><strong>Inter</strong></span> 
     </span>
    </p>
   </div>
   <div class='ocr_carea' id='block_1_39' title="bbox 391 2614 1973 2697">
    <p class='ocr_par' dir='ltr' id='par_1_39' title="bbox 391 2614 1973 2697">
     <span class='ocr_line' id='line_1_39' title="bbox 391 2614 1973 2697; baseline 0.013 -27"><span class='ocrx_word' id='word_1_280' title='bbox 391 2614 497 2671; x_wconf 84' lang='lat' dir='ltr'><strong>bos</strong></span> <span class='ocrx_word' id='word_1_281' title='bbox 542 2617 630 2673; x_wconf 92' lang='lat' dir='ltr'><strong>ille</strong></span> <span class='ocrx_word' id='word_1_282' title='bbox 671 2619 826 2675; x_wconf 88' lang='lat' dir='ltr'><strong>velut</strong></span> <span class='ocrx_word' id='word_1_283' title='bbox 866 2623 1062 2678; x_wconf 86' lang='lat' dir='ltr'><strong>inanes</strong></span> <span class='ocrx_word' id='word_1_284' title='bbox 1093 2629 1454 2697; x_wconf 86' lang='lat' dir='ltr'><strong>contemptim</strong></span> <span class='ocrx_word' id='word_1_285' title='bbox 1492 2631 1747 2690; x_wconf 78' lang='lat' dir='ltr'><strong>fremitus</strong></span> <span class='ocrx_word' id='word_1_286' title='bbox 1783 2645 1973 2691; x_wconf 87' lang='lat' dir='ltr'><strong>erecta</strong></span> 
     </span>
    </p>
   </div>
   <div class='ocr_carea' id='block_1_40' title="bbox 393 2699 1972 2790">
    <p class='ocr_par' dir='ltr' id='par_1_40' title="bbox 393 2699 1972 2790">
     <span class='ocr_line' id='line_1_40' title="bbox 393 2699 1972 2790; baseline 0.013 -27"><span class='ocrx_word' id='word_1_287' title='bbox 393 2707 612 2777; x_wconf 72' lang='lat' dir='ltr'><strong>fronte,</strong></span> <span class='ocrx_word' id='word_1_288' title='bbox 651 2727 762 2782; x_wconf 91' lang='lat' dir='ltr'><strong>quo</strong></span> <span class='ocrx_word' id='word_1_289' title='bbox 815 2714 1129 2772; x_wconf 79' lang='lat' dir='ltr'><strong>intenderat</strong></span> <span class='ocrx_word' id='word_1_290' title='bbox 1200 2699 1573 2790; x_wconf 75' lang='lat' dir='ltr'><strong>gradiebatur,</strong></span> <span class='ocrx_word' id='word_1_291' title='bbox 1630 2727 1807 2783; x_wconf 87' lang='lat' dir='ltr'><strong>fretus</strong></span> <span class='ocrx_word' id='word_1_292' title='bbox 1869 2729 1972 2784; x_wconf 88' lang='lat' dir='ltr'><strong>sibi</strong></span> 
     </span>
    </p>
   </div>
   <div class='ocr_carea' id='block_1_41' title="bbox 390 2803 1973 2892">
    <p class='ocr_par' dir='ltr' id='par_1_41' title="bbox 390 2803 1973 2892">
     <span class='ocr_line' id='line_1_41' title="bbox 390 2803 1973 2892; baseline 0.017 -39"><span class='ocrx_word' id='word_1_293' title='bbox 390 2803 768 2870; x_wconf 81' lang='lat' dir='ltr'><strong>paratissimo,</strong></span> <span class='ocrx_word' id='word_1_294' title='bbox 849 2817 905 2861; x_wconf 92' lang='lat' dir='ltr'><strong>et</strong></span> <span class='ocrx_word' id='word_1_295' title='bbox 960 2824 1073 2878; x_wconf 93' lang='lat' dir='ltr'><strong>quo</strong></span> <span class='ocrx_word' id='word_1_296' title='bbox 1121 2815 1298 2882; x_wconf 86' lang='lat' dir='ltr'><strong>magis</strong></span> <span class='ocrx_word' id='word_1_297' title='bbox 1354 2825 1630 2886; x_wconf 77' lang='lat' dir='ltr'><strong>pergeret,</strong></span> <span class='ocrx_word' id='word_1_298' title='bbox 1679 2820 1973 2892; x_wconf 76' lang='lat' dir='ltr'><strong>benignius</strong></span> 
     </span>
    </p>
   </div>
   <div class='ocr_carea' id='block_1_42' title="bbox 391 2898 1972 2984">
    <p class='ocr_par' dir='ltr' id='par_1_42' title="bbox 391 2898 1972 2984">
     <span class='ocr_line' id='line_1_42' title="bbox 391 2898 1972 2984; baseline 0.016 -35"><span class='ocrx_word' id='word_1_299' title='bbox 391 2907 612 2963; x_wconf 90' lang='lat' dir='ltr'><strong>semper</strong></span> <span class='ocrx_word' id='word_1_300' title='bbox 645 2898 929 2966; x_wconf 79' lang='lat' dir='ltr'><strong>aspirante</strong></span> <span class='ocrx_word' id='word_1_301' title='bbox 980 2901 1170 2958; x_wconf 79' lang='lat' dir='ltr'><strong>favore</strong></span> <span class='ocrx_word' id='word_1_302' title='bbox 1201 2907 1578 2977; x_wconf 86' lang='lat' dir='ltr'><strong>imperatoris,</strong></span> <span class='ocrx_word' id='word_1_303' title='bbox 1615 2918 1972 2984; x_wconf 78' lang='lat' dir='ltr'><strong>quantumvis</strong></span> 
     </span>
    </p>
   </div>
   <div class='ocr_carea' id='block_1_43' title="bbox 393 2983 1972 3067">
    <p class='ocr_par' dir='ltr' id='par_1_43' title="bbox 393 2983 1972 3067">
     <span class='ocr_line' id='line_1_43' title="bbox 393 2983 1972 3067; baseline 0.017 -27"><span class='ocrx_word' id='word_1_304' title='bbox 393 2984 613 3043; x_wconf 84' lang='lat' dir='ltr'><strong>interim</strong></span> <span class='ocrx_word' id='word_1_305' title='bbox 659 3005 853 3048; x_wconf 89' lang='lat' dir='ltr'><strong>omnes</strong></span> <span class='ocrx_word' id='word_1_306' title='bbox 897 2983 1287 3066; x_wconf 15' lang='lat' dir='ltr'><strong>Iringerentur,</strong></span> <span class='ocrx_word' id='word_1_307' title='bbox 1348 3005 1586 3060; x_wconf 81' lang='lat' dir='ltr'><strong>maxime</strong></span> <span class='ocrx_word' id='word_1_308' title='bbox 1619 2983 1800 3064; x_wconf 86' lang='lat' dir='ltr'><strong>autem</strong></span> <span class='ocrx_word' id='word_1_309' title='bbox 1836 3011 1972 3067; x_wconf 80' lang='lat' dir='ltr'><strong>insi-</strong></span> 
     </span>
    </p>
   </div>
   <div class='ocr_carea' id='block_1_44' title="bbox 393 3072 1972 3165">
    <p class='ocr_par' dir='ltr' id='par_1_44' title="bbox 393 3072 1972 3165">
     <span class='ocr_line' id='line_1_44' title="bbox 393 3072 1972 3165; baseline 0.02 -37"><span class='ocrx_word' id='word_1_310' title='bbox 393 3077 614 3165; x_wconf 63' lang='lat' dir='ltr'><strong>gniores</strong></span> <span class='ocrx_word' id='word_1_311' title='bbox 641 3072 850 3150; x_wconf 75' lang='lat' dir='ltr'><strong>quique</strong></span> <span class='ocrx_word' id='word_1_312' title='bbox 887 3087 1176 3155; x_wconf 67' lang='lat' dir='ltr'><strong>aegerrime</strong></span> <span class='ocrx_word' id='word_1_313' title='bbox 1201 3088 1408 3148; x_wconf 87' lang='lat' dir='ltr'><strong>ferrent</strong></span> <span class='ocrx_word' id='word_1_314' title='bbox 1438 3109 1563 3163; x_wconf 66' lang='lat' dir='ltr'><strong>quae</strong></span> <span class='ocrx_word' id='word_1_315' title='bbox 1588 3098 1658 3153; x_wconf 90' lang='lat' dir='ltr'><strong>ab</strong></span> <span class='ocrx_word' id='word_1_316' title='bbox 1687 3099 1782 3154; x_wconf 91' lang='lat' dir='ltr'><strong>illo</strong></span> <span class='ocrx_word' id='word_1_317' title='bbox 1815 3101 1972 3158; x_wconf 91' lang='lat' dir='ltr'><strong>vide-</strong></span> 
     </span>
    </p>
   </div>
   <div class='ocr_carea' id='block_1_45' title="bbox 2087 1865 3672 1939">
    <p class='ocr_par' dir='ltr' id='par_1_45' title="bbox 2087 1865 3672 1939">
     <span class='ocr_line' id='line_1_45' title="bbox 2087 1865 3672 1939; baseline 0 -19"><span class='ocrx_word' id='word_1_318' title='bbox 2087 1865 2591 1938; x_wconf 84' lang='grc' dir='ltr'>θαυματούργημα,</span> <span class='ocrx_word' id='word_1_319' title='bbox 2612 1869 2674 1921; x_wconf 81' lang='grc' dir='ltr'><strong>τὸ</strong></span> <span class='ocrx_word' id='word_1_320' title='bbox 2707 1869 2817 1939; x_wconf 82' lang='grc' dir='ltr'>πᾶν</span> <span class='ocrx_word' id='word_1_321' title='bbox 2842 1867 2933 1920; x_wconf 82' lang='grc' dir='ltr'>τοῦ</span> <span class='ocrx_word' id='word_1_322' title='bbox 2967 1867 3273 1938; x_wconf 76' lang='grc' dir='ltr'>παραδόξου</span> <span class='ocrx_word' id='word_1_323' title='bbox 3296 1869 3371 1934; x_wconf 85' lang='grc' dir='ltr'>τῷ</span> <span class='ocrx_word' id='word_1_324' title='bbox 3401 1884 3672 1939; x_wconf 83' lang='grc' dir='ltr'>πατριαρ-</span> 
     </span>
    </p>
   </div>
   <div class='ocr_carea' id='block_1_46' title="bbox 2083 1955 3670 2032">
    <p class='ocr_par' dir='ltr' id='par_1_46' title="bbox 2083 1955 3670 2032">
     <span class='ocr_line' id='line_1_46' title="bbox 2083 1955 3670 2032; baseline 0.001 -20"><span class='ocrx_word' id='word_1_325' title='bbox 2083 1959 2271 2031; x_wconf 75' lang='grc' dir='ltr'>χοῦν-τι</span> <span class='ocrx_word' id='word_1_326' title='bbox 2307 1961 2709 2032; x_wconf 81' lang='grc' dir='ltr'>προσανετίθει,</span> <span class='ocrx_word' id='word_1_327' title='bbox 2741 1960 2859 2014; x_wconf 82' lang='grc' dir='ltr'>δέον</span> <span class='ocrx_word' id='word_1_328' title='bbox 2891 1959 2969 2023; x_wconf 72' lang='grc' dir='ltr'>ὃν,</span> <span class='ocrx_word' id='word_1_329' title='bbox 3004 1955 3179 2030; x_wconf 68' lang='grc' dir='ltr'>οἶμαι,</span> <span class='ocrx_word' id='word_1_330' title='bbox 3203 1962 3298 2016; x_wconf 76' lang='grc' dir='ltr'><strong>καὶ</strong></span> <span class='ocrx_word' id='word_1_331' title='bbox 3329 1960 3532 2030; x_wconf 82' lang='grc' dir='ltr'>μᾶλλον</span> <span class='ocrx_word' id='word_1_332' title='bbox 3553 1959 3670 2030; x_wconf 85' lang='grc' dir='ltr'><strong>Θεῴ</strong></span> 
     </span>
    </p>
   </div>
   <div class='ocr_carea' id='block_1_47' title="bbox 2083 2048 3668 2127">
    <p class='ocr_par' dir='ltr' id='par_1_47' title="bbox 2083 2048 3668 2127">
     <span class='ocr_line' id='line_1_47' title="bbox 2083 2048 3668 2127; baseline 0.001 -20"><span class='ocrx_word' id='word_1_333' title='bbox 2083 2048 2179 2107; x_wconf 70' lang='grc' dir='ltr'>καὶ</span> <span class='ocrx_word' id='word_1_334' title='bbox 2207 2057 2274 2125; x_wconf 77' lang='grc' dir='ltr'>τῇ</span> <span class='ocrx_word' id='word_1_335' title='bbox 2307 2054 2513 2120; x_wconf 85' lang='grc' dir='ltr'>πίστει,</span> <span class='ocrx_word' id='word_1_336' title='bbox 2549 2055 2618 2126; x_wconf 75' lang='grc' dir='ltr'>ἢν</span> <span class='ocrx_word' id='word_1_337' title='bbox 2653 2057 2862 2118; x_wconf 73' lang='grc' dir='ltr'>ἐκεῖνος</span> <span class='ocrx_word' id='word_1_338' title='bbox 2889 2055 3142 2124; x_wconf 71' lang='grc' dir='ltr'>ἀφρόνως</span> <span class='ocrx_word' id='word_1_339' title='bbox 3191 2054 3668 2127; x_wconf 73' lang='grc' dir='ltr'>βεϐλασφημήκει.</span> 
     </span>
    </p>
   </div>
   <div class='ocr_carea' id='block_1_48' title="bbox 2085 2145 3684 2218">
    <p class='ocr_par' dir='ltr' id='par_1_48' title="bbox 2085 2145 3684 2218">
     <span class='ocr_line' id='line_1_48' title="bbox 2085 2145 3684 2218; baseline 0.001 -18"><span class='ocrx_word' id='word_1_340' title='bbox 2085 2145 2197 2200; x_wconf 71' lang='grc' dir='ltr'>Καὶ</span> <span class='ocrx_word' id='word_1_341' title='bbox 2234 2146 2434 2200; x_wconf 81' lang='grc' dir='ltr'>αὐτίκα</span> <span class='ocrx_word' id='word_1_342' title='bbox 2488 2146 2705 2217; x_wconf 82' lang='grc' dir='ltr'>πρωῖας</span> <span class='ocrx_word' id='word_1_343' title='bbox 2755 2147 2977 2212; x_wconf 80' lang='grc' dir='ltr'>σύναξιν</span> <span class='ocrx_word' id='word_1_344' title='bbox 3026 2147 3214 2218; x_wconf 80' lang='grc' dir='ltr'>κοινὴν</span> <span class='ocrx_word' id='word_1_345' title='bbox 3270 2146 3684 2218; x_wconf 61' lang='grc' dir='ltr'>παραγγέλλειν.</span> 
     </span>
    </p>
   </div>
   <div class='ocr_carea' id='block_1_49' title="bbox 2082 2327 3676 2404">
    <p class='ocr_par' dir='ltr' id='par_1_49' title="bbox 2082 2327 3676 2404">
     <span class='ocr_line' id='line_1_49' title="bbox 2082 2327 3676 2404; baseline -0.003 -16"><span class='ocrx_word' id='word_1_346' title='bbox 2082 2333 2487 2404; x_wconf 86' lang='lat' dir='ltr'><strong>spargebantur</strong></span> <span class='ocrx_word' id='word_1_347' title='bbox 2523 2332 2691 2388; x_wconf 85' lang='lat' dir='ltr'><strong>libelli</strong></span> <span class='ocrx_word' id='word_1_348' title='bbox 2724 2332 2994 2390; x_wconf 87' lang='lat' dir='ltr'><strong>adversus</strong></span> <span class='ocrx_word' id='word_1_349' title='bbox 3025 2332 3389 2388; x_wconf 80' lang='lat' dir='ltr'><strong>Athanasium</strong></span> <span class='ocrx_word' id='word_1_350' title='bbox 3439 2327 3676 2396; x_wconf 70' lang='lat' dir='ltr'><strong>famosir</strong></span> 
     </span>
    </p>
   </div>
   <div class='ocr_carea' id='block_1_50' title="bbox 2082 2425 3667 2496">
    <p class='ocr_par' dir='ltr' id='par_1_50' title="bbox 2082 2425 3667 2496">
     <span class='ocr_line' id='line_1_50' title="bbox 2082 2425 3667 2496; baseline -0.001 -14"><span class='ocrx_word' id='word_1_351' title='bbox 2082 2438 2145 2482; x_wconf 90' lang='lat' dir='ltr'><strong>ut</strong></span> <span class='ocrx_word' id='word_1_352' title='bbox 2213 2426 2439 2496; x_wconf 89' lang='lat' dir='ltr'><strong>quidam</strong></span> <span class='ocrx_word' id='word_1_353' title='bbox 2475 2442 2666 2481; x_wconf 90' lang='lat' dir='ltr'><strong>eorum</strong></span> <span class='ocrx_word' id='word_1_354' title='bbox 2701 2427 2886 2496; x_wconf 84' lang='lat' dir='ltr'><strong>gravia</strong></span> <span class='ocrx_word' id='word_1_355' title='bbox 2936 2434 2992 2482; x_wconf 91' lang='lat' dir='ltr'><strong>et</strong></span> <span class='ocrx_word' id='word_1_356' title='bbox 3031 2427 3189 2482; x_wconf 86' lang='lat' dir='ltr'><strong>valde</strong></span> <span class='ocrx_word' id='word_1_357' title='bbox 3240 2425 3450 2483; x_wconf 85' lang='lat' dir='ltr'><strong>absona</strong></span> <span class='ocrx_word' id='word_1_358' title='bbox 3486 2426 3667 2480; x_wconf 88' lang='lat' dir='ltr'><strong>conti-</strong></span> 
     </span>
    </p>
   </div>
   <div class='ocr_carea' id='block_1_51' title="bbox 2081 2517 3666 2590">
    <p class='ocr_par' dir='ltr' id='par_1_51' title="bbox 2081 2517 3666 2590">
     <span class='ocr_line' id='line_1_51' title="bbox 2081 2517 3666 2590; baseline -0.001 -18"><span class='ocrx_word' id='word_1_359' title='bbox 2081 2527 2276 2573; x_wconf 86' lang='lat' dir='ltr'><strong>nentes</strong></span> <span class='ocrx_word' id='word_1_360' title='bbox 2327 2533 2502 2588; x_wconf 91' lang='lat' dir='ltr'><strong>usque</strong></span> <span class='ocrx_word' id='word_1_361' title='bbox 2565 2518 2632 2572; x_wconf 87' lang='lat' dir='ltr'><strong>ad</strong></span> <span class='ocrx_word' id='word_1_362' title='bbox 2693 2517 2844 2590; x_wconf 86' lang='lat' dir='ltr'><strong>ipsas</strong></span> <span class='ocrx_word' id='word_1_363' title='bbox 2909 2519 3262 2588; x_wconf 82' lang='lat' dir='ltr'><strong>imperatoris</strong></span> <span class='ocrx_word' id='word_1_364' title='bbox 3314 2518 3666 2587; x_wconf 71' lang='lat' dir='ltr'><strong>pervenirent</strong></span> 
     </span>
    </p>
   </div>
   <div class='ocr_carea' id='block_1_52' title="bbox 2079 2610 3666 2682">
    <p class='ocr_par' dir='ltr' id='par_1_52' title="bbox 2079 2610 3666 2682">
     <span class='ocr_line' id='line_1_52' title="bbox 2079 2610 3666 2682; baseline -0.001 -16"><span class='ocrx_word' id='word_1_365' title='bbox 2079 2625 2303 2678; x_wconf 86' lang='lat' dir='ltr'><strong>manus,</strong></span> <span class='ocrx_word' id='word_1_366' title='bbox 2353 2612 2631 2666; x_wconf 85' lang='lat' dir='ltr'><strong>inventam</strong></span> <span class='ocrx_word' id='word_1_367' title='bbox 2691 2613 2736 2668; x_wconf 92' lang='lat' dir='ltr'><strong>is</strong></span> <span class='ocrx_word' id='word_1_368' title='bbox 2784 2611 3134 2668; x_wconf 84' lang='lat' dir='ltr'><strong>occasionem</strong></span> <span class='ocrx_word' id='word_1_369' title='bbox 3179 2610 3378 2682; x_wconf 89' lang='lat' dir='ltr'><strong>cupide</strong></span> <span class='ocrx_word' id='word_1_370' title='bbox 3431 2610 3666 2682; x_wconf 82' lang='lat' dir='ltr'><strong>arripuit</strong></span> 
     </span>
    </p>
   </div>
   <div class='ocr_carea' id='block_1_53' title="bbox 2079 2701 3663 2775">
    <p class='ocr_par' dir='ltr' id='par_1_53' title="bbox 2079 2701 3663 2775">
     <span class='ocr_line' id='line_1_53' title="bbox 2079 2701 3663 2775; baseline -0.001 -17"><span class='ocrx_word' id='word_1_371' title='bbox 2079 2703 2416 2775; x_wconf 80' lang='lat' dir='ltr'><strong>patriarcha:</strong></span> <span class='ocrx_word' id='word_1_372' title='bbox 2466 2705 2536 2758; x_wconf 85' lang='lat' dir='ltr'><strong>de</strong></span> <span class='ocrx_word' id='word_1_373' title='bbox 2571 2719 2717 2760; x_wconf 87' lang='lat' dir='ltr'><strong>novo</strong></span> <span class='ocrx_word' id='word_1_374' title='bbox 2757 2705 2824 2759; x_wconf 86' lang='lat' dir='ltr'><strong>ad</strong></span> <span class='ocrx_word' id='word_1_375' title='bbox 2859 2706 3121 2775; x_wconf 84' lang='lat' dir='ltr'><strong>populum</strong></span> <span class='ocrx_word' id='word_1_376' title='bbox 3146 2701 3572 2760; x_wconf 84' lang='lat' dir='ltr'><strong>commendandi</strong></span> <span class='ocrx_word' id='word_1_377' title='bbox 3599 2717 3663 2758; x_wconf 77' lang='lat' dir='ltr'><strong>ex</strong></span> 
     </span>
    </p>
   </div>
   <div class='ocr_carea' id='block_1_54' title="bbox 2076 2799 3664 2870">
    <p class='ocr_par' dir='ltr' id='par_1_54' title="bbox 2076 2799 3664 2870">
     <span class='ocr_line' id='line_1_54' title="bbox 2076 2799 3664 2870; baseline -0.002 -15"><span class='ocrx_word' id='word_1_378' title='bbox 2076 2815 2244 2855; x_wconf 88' lang='lat' dir='ltr'><strong>causa</strong></span> <span class='ocrx_word' id='word_1_379' title='bbox 2282 2816 2445 2870; x_wconf 89' lang='lat' dir='ltr'><strong>quam</strong></span> <span class='ocrx_word' id='word_1_380' title='bbox 2508 2815 2634 2856; x_wconf 76' lang='lat' dir='ltr'><strong>mox</strong></span> <span class='ocrx_word' id='word_1_381' title='bbox 2688 2815 2986 2870; x_wconf 80' lang='lat' dir='ltr'><strong>exponam.</strong></span> <span class='ocrx_word' id='word_1_382' title='bbox 3030 2799 3279 2856; x_wconf 84' lang='lat' dir='ltr'><strong>Habebat</strong></span> <span class='ocrx_word' id='word_1_383' title='bbox 3329 2799 3462 2855; x_wconf 87' lang='lat' dir='ltr'><strong>urbs</strong></span> <span class='ocrx_word' id='word_1_384' title='bbox 3517 2799 3664 2854; x_wconf 87' lang='lat' dir='ltr'><strong>inter</strong></span> 
     </span>
    </p>
   </div>
   <div class='ocr_carea' id='block_1_55' title="bbox 2014 2893 3659 2966">
    <p class='ocr_par' dir='ltr' id='par_1_55' title="bbox 2014 2893 3659 2966">
     <span class='ocr_line' id='line_1_55' title="bbox 2014 2893 3659 2966; baseline 0.001 -19"><span class='ocrx_word' id='word_1_385' title='bbox 2014 2915 2019 2918; x_wconf 91' lang='grc'>·</span> <span class='ocrx_word' id='word_1_386' title='bbox 2078 2895 2215 2950; x_wconf 90' lang='lat' dir='ltr'><strong>alios</strong></span> <span class='ocrx_word' id='word_1_387' title='bbox 2253 2895 2532 2949; x_wconf 84' lang='lat' dir='ltr'><strong>variarum</strong></span> <span class='ocrx_word' id='word_1_388' title='bbox 2579 2895 2826 2966; x_wconf 89' lang='lat' dir='ltr'><strong>gentium</strong></span> <span class='ocrx_word' id='word_1_389' title='bbox 2889 2893 3196 2964; x_wconf 81' lang='lat' dir='ltr'><strong>inquilinos</strong></span> <span class='ocrx_word' id='word_1_390' title='bbox 3255 2894 3442 2964; x_wconf 83' lang='lat' dir='ltr'><strong>plures</strong></span> <span class='ocrx_word' id='word_1_391' title='bbox 3493 2893 3659 2950; x_wconf 82' lang='lat' dir='ltr'><strong>etiam</strong></span> 
     </span>
    </p>
   </div>
   <div class='ocr_carea' id='block_1_56' title="bbox 2076 2987 3656 3060">
    <p class='ocr_par' dir='ltr' id='par_1_56' title="bbox 2076 2987 3656 3060">
     <span class='ocr_line' id='line_1_56' title="bbox 2076 2987 3656 3060; baseline 0.001 -20"><span class='ocrx_word' id='word_1_392' title='bbox 2076 2987 2291 3057; x_wconf 82' lang='lat' dir='ltr'><strong>aliquos</strong></span> <span class='ocrx_word' id='word_1_393' title='bbox 2325 2989 2620 3044; x_wconf 85' lang='lat' dir='ltr'><strong>Armenos.</strong></span> <span class='ocrx_word' id='word_1_394' title='bbox 2648 2987 2855 3044; x_wconf 86' lang='lat' dir='ltr'><strong>ilorum</strong></span> <span class='ocrx_word' id='word_1_395' title='bbox 2887 2988 3162 3060; x_wconf 89' lang='lat' dir='ltr'><strong>quispiam</strong></span> <span class='ocrx_word' id='word_1_396' title='bbox 3204 2989 3400 3043; x_wconf 91' lang='lat' dir='ltr'><strong>relicto</strong></span> <span class='ocrx_word' id='word_1_397' title='bbox 3427 3002 3656 3045; x_wconf 83' lang='lat' dir='ltr'><strong>suorum</strong></span> 
     </span>
    </p>
   </div>
   <div class='ocr_carea' id='block_1_57' title="bbox 2075 3079 3659 3153">
    <p class='ocr_par' dir='ltr' id='par_1_57' title="bbox 2075 3079 3659 3153">
     <span class='ocr_line' id='line_1_57' title="bbox 2075 3079 3659 3153; baseline 0.003 -17"><span class='ocrx_word' id='word_1_398' title='bbox 2075 3081 2188 3136; x_wconf 90' lang='lat' dir='ltr'><strong>ritu</strong></span> <span class='ocrx_word' id='word_1_399' title='bbox 2244 3090 2452 3137; x_wconf 79' lang='lat' dir='ltr'><strong>nostrae</strong></span> <span class='ocrx_word' id='word_1_400' title='bbox 2501 3096 2563 3138; x_wconf 90' lang='lat' dir='ltr'><strong>se</strong></span> <span class='ocrx_word' id='word_1_401' title='bbox 2595 3081 2890 3138; x_wconf 63' lang='lat' dir='ltr'><strong>catholica;</strong></span> <span class='ocrx_word' id='word_1_402' title='bbox 2941 3089 3333 3153; x_wconf 84' lang='lat' dir='ltr'><strong>aggregaverat</strong></span> <span class='ocrx_word' id='word_1_403' title='bbox 3374 3079 3659 3140; x_wconf 66' lang='lat' dir='ltr'><strong>Ecclesiae.</strong></span> 
     </span>
    </p>
   </div>
   <div class='ocr_carea' id='block_1_58' title="bbox 392 3167 3660 3260">
    <p class='ocr_par' dir='ltr' id='par_1_58' title="bbox 392 3167 3660 3260">
     <span class='ocr_line' id='line_1_58' title="bbox 392 3167 3660 3260; baseline 0.001 -36"><span class='ocrx_word' id='word_1_404' title='bbox 392 3169 523 3227; x_wconf 88' lang='lat' dir='ltr'><strong>bant</strong></span> <span class='ocrx_word' id='word_1_405' title='bbox 548 3172 686 3241; x_wconf 79' lang='lat' dir='ltr'><strong>ﬁeri,</strong></span> <span class='ocrx_word' id='word_1_406' title='bbox 721 3185 1047 3250; x_wconf 76' lang='lat' dir='ltr'><strong>tantumque</strong></span> <span class='ocrx_word' id='word_1_407' title='bbox 1075 3181 1335 3241; x_wconf 69' lang='lat' dir='ltr'><strong>abessem</strong></span> <span class='ocrx_word' id='word_1_408' title='bbox 1368 3203 1396 3241; x_wconf 61' lang='grc' dir='ltr'><strong>ε</strong></span> <span class='ocrx_word' id='word_1_409' title='bbox 1435 3188 1730 3260; x_wconf 64' lang='lat' dir='ltr'><strong>dignandis</strong></span> <span class='ocrx_word' id='word_1_410' title='bbox 1763 3211 1960 3251; x_wconf 57' lang='lat' dir='ltr'><strong>asse“,</strong></span> <span class='ocrx_word' id='word_1_411' title='bbox 1992 3190 2039 3256; x_wconf 69' lang='grc' dir='ltr'>α</span> <span class='ocrx_word' id='word_1_412' title='bbox 2073 3190 2234 3231; x_wconf 86' lang='lat' dir='ltr'><strong>sacro</strong></span> <span class='ocrx_word' id='word_1_413' title='bbox 2270 3175 2336 3230; x_wconf 88' lang='lat' dir='ltr'><strong>ad</strong></span> <span class='ocrx_word' id='word_1_414' title='bbox 2375 3176 2480 3231; x_wconf 92' lang='lat' dir='ltr'><strong>hoc</strong></span> <span class='ocrx_word' id='word_1_415' title='bbox 2516 3184 2720 3232; x_wconf 90' lang='lat' dir='ltr'><strong>unctus</strong></span> <span class='ocrx_word' id='word_1_416' title='bbox 2760 3175 3096 3244; x_wconf 89' lang='lat' dir='ltr'><strong>chrismate;</strong></span> <span class='ocrx_word' id='word_1_417' title='bbox 3125 3190 3238 3244; x_wconf 92' lang='lat' dir='ltr'><strong>quo</strong></span> <span class='ocrx_word' id='word_1_418' title='bbox 3266 3167 3494 3230; x_wconf 77' lang='lat' dir='ltr'><strong>nomine</strong></span> <span class='ocrx_word' id='word_1_419' title='bbox 3539 3188 3660 3228; x_wconf 82' lang='lat' dir='ltr'><strong>ma-</strong></span> 
     </span>
    </p>
   </div>
   <div class='ocr_carea' id='block_1_59' title="bbox 391 3261 1967 3350">
    <p class='ocr_par' dir='ltr' id='par_1_59' title="bbox 391 3261 1967 3350">
     <span class='ocr_line' id='line_1_59' title="bbox 391 3261 1967 3350; baseline 0.019 -32"><span class='ocrx_word' id='word_1_420' title='bbox 391 3261 469 3320; x_wconf 10' lang='lat' dir='ltr'><strong>sui</strong></span> <span class='ocrx_word' id='word_1_421' title='bbox 488 3269 572 3322; x_wconf 89' lang='lat' dir='ltr'><strong>vel</strong></span> <span class='ocrx_word' id='word_1_422' title='bbox 609 3273 1006 3340; x_wconf 78' lang='lat' dir='ltr'><strong>approbatione</strong></span> <span class='ocrx_word' id='word_1_423' title='bbox 1047 3291 1147 3330; x_wconf 88' lang='lat' dir='ltr'><strong>sua</strong></span> <span class='ocrx_word' id='word_1_424' title='bbox 1200 3281 1306 3334; x_wconf 90' lang='lat' dir='ltr'><strong>ulla</strong></span> <span class='ocrx_word' id='word_1_425' title='bbox 1339 3279 1462 3350; x_wconf 84' lang='lat' dir='ltr'><strong>ejus</strong></span> <span class='ocrx_word' id='word_1_426' title='bbox 1493 3287 1651 3349; x_wconf 83' lang='lat' dir='ltr'><strong>actis,</strong></span> <span class='ocrx_word' id='word_1_427' title='bbox 1681 3298 1738 3342; x_wconf 92' lang='lat' dir='ltr'><strong>ut</strong></span> <span class='ocrx_word' id='word_1_428' title='bbox 1787 3306 1967 3349; x_wconf 86' lang='lat' dir='ltr'><strong>mores</strong></span> 
     </span>
    </p>
   </div>
   <div class='ocr_carea' id='block_1_60' title="bbox 390 3359 1964 3439">
    <p class='ocr_par' dir='ltr' id='par_1_60' title="bbox 390 3359 1964 3439">
     <span class='ocr_line' id='line_1_60' title="bbox 390 3359 1964 3439; baseline 0.018 -27"><span class='ocrx_word' id='word_1_429' title='bbox 390 3359 568 3429; x_wconf 84' lang='lat' dir='ltr'><strong>ipsius</strong></span> <span class='ocrx_word' id='word_1_430' title='bbox 614 3363 668 3418; x_wconf 90' lang='lat' dir='ltr'><strong>iu</strong></span> <span class='ocrx_word' id='word_1_431' title='bbox 727 3369 1146 3434; x_wconf 81' lang='lat' dir='ltr'><strong>cowparatione</strong></span> <span class='ocrx_word' id='word_1_432' title='bbox 1185 3388 1309 3429; x_wconf 89' lang='lat' dir='ltr'><strong>cum</strong></span> <span class='ocrx_word' id='word_1_433' title='bbox 1354 3377 1474 3433; x_wconf 88' lang='lat' dir='ltr'><strong>aliis</strong></span> <span class='ocrx_word' id='word_1_434' title='bbox 1516 3379 1676 3436; x_wconf 80' lang='lat' dir='ltr'><strong>laude</strong></span> <span class='ocrx_word' id='word_1_435' title='bbox 1717 3386 1964 3439; x_wconf 85' lang='lat' dir='ltr'><strong>omnium</strong></span> 
     </span>
    </p>
   </div>
   <div class='ocr_carea' id='block_1_61' title="bbox 390 3454 1968 3540">
    <p class='ocr_par' dir='ltr' id='par_1_61' title="bbox 390 3454 1968 3540">
     <span class='ocr_line' id='line_1_61' title="bbox 390 3454 1968 3540; baseline 0.016 -33"><span class='ocrx_word' id='word_1_436' title='bbox 390 3454 686 3512; x_wconf 85' lang='lat' dir='ltr'><strong>celebratis</strong></span> <span class='ocrx_word' id='word_1_437' title='bbox 729 3460 1056 3528; x_wconf 59' lang='lat' dir='ltr'><strong>praesidibus</strong></span> <span class='ocrx_word' id='word_1_438' title='bbox 1101 3462 1472 3524; x_wconf 81' lang='lat' dir='ltr'><strong>Ecclesiarum</strong></span> <span class='ocrx_word' id='word_1_439' title='bbox 1523 3473 1682 3540; x_wconf 85' lang='lat' dir='ltr'><strong>plane</strong></span> <span class='ocrx_word' id='word_1_440' title='bbox 1739 3476 1843 3531; x_wconf 86' lang='lat' dir='ltr'><strong>sibi</strong></span> <span class='ocrx_word' id='word_1_441' title='bbox 1890 3479 1968 3532; x_wconf 91' lang='lat' dir='ltr'><strong>vi-</strong></span> 
     </span>
    </p>
   </div>
   <div class='ocr_carea' id='block_1_62' title="bbox 388 3546 1976 3632">
    <p class='ocr_par' dir='ltr' id='par_1_62' title="bbox 388 3546 1976 3632">
     <span class='ocr_line' id='line_1_62' title="bbox 388 3546 1976 3632; baseline 0.017 -31"><span class='ocrx_word' id='word_1_442' title='bbox 388 3546 506 3602; x_wconf 86' lang='lat' dir='ltr'><strong>deri</strong></span> <span class='ocrx_word' id='word_1_443' title='bbox 556 3558 899 3608; x_wconf 88' lang='lat' dir='ltr'><strong>monstrosos</strong></span> <span class='ocrx_word' id='word_1_444' title='bbox 942 3565 1109 3626; x_wconf 90' lang='lat' dir='ltr'><strong>atque</strong></span> <span class='ocrx_word' id='word_1_445' title='bbox 1153 3559 1448 3617; x_wconf 85' lang='lat' dir='ltr'><strong>horribiles</strong></span> <span class='ocrx_word' id='word_1_446' title='bbox 1484 3581 1591 3620; x_wconf 91' lang='lat' dir='ltr'><strong>non</strong></span> <span class='ocrx_word' id='word_1_447' title='bbox 1644 3567 1976 3632; x_wconf 51' lang='lat' dir='ltr'><strong>dissimulas</strong></span> 
     </span>
    </p>
   </div>
   <div class='ocr_carea' id='block_1_63' title="bbox 387 3639 1966 3720">
    <p class='ocr_par' dir='ltr' id='par_1_63' title="bbox 387 3639 1966 3720">
     <span class='ocr_line' id='line_1_63' title="bbox 387 3639 1966 3720; baseline 0.016 -25"><span class='ocrx_word' id='word_1_448' title='bbox 387 3647 536 3696; x_wconf 85' lang='lat' dir='ltr'><strong>rent.</strong></span> <span class='ocrx_word' id='word_1_449' title='bbox 587 3639 643 3696; x_wconf 86' lang='lat' dir='ltr'><strong>in</strong></span> <span class='ocrx_word' id='word_1_450' title='bbox 692 3659 811 3699; x_wconf 90' lang='lat' dir='ltr'><strong>eam</strong></span> <span class='ocrx_word' id='word_1_451' title='bbox 871 3648 1010 3704; x_wconf 90' lang='lat' dir='ltr'><strong>alios</strong></span> <span class='ocrx_word' id='word_1_452' title='bbox 1066 3655 1393 3708; x_wconf 90' lang='lat' dir='ltr'><strong>sententiam</strong></span> <span class='ocrx_word' id='word_1_453' title='bbox 1446 3657 1756 3715; x_wconf 87' lang='lat' dir='ltr'><strong>adducebat</strong></span> <span class='ocrx_word' id='word_1_454' title='bbox 1813 3673 1966 3720; x_wconf 90' lang='lat' dir='ltr'><strong>recta</strong></span> 
     </span>
    </p>
   </div>
   <div class='ocr_carea' id='block_1_64' title="bbox 385 3734 1966 3822">
    <p class='ocr_par' dir='ltr' id='par_1_64' title="bbox 385 3734 1966 3822">
     <span class='ocr_line' id='line_1_64' title="bbox 385 3734 1966 3822; baseline 0.016 -36"><span class='ocrx_word' id='word_1_455' title='bbox 385 3734 679 3791; x_wconf 67' lang='lat' dir='ltr'><strong>aestimatio</strong></span> <span class='ocrx_word' id='word_1_456' title='bbox 711 3753 853 3794; x_wconf 71' lang='lat' dir='ltr'><strong>verae</strong></span> <span class='ocrx_word' id='word_1_457' title='bbox 886 3739 1150 3800; x_wconf 85' lang='lat' dir='ltr'><strong>virtutis:</strong></span> <span class='ocrx_word' id='word_1_458' title='bbox 1177 3747 1272 3801; x_wconf 90' lang='lat' dir='ltr'><strong>alii</strong></span> <span class='ocrx_word' id='word_1_459' title='bbox 1304 3763 1470 3804; x_wconf 90' lang='lat' dir='ltr'><strong>sensu</strong></span> <span class='ocrx_word' id='word_1_460' title='bbox 1501 3754 1741 3822; x_wconf 87' lang='lat' dir='ltr'><strong>quodam</strong></span> <span class='ocrx_word' id='word_1_461' title='bbox 1770 3757 1966 3814; x_wconf 91' lang='lat' dir='ltr'><strong>innato</strong></span> 
     </span>
    </p>
   </div>
   <div class='ocr_carea' id='block_1_65' title="bbox 291 3829 1962 3918">
    <p class='ocr_par' dir='ltr' id='par_1_65' title="bbox 291 3829 1962 3918">
     <span class='ocr_line' id='line_1_65' title="bbox 291 3829 1962 3918; baseline 0.019 -41"><span class='ocrx_word' id='word_1_462' title='bbox 291 3865 296 3870; x_wconf 76' lang='grc'>.</span> <span class='ocrx_word' id='word_1_463' title='bbox 385 3838 440 3880; x_wconf 87' lang='lat' dir='ltr'><strong>et</strong></span> <span class='ocrx_word' id='word_1_464' title='bbox 469 3829 622 3896; x_wconf 87' lang='lat' dir='ltr'><strong>quasi</strong></span> <span class='ocrx_word' id='word_1_465' title='bbox 669 3833 814 3900; x_wconf 86' lang='lat' dir='ltr'><strong>genii</strong></span> <span class='ocrx_word' id='word_1_466' title='bbox 872 3835 1222 3896; x_wconf 87' lang='lat' dir='ltr'><strong>abhorrentis</strong></span> <span class='ocrx_word' id='word_1_467' title='bbox 1272 3841 1647 3901; x_wconf 81' lang='lat' dir='ltr'><strong>ineitabantur</strong></span> <span class='ocrx_word' id='word_1_468' title='bbox 1700 3848 1962 3918; x_wconf 88' lang='lat' dir='ltr'><strong>impulsu.</strong></span> 
     </span>
    </p>
   </div>
   <div class='ocr_carea' id='block_1_66' title="bbox 383 3917 1962 4012">
    <p class='ocr_par' dir='ltr' id='par_1_66' title="bbox 383 3917 1962 4012">
     <span class='ocr_line' id='line_1_66' title="bbox 383 3917 1962 4012; baseline 0.017 -40"><span class='ocrx_word' id='word_1_469' title='bbox 383 3917 715 3991; x_wconf 82' lang='lat' dir='ltr'><strong>Nonnullos,</strong></span> <span class='ocrx_word' id='word_1_470' title='bbox 763 3940 866 3980; x_wconf 88' lang='lat' dir='ltr'><strong>nec</strong></span> <span class='ocrx_word' id='word_1_471' title='bbox 907 3925 1045 3983; x_wconf 86' lang='lat' dir='ltr'><strong>forte</strong></span> <span class='ocrx_word' id='word_1_472' title='bbox 1100 3946 1328 4000; x_wconf 87' lang='lat' dir='ltr'><strong>paucos,</strong></span> <span class='ocrx_word' id='word_1_473' title='bbox 1369 3936 1733 3995; x_wconf 87' lang='lat' dir='ltr'><strong>stimulabant</strong></span> <span class='ocrx_word' id='word_1_474' title='bbox 1775 3917 1877 4012; x_wconf 55' lang='lat' dir='ltr'><strong>ira:</strong></span> <span class='ocrx_word' id='word_1_475' title='bbox 1909 3945 1962 3999; x_wconf 94' lang='lat' dir='ltr'><strong>in</strong></span> 
     </span>
    </p>
   </div>
   <div class='ocr_carea' id='block_1_67' title="bbox 379 4009 1964 4104">
    <p class='ocr_par' dir='ltr' id='par_1_67' title="bbox 379 4009 1964 4104">
     <span class='ocr_line' id='line_1_67' title="bbox 379 4009 1964 4104; baseline 0.019 -41"><span class='ocrx_word' id='word_1_476' title='bbox 379 4009 740 4069; x_wconf 79' lang='lat' dir='ltr'><strong>Athanasium</strong></span> <span class='ocrx_word' id='word_1_477' title='bbox 781 4027 1014 4086; x_wconf 86' lang='lat' dir='ltr'><strong>veteres,</strong></span> <span class='ocrx_word' id='word_1_478' title='bbox 1067 4025 1272 4092; x_wconf 79' lang='lat' dir='ltr'><strong>prioris</strong></span> <span class='ocrx_word' id='word_1_479' title='bbox 1315 4028 1446 4082; x_wconf 84' lang='lat' dir='ltr'><strong>olim</strong></span> <span class='ocrx_word' id='word_1_480' title='bbox 1495 4031 1619 4100; x_wconf 81' lang='lat' dir='ltr'><strong>ejus</strong></span> <span class='ocrx_word' id='word_1_481' title='bbox 1680 4009 1964 4104; x_wconf 74' lang='lat' dir='ltr'><strong>regiminis</strong></span> 
     </span>
    </p>
   </div>
   <div class='ocr_carea' id='block_1_68' title="bbox 380 4101 1960 4199">
    <p class='ocr_par' dir='ltr' id='par_1_68' title="bbox 380 4101 1960 4199">
     <span class='ocr_line' id='line_1_68' title="bbox 380 4101 1960 4199; baseline 0.019 -44"><span class='ocrx_word' id='word_1_482' title='bbox 380 4101 546 4177; x_wconf 73' lang='lat'><strong>520</strong></span> <span class='ocrx_word' id='word_1_483' title='bbox 604 4106 825 4176; x_wconf 75' lang='lat' dir='ltr'><strong>injuriis</strong></span> <span class='ocrx_word' id='word_1_484' title='bbox 876 4128 1144 4181; x_wconf 77' lang='lat' dir='ltr'><strong>accensae,</strong></span> <span class='ocrx_word' id='word_1_485' title='bbox 1192 4133 1428 4186; x_wconf 88' lang='lat' dir='ltr'><strong>quarum</strong></span> <span class='ocrx_word' id='word_1_486' title='bbox 1467 4115 1788 4180; x_wconf 79' lang='lat' dir='ltr'><strong>memoriam</strong></span> <span class='ocrx_word' id='word_1_487' title='bbox 1829 4145 1960 4199; x_wconf 68' lang='lat' dir='ltr'><strong>prte-</strong></span> 
     </span>
    </p>
   </div>
   <div class='ocr_carea' id='block_1_69' title="bbox 380 4203 1962 4290">
    <p class='ocr_par' dir='ltr' id='par_1_69' title="bbox 380 4203 1962 4290">
     <span class='ocr_line' id='line_1_69' title="bbox 380 4203 1962 4290; baseline 0.017 -37"><span class='ocrx_word' id='word_1_488' title='bbox 380 4214 508 4268; x_wconf 82' lang='lat' dir='ltr'><strong>sens</strong></span> <span class='ocrx_word' id='word_1_489' title='bbox 569 4203 826 4261; x_wconf 87' lang='lat' dir='ltr'><strong>similium</strong></span> <span class='ocrx_word' id='word_1_490' title='bbox 885 4211 1222 4277; x_wconf 81' lang='lat' dir='ltr'><strong>experientia</strong></span> <span class='ocrx_word' id='word_1_491' title='bbox 1270 4213 1584 4273; x_wconf 89' lang='lat' dir='ltr'><strong>refricabat.</strong></span> <span class='ocrx_word' id='word_1_492' title='bbox 1643 4219 1962 4290; x_wconf 88' lang='lat' dir='ltr'><strong>Cujusmodi</strong></span> 
     </span>
    </p>
   </div>
   <div class='ocr_carea' id='block_1_70' title="bbox 378 4294 1961 4377">
    <p class='ocr_par' dir='ltr' id='par_1_70' title="bbox 378 4294 1961 4377">
     <span class='ocr_line' id='line_1_70' title="bbox 378 4294 1961 4377; baseline 0.018 -34"><span class='ocrx_word' id='word_1_493' title='bbox 378 4294 698 4363; x_wconf 73' lang='lat' dir='ltr'><strong>przejndicia</strong></span> <span class='ocrx_word' id='word_1_494' title='bbox 766 4316 907 4369; x_wconf 90' lang='lat' dir='ltr'><strong>quos</strong></span> <span class='ocrx_word' id='word_1_495' title='bbox 959 4303 1262 4360; x_wconf 84' lang='lat' dir='ltr'><strong>insederint</strong></span> <span class='ocrx_word' id='word_1_496' title='bbox 1310 4308 1546 4377; x_wconf 86' lang='lat' dir='ltr'><strong>animos,</strong></span> <span class='ocrx_word' id='word_1_497' title='bbox 1593 4312 1663 4369; x_wconf 91' lang='lat' dir='ltr'><strong>iis</strong></span> <span class='ocrx_word' id='word_1_498' title='bbox 1698 4315 1961 4372; x_wconf 91' lang='lat' dir='ltr'><strong>nimirum</strong></span> 
     </span>
    </p>
   </div>
   <div class='ocr_carea' id='block_1_71' title="bbox 377 4389 1961 4477">
    <p class='ocr_par' dir='ltr' id='par_1_71' title="bbox 377 4389 1961 4477">
     <span class='ocr_line' id='line_1_71' title="bbox 377 4389 1961 4477; baseline 0.016 -35"><span class='ocrx_word' id='word_1_499' title='bbox 377 4389 537 4444; x_wconf 89' lang='lat' dir='ltr'><strong>facile</strong></span> <span class='ocrx_word' id='word_1_500' title='bbox 613 4393 946 4459; x_wconf 88' lang='lat' dir='ltr'><strong>persuadent</strong></span> <span class='ocrx_word' id='word_1_501' title='bbox 1000 4396 1169 4466; x_wconf 88' lang='lat' dir='ltr'><strong>justis</strong></span> <span class='ocrx_word' id='word_1_502' title='bbox 1235 4417 1293 4455; x_wconf 88' lang='lat' dir='ltr'><strong>se</strong></span> <span class='ocrx_word' id='word_1_503' title='bbox 1373 4418 1476 4459; x_wconf 89' lang='lat' dir='ltr'><strong>nec</strong></span> <span class='ocrx_word' id='word_1_504' title='bbox 1542 4409 1961 4477; x_wconf 87' lang='lat' dir='ltr'><strong>reprehensioni</strong></span> 
     </span>
    </p>
   </div>
   <div class='ocr_carea' id='block_1_72' title="bbox 375 4484 1958 4573">
    <p class='ocr_par' dir='ltr' id='par_1_72' title="bbox 375 4484 1958 4573">
     <span class='ocr_line' id='line_1_72' title="bbox 375 4484 1958 4573; baseline 0.016 -36"><span class='ocrx_word' id='word_1_505' title='bbox 375 4484 632 4539; x_wconf 79' lang='lat' dir='ltr'><strong>obnoxiis</strong></span> <span class='ocrx_word' id='word_1_506' title='bbox 674 4490 877 4542; x_wconf 81' lang='lat' dir='ltr'><strong>moveri</strong></span> <span class='ocrx_word' id='word_1_507' title='bbox 931 4490 1094 4558; x_wconf 90' lang='lat' dir='ltr'><strong>odiis,</strong></span> <span class='ocrx_word' id='word_1_508' title='bbox 1147 4493 1275 4548; x_wconf 90' lang='lat' dir='ltr'><strong>dum</strong></span> <span class='ocrx_word' id='word_1_509' title='bbox 1323 4513 1418 4553; x_wconf 90' lang='lat' dir='ltr'><strong>eos</strong></span> <span class='ocrx_word' id='word_1_510' title='bbox 1465 4510 1791 4559; x_wconf 82' lang='lat' dir='ltr'><strong>aversantur</strong></span> <span class='ocrx_word' id='word_1_511' title='bbox 1818 4521 1958 4573; x_wconf 87' lang='lat' dir='ltr'><strong>quos</strong></span> 
     </span>
    </p>
   </div>
   <div class='ocr_carea' id='block_1_73' title="bbox 2073 3267 3654 3340">
    <p class='ocr_par' dir='ltr' id='par_1_73' title="bbox 2073 3267 3654 3340">
     <span class='ocr_line' id='line_1_73' title="bbox 2073 3267 3654 3340; baseline 0 -18"><span class='ocrx_word' id='word_1_512' title='bbox 2073 3284 2237 3339; x_wconf 90' lang='lat' dir='ltr'><strong>gnum</strong></span> <span class='ocrx_word' id='word_1_513' title='bbox 2269 3269 2321 3322; x_wconf 92' lang='lat' dir='ltr'><strong>in</strong></span> <span class='ocrx_word' id='word_1_514' title='bbox 2347 3284 2405 3325; x_wconf 87' lang='lat' dir='ltr'><strong>se</strong></span> <span class='ocrx_word' id='word_1_515' title='bbox 2436 3269 2743 3325; x_wconf 86' lang='lat' dir='ltr'><strong>concitarat</strong></span> <span class='ocrx_word' id='word_1_516' title='bbox 2793 3269 2978 3324; x_wconf 86' lang='lat' dir='ltr'><strong>odium</strong></span> <span class='ocrx_word' id='word_1_517' title='bbox 3014 3267 3367 3340; x_wconf 80' lang='lat' dir='ltr'><strong>popularium</strong></span> <span class='ocrx_word' id='word_1_518' title='bbox 3404 3282 3654 3329; x_wconf 77' lang='lat' dir='ltr'><strong>suorum,</strong></span> 
     </span>
    </p>
   </div>
   <div class='ocr_carea' id='block_1_74' title="bbox 2072 3361 3656 3431">
    <p class='ocr_par' dir='ltr' id='par_1_74' title="bbox 2072 3361 3656 3431">
     <span class='ocr_line' id='line_1_74' title="bbox 2072 3361 3656 3431; baseline 0.001 -18"><span class='ocrx_word' id='word_1_519' title='bbox 2072 3363 2376 3431; x_wconf 70' lang='lat' dir='ltr'><strong>praesertim</strong></span> <span class='ocrx_word' id='word_1_520' title='bbox 2418 3376 2548 3419; x_wconf 87' lang='lat' dir='ltr'><strong>vero</strong></span> <span class='ocrx_word' id='word_1_521' title='bbox 2594 3362 2826 3426; x_wconf 86' lang='lat' dir='ltr'><strong>sororis,</strong></span> <span class='ocrx_word' id='word_1_522' title='bbox 2861 3362 3000 3417; x_wconf 86' lang='lat' dir='ltr'><strong>adeo</strong></span> <span class='ocrx_word' id='word_1_523' title='bbox 3035 3369 3094 3417; x_wconf 92' lang='lat' dir='ltr'><strong>ut</strong></span> <span class='ocrx_word' id='word_1_524' title='bbox 3138 3361 3344 3430; x_wconf 85' lang='lat' dir='ltr'><strong>passim</strong></span> <span class='ocrx_word' id='word_1_525' title='bbox 3369 3377 3494 3416; x_wconf 87' lang='lat' dir='ltr'><strong>eum</strong></span> <span class='ocrx_word' id='word_1_526' title='bbox 3530 3376 3656 3415; x_wconf 80' lang='lat' dir='ltr'><strong>cum</strong></span> 
     </span>
    </p>
   </div>
   <div class='ocr_carea' id='block_1_75' title="bbox 2071 3455 3662 3527">
    <p class='ocr_par' dir='ltr' id='par_1_75' title="bbox 2071 3455 3662 3527">
     <span class='ocr_line' id='line_1_75' title="bbox 2071 3455 3662 3527; baseline -0.001 -17"><span class='ocrx_word' id='word_1_527' title='bbox 2071 3457 2254 3510; x_wconf 82' lang='lat' dir='ltr'><strong>caeteri</strong></span> <span class='ocrx_word' id='word_1_528' title='bbox 2286 3457 2689 3526; x_wconf 76' lang='lat' dir='ltr'><strong>consanguinei</strong></span> <span class='ocrx_word' id='word_1_529' title='bbox 2739 3457 3008 3513; x_wconf 86' lang='lat' dir='ltr'><strong>conviciis</strong></span> <span class='ocrx_word' id='word_1_530' title='bbox 3039 3455 3484 3527; x_wconf 72' lang='lat' dir='ltr'><strong>proscinderent,</strong></span> <span class='ocrx_word' id='word_1_531' title='bbox 3511 3456 3662 3527; x_wconf 72' lang='lat' dir='ltr'><strong>quod</strong></span> 
     </span>
    </p>
   </div>
   <div class='ocr_carea' id='block_1_76' title="bbox 2069 3537 3660 3620">
    <p class='ocr_par' dir='ltr' id='par_1_76' title="bbox 2069 3537 3660 3620">
     <span class='ocr_line' id='line_1_76' title="bbox 2069 3537 3660 3620; baseline -0.001 -18"><span class='ocrx_word' id='word_1_532' title='bbox 2069 3561 2101 3602; x_wconf 89' lang='lat' dir='ltr'><strong>e</strong></span> <span class='ocrx_word' id='word_1_533' title='bbox 2139 3537 2408 3620; x_wconf 76' lang='lat' dir='ltr'><strong>religione</strong></span> <span class='ocrx_word' id='word_1_534' title='bbox 2443 3549 2620 3618; x_wconf 86' lang='lat' dir='ltr'><strong>patria</strong></span> <span class='ocrx_word' id='word_1_535' title='bbox 2652 3548 2718 3604; x_wconf 86' lang='lat' dir='ltr'><strong>ad</strong></span> <span class='ocrx_word' id='word_1_536' title='bbox 2759 3549 2924 3604; x_wconf 87' lang='lat' dir='ltr'><strong>aliam</strong></span> <span class='ocrx_word' id='word_1_537' title='bbox 2957 3549 3315 3613; x_wconf 86' lang='lat' dir='ltr'><strong>descivisset,</strong></span> <span class='ocrx_word' id='word_1_538' title='bbox 3350 3556 3466 3603; x_wconf 92' lang='lat' dir='ltr'><strong>tum</strong></span> <span class='ocrx_word' id='word_1_539' title='bbox 3499 3562 3660 3602; x_wconf 85' lang='lat' dir='ltr'><strong>eum-</strong></span> 
     </span>
    </p>
   </div>
   <div class='ocr_carea' id='block_1_77' title="bbox 2071 3641 3694 3716">
    <p class='ocr_par' dir='ltr' id='par_1_77' title="bbox 2071 3641 3694 3716">
     <span class='ocr_line' id='line_1_77' title="bbox 2071 3641 3694 3716; baseline 0 -20"><span class='ocrx_word' id='word_1_540' title='bbox 2071 3641 2195 3696; x_wconf 90' lang='lat' dir='ltr'><strong>dem</strong></span> <span class='ocrx_word' id='word_1_541' title='bbox 2253 3643 2604 3700; x_wconf 89' lang='lat' dir='ltr'><strong>amarissime</strong></span> <span class='ocrx_word' id='word_1_542' title='bbox 2631 3643 2705 3698; x_wconf 90' lang='lat' dir='ltr'><strong>ob</strong></span> <span class='ocrx_word' id='word_1_543' title='bbox 2741 3643 2792 3698; x_wconf 92' lang='lat' dir='ltr'><strong>id</strong></span> <span class='ocrx_word' id='word_1_544' title='bbox 2834 3645 3014 3712; x_wconf 89' lang='lat' dir='ltr'><strong>ipsum</strong></span> <span class='ocrx_word' id='word_1_545' title='bbox 3057 3657 3329 3716; x_wconf 81' lang='lat' dir='ltr'><strong>germana</strong></span> <span class='ocrx_word' id='word_1_546' title='bbox 3365 3644 3658 3714; x_wconf 88' lang='lat' dir='ltr'><strong>increpare</strong></span> <span class='ocrx_word' id='word_1_547' title='bbox 3689 3673 3694 3676; x_wconf 91' lang='lat'><strong>-</strong></span> 
     </span>
    </p>
   </div>
   <div class='ocr_carea' id='block_1_78' title="bbox 2071 3735 3654 3807">
    <p class='ocr_par' dir='ltr' id='par_1_78' title="bbox 2071 3735 3654 3807">
     <span class='ocr_line' id='line_1_78' title="bbox 2071 3735 3654 3807; baseline 0.001 -17"><span class='ocrx_word' id='word_1_548' title='bbox 2071 3749 2182 3790; x_wconf 91' lang='lat' dir='ltr'><strong>non</strong></span> <span class='ocrx_word' id='word_1_549' title='bbox 2227 3735 2523 3792; x_wconf 86' lang='lat' dir='ltr'><strong>desineret.</strong></span> <span class='ocrx_word' id='word_1_550' title='bbox 2577 3735 2819 3807; x_wconf 85' lang='lat' dir='ltr'><strong>Eratque</strong></span> <span class='ocrx_word' id='word_1_551' title='bbox 2873 3739 2968 3794; x_wconf 89' lang='lat' dir='ltr'><strong>tali</strong></span> <span class='ocrx_word' id='word_1_552' title='bbox 3013 3753 3080 3794; x_wconf 80' lang='lat' dir='ltr'><strong>ex</strong></span> <span class='ocrx_word' id='word_1_553' title='bbox 3115 3753 3285 3795; x_wconf 83' lang='lat' dir='ltr'><strong>causa</strong></span> <span class='ocrx_word' id='word_1_554' title='bbox 3329 3739 3654 3795; x_wconf 86' lang='lat' dir='ltr'><strong>continuum</strong></span> 
     </span>
    </p>
   </div>
   <div class='ocr_carea' id='block_1_79' title="bbox 2069 3830 3657 3905">
    <p class='ocr_par' dir='ltr' id='par_1_79' title="bbox 2069 3830 3657 3905">
     <span class='ocr_line' id='line_1_79' title="bbox 2069 3830 3657 3905; baseline 0.002 -19"><span class='ocrx_word' id='word_1_555' title='bbox 2069 3830 2213 3887; x_wconf 89' lang='lat' dir='ltr'><strong>inter</strong></span> <span class='ocrx_word' id='word_1_556' title='bbox 2265 3845 2362 3887; x_wconf 90' lang='lat' dir='ltr'><strong>eos</strong></span> <span class='ocrx_word' id='word_1_557' title='bbox 2420 3835 2785 3888; x_wconf 88' lang='lat' dir='ltr'><strong>commissum</strong></span> <span class='ocrx_word' id='word_1_558' title='bbox 2847 3833 3120 3905; x_wconf 70' lang='lat' dir='ltr'><strong>iurgium.</strong></span> <span class='ocrx_word' id='word_1_559' title='bbox 3182 3832 3339 3901; x_wconf 82' lang='lat' dir='ltr'><strong>Quod</strong></span> <span class='ocrx_word' id='word_1_560' title='bbox 3387 3834 3517 3891; x_wconf 91' lang='lat' dir='ltr'><strong>dum</strong></span> <span class='ocrx_word' id='word_1_561' title='bbox 3565 3834 3657 3889; x_wconf 85' lang='lat' dir='ltr'><strong>die</strong></span> 
     </span>
    </p>
   </div>
   <div class='ocr_carea' id='block_1_80' title="bbox 2069 3925 3654 3998">
    <p class='ocr_par' dir='ltr' id='par_1_80' title="bbox 2069 3925 3654 3998">
     <span class='ocr_line' id='line_1_80' title="bbox 2069 3925 3654 3998; baseline 0.003 -20"><span class='ocrx_word' id='word_1_562' title='bbox 2069 3925 2309 3993; x_wconf 90' lang='lat' dir='ltr'><strong>quadam</strong></span> <span class='ocrx_word' id='word_1_563' title='bbox 2345 3925 2652 3982; x_wconf 83' lang='lat' dir='ltr'><strong>ferventius</strong></span> <span class='ocrx_word' id='word_1_564' title='bbox 2686 3927 3012 3998; x_wconf 74' lang='lat' dir='ltr'><strong>agitaretur,</strong></span> <span class='ocrx_word' id='word_1_565' title='bbox 3053 3925 3181 3982; x_wconf 87' lang='lat' dir='ltr'><strong>hinc</strong></span> <span class='ocrx_word' id='word_1_566' title='bbox 3215 3925 3283 3981; x_wconf 90' lang='lat' dir='ltr'><strong>de</strong></span> <span class='ocrx_word' id='word_1_567' title='bbox 3331 3942 3483 3982; x_wconf 90' lang='lat' dir='ltr'><strong>more</strong></span> <span class='ocrx_word' id='word_1_568' title='bbox 3515 3941 3654 3982; x_wconf 81' lang='lat' dir='ltr'><strong>con-</strong></span> 
     </span>
    </p>
   </div>
   <div class='ocr_carea' id='block_1_81' title="bbox 2041 4015 3653 4078">
    <p class='ocr_par' dir='ltr' id='par_1_81' title="bbox 2041 4015 3653 4078">
     <span class='ocr_line' id='line_1_81' title="bbox 2041 4015 3653 4078; baseline -0.001 -7"><span class='ocrx_word' id='word_1_569' title='bbox 2041 4015 2404 4071; x_wconf 25' lang='lat' dir='ltr'><strong>rviciantibus</strong></span> <span class='ocrx_word' id='word_1_570' title='bbox 2442 4015 2650 4070; x_wconf 84' lang='lat' dir='ltr'><strong>homini</strong></span> <span class='ocrx_word' id='word_1_571' title='bbox 2701 4017 3046 4078; x_wconf 89' lang='lat' dir='ltr'><strong>domesticis.</strong></span> <span class='ocrx_word' id='word_1_572' title='bbox 3102 4017 3229 4072; x_wconf 87' lang='lat' dir='ltr'><strong>inde</strong></span> <span class='ocrx_word' id='word_1_573' title='bbox 3278 4018 3372 4072; x_wconf 91' lang='lat' dir='ltr'><strong>illo</strong></span> <span class='ocrx_word' id='word_1_574' title='bbox 3409 4018 3653 4071; x_wconf 80' lang='lat' dir='ltr'><strong>minante</strong></span> 
     </span>
    </p>
   </div>
   <div class='ocr_carea' id='block_1_82' title="bbox 2068 4109 3654 4181">
    <p class='ocr_par' dir='ltr' id='par_1_82' title="bbox 2068 4109 3654 4181">
     <span class='ocr_line' id='line_1_82' title="bbox 2068 4109 3654 4181; baseline 0.001 -19"><span class='ocrx_word' id='word_1_575' title='bbox 2068 4125 2130 4164; x_wconf 89' lang='lat' dir='ltr'><strong>se</strong></span> <span class='ocrx_word' id='word_1_576' title='bbox 2177 4109 2245 4163; x_wconf 92' lang='lat' dir='ltr'><strong>ad</strong></span> <span class='ocrx_word' id='word_1_577' title='bbox 2290 4109 2664 4179; x_wconf 88' lang='lat' dir='ltr'><strong>patriarcbam</strong></span> <span class='ocrx_word' id='word_1_578' title='bbox 2714 4110 3012 4165; x_wconf 87' lang='lat' dir='ltr'><strong>relaturum</strong></span> <span class='ocrx_word' id='word_1_579' title='bbox 3045 4126 3167 4181; x_wconf 68' lang='lat' dir='ltr'><strong>qua:</strong></span> <span class='ocrx_word' id='word_1_580' title='bbox 3208 4110 3319 4167; x_wconf 87' lang='lat' dir='ltr'><strong>sibi</strong></span> <span class='ocrx_word' id='word_1_581' title='bbox 3348 4112 3654 4180; x_wconf 62' lang='lat' dir='ltr'><strong>exprobrao</strong></span> 
     </span>
    </p>
   </div>
   <div class='ocr_carea' id='block_1_83' title="bbox 2069 4203 3649 4274">
    <p class='ocr_par' dir='ltr' id='par_1_83' title="bbox 2069 4203 3649 4274">
     <span class='ocr_line' id='line_1_83' title="bbox 2069 4203 3649 4274; baseline 0.001 -17"><span class='ocrx_word' id='word_1_582' title='bbox 2069 4211 2190 4258; x_wconf 87' lang='lat' dir='ltr'><strong>rent</strong></span> <span class='ocrx_word' id='word_1_583' title='bbox 2214 4213 2267 4258; x_wconf 92' lang='lat' dir='ltr'><strong>et</strong></span> <span class='ocrx_word' id='word_1_584' title='bbox 2292 4219 2387 4258; x_wconf 89' lang='lat' dir='ltr'><strong>eos</strong></span> <span class='ocrx_word' id='word_1_585' title='bbox 2415 4203 2558 4273; x_wconf 89' lang='lat' dir='ltr'><strong>apud</strong></span> <span class='ocrx_word' id='word_1_586' title='bbox 2587 4203 2768 4272; x_wconf 88' lang='lat' dir='ltr'><strong>ipsum</strong></span> <span class='ocrx_word' id='word_1_587' title='bbox 2803 4215 3222 4268; x_wconf 87' lang='lat' dir='ltr'><strong>accusaturum,</strong></span> <span class='ocrx_word' id='word_1_588' title='bbox 3255 4215 3508 4274; x_wconf 87' lang='lat' dir='ltr'><strong>repertus</strong></span> <span class='ocrx_word' id='word_1_589' title='bbox 3536 4205 3649 4258; x_wconf 81' lang='lat' dir='ltr'><strong>illic</strong></span> 
     </span>
    </p>
   </div>
   <div class='ocr_carea' id='block_1_84' title="bbox 2066 4293 3644 4370">
    <p class='ocr_par' dir='ltr' id='par_1_84' title="bbox 2066 4293 3644 4370">
     <span class='ocr_line' id='line_1_84' title="bbox 2066 4293 3644 4370; baseline 0.006 -26"><span class='ocrx_word' id='word_1_590' title='bbox 2066 4295 2290 4365; x_wconf 84' lang='lat' dir='ltr'><strong>quidam</strong></span> <span class='ocrx_word' id='word_1_591' title='bbox 2338 4293 2570 4364; x_wconf 89' lang='lat' dir='ltr'><strong>estqui,</strong></span> <span class='ocrx_word' id='word_1_592' title='bbox 2619 4294 2767 4350; x_wconf 86' lang='lat' dir='ltr'><strong>velut</strong></span> <span class='ocrx_word' id='word_1_593' title='bbox 2808 4311 2922 4351; x_wconf 91' lang='lat' dir='ltr'><strong>rem</strong></span> <span class='ocrx_word' id='word_1_594' title='bbox 2962 4296 3244 4366; x_wconf 81' lang='lat' dir='ltr'><strong>indignam</strong></span> <span class='ocrx_word' id='word_1_595' title='bbox 3295 4308 3450 4353; x_wconf 88' lang='lat' dir='ltr'><strong>ratus</strong></span> <span class='ocrx_word' id='word_1_596' title='bbox 3487 4297 3644 4370; x_wconf 79' lang='lat'><strong>521</strong></span> 
     </span>
    </p>
   </div>
   <div class='ocr_carea' id='block_1_85' title="bbox 2068 4390 3649 4462">
    <p class='ocr_par' dir='ltr' id='par_1_85' title="bbox 2068 4390 3649 4462">
     <span class='ocr_line' id='line_1_85' title="bbox 2068 4390 3649 4462; baseline 0.001 -18"><span class='ocrx_word' id='word_1_597' title='bbox 2068 4390 2333 4447; x_wconf 88' lang='lat' dir='ltr'><strong>intentari</strong></span> <span class='ocrx_word' id='word_1_598' title='bbox 2393 4392 2530 4461; x_wconf 88' lang='lat' dir='ltr'><strong>ipsis</strong></span> <span class='ocrx_word' id='word_1_599' title='bbox 2584 4392 2973 4448; x_wconf 87' lang='lat' dir='ltr'><strong>auctoritatem</strong></span> <span class='ocrx_word' id='word_1_600' title='bbox 3019 4391 3182 4447; x_wconf 87' lang='lat' dir='ltr'><strong>alieni</strong></span> <span class='ocrx_word' id='word_1_601' title='bbox 3235 4395 3560 4462; x_wconf 71' lang='lat' dir='ltr'><strong>patriarchae</strong></span> <span class='ocrx_word' id='word_1_602' title='bbox 3593 4404 3649 4448; x_wconf 85' lang='lat' dir='ltr'><strong>et</strong></span> 
     </span>
    </p>
   </div>
   <div class='ocr_carea' id='block_1_86' title="bbox 2063 4483 3648 4556">
    <p class='ocr_par' dir='ltr' id='par_1_86' title="bbox 2063 4483 3648 4556">
     <span class='ocr_line' id='line_1_86' title="bbox 2063 4483 3648 4556; baseline 0.003 -18"><span class='ocrx_word' id='word_1_603' title='bbox 2063 4483 2254 4552; x_wconf 89' lang='lat' dir='ltr'><strong>judicii</strong></span> <span class='ocrx_word' id='word_1_604' title='bbox 2298 4484 2417 4553; x_wconf 79' lang='lat' dir='ltr'><strong>ejus</strong></span> <span class='ocrx_word' id='word_1_605' title='bbox 2455 4485 2757 4556; x_wconf 88' lang='lat' dir='ltr'><strong>periculum</strong></span> <span class='ocrx_word' id='word_1_606' title='bbox 2798 4486 3143 4550; x_wconf 86' lang='lat' dir='ltr'><strong>denuntiari,</strong></span> <span class='ocrx_word' id='word_1_607' title='bbox 3173 4488 3354 4556; x_wconf 86' lang='lat' dir='ltr'><strong>erupit</strong></span> <span class='ocrx_word' id='word_1_608' title='bbox 3387 4487 3440 4542; x_wconf 90' lang='lat' dir='ltr'><strong>in</strong></span> <span class='ocrx_word' id='word_1_609' title='bbox 3476 4489 3648 4543; x_wconf 59' lang='lat' dir='ltr'><strong>male-</strong></span> 
     </span>
    </p>
   </div>
   <div class='ocr_carea' id='block_1_87' title="bbox 375 4551 3643 4664">
    <p class='ocr_par' dir='ltr' id='par_1_87' title="bbox 375 4551 3643 4664">
     <span class='ocr_line' id='line_1_87' title="bbox 375 4551 3643 4664; baseline 0.002 -36"><span class='ocrx_word' id='word_1_610' title='bbox 375 4585 484 4629; x_wconf 89' lang='lat' dir='ltr'><strong>tam</strong></span> <span class='ocrx_word' id='word_1_611' title='bbox 544 4580 740 4634; x_wconf 84' lang='lat' dir='ltr'><strong>merito</strong></span> <span class='ocrx_word' id='word_1_612' title='bbox 810 4585 1025 4640; x_wconf 70' lang='lat' dir='ltr'><strong>cunctis</strong></span> <span class='ocrx_word' id='word_1_613' title='bbox 1079 4551 1298 4644; x_wconf 56' lang='grc' dir='ltr'><strong>ἐκθεοε</strong></span> <span class='ocrx_word' id='word_1_614' title='bbox 1359 4590 1692 4664; x_wconf 50' lang='lat' dir='ltr'><strong>intelligunt.</strong></span> <span class='ocrx_word' id='word_1_615' title='bbox 1753 4551 1958 4654; x_wconf 51' lang='grc' dir='ltr'><strong>ναξ-ηαξ</strong></span> <span class='ocrx_word' id='word_1_616' title='bbox 1993 4551 2233 4643; x_wconf 70' lang='lat' dir='ltr'><strong>l)diota,</strong></span> <span class='ocrx_word' id='word_1_617' title='bbox 2295 4578 2432 4634; x_wconf 88' lang='lat' dir='ltr'><strong>diris</strong></span> <span class='ocrx_word' id='word_1_618' title='bbox 2502 4577 2778 4634; x_wconf 83' lang='lat' dir='ltr'><strong>devovcus</strong></span> <span class='ocrx_word' id='word_1_619' title='bbox 2835 4589 2890 4633; x_wconf 84' lang='lat' dir='ltr'><strong>et</strong></span> <span class='ocrx_word' id='word_1_620' title='bbox 2943 4580 3100 4634; x_wconf 80' lang='lat' dir='ltr'><strong>[idem</strong></span> <span class='ocrx_word' id='word_1_621' title='bbox 3160 4587 3215 4634; x_wconf 88' lang='lat' dir='ltr'><strong>et</strong></span> <span class='ocrx_word' id='word_1_622' title='bbox 3273 4579 3643 4651; x_wconf 82' lang='lat' dir='ltr'><strong>patriarcham</strong></span> 
     </span>
    </p>
   </div>
   <div class='ocr_carea' id='block_1_88' title="bbox 375 4666 1957 4759">
    <p class='ocr_par' dir='ltr' id='par_1_88' title="bbox 375 4666 1957 4759">
     <span class='ocr_line' id='line_1_88' title="bbox 375 4666 1957 4759; baseline 0.016 -39"><span class='ocrx_word' id='word_1_623' title='bbox 375 4666 712 4727; x_wconf 80' lang='lat' dir='ltr'><strong>Athanasius</strong></span> <span class='ocrx_word' id='word_1_624' title='bbox 743 4673 825 4728; x_wconf 85' lang='lat' dir='ltr'><strong>vel</strong></span> <span class='ocrx_word' id='word_1_625' title='bbox 862 4674 1087 4744; x_wconf 77' lang='lat' dir='ltr'><strong>ignarus</strong></span> <span class='ocrx_word' id='word_1_626' title='bbox 1118 4681 1201 4735; x_wconf 85' lang='lat' dir='ltr'><strong>vel</strong></span> <span class='ocrx_word' id='word_1_627' title='bbox 1249 4679 1331 4736; x_wconf 88' lang='lat' dir='ltr'><strong>sic</strong></span> <span class='ocrx_word' id='word_1_628' title='bbox 1378 4690 1640 4755; x_wconf 90' lang='lat' dir='ltr'><strong>tanquam</strong></span> <span class='ocrx_word' id='word_1_629' title='bbox 1677 4688 1957 4759; x_wconf 81' lang='lat' dir='ltr'><strong>ignoraret</strong></span> 
     </span>
    </p>
   </div>
   <div class='ocr_carea' id='block_1_89' title="bbox 377 4766 1955 4845">
    <p class='ocr_par' dir='ltr' id='par_1_89' title="bbox 377 4766 1955 4845">
     <span class='ocr_line' id='line_1_89' title="bbox 377 4766 1955 4845; baseline 0.018 -33"><span class='ocrx_word' id='word_1_630' title='bbox 377 4777 608 4819; x_wconf 76' lang='lat' dir='ltr'><strong>securus</strong></span> <span class='ocrx_word' id='word_1_631' title='bbox 650 4766 785 4819; x_wconf 78' lang='lat' dir='ltr'><strong>adeo</strong></span> <span class='ocrx_word' id='word_1_632' title='bbox 819 4766 1106 4838; x_wconf 81' lang='lat' dir='ltr'><strong>ﬂagrantis</strong></span> <span class='ocrx_word' id='word_1_633' title='bbox 1157 4776 1209 4826; x_wconf 92' lang='lat' dir='ltr'><strong>in</strong></span> <span class='ocrx_word' id='word_1_634' title='bbox 1246 4775 1423 4845; x_wconf 89' lang='lat' dir='ltr'><strong>ipsum</strong></span> <span class='ocrx_word' id='word_1_635' title='bbox 1466 4779 1704 4844; x_wconf 72' lang='lat' dir='ltr'><strong>invidiae,</strong></span> <span class='ocrx_word' id='word_1_636' title='bbox 1740 4799 1846 4838; x_wconf 91' lang='lat' dir='ltr'><strong>non</strong></span> <span class='ocrx_word' id='word_1_637' title='bbox 1884 4785 1955 4840; x_wconf 90' lang='lat' dir='ltr'><strong>iis</strong></span> 
     </span>
    </p>
   </div>
   <div class='ocr_carea' id='block_1_90' title="bbox 376 4855 1950 4942">
    <p class='ocr_par' dir='ltr' id='par_1_90' title="bbox 376 4855 1950 4942">
     <span class='ocr_line' id='line_1_90' title="bbox 376 4855 1950 4942; baseline 0.017 -37"><span class='ocrx_word' id='word_1_638' title='bbox 376 4855 554 4907; x_wconf 78' lang='lat' dir='ltr'><strong>solum</strong></span> <span class='ocrx_word' id='word_1_639' title='bbox 586 4872 724 4923; x_wconf 87' lang='lat' dir='ltr'><strong>quos</strong></span> <span class='ocrx_word' id='word_1_640' title='bbox 764 4860 927 4925; x_wconf 84' lang='lat' dir='ltr'><strong>priori</strong></span> <span class='ocrx_word' id='word_1_641' title='bbox 963 4861 1243 4919; x_wconf 83' lang='lat' dir='ltr'><strong>iunctione</strong></span> <span class='ocrx_word' id='word_1_642' title='bbox 1275 4868 1659 4934; x_wconf 83' lang='lat' dir='ltr'><strong>patriarchalis</strong></span> <span class='ocrx_word' id='word_1_643' title='bbox 1707 4885 1950 4942; x_wconf 84' lang='lat' dir='ltr'><strong>potesta-</strong></span> 
     </span>
    </p>
   </div>
   <div class='ocr_carea' id='block_1_91' title="bbox 377 4950 1952 5030">
    <p class='ocr_par' dir='ltr' id='par_1_91' title="bbox 377 4950 1952 5030">
     <span class='ocr_line' id='line_1_91' title="bbox 377 4950 1952 5030; baseline 0.014 -30"><span class='ocrx_word' id='word_1_644' title='bbox 377 4950 446 5001; x_wconf 80' lang='lat' dir='ltr'><strong>tis</strong></span> <span class='ocrx_word' id='word_1_645' title='bbox 478 4951 790 5007; x_wconf 86' lang='lat' dir='ltr'><strong>irritaverat</strong></span> <span class='ocrx_word' id='word_1_646' title='bbox 823 4956 1094 5022; x_wconf 81' lang='lat' dir='ltr'><strong>vexaudo,</strong></span> <span class='ocrx_word' id='word_1_647' title='bbox 1125 4959 1491 5030; x_wconf 85' lang='lat' dir='ltr'><strong>abseindique</strong></span> <span class='ocrx_word' id='word_1_648' title='bbox 1521 4978 1548 5016; x_wconf 91' lang='lat' dir='ltr'><strong>a</strong></span> <span class='ocrx_word' id='word_1_649' title='bbox 1589 4965 1674 5018; x_wconf 91' lang='lat' dir='ltr'><strong>sui</strong></span> <span class='ocrx_word' id='word_1_650' title='bbox 1699 4980 1952 5021; x_wconf 80' lang='lat' dir='ltr'><strong>commu-</strong></span> 
     </span>
    </p>
   </div>
   <div class='ocr_carea' id='block_1_92' title="bbox 374 5043 1951 5125">
    <p class='ocr_par' dir='ltr' id='par_1_92' title="bbox 374 5043 1951 5125">
     <span class='ocr_line' id='line_1_92' title="bbox 374 5043 1951 5125; baseline 0.009 -29"><span class='ocrx_word' id='word_1_651' title='bbox 374 5043 541 5098; x_wconf 91' lang='lat' dir='ltr'><strong>nione</strong></span> <span class='ocrx_word' id='word_1_652' title='bbox 591 5057 865 5115; x_wconf 88' lang='lat' dir='ltr'><strong>coegerat,</strong></span> <span class='ocrx_word' id='word_1_653' title='bbox 905 5047 1104 5102; x_wconf 89' lang='lat' dir='ltr'><strong>durum</strong></span> <span class='ocrx_word' id='word_1_654' title='bbox 1160 5049 1593 5121; x_wconf 86' lang='lat' dir='ltr'><strong>indomitumque</strong></span> <span class='ocrx_word' id='word_1_655' title='bbox 1642 5069 1701 5109; x_wconf 88' lang='lat' dir='ltr'><strong>se</strong></span> <span class='ocrx_word' id='word_1_656' title='bbox 1742 5059 1951 5125; x_wconf 63' lang='lat' dir='ltr'><strong>praebe-</strong></span> 
     </span>
    </p>
   </div>
   <div class='ocr_carea' id='block_1_93' title="bbox 372 5137 1945 5218">
    <p class='ocr_par' dir='ltr' id='par_1_93' title="bbox 372 5137 1945 5218">
     <span class='ocr_line' id='line_1_93' title="bbox 372 5137 1945 5218; baseline 0.01 -27"><span class='ocrx_word' id='word_1_657' title='bbox 372 5137 486 5200; x_wconf 90' lang='lat' dir='ltr'><strong>bat,</strong></span> <span class='ocrx_word' id='word_1_658' title='bbox 521 5138 614 5194; x_wconf 90' lang='lat' dir='ltr'><strong>sed</strong></span> <span class='ocrx_word' id='word_1_659' title='bbox 650 5151 706 5194; x_wconf 90' lang='lat' dir='ltr'><strong>et</strong></span> <span class='ocrx_word' id='word_1_660' title='bbox 737 5141 857 5196; x_wconf 87' lang='lat' dir='ltr'><strong>sine</strong></span> <span class='ocrx_word' id='word_1_661' title='bbox 909 5141 1238 5200; x_wconf 88' lang='lat' dir='ltr'><strong>discrimine</strong></span> <span class='ocrx_word' id='word_1_662' title='bbox 1282 5147 1497 5202; x_wconf 83' lang='lat' dir='ltr'><strong>cunctis</strong></span> <span class='ocrx_word' id='word_1_663' title='bbox 1527 5148 1651 5204; x_wconf 83' lang='lat' dir='ltr'><strong>aliis</strong></span> <span class='ocrx_word' id='word_1_664' title='bbox 1690 5151 1945 5218; x_wconf 88' lang='lat' dir='ltr'><strong>acerbus,</strong></span> 
     </span>
    </p>
   </div>
   <div class='ocr_carea' id='block_1_94' title="bbox 371 5238 1945 5310">
    <p class='ocr_par' dir='ltr' id='par_1_94' title="bbox 371 5238 1945 5310">
     <span class='ocr_line' id='line_1_94' title="bbox 371 5238 1945 5310; baseline 0.008 -27"><span class='ocrx_word' id='word_1_665' title='bbox 371 5243 649 5299; x_wconf 82' lang='lat' dir='ltr'><strong>austeros,</strong></span> <span class='ocrx_word' id='word_1_666' title='bbox 705 5249 982 5300; x_wconf 84' lang='lat' dir='ltr'><strong>morosus,</strong></span> <span class='ocrx_word' id='word_1_667' title='bbox 1022 5251 1084 5292; x_wconf 87' lang='lat' dir='ltr'><strong>ac</strong></span> <span class='ocrx_word' id='word_1_668' title='bbox 1126 5238 1274 5293; x_wconf 88' lang='lat' dir='ltr'><strong>velut</strong></span> <span class='ocrx_word' id='word_1_669' title='bbox 1332 5255 1482 5294; x_wconf 87' lang='lat' dir='ltr'><strong>mare</strong></span> <span class='ocrx_word' id='word_1_670' title='bbox 1553 5241 1945 5310; x_wconf 89' lang='lat' dir='ltr'><strong>procellosum,</strong></span> 
     </span>
    </p>
   </div>
   <div class='ocr_carea' id='block_1_95' title="bbox 371 5326 1946 5403">
    <p class='ocr_par' dir='ltr' id='par_1_95' title="bbox 371 5326 1946 5403">
     <span class='ocr_line' id='line_1_95' title="bbox 371 5326 1946 5403; baseline 0.009 -28"><span class='ocrx_word' id='word_1_671' title='bbox 371 5326 573 5380; x_wconf 85' lang='lat' dir='ltr'><strong>minaci</strong></span> <span class='ocrx_word' id='word_1_672' title='bbox 631 5340 846 5395; x_wconf 83' lang='lat' dir='ltr'><strong>semper</strong></span> <span class='ocrx_word' id='word_1_673' title='bbox 909 5342 1176 5398; x_wconf 85' lang='lat' dir='ltr'><strong>apparere</strong></span> <span class='ocrx_word' id='word_1_674' title='bbox 1211 5331 1492 5403; x_wconf 77' lang='lat' dir='ltr'><strong>pergebat,</strong></span> <span class='ocrx_word' id='word_1_675' title='bbox 1530 5333 1574 5387; x_wconf 89' lang='lat' dir='ltr'><strong>si</strong></span> <span class='ocrx_word' id='word_1_676' title='bbox 1620 5347 1728 5387; x_wconf 88' lang='lat' dir='ltr'><strong>non</strong></span> <span class='ocrx_word' id='word_1_677' title='bbox 1781 5333 1946 5390; x_wconf 89' lang='lat' dir='ltr'><strong>etiam</strong></span> 
     </span>
    </p>
   </div>
   <div class='ocr_carea' id='block_1_96' title="bbox 370 5416 1946 5497">
    <p class='ocr_par' dir='ltr' id='par_1_96' title="bbox 370 5416 1946 5497">
     <span class='ocr_line' id='line_1_96' title="bbox 370 5416 1946 5497; baseline 0.008 -28"><span class='ocrx_word' id='word_1_678' title='bbox 370 5416 687 5481; x_wconf 85' lang='lat' dir='ltr'><strong>allectabat,</strong></span> <span class='ocrx_word' id='word_1_679' title='bbox 735 5421 996 5475; x_wconf 88' lang='lat' dir='ltr'><strong>terribilis</strong></span> <span class='ocrx_word' id='word_1_680' title='bbox 1046 5425 1253 5491; x_wconf 82' lang='lat' dir='ltr'><strong>specie.</strong></span> <span class='ocrx_word' id='word_1_681' title='bbox 1285 5422 1456 5478; x_wconf 82' lang='lat' dir='ltr'><strong>Porro</strong></span> <span class='ocrx_word' id='word_1_682' title='bbox 1508 5425 1806 5497; x_wconf 83' lang='lat' dir='ltr'><strong>imperator</strong></span> <span class='ocrx_word' id='word_1_683' title='bbox 1837 5443 1946 5483; x_wconf 91' lang='lat' dir='ltr'><strong>non</strong></span> 
     </span>
    </p>
   </div>
   <div class='ocr_carea' id='block_1_97' title="bbox 371 5509 1950 5586">
    <p class='ocr_par' dir='ltr' id='par_1_97' title="bbox 371 5509 1950 5586">
     <span class='ocr_line' id='line_1_97' title="bbox 371 5509 1950 5586; baseline 0.008 -25"><span class='ocrx_word' id='word_1_684' title='bbox 371 5509 544 5578; x_wconf 84' lang='lat' dir='ltr'><strong>magis</strong></span> <span class='ocrx_word' id='word_1_685' title='bbox 580 5509 728 5564; x_wconf 91' lang='lat' dir='ltr'><strong>illum</strong></span> <span class='ocrx_word' id='word_1_686' title='bbox 780 5527 944 5581; x_wconf 85' lang='lat' dir='ltr'><strong>quam</strong></span> <span class='ocrx_word' id='word_1_687' title='bbox 1000 5513 1207 5584; x_wconf 89' lang='lat' dir='ltr'><strong>proprii</strong></span> <span class='ocrx_word' id='word_1_688' title='bbox 1254 5529 1282 5568; x_wconf 92' lang='lat' dir='ltr'><strong>a</strong></span> <span class='ocrx_word' id='word_1_689' title='bbox 1314 5514 1586 5586; x_wconf 88' lang='lat' dir='ltr'><strong>principio</strong></span> <span class='ocrx_word' id='word_1_690' title='bbox 1632 5516 1700 5572; x_wconf 90' lang='lat' dir='ltr'><strong>de</strong></span> <span class='ocrx_word' id='word_1_691' title='bbox 1730 5515 1824 5570; x_wconf 90' lang='lat' dir='ltr'><strong>illo</strong></span> <span class='ocrx_word' id='word_1_692' title='bbox 1855 5519 1950 5573; x_wconf 85' lang='lat' dir='ltr'><strong>de-</strong></span> 
     </span>
    </p>
   </div>
   <div class='ocr_carea' id='block_1_98' title="bbox 370 5597 1950 5677">
    <p class='ocr_par' dir='ltr' id='par_1_98' title="bbox 370 5597 1950 5677">
     <span class='ocr_line' id='line_1_98' title="bbox 370 5597 1950 5677; baseline 0.007 -26"><span class='ocrx_word' id='word_1_693' title='bbox 370 5597 563 5653; x_wconf 77' lang='lat' dir='ltr'><strong>clarati</strong></span> <span class='ocrx_word' id='word_1_694' title='bbox 598 5603 985 5658; x_wconf 86' lang='lat' dir='ltr'><strong>auctoritatem</strong></span> <span class='ocrx_word' id='word_1_695' title='bbox 1042 5603 1236 5672; x_wconf 88' lang='lat' dir='ltr'><strong>judicii</strong></span> <span class='ocrx_word' id='word_1_696' title='bbox 1284 5609 1597 5661; x_wconf 85' lang='lat' dir='ltr'><strong>constantia</strong></span> <span class='ocrx_word' id='word_1_697' title='bbox 1631 5622 1950 5677; x_wconf 79' lang='lat' dir='ltr'><strong>persevera-</strong></span> 
     </span>
    </p>
   </div>
   <div class='ocr_carea' id='block_1_99' title="bbox 369 5678 1947 5770">
    <p class='ocr_par' dir='ltr' id='par_1_99' title="bbox 369 5678 1947 5770">
     <span class='ocr_line' id='line_1_99' title="bbox 369 5678 1947 5770; baseline 0.008 -26"><span class='ocrx_word' id='word_1_698' title='bbox 369 5689 463 5745; x_wconf 85' lang='lat' dir='ltr'><strong>bat</strong></span> <span class='ocrx_word' id='word_1_699' title='bbox 513 5678 862 5749; x_wconf 85' lang='lat' dir='ltr'><strong>irrevocabili</strong></span> <span class='ocrx_word' id='word_1_700' title='bbox 900 5698 1079 5763; x_wconf 86' lang='lat' dir='ltr'><strong>tueri;</strong></span> <span class='ocrx_word' id='word_1_701' title='bbox 1124 5713 1226 5753; x_wconf 82' lang='lat' dir='ltr'><strong>nec</strong></span> <span class='ocrx_word' id='word_1_702' title='bbox 1255 5701 1304 5753; x_wconf 92' lang='lat' dir='ltr'><strong>ei</strong></span> <span class='ocrx_word' id='word_1_703' title='bbox 1359 5699 1682 5755; x_wconf 86' lang='lat' dir='ltr'><strong>consulendi</strong></span> <span class='ocrx_word' id='word_1_704' title='bbox 1713 5700 1947 5770; x_wconf 81' lang='lat' dir='ltr'><strong>ejusque</strong></span> 
     </span>
    </p>
   </div>
   <div class='ocr_carea' id='block_1_100' title="bbox 368 5787 1938 5870">
    <p class='ocr_par' dir='ltr' id='par_1_100' title="bbox 368 5787 1938 5870">
     <span class='ocr_line' id='line_1_100' title="bbox 368 5787 1938 5870; baseline 0.006 -30"><span class='ocrx_word' id='word_1_705' title='bbox 368 5787 690 5855; x_wconf 76' lang='lat' dir='ltr'><strong>invigilamli</strong></span> <span class='ocrx_word' id='word_1_706' title='bbox 779 5791 1066 5846; x_wconf 82' lang='lat' dir='ltr'><strong>securitati</strong></span> <span class='ocrx_word' id='word_1_707' title='bbox 1143 5793 1427 5860; x_wconf 88' lang='lat' dir='ltr'><strong>providam</strong></span> <span class='ocrx_word' id='word_1_708' title='bbox 1510 5794 1938 5870; x_wconf 80' lang='lat' dir='ltr'><strong>sollicitudinem</strong></span> 
     </span>
    </p>
   </div>
   <div class='ocr_carea' id='block_1_101' title="bbox 368 5877 1944 5959">
    <p class='ocr_par' dir='ltr' id='par_1_101' title="bbox 368 5877 1944 5959">
     <span class='ocr_line' id='line_1_101' title="bbox 368 5877 1944 5959; baseline 0.007 -25"><span class='ocrx_word' id='word_1_709' title='bbox 368 5877 705 5937; x_wconf 87' lang='lat' dir='ltr'><strong>remittebat.</strong></span> <span class='ocrx_word' id='word_1_710' title='bbox 759 5880 1028 5948; x_wconf 88' lang='lat' dir='ltr'><strong>Quoniam</strong></span> <span class='ocrx_word' id='word_1_711' title='bbox 1059 5899 1187 5942; x_wconf 86' lang='lat' dir='ltr'><strong>vero</strong></span> <span class='ocrx_word' id='word_1_712' title='bbox 1219 5891 1330 5942; x_wconf 87' lang='lat' dir='ltr'><strong>tam</strong></span> <span class='ocrx_word' id='word_1_713' title='bbox 1377 5883 1611 5942; x_wconf 89' lang='lat' dir='ltr'><strong>licenter</strong></span> <span class='ocrx_word' id='word_1_714' title='bbox 1663 5885 1718 5942; x_wconf 92' lang='lat' dir='ltr'><strong>in</strong></span> <span class='ocrx_word' id='word_1_715' title='bbox 1751 5887 1944 5959; x_wconf 74' lang='lat' dir='ltr'><strong>vulgus</strong></span> 
     </span>
    </p>
   </div>
   <div class='ocr_carea' id='block_1_102' title="bbox 2057 4672 3642 4741">
    <p class='ocr_par' dir='ltr' id='par_1_102' title="bbox 2057 4672 3642 4741">
     <span class='ocr_line' id='line_1_102' title="bbox 2057 4672 3642 4741; baseline 0.001 -15"><span class='ocrx_word' id='word_1_716' title='bbox 2057 4672 2247 4736; x_wconf 90' lang='lat' dir='ltr'><strong>istum,</strong></span> <span class='ocrx_word' id='word_1_717' title='bbox 2289 4687 2449 4741; x_wconf 90' lang='lat' dir='ltr'><strong>quem</strong></span> <span class='ocrx_word' id='word_1_718' title='bbox 2488 4683 2855 4728; x_wconf 81' lang='lat' dir='ltr'><strong>contemnere</strong></span> <span class='ocrx_word' id='word_1_719' title='bbox 2887 4689 2945 4727; x_wconf 91' lang='lat' dir='ltr'><strong>se</strong></span> <span class='ocrx_word' id='word_1_720' title='bbox 2981 4689 3083 4729; x_wconf 87' lang='lat' dir='ltr'><strong>nec</strong></span> <span class='ocrx_word' id='word_1_721' title='bbox 3111 4674 3270 4729; x_wconf 88' lang='lat' dir='ltr'><strong>nauci</strong></span> <span class='ocrx_word' id='word_1_722' title='bbox 3309 4673 3507 4741; x_wconf 87' lang='lat' dir='ltr'><strong>facere,</strong></span> <span class='ocrx_word' id='word_1_723' title='bbox 3547 4684 3642 4728; x_wconf 88' lang='lat' dir='ltr'><strong>aut</strong></span> 
     </span>
    </p>
   </div>
   <div class='ocr_carea' id='block_1_103' title="bbox 2055 4765 3640 4836">
    <p class='ocr_par' dir='ltr' id='par_1_103' title="bbox 2055 4765 3640 4836">
     <span class='ocr_line' id='line_1_103' title="bbox 2055 4765 3640 4836; baseline 0.003 -18"><span class='ocrx_word' id='word_1_724' title='bbox 2055 4765 2188 4836; x_wconf 88' lang='lat' dir='ltr'><strong>quid</strong></span> <span class='ocrx_word' id='word_1_725' title='bbox 2223 4765 2291 4821; x_wconf 90' lang='lat' dir='ltr'><strong>de</strong></span> <span class='ocrx_word' id='word_1_726' title='bbox 2324 4781 2386 4821; x_wconf 86' lang='lat' dir='ltr'><strong>se</strong></span> <span class='ocrx_word' id='word_1_727' title='bbox 2413 4767 2748 4829; x_wconf 88' lang='lat' dir='ltr'><strong>censeret,si</strong></span> <span class='ocrx_word' id='word_1_728' title='bbox 2772 4781 2962 4821; x_wconf 87' lang='lat' dir='ltr'><strong>coram</strong></span> <span class='ocrx_word' id='word_1_729' title='bbox 2998 4783 3062 4821; x_wconf 90' lang='lat' dir='ltr'><strong>eo</strong></span> <span class='ocrx_word' id='word_1_730' title='bbox 3088 4769 3378 4835; x_wconf 87' lang='lat' dir='ltr'><strong>citaretur,</strong></span> <span class='ocrx_word' id='word_1_731' title='bbox 3408 4769 3640 4822; x_wconf 86' lang='lat' dir='ltr'><strong>omnino</strong></span> 
     </span>
    </p>
   </div>
   <div class='ocr_carea' id='block_1_104' title="bbox 2059 4858 3643 4930">
    <p class='ocr_par' dir='ltr' id='par_1_104' title="bbox 2059 4858 3643 4930">
     <span class='ocr_line' id='line_1_104' title="bbox 2059 4858 3643 4930; baseline 0.002 -18"><span class='ocrx_word' id='word_1_732' title='bbox 2059 4875 2254 4912; x_wconf 86' lang='lat' dir='ltr'><strong>curare</strong></span> <span class='ocrx_word' id='word_1_733' title='bbox 2323 4858 2762 4913; x_wconf 86' lang='lat' dir='ltr'><strong>demonstrabat.</strong></span> <span class='ocrx_word' id='word_1_734' title='bbox 2813 4858 3067 4914; x_wconf 80' lang='lat' dir='ltr'><strong>Nondum</strong></span> <span class='ocrx_word' id='word_1_735' title='bbox 3123 4861 3251 4917; x_wconf 88' lang='lat' dir='ltr'><strong>huic</strong></span> <span class='ocrx_word' id='word_1_736' title='bbox 3285 4872 3396 4917; x_wconf 89' lang='lat' dir='ltr'><strong>tota</strong></span> <span class='ocrx_word' id='word_1_737' title='bbox 3442 4876 3473 4916; x_wconf 84' lang='lat' dir='ltr'><strong>a</strong></span> <span class='ocrx_word' id='word_1_738' title='bbox 3515 4878 3643 4930; x_wconf 63' lang='lat' dir='ltr'><strong>pro«</strong></span> 
     </span>
    </p>
   </div>
   <div class='ocr_carea' id='block_1_105' title="bbox 2058 4951 3642 5016">
    <p class='ocr_par' dir='ltr' id='par_1_105' title="bbox 2058 4951 3642 5016">
     <span class='ocr_line' id='line_1_105' title="bbox 2058 4951 3642 5016; baseline 0.002 -11"><span class='ocrx_word' id='word_1_739' title='bbox 2058 4953 2184 5008; x_wconf 88' lang='lat' dir='ltr'><strong>latis</strong></span> <span class='ocrx_word' id='word_1_740' title='bbox 2233 4953 2410 5007; x_wconf 83' lang='lat' dir='ltr'><strong>verbis</strong></span> <span class='ocrx_word' id='word_1_741' title='bbox 2459 4953 2662 5006; x_wconf 84' lang='lat' dir='ltr'><strong>talibus</strong></span> <span class='ocrx_word' id='word_1_742' title='bbox 2719 4953 2854 5006; x_wconf 79' lang='lat' dir='ltr'><strong>liora</strong></span> <span class='ocrx_word' id='word_1_743' title='bbox 2909 4951 3226 5016; x_wconf 77' lang='lat' dir='ltr'><strong>efﬂuxerat,</strong></span> <span class='ocrx_word' id='word_1_744' title='bbox 3280 4970 3404 5010; x_wconf 86' lang='lat' dir='ltr'><strong>cum</strong></span> <span class='ocrx_word' id='word_1_745' title='bbox 3445 4958 3642 5010; x_wconf 75' lang='lat' dir='ltr'><strong>absce-</strong></span> 
     </span>
    </p>
   </div>
   <div class='ocr_carea' id='block_1_106' title="bbox 2059 5047 3637 5119">
    <p class='ocr_par' dir='ltr' id='par_1_106' title="bbox 2059 5047 3637 5119">
     <span class='ocr_line' id='line_1_106' title="bbox 2059 5047 3637 5119; baseline 0.003 -17"><span class='ocrx_word' id='word_1_746' title='bbox 2059 5047 2197 5102; x_wconf 84' lang='lat' dir='ltr'><strong>dens</strong></span> <span class='ocrx_word' id='word_1_747' title='bbox 2248 5049 2399 5112; x_wconf 85' lang='lat' dir='ltr'><strong>inde,</strong></span> <span class='ocrx_word' id='word_1_748' title='bbox 2439 5049 2570 5102; x_wconf 87' lang='lat' dir='ltr'><strong>dum</strong></span> <span class='ocrx_word' id='word_1_749' title='bbox 2622 5063 2720 5119; x_wconf 89' lang='lat' dir='ltr'><strong>per</strong></span> <span class='ocrx_word' id='word_1_750' title='bbox 2751 5050 2941 5103; x_wconf 87' lang='lat' dir='ltr'><strong>urbem</strong></span> <span class='ocrx_word' id='word_1_751' title='bbox 3002 5051 3437 5114; x_wconf 79' lang='lat' dir='ltr'><strong>ambulabat,ex</strong></span> <span class='ocrx_word' id='word_1_752' title='bbox 3486 5055 3637 5108; x_wconf 86' lang='lat' dir='ltr'><strong>nulla</strong></span> 
     </span>
    </p>
   </div>
   <div class='ocr_carea' id='block_1_107' title="bbox 2057 5143 3640 5215">
    <p class='ocr_par' dir='ltr' id='par_1_107' title="bbox 2057 5143 3640 5215">
     <span class='ocr_line' id='line_1_107' title="bbox 2057 5143 3640 5215; baseline 0.005 -19"><span class='ocrx_word' id='word_1_753' title='bbox 2057 5157 2179 5213; x_wconf 76' lang='lat' dir='ltr'><strong>qua:</strong></span> <span class='ocrx_word' id='word_1_754' title='bbox 2231 5151 2526 5211; x_wconf 89' lang='lat' dir='ltr'><strong>appareret</strong></span> <span class='ocrx_word' id='word_1_755' title='bbox 2573 5151 2741 5196; x_wconf 86' lang='lat' dir='ltr'><strong>causa</strong></span> <span class='ocrx_word' id='word_1_756' title='bbox 2803 5143 3198 5212; x_wconf 88' lang='lat' dir='ltr'><strong>supplantatur</strong></span> <span class='ocrx_word' id='word_1_757' title='bbox 3252 5145 3640 5215; x_wconf 86' lang='lat' dir='ltr'><strong>sterniturque</strong></span> 
     </span>
    </p>
   </div>
   <div class='ocr_carea' id='block_1_108' title="bbox 2057 5231 3633 5307">
    <p class='ocr_par' dir='ltr' id='par_1_108' title="bbox 2057 5231 3633 5307">
     <span class='ocr_line' id='line_1_108' title="bbox 2057 5231 3633 5307; baseline 0.004 -19"><span class='ocrx_word' id='word_1_758' title='bbox 2057 5234 2209 5289; x_wconf 92' lang='lat' dir='ltr'><strong>humi</strong></span> <span class='ocrx_word' id='word_1_759' title='bbox 2233 5233 2353 5289; x_wconf 90' lang='lat' dir='ltr'><strong>diro</strong></span> <span class='ocrx_word' id='word_1_760' title='bbox 2375 5248 2539 5300; x_wconf 79' lang='lat' dir='ltr'><strong>casu,</strong></span> <span class='ocrx_word' id='word_1_761' title='bbox 2578 5232 2732 5289; x_wconf 83' lang='lat' dir='ltr'><strong>visus</strong></span> <span class='ocrx_word' id='word_1_762' title='bbox 2758 5231 3114 5304; x_wconf 78' lang='lat' dir='ltr'><strong>blasphemia:</strong></span> <span class='ocrx_word' id='word_1_763' title='bbox 3147 5249 3342 5304; x_wconf 73' lang='lat' dir='ltr'><strong>pmnas</strong></span> <span class='ocrx_word' id='word_1_764' title='bbox 3371 5236 3633 5307; x_wconf 85' lang='lat' dir='ltr'><strong>pendere,</strong></span> 
     </span>
    </p>
   </div>
   <div class='ocr_carea' id='block_1_109' title="bbox 2055 5326 3644 5400">
    <p class='ocr_par' dir='ltr' id='par_1_109' title="bbox 2055 5326 3644 5400">
     <span class='ocr_line' id='line_1_109' title="bbox 2055 5326 3644 5400; baseline 0.001 -16"><span class='ocrx_word' id='word_1_765' title='bbox 2055 5328 2204 5400; x_wconf 90' lang='lat' dir='ltr'><strong>quod</strong></span> <span class='ocrx_word' id='word_1_766' title='bbox 2253 5341 2319 5382; x_wconf 90' lang='lat' dir='ltr'><strong>eo</strong></span> <span class='ocrx_word' id='word_1_767' title='bbox 2368 5326 2525 5396; x_wconf 89' lang='lat' dir='ltr'><strong>lapsu</strong></span> <span class='ocrx_word' id='word_1_768' title='bbox 2561 5327 2759 5394; x_wconf 88' lang='lat' dir='ltr'><strong>pedum</strong></span> <span class='ocrx_word' id='word_1_769' title='bbox 2819 5328 2896 5381; x_wconf 90' lang='lat' dir='ltr'><strong>illi</strong></span> <span class='ocrx_word' id='word_1_770' title='bbox 2931 5328 3208 5384; x_wconf 89' lang='lat' dir='ltr'><strong>contritus</strong></span> <span class='ocrx_word' id='word_1_771' title='bbox 3238 5329 3378 5385; x_wconf 86' lang='lat' dir='ltr'><strong>alter</strong></span> <span class='ocrx_word' id='word_1_772' title='bbox 3407 5341 3516 5388; x_wconf 89' lang='lat' dir='ltr'><strong>est.</strong></span> <span class='ocrx_word' id='word_1_773' title='bbox 3561 5331 3644 5387; x_wconf 79' lang='lat' dir='ltr'><strong>Eo-</strong></span> 
     </span>
    </p>
   </div>
   <div class='ocr_carea' id='block_1_110' title="bbox 2059 5419 3632 5492">
    <p class='ocr_par' dir='ltr' id='par_1_110' title="bbox 2059 5419 3632 5492">
     <span class='ocr_line' id='line_1_110' title="bbox 2059 5419 3632 5492; baseline 0.002 -15"><span class='ocrx_word' id='word_1_774' title='bbox 2059 5424 2360 5492; x_wconf 86' lang='lat' dir='ltr'><strong>imperator</strong></span> <span class='ocrx_word' id='word_1_775' title='bbox 2396 5419 2640 5489; x_wconf 83' lang='lat' dir='ltr'><strong>cognito,</strong></span> <span class='ocrx_word' id='word_1_776' title='bbox 2673 5432 2928 5476; x_wconf 83' lang='lat' dir='ltr'><strong>eventum</strong></span> <span class='ocrx_word' id='word_1_777' title='bbox 2972 5435 3040 5476; x_wconf 76' lang='lat' dir='ltr'><strong>ex</strong></span> <span class='ocrx_word' id='word_1_778' title='bbox 3075 5422 3255 5490; x_wconf 88' lang='lat' dir='ltr'><strong>prima</strong></span> <span class='ocrx_word' id='word_1_779' title='bbox 3294 5423 3479 5478; x_wconf 76' lang='lat' dir='ltr'><strong>statim</strong></span> <span class='ocrx_word' id='word_1_780' title='bbox 3509 5438 3632 5492; x_wconf 86' lang='lat' dir='ltr'><strong>spe-</strong></span> 
     </span>
    </p>
   </div>
   <div class='ocr_carea' id='block_1_111' title="bbox 2056 5512 3630 5584">
    <p class='ocr_par' dir='ltr' id='par_1_111' title="bbox 2056 5512 3630 5584">
     <span class='ocr_line' id='line_1_111' title="bbox 2056 5512 3630 5584; baseline 0.001 -14"><span class='ocrx_word' id='word_1_781' title='bbox 2056 5515 2141 5571; x_wconf 88' lang='lat' dir='ltr'><strong>cie</strong></span> <span class='ocrx_word' id='word_1_782' title='bbox 2174 5512 2470 5568; x_wconf 86' lang='lat' dir='ltr'><strong>manifesto</strong></span> <span class='ocrx_word' id='word_1_783' title='bbox 2499 5513 2764 5569; x_wconf 83' lang='lat' dir='ltr'><strong>miraculo</strong></span> <span class='ocrx_word' id='word_1_784' title='bbox 2801 5513 3103 5583; x_wconf 89' lang='lat' dir='ltr'><strong>imputans,</strong></span> <span class='ocrx_word' id='word_1_785' title='bbox 3145 5529 3245 5584; x_wconf 90' lang='lat' dir='ltr'><strong>pro</strong></span> <span class='ocrx_word' id='word_1_786' title='bbox 3271 5522 3470 5570; x_wconf 64' lang='lat' dir='ltr'><strong>cetera</strong></span> <span class='ocrx_word' id='word_1_787' title='bbox 3518 5531 3630 5572; x_wconf 71' lang='lat' dir='ltr'><strong>sua</strong></span> 
     </span>
    </p>
   </div>
   <div class='ocr_carea' id='block_1_112' title="bbox 2055 5606 3627 5677">
    <p class='ocr_par' dir='ltr' id='par_1_112' title="bbox 2055 5606 3627 5677">
     <span class='ocr_line' id='line_1_112' title="bbox 2055 5606 3627 5677; baseline 0.002 -15"><span class='ocrx_word' id='word_1_788' title='bbox 2055 5608 2418 5664; x_wconf 81' lang='lat' dir='ltr'><strong>admiratione</strong></span> <span class='ocrx_word' id='word_1_789' title='bbox 2465 5606 2810 5674; x_wconf 60' lang='lat' dir='ltr'><strong>patriarcha,</strong></span> <span class='ocrx_word' id='word_1_790' title='bbox 2845 5607 3157 5677; x_wconf 85' lang='lat' dir='ltr'><strong>prodigium</strong></span> <span class='ocrx_word' id='word_1_791' title='bbox 3207 5607 3262 5663; x_wconf 88' lang='lat' dir='ltr'><strong>id</strong></span> <span class='ocrx_word' id='word_1_792' title='bbox 3294 5623 3419 5664; x_wconf 83' lang='lat' dir='ltr'><strong>esse</strong></span> <span class='ocrx_word' id='word_1_793' title='bbox 3445 5622 3474 5665; x_wconf 90' lang='lat' dir='ltr'><strong>a</strong></span> <span class='ocrx_word' id='word_1_794' title='bbox 3515 5609 3627 5665; x_wconf 88' lang='lat' dir='ltr'><strong>Deo</strong></span> 
     </span>
    </p>
   </div>
   <div class='ocr_carea' id='block_1_113' title="bbox 2058 5699 3630 5771">
    <p class='ocr_par' dir='ltr' id='par_1_113' title="bbox 2058 5699 3630 5771">
     <span class='ocr_line' id='line_1_113' title="bbox 2058 5699 3630 5771; baseline 0 -13"><span class='ocrx_word' id='word_1_795' title='bbox 2058 5704 2372 5758; x_wconf 70' lang='lat' dir='ltr'><strong>declarante</strong></span> <span class='ocrx_word' id='word_1_796' title='bbox 2399 5716 2559 5756; x_wconf 87' lang='lat' dir='ltr'><strong>suum</strong></span> <span class='ocrx_word' id='word_1_797' title='bbox 2586 5701 2637 5755; x_wconf 91' lang='lat' dir='ltr'><strong>in</strong></span> <span class='ocrx_word' id='word_1_798' title='bbox 2679 5704 2854 5771; x_wconf 89' lang='lat' dir='ltr'><strong>ipsum</strong></span> <span class='ocrx_word' id='word_1_799' title='bbox 2885 5715 3130 5754; x_wconf 89' lang='lat' dir='ltr'><strong>amorem</strong></span> <span class='ocrx_word' id='word_1_800' title='bbox 3165 5709 3221 5754; x_wconf 90' lang='lat' dir='ltr'><strong>et</strong></span> <span class='ocrx_word' id='word_1_801' title='bbox 3254 5699 3540 5770; x_wconf 46' lang='lat' dir='ltr'><strong>ejus&#39;apud</strong></span> <span class='ocrx_word' id='word_1_802' title='bbox 3569 5717 3630 5758; x_wconf 83' lang='lat' dir='ltr'><strong>se</strong></span> 
     </span>
    </p>
   </div>
   <div class='ocr_carea' id='block_1_114' title="bbox 2059 5792 3628 5863">
    <p class='ocr_par' dir='ltr' id='par_1_114' title="bbox 2059 5792 3628 5863">
     <span class='ocr_line' id='line_1_114' title="bbox 2059 5792 3628 5863; baseline 0.002 -14"><span class='ocrx_word' id='word_1_803' title='bbox 2059 5796 2252 5850; x_wconf 84' lang='lat' dir='ltr'><strong>merita</strong></span> <span class='ocrx_word' id='word_1_804' title='bbox 2289 5794 2611 5850; x_wconf 86' lang='lat' dir='ltr'><strong>mirabiliter</strong></span> <span class='ocrx_word' id='word_1_805' title='bbox 2663 5803 2937 5863; x_wconf 88' lang='lat' dir='ltr'><strong>patratum</strong></span> <span class='ocrx_word' id='word_1_806' title='bbox 2981 5792 3099 5849; x_wconf 87' lang='lat' dir='ltr'><strong>sine</strong></span> <span class='ocrx_word' id='word_1_807' title='bbox 3143 5793 3252 5847; x_wconf 87' lang='lat' dir='ltr'><strong>ulla</strong></span> <span class='ocrx_word' id='word_1_808' title='bbox 3289 5792 3628 5852; x_wconf 86' lang='lat' dir='ltr'><strong>dubitatione</strong></span> 
     </span>
    </p>
   </div>
   <div class='ocr_carea' id='block_1_115' title="bbox 2057 5885 3626 5958">
    <p class='ocr_par' dir='ltr' id='par_1_115' title="bbox 2057 5885 3626 5958">
     <span class='ocr_line' id='line_1_115' title="bbox 2057 5885 3626 5958; baseline 0.001 -14"><span class='ocrx_word' id='word_1_809' title='bbox 2057 5888 2311 5955; x_wconf 85' lang='lat' dir='ltr'><strong>credidit,</strong></span> <span class='ocrx_word' id='word_1_810' title='bbox 2370 5887 2761 5957; x_wconf 84' lang='lat' dir='ltr'><strong>verisimilius,</strong></span> <span class='ocrx_word' id='word_1_811' title='bbox 2815 5887 2867 5942; x_wconf 92' lang='lat' dir='ltr'><strong>ni</strong></span> <span class='ocrx_word' id='word_1_812' title='bbox 2928 5885 3112 5954; x_wconf 84' lang='lat' dir='ltr'><strong>fallor,</strong></span> <span class='ocrx_word' id='word_1_813' title='bbox 3166 5887 3517 5958; x_wconf 85' lang='lat' dir='ltr'><strong>opinaturus,</strong></span> <span class='ocrx_word' id='word_1_814' title='bbox 3578 5891 3626 5946; x_wconf 89' lang='lat' dir='ltr'><strong>si</strong></span> 
     </span>
    </p>
   </div>
  </div>
