4066 6286
360 311 467 376 573

1326 319 1424 380 DE
1471 317 1923 379 ANDRONICO
1950 313 2415 378 PAL/EOLOGO
2456 317 2604 378 LIB.
2643 316 2746 379 VI.

3426 369 3429 371 _
3527 305 3628 373 574

350 426 634 482 ἐπιτάττει
667 427 716 482 6'-
744 429 1037 501 ἐνεχθῆναι
1092 433 1190 485 καὶ
1213 393 1216 396 ἤ
1243 410 1349 485 τὸν
1393 431 1814 504 διαταραχθέντα
1860 433 1934 495 ὡς
1966 434 2012 492 Α
2044 435 2240 504 σχόντα
2269 435 2396 497 τοὺς
2433 433 2627 497 ἄλλους
2660 431 3038 502 ἀποπέμπειν,
3089 427 3184 483 καὶ
3228 427 3427 482 αὐτίκα
3455 427 3633 496 περᾷν

349 513 496 590 εἶχεν
531 521 626 575 ἐπὶ
655 521 752 576 τοῦ
790 523 1114 594 σκίμποδος.
1147 518 1226 578 Οὖ
1251 525 1318 597 δὴ
1348 527 1444 578 καὶ
1475 527 1532 589 ἐς
1567 527 1733 599 μέσον
1753 528 1937 580 τεθέν-

348 630 466 681 τος,
506 616 707 687 πολλὴν
735 619 826 670 καὶ
852 617 1142 687 διωλύγιον
1167 620 1366 691 διεξῄει
1392 621 1739 693 δημηγορίαν
1758 663 1772 687 ,
1808 638 1936 674 συν-

352 708 517 764 ιστῶν
552 711 803 764 ἐντεῦθεν
828 710 886 765 ὃν
911 714 1172 784 συνιστᾷν
1199 715 1382 785 ἤθελε,
1430 714 1538 768 τῶν
1565 716 1610 768 δ’
1642 716 1737 768 ἀπ’
1769 710 1934 768 αὐτοῦ

349 801 712 872 σχιζομένων,
768 806 1096 874 καὶμᾶλλον
1136 807 1246 860 τῶν
1302 808 1450 872 ἰδίως
1502 807 1836 878 ζηλούντων,
1869 806 1936 860 τὰ

350 893 583 948 πλεῖστα
620 895 957 965 καθήπτετο.
997 896 1103 952 κᾶν
1155 900 1356 954 ἐκεῖνοι
1391 899 1490 971 τὴν
1531 900 1764 971 γνώμην
1793 900 1936 966 ἀμε-

347 987 578 1045 τάθετον
629 987 778 1062 εἶχον
806 993 893 1063 ἐφ’
927 988 1011 1058 οἷς
1044 995 1287 1066 ἀρχῆθεν
1325 994 1772 1066 ἐπισχυρίζοντο.
1826 993 1936 1047 Καὶ

347 1082 592 1156 ἔπασχον
625 1087 744 1156 μιν,
779 1086 1022 1161 ἔπασχον
1049 1088 1096 1142 δ’
1126 1090 1192 1143 ἂν
1229 1090 1323 1143 καὶ
1356 1090 1425 1143 τὰ
1463 1089 1721 1160 μέγιστα,
1750 1088 1801 1140 εί
1834 1087 1936 1158 βα-

351 1179 533 1244 σιλεὺς
580 1181 728 1251 ὑφίει
757 1184 852 1236 καὶ
877 1183 1198 1254 συνεχώρει.
1246 1183 1390 1238 Ἀλλ’
1415 1185 1631 1253 ἀνεῖχεν
1658 1183 1796 1250 ὅλως
1834 1181 1935 1244 τὰς

345 1274 435 1328 ἐπ’
467 1275 700 1342 ἐκείνοις
727 1277 836 1332 τῶν
863 1277 1044 1332 ἄλλων
1070 1279 1252 1348 ὁρμὰς
1278 1279 1505 1346 τρόποις
1532 1278 1931 1349 χρηστότητος.

507 1413 613 1486 κβ⁸⁹
664 1413 1031 1485 Ἀνάρῤησις
1048 1417 1156 1472 τοῦ
1187 1419 1495 1487 Καίσαρος
1529 1415 1785 1471 Ἰταλοῦ.

421 1546 664 1623 ἶΡ.565]
707 1551 797 1604 Ἑν
847 1552 1024 1624 τούτῳ
1051 1553 1150 1607 καὶ
1204 1553 1234 1607 ό
1284 1554 1410 1636 ἀπὸν
1447 1553 1688 1622 μεγάλου
1741 1554 1935 1619 eam;

359 1643 561 1709 Ἰταλὸς
591 1645 692 1714 μὲν
722 1646 784 1700 τὸ
805 1646 984 1715 γένος,
1016 1651 1138 1712 ταῖς
1169 1649 1215 1703 δ’
1250 1649 1358 1702 ἀπὸ
1385 1650 1478 1703 τοῦ
1522 1649 1797 1729 βασιλέως
1812 1651 1935 1703 ὀνο-

351 1737 580 1808 μασίαις
609 1737 684 1803 ὡς
715 1740 965 1810 γαμϐρὸς
995 1741 1368 1812 κλεῖζόμενος,
1402 1743 1640 1814 πέμπων
1669 1742 1950 1808 πολλάκις

2041 527 2163 582 κατ’
2195 527 2489 598 ἀνατολήν.
2524 525 2664 580 Ἀλλ’
2695 526 2846 595 ὅμως
2879 527 2942 578 ἐκ
2971 524 3274 593 σκαιωρίας
3322 521 3416 575 καὶ
3472 516 3633 583 αὖθις

2038 619 2137 692 οὐχ
2185 618 2520 674 ὑπελείπετο
2550 621 2860 690 πρόφασις,
2897 617 3034 672 ἀλλὰ
3090 615 3322 678 πολλοὺς
3379 615 3476 684 μὲν
3529 614 3633 667 ἀνὰ

2038 713 2284 778 Κύζικον
2313 716 2546 785 πέμπει,
2579 713 2813 777 πολλοὺς
2862 712 2908 766 δ’
2937 711 3042 765 ἀνὰ
3079 709 3273 781 Πηγὰς
3299 750 3312 772 ,
3351 705 3545 777 ἱκανὴν
3575 704 3634 758 δὲ

2042 811 2242 878 μοῖραν
2286 811 2381 863 καὶ
2428 807 2508 878 τῷ
2562 807 2822 878 Λοπαδίῳ
2869 805 3192 876 προσνέμει.
3228 801 3399 864 Αὐτὸς
3432 800 3488 852 δὲ
3539 798 3631 852 καὶ

2035 902 2167 966 τοὺς
2199 903 2330 973 περὶ⁵
2361 901 2455 954 τὸν
2486 903 2869 975 Μπυριγέριον
2912 900 3140 955 θάλπων
3170 899 3272 970 ἥδη
3307 896 3630 962 ἀποστατή-

2039 1012 2230 1063 σαντα,
2262 997 2344 1050 ἔτι
2378 995 2435 1050 δὲ
2467 995 2564 1051 καὶ
2590 997 2716 1060 τοὺς
2749 995 2894 1066 ἀμφὶ
2926 996 3020 1048 τὸν
3043 993 3202 1047 νόθον
3227 991 3458 1060 ἀδελφὸν
3495 989 3632 1042 Θευο

2037 1088 2253 1160 δερίχου
2283 1089 2735 1159 ὑποποιούμενος,
2762 1089 2975 1155 τούτοις
3000 1087 3099 1158 μὲν
3133 1087 3295 1156 μέχρι
3330 1087 3423 1138 καὶ
3456 1083 3632 1136 Μιτυ-

2036 1183 2206 1255 λήνης
2223 1183 2315 1238 τὸν
2337 1183 2504 1237 πλοῦν
2530 1183 2886 1254 περιώριζεν,
2909 1182 3147 1248 ἐκείνους
3170 1180 3227 1232 δὲ
3252 1179 3629 1260 παρακατεῖχε

2037 1277 2135 1333 καὶ
2167 1277 2473 1348 προφάσεις
2526 1275 2832 1332 ἐπλάττετο
2859 1277 2956 1330 καὶ
3007 1274 3180 1334 ἄλλας
3220 1273 3343 1344 μὲν,
3397 1271 3538 1333 τέως
3575 1270 3636 1322 δέ

2037 1388 2104 1442 γε
2138 1373 2238 1443 τὴν
2270 1371 2520 1443 ἔκδηλον,
2577 1375 2652 1436 ὡς
2687 1371 3045 1435 ἀκαθέκτους
3082 1369 3244 1432 ὂντας
3292 1368 3351 1420 οὐ
3403 1366 3632 1418 δύναται

2036 1467 2383 1536 καθυπάγειν
2417 1469 2498 1530 είς
2528 1466 2589 1519 τὸ
2631 1469 2834 1520 οἰκεῖον
2865 1465 3105 1536 θέλημα,
3148 1463 3245 1518 καὶ
3276 1460 3453 1515 ταῦτα
3491 1458 3630 1530 μηδὲ

2036 1562 2160 1624 ταῖς
2211 1560 2736 1630 κεχρεωστημέναις
2803 1557 3195 1628 μισθοφορίαις
3239 1553 3631 1616 ίκανωθέντας.

2048 1652 2398 1707 ’Υπεποιείτο
2433 1653 2489 1706 δὲ
2538 1655 2635 1708 καὶ
2691 1653 2791 1722 τὴν
2823 1652 2933 1705 τῶν
2969 1651 3168 1706 ἑκατὸν
3225 1650 3482 1721 χιλιάδων
3535 1646 3630 1700 τοῦ

2039 1744 2188 1799 σίτου
2237 1747 2588 1815 συναγωγήν.
2628 1747 2741 1800 Καὶ
2776 1746 2880 1799 ἀνά
2921 1744 3090 1814 μέρος
3127 1744 3226 1814 μὲν
3253 1744 3302 1795 oi
3341 1740 3437 1794 τοῦ
3471 1740 3631 1811 βασι-

347 1805 485 1906 πρὸς
512 1805 743 1902 βασιλέα
775 1805 888 1890 καὶ-
909 1805 1240 1908 τεχνιτεύοιν
1264 1805 1363 1903 τὰς
1408 1805 1733 1912 σκαιωρίας,
1778 1805 1934 1906 τέλος
1964 1805 2011 1866 Β
2038 1835 2177 1900 λέως
2210 1805 2445 1906 συνῆγον
2596 1835 2696 1906 τῆς
2731 1805 3150 1906 χώρας-ἐκείνοι
3188 1835 3282 1888 τὸν
3328 1805 3498 1899 σῖτον,
3526 1833 3632 1887 ἀνά

347 1927 729 1983 ἀποσταλέντα
770 1930 867 1982 καὶ
912 1929 1071 1995 αὖθις
1115 1933 1185 1986 τὰ
1233 1931 1330 1987 τοῦ
1367 1933 1651 2005 Καίσαρος
1687 1932 1937 2005 σύμῦολα

348 2025 492 2079 κατὰ
535 2025 636 2098 τὴν
667 2027 887 2097 ἡμέραν
918 2032 1018 2099 τῆς
1050 2030 1145 2083 τοῦ
1178 2029 1335 2098 ἁγίου
1367 2031 1624 2103 Λαζάρου
1661 2032 1936 2102 ἐγέρσεως

345 2117 669 2172 ὑποδέδεται
709 2117 802 2172 καὶ
833 2120 1052 2193 Καῖσαρ
1089 2121 1415 2192 φημίζεται,
1447 2125 1666 2194 δέχεταί
1692 2142 1751 2178 τε
1786 2125 1938 2194 παρὰ

343 2209 754 2281 βασι).ἐως,,καὶ
803 2215 1035 2284 χρυσίου
1070 2215 1389 2286 νομίσματα
1432 2216 1752 2289 χιλιοστύας
1784 2221 1936 2290 τρεῖς

343 2304 483 2374 πρὸς
515 2306 837 2376 τριάκοντα.
880 2307 1175 2364 Ξυνέκειτο
1213 2309 1269 2364 δὲ
1321 2311 1470 2379 σφίσι
1501 2310 1804 2382 λαμῦάνειν
1840 2313 1935 2366 καὶ

346 2396 500 2450 σίτου
548 2399 817 2463 τοπικοίις
862 2403 1081 2471 μοδίους
1108 2403 1303 2458 ἑκατὸν
1333 2403 1604 2476 χιλιάδας,
1642 2407 1736 2460 καὶ
1771 2405 1934 2477 μέχρι

345 2492 440 2546 καὶ
485 2493 541 2557 ὲς
574 2495 726 2564 τρεῖς
773 2493 1024 2570 χιλιάδας
1061 2497 1324 2573 μαχίμων
1352 2497 1564 2567 ἀνδρῶν
1606 2516 1933 2570 παρακατα-

343 2675 474 2733 ﬁdei
509 2676 580 2732 ab
625 2677 733 2733 isto
789 2678 1140 2748 blasphemia
1195 2681 1414 2737 violatae
1456 2684 1750 2753 repetitam
1796 2683 1876 2739 sic
1903 2699 1932 2737 a

345 2768 584 2828 Numine
618 2773 885 2829 ultionem
924 2772 1122 2830 fuisset
1171 2774 1601 2845 interpretatus.
1656 2776 1933 2832 Postridie

345 2868 516 2940 igitur
579 2884 743 2925 mane
816 2867 1119 2924 confestim
1189 2871 1515 2926 concionem
1585 2870 1930 2940 frequentem

346 2966 606 3021 advocat.
635 2963 907 3032 Pmcepit
941 2974 1125 3019 autem
1155 2980 1220 3020 eo
1254 2966 1307 3020 in
1339 2965 1544 3022 lectulo
1571 2967 1776 3022 deferri
1806 2984 1929 3022 eum

346 3059 438 3131 qui
475 3059 652 3129 pridie
691 3057 908 3128 pedem,
945 3065 1003 3112 ut
1036 3058 1244 3113 dictum
1288 3069 1394 3124 est,
1426 3059 1708 3131 fregerat;
1738 3077 1847 3131 quo
1873 3061 1930 3115 in

2044 1931 2210 2003 μέρος
2263 1930 2308 1983 δ’
2341 1933 2550 1994 ἐκεῖνος
2585 1931 2712 1994 τοὺς
2770 1931 2936 1995 ἰδίους
2996 1932 3230 2002 πέμπων
3287 1929 3538 2000 ἐξεφόρει
3571 1926 3638 1980 τὸ

2039 2026 2469 2098 εὑρισκόμενον,
2529 2027 2804 2097 προφάσει
2861 2027 2962 2096 μὲν
3017 2027 3092 2087 ὡς
3143 2024 3489 2095 ἐπιταχύνων
3533 2023 3633 2093 τὴν

2038 2119 2450 2185 ἀπανάστασιν,
2489 2123 2548 2174 τὸ
2571 2120 2614 2173 δ’
2642 2120 2845 2189 ἀληθὲς
2883 2119 2978 2174 καὶ⁵
3003 2120 3030 2172 ὃ
3071 2119 3274 2190 μᾶλλον
3296 2119 3634 2182 κατενοεῖτο,

2039 2210 2141 2274 τὰς
2195 2211 2493 2279 ἐπιθυμίας
2551 2213 2848 2283 ἐμπιπλῶν
2902 2214 2997 2267 καὶ
3046 2211 3409 2284 καταφρονῶν
3452 2212 3510 2276 ἐς
3550 2211 3635 2266 ὅτι

2040 2305 2301 2376 μάλιστα.
2343 2305 2433 2359 Ἐν
2458 2306 2706 2378 ,τοσούτῳ
2735 2306 2794 2360 δὲ
2830 2307 2919 2360 ἶνα
2947 2303 3028 2377 ’δὴ
3072 2307 3168 2360 καὶ
3215 2305 3380 2360 πλέον
3407 2306 3499 2359 τὸν
3531 2304 3635 2378 βα·

2040 2400 2198 2455 σιλέα
2228 2401 2669 2473 ὑποποιήσηται,
2701 2402 2818 2471 ἅμα
2844 2401 2898 2455 δὲ
2928 2403 3021 2455 καὶ
3056 2401 3204 2455 κατά
3251 2416 3405 2464 τινας
3436 2399 3636 2470 ἑτέρας

2037 2497 2370 2567 προφάσεις,
2399 2497 2498 2567 τὴν
2553 2498 2654 2566 μὲν
2686 2495 2957 2565 πενθερὰν
3005 2497 3098 2549 καὶ
3146 2496 3246 2564 τὴν
3289 2495 3524 2563 σύζυγον
3552 2491 3634 2564 τῷ

2037 2683 2308 2737 duntaxat
2359 2681 2691 2737 bellatorum
2746 2681 2970 2736 fortium
3025 2680 3196 2734 millia
3247 2695 3277 2734 e
3309 2681 3426 2736 suis
3461 2681 3636 2753 replis

2037 2784 2408 2837 retenturum,
2443 2789 2508 2829 ac
2561 2773 2808 2828 dimissis
2855 2773 3092 2843 reliquis
3128 2788 3253 2827 cum
3297 2773 3408 2826 illis
3466 2774 3637 2842 traje-

2035 2877 2256 2923 cturum
2305 2867 2358 2920 in
2410 2866 2714 2922 Orientem.
2749 2862 2989 2932 Quibus
3041 2866 3095 2919 in
3141 2866 3352 2920 cunctis
3402 2865 3642 2919 admini-

2036 2957 2281 3014 Strandis
2311 2963 2604 3015 consuetas
2647 2958 2943 3013 adhibebat
2973 2959 3226 3022 astutias,
3281 2957 3448 3013 variis
3495 2973 3640 3026 pra:-

2038 3051 2286 3108 textibus
2322 3051 2582 3108 illudens.
2608 3051 2746 3106 Nam
2773 3068 2838 3106 ex
2874 3053 2982 3108 illis
3018 3067 3158 3122 quos
3190 3068 3250 3109 se
3279 3053 3640 3108 dimissurum

347 3155 532 3210 medio
563 3153 745 3225 posito
776 3168 911 3208 sane
941 3153 1162 3223 longam
1187 3166 1242 3207 et
1271 3154 1559 3208 verbosam
1593 3171 1622 3210 e
1648 3155 1932 3225 superiore
1959 3171 2003 3234 ρ
2039 3149 2398 3218 promiserat,
2434 3148 2637 3204 multos
2670 3146 2931 3219 Cyzicum
2967 3148 3140 3213 misit,
3180 3149 3383 3203 multos
3428 3147 3636 3217 Pegas;

347 3251 633 3319 Augustus
667 3246 790 3301 loco
843 3245 1041 3302 effudit
1094 3247 1430 3313 orationem,
1478 3249 1776 3317 exquisitis
1811 3263 1936 3304 eve-

347 3342 487 3398 llens
515 3339 812 3411 praeconiis
842 3355 1010 3410 quem
1034 3340 1256 3395 volebat
1286 3345 1703 3407 commendare,
1727 3342 1935 3398 abscis-

349 3448 442 3508 sos
477 3442 661 3487 autem
697 3432 765 3488 ab
804 3447 893 3496 eo,
933 3441 1030 3486 aut
1079 3435 1264 3503 poti-us
1289 3434 1339 3488 ei
1387 3433 1647 3503 privatim
1685 3435 1936 3491 inviden-

349 3536 453 3589 tes,
483 3525 628 3582 haud
661 3521 828 3597 parce
855 3525 1009 3582 omni
1040 3527 1338 3583 occasione
1369 3527 1691 3593 incursans,
1729 3527 1932 3584 frustra

350 3622 407 3679 id
461 3619 712 3693 quidem,
756 3629 1034 3692 quantum
1072 3621 1140 3677 ad
1185 3636 1282 3678 eos
1328 3620 1398 3676 de
1437 3623 1714 3678 sententia
1759 3623 1936 3680 dimo-

351 3716 565 3773 vendos
623 3715 914 3788 pertinuit.
949 3714 1101 3771 Adeo
1143 3714 1288 3770 enim
1318 3713 1585 3787 quidquid
1637 3716 1938 3789 imperator

353 3811 588 3876 diceret,
639 3807 853 3864 nullam
912 3807 1021 3863 vim
1090 3821 1285 3863 eorum
1339 3809 1556 3865 animos
1605 3808 1933 3865 immutandi

355 3903 570 3969 habuit,
594 3910 655 3958 ut
685 3908 883 3957 contra
919 3901 976 3957 in
1006 3901 1248 3973 antiquis
1279 3901 1935 3959 adversus'Athanasium

354 3996 582 4064 indiciis
611 4005 666 4052 et
709 3995 856 4051 odiis
911 3995 1088 4065 magis
1123 3993 1410 4065 magisque
1449 3994 1933 4051 conﬁrmarentur.

358 4091 421 4146 Et
450 4089 802 4161 patiebantur
854 4089 932 4144 illi
970 4088 1199 4159 quidem
1249 4088 1320 4142 ab
1367 4088 1676 4144 Athanasio
1743 4077 1970 4155 multa,

358 4184 530 4237 multo
573 4183 730 4254 plura
770 4190 824 4236 et
859 4180 1187 4253 gravissima
1223 4180 1471 4251 passuri,
1501 4181 1550 4236 si
1591 4181 1939 4251 permitteret

357 4295 480 4334 eum
530 4278 833 4349 imperator
883 4277 950 4330 ad
1010 4284 1320 4336 extremum
1358 4275 1645 4345 indulgere
1695 4275 1936 4346 maligno

357 4389 455 4427 suo
499 4372 686 4442 genio.
728 4369 1012 4425 lnbibebat
1048 4368 1196 4424 enim
1235 4367 1325 4423 ille
1369 4368 1598 4423 omnino
1628 4378 1684 4422 et
1720 4367 1792 4422 ab
1829 4367 1938 4423 illis

358 4465 603 4527 arcebat,
654 4461 859 4518 innata
910 4458 1354 4515 mansuetudinis
1414 4456 1706 4520 instinctu,
1764 4470 1938 4510 saevos

2045 3261 2146 3302 nec
2193 3243 2470 3299 modicam
2530 3257 2723 3296 eorum
2784 3250 2994 3312 partem
3046 3241 3274 3313 Lopadii
3325 3242 3637 3312 collocavit.

2045 3338 2270 3392 interim
2305 3337 2423 3406 ipse
2456 3336 2856 3409 Mpyrigerium
2893 3338 3072 3406 palam
3109 3337 3429 3403 imperatori
3456 3336 3637 3394 rebel-

2045 3435 2153 3489 lem
2186 3432 2428 3499 fovebat,
2466 3443 2522 3486 et
2555 3446 2678 3485 cum
2701 3431 2872 3486 fratre
2893 3431 3062 3484 notho
3081 3429 3464 3492 ,Theuderichi
3491 3428 3642 3500 ejus-

2045 3545 2152 3600 que
2182 3528 2365 3584 classe
2398 3526 2627 3599 piratica
2660 3525 2932 3580 familiare
2959 3524 3348 3579 conmercium
3377 3522 3638 3589 habebat,

2045 3623 2260 3680 idoneis
2284 3636 2379 3676 eos
2407 3622 2602 3678 ciliciis
2625 3621 2919 3675 deliniens.
2955 3620 3031 3674 Ac
3055 3619 3254 3673 Siculis
3278 3617 3500 3686 quidem
3523 3617 3638 3700 illis

2046 3722 2290 3792 spatium
2321 3719 2648 3776 incursandi
2677 3718 2848 3773 maris
2871 3731 3045 3786 usque
3068 3719 3134 3770 ad
3157 3714 3473 3792 Mytilenem
3498 3728 3640 3785 pra:-

2045 3813 2258 3870 ﬁnivite
2300 3812 2601 3868 Cateianos
2632 3818 2819 3872 autem
2851 3822 2993 3880 quos
3030 3805 3393 3862 dimissurum
3423 3819 3485 3860 se
3511 3819 3641 3875 pro-

2045 3907 2275 3964 miserat
2316 3915 2510 3961 contra
2549 3914 2705 3974 pacta
2742 3903 3014 3967 retinens,
3066 3901 3230 3958 ﬁctas
3262 3899 3505 3972 perﬁdiae
3539 3889 3640 3956 ex-

2045 4001 2365 4058 cusationes
2407 3997 2768 4063 obtendebat,
2817 4011 2942 4051 cum
2979 3996 3140 4062 alias,
3186 4003 3304 4051 tum
3337 3994 3484 4049 illam
3521 3993 3637 4065 jam

2049 4093 2394 4158 tralatitiam,
2435 4091 2580 4146 baud
2610 4105 2772 4161 posse
2805 4104 2866 4146 se
2896 4088 3116 4159 adigere
3143 4103 3254 4158 quo
3289 4099 3513 4158 cuperet
3543 4087 3642 4142 lto-

2048 4190 2226 4246 mines
2263 4187 2544 4251 ittfrtenes,
2581 4187 2674 4257 qui
2713 4186 3012 4255 praesertim
3057 4183 3244 4239 debita
3279 4184 3489 4238 dudum
3534 4183 3639 4238 sibi

2048 4297 2149 4340 nec
2223 4281 2404 4336 adhuc
2467 4286 2862 4348 repraesentata
2914 4277 3193 4348 stipendia
3261 4284 3637 4348 reposcerent.

2046 4374 2161 4430 Nec
2197 4376 2546 4443 temperabat
2589 4373 2723 4440 quin
2757 4371 3053 4426 fraudandi
3099 4373 3450 4427 occasionem
3494 4371 3640 4424 arri-

2049 4478 2201 4542 peret
2234 4486 2301 4524 ex
2341 4470 2610 4539 imperata
2655 4468 2725 4523 de
2759 4483 2863 4535 qua
2907 4467 3152 4522 diximus
3200 4466 3640 4538 comportatione

359 4556 616 4627 ferosque
640 4553 1048 4610 imminentium
1081 4552 1152 4609 iis
1200 4550 1499 4623 perdendis
1528 4548 1940 4606 Athanasianov
1972 4549 2014 4605 D
2045 4565 2330 4623 ηυωοαιί,
2366 4562 2470 4633 ipsi
2520 4561 2675 4632 prius
2712 4575 2879 4630 quam
2928 4560 3314 4614 transfretare;
3359 4560 3414 4613 in
3449 4559 3636 4613 Asiam

363 4666 480 4706 rum
507 4651 770 4721 impetus.

677 4789 770 4843 2'2.
805 4788 1133 4844 Aoctamatio
1181 4786 1411 4843 Caesaris
1465 4785 1619 4842 Itali.

433 4929 578 4983 inter
601 4926 717 4982 lmc
743 4926 788 4979 is
807 4925 893 4994 qni
923 4940 1153 4993 magnus
1179 4924 1283 4978 dux
1316 4923 1512 4987 fuerat,
1532 4921 1694 4976 italus
1727 4923 1943 4991 quidem

363 5037 583 5090 genere,
620 5019 715 5075 sed
745 5019 906 5089 522
937 5019 1030 5088 qui
1061 5016 1243 5087 generi
1278 5017 1641 5086 appellatione
1673 5015 1740 5069 ab
1774 5019 1945 5084 impe-

365 5129 549 5171 ratore
589 5114 985 5177 bonorabatur,
1020 5115 1243 5168 mittens
1279 5111 1512 5167 subinde
1540 5110 1604 5164 ad
1641 5110 1945 5179 Augustum

365 5223 420 5264 ot
446 5209 703 5264 fraudum
740 5207 890 5262 illum
937 5222 1164 5269 suarum
1209 5203 1458 5262 artiﬁciis
1499 5204 1810 5273 impiicans,
1853 5205 1947 5282 de-

343 5305 534 5375 nique
568 5318 760 5359 rursus
788 5303 857 5360 ab
890 5317 954 5359 eo
995 5305 1162 5358 missa
1194 5303 1457 5358 Caesareae
1481 5300 1768 5371 dignitatis
1806 5299 1945 5354 insi-

365 5397 514 5466 gnia.
542 5395 632 5451 die
659 5411 765 5465 qua
808 5394 999 5451 Lasari
1031 5395 1369 5450 resurrectio
1398 5393 1732 5457 celebratur,
1763 5393 1947 5447 induit

365 5498 420 5543 et
450 5487 638 5544 Causar
663 5487 1019 5543 acclamatur.
1048 5487 1477 5558 Aceepitautem
1510 5487 1579 5543 ab
1616 5487 1947 5553 imperature

368 5582 474 5637 tria
500 5594 563 5637 et
597 5582 821 5653 triginta
856 5595 1210 5637 nummorum
1244 5595 1535 5636 aureorum
1573 5580 1766 5635 millia.
1803 5578 1945 5635 Con-

369 5684 710 5746 veneratque
758 5676 902 5731 inter
947 5675 1071 5731 illos
1106 5677 1367 5731 tradenda
1411 5684 1676 5744 praeterea
1719 5675 1794 5728 illi
1832 5673 1947 5728 fore

373 5769 675 5825 modiorum
725 5771 983 5827 frumenti
1040 5786 1312 5829 mensurae
1363 5770 1506 5828 locis
1555 5772 1663 5828 illis
1729 5772 1945 5827 usitanc

373 5871 596 5921 centum
653 5864 843 5923 millia.
894 5865 1018 5935 ipse
1072 5874 1255 5921 autem
1307 5869 1678 5937 spoponderat
1734 5865 1831 5921 tria
1887 5881 1945 5921 se

2051 4654 2414 4710 admetiendi.
2447 4653 2525 4708 Ne
2552 4654 2701 4708 enim
2747 4669 2986 4722 unquam
3036 4655 3375 4709 constitutus
3426 4653 3638 4709 modio—

2049 4765 2170 4804 rum
2200 4764 2462 4806 numerus
2483 4749 2640 4818 plene
2660 4755 2849 4818 posset
2867 4747 3089 4812 conﬁci,
3114 4759 3172 4802 ut
3195 4763 3469 4818 quamque
3493 4747 3638 4804 illius

2048 4851 2256 4911 partem
2290 4838 2425 4910 regii
2461 4837 2698 4896 ministri
2731 4841 2972 4896 conferri
3009 4842 3186 4894 locum
3230 4842 3283 4893 in
3316 4838 3475 4910 523
3497 4856 3637 4912 prte-

2049 4936 2316 5002 seriptnm
2365 4941 2696 4988 curaverant
2752 4950 2783 4988 e
2838 4932 3005 4989 variis
3057 4933 3373 5002 regionibus
3425 4946 3638 4988 traCtus

2048 5025 2302 5089 Occidui,
2331 5041 2452 5080 eam
2483 5025 2670 5080 statim
2711 5041 2807 5095 per
2838 5041 2868 5080 a
2911 5041 2970 5080 se
3011 5026 3212 5080 missos
3239 5025 3470 5096 jubebat
3517 5026 3668 5094 tolli_

2050 5119 2444 5190 exportarique
2502 5107 2771 5190 praetextu
2841 5119 3218 5175 acceleranda:
3284 5119 3638 5189 migrationis

2050 5213 2299 5282 Augusto
2320 5221 2592 5282 exoptata:
2608 5211 3020 5278 Catelanorum,
3043 5228 3233 5269 revera
3251 5225 3460 5277 autem,
3485 5215 3634 5282 quod

2029 5306 2190 5363 satis
2214 5306 2361 5361 clare
2391 5304 2704 5375 peilucebat
2729 5306 2920 5375 peritis
2945 5321 3152 5370 rerum,
3179 5307 3490 5376 inexplebili
3525 5324 3635 5364 sine

2052 5398 2340 5469 indulgens
2365 5398 2654 5468 cupiditati
2686 5407 2741 5454 et
2779 5397 3420 5469 Romanumimperium
3462 5401 3636 5457 licen-

2052 5489 2267 5545 tissime
2293 5490 2603 5545 iudiﬁeans.
2647 5488 2762 5545 Sub
2792 5491 2929 5555 inec,
2967 5501 3026 5546 ut
3062 5473 3448 5567 imperatorem
3481 5503 3634 5549 tanto

2052 5585 2421 5655 adstringeret
2452 5587 2650 5652 artius,
2696 5597 2858 5656 prout
2902 5587 2951 5642 ei
2992 5596 3108 5642 erat
3152 5598 3523 5662 opportunum
3562 5590 3631 5645 ad

2049 5680 2234 5735 varios
2256 5681 2542 5749 quospiam
2569 5683 2949 5750 perplexarum
2977 5681 3446 5737 machinationum
3474 5676 3630 5751 lines,

2049 5789 2271 5827 socrum
2307 5787 2462 5831 suam
2497 5781 2553 5828 et
2587 5789 2711 5830 cum
2762 5789 2825 5828 ea
2858 5788 3084 5829 uxorem
3123 5774 3405 5845 gravidam
3438 5776 3492 5829 in
3533 5793 3632 5831 nr-

2048 5867 2169 5924 bem
2200 5867 2266 5922 ad
2305 5867 2691 5936 imperatorem
2719 5883 2778 5926 se
2806 5869 3057 5926 conferre
3091 5867 3268 5940 jubet,
3301 5870 3632 5949 aliegaturas
