4066 6286
352 373 456 435 577

1269 379 1368 440 DE
1410 373 1852 446 ANDRONICO
1890 373 2360 441 PAL/EOLOGO
2399 380 2542 441 LIB.
2577 380 2676 442 VI.
3511 381 3578 444 57

361 493 640 564 Ἀδριανοῦ
683 498 900 554 εἴσεισι.
940 499 1157 571 Ταύτην
1203 497 1258 552 δὲ
1295 499 1386 551 καὶ
1425 498 1527 567 τὴν
1563 496 1681 565 μετ’
1711 492 1933 563 ἐκείνην
1963 507 2007 553 Α
2039 494 2336 562 ἐγείρεται,
2371 495 2458 568 [Ρ.
2652 499 2747 552 καὶ
2783 497 2831 550 οἱ
2863 497 2958 552 ἀπ’
2981 495 3269 570 ἀνατολῆς,
3302 497 3376 562 ὡς
3422 500 3620 566 εἰπεῖν,

347 588 554 656 dmin;
588 590 926 660 φιλοτησίαις
963 592 1128 645 αὑτὸν
1173 592 1431 662 βασιλεὺς
1485 587 1722 659 παρῄνει
1753 587 1825 640 τὰ
1849 588 1932 648 si;

347 683 682 750 προσήνειαν
723 683 1116 755 διοριζόμενος,
1164 686 1241 748 ὡς
1273 686 1442 755 μηδὲν
1466 685 1608 746 ὅλως
1645 683 1757 734 τῶν
1796 680 1933 734 Ῥω-

345 777 527 844 μαίων
561 779 888 848 χωρούντων
917 779 1146 834 τοιαῦτα
1171 779 1275 850 ἢθη
1304 779 1608 850 τυραννικὰ
1656 779 1755 830 καὶ
1793 775 1934 828 ἁπόο

347 884 538 936 κροτα.
585 870 820 934 Ἐκεῖνος
877 872 923 924 δ’
976 874 1055 926 ἔτι
1117 872 1370 927 σπεύδων
1420 873 1518 942 τὴν
1576 870 1933 939 ἀποχώρησιν

345 961 507 1012 οἱονεὶ
566 963 939 1031 συνετάττετο,
999 979 1094 1020 και
1151 967 1250 1038 τὴν
1299 965 1628 1033 παραίνεσιν
1675 961 1934 1033 ἁσμένως

343 1053 584 1124 ἐδέχετο.

581 1192 678 1247 κδ’.
713 1197 904 1265 Φόνος
937 1196 1042 1251 τοῦ
1089 1197 1324 1253 Ἰταλοῦ
1360 1196 1688 1269 Καίσαρος.

413 1336 481 1390 Οἱ
516 1338 575 1390 δὲ
620 1338 834 1391 ’Δλανοὶ
866 1338 1164 1409 ὲθύμαινον
1213 1339 1334 1392 κατ’
1368 1339 1556 1405 αὐτοῦ,
1589 1341 1680 1394 τὸν
1735 1342 1930 1411 καιρὸν

346 1431 760 1503 ἐπιτηροῦντες,
799 1431 1018 1502 ἔχοντες
1058 1433 1181 1502 μεθ’
1227 1435 1436 1493 ἑαυτῶν
1473 1434 1567 1488 καὶ
1606 1434 1702 1485 τὸν
1749 1435 1932 1505 Γεωρ-

345 1524 499 1592 γοῦν,
533 1520 596 1586 οὗ
623 1527 653 1579 ὁ
687 1526 800 1588 υίὸς
831 1525 974 1582 κατὰ
1005 1527 1105 1592 τὴν
1142 1525 1382 1590 Κύζικον
1413 1528 1757 1597 ἀπεκτάνθη.
1786 1528 1930 1580 καθὰ

347 1617 656 1686 φθάσαντες
688 1618 940 1688 εἴπομεν.
977 1619 1437 1690 Παρηκολούθουν
1469 1619 1564 1673 οὖν
1589 1620 1768 1691 τούτῳ
1802 1625 1928 1693 σιγῇ

347 1709 498 1764 Low
531 1712 808 1765 κάκεῖθεν.
833 1713 1092 1777 Δοθέντος
1119 1713 1212 1766 οὖν
1235 1715 1429 1784 ἐκεινῳ
1470 1714 1666 1785 καιροῦ
1694 1716 1792 1787 τὴν
1824 1718 1929 1768 Αὑ-

348 1807 582 1872 γοῦσταν
615 1807 744 1860 ἰδεῖν
770 1806 951 1877 μόνον,
979 1809 1087 1860 τῶν
1113 1807 1290 1861 ἄλλων
1328 1808 1551 1862 Ἰταλῶν
1579 1810 1798 1862 πάντων
1823 1811 1928 1876 ἔξω

345 1916 451 1955 που
470 1900 745 1964 ἑστώτων,
759 1903 1139 1972 ἀπερχόμενος
1161 1902 1258 1956 καὶ
1273 1902 1376 1975 ἤδη
1398 1905 1494 1973 τῆς
1519 1903 1697 1973 πύλης
1715 1907 1928 1974 ἀνοιγο-

349 1995 516 2064 μένης
542 1995 637 2048 τοῦ
670 1997 975 2065 οἰκήματος
1005 1997 1064 2048 ὲν
1103 1987 1150 2063 ᾧ
1185 1997 1218 2065 ἡ
1269 1995 1560 2065 Αὐγοῦστα
1598 1992 1686 2067 ἦν,
1715 1999 1928 2068 δέχεται

344 2087 569 2159 καιρίαν
613 2087 710 2158 τὴν
742 2088 962 2160 πληγὴν
988 2087 1214 2142 ὄπισθεν
1242 2088 1332 2142 διὰ
1363 2090 1471 2142 τῶν
1505 2090 1722 2161 νεφρῶν
1779 2091 1930 2158 παρᾶ

343 2182 436 2233 τοῦ
462 2181 717 2250 Γεωργοῦ
749 2180 1042 2250 ζητοῦντος
1069 2185 1130 2237 τὸ
1153 2176 1295 2253 αἷμα
1327 2183 1422 2237 τοῦ
1456 2186 1590 2238 ιδιου
1626 2184 1767 2241 υἱοῦ.
1818 2186 1929 2239 Καὶ

341 2275 486 2329 οὕτω
520 2279 872 2347 παραχρῆμα
916 2275 1131 2343 πίπτει,
1185 2276 1325 2348 ἀνὴρ
1377 2277 1657 2349 βάρϐαρος
1705 2279 1806 2347 μὲν
1837 2279 1932 2331 καὶ

343 2368 527 2429 ἄδικος
553 2368 646 2421 καὶ
676 2369 749 2433 ὡς
777 2370 846 2422 τὰ
872 2369 1046 2421 πολλὰ
1080 2370 1486 2442 φρονηματίας,
1518 2372 1635 2426 ἀλλ’
1674 2373 1770 2426 οὖν
1803 2373 1932 2437 ὀξὺς

342 2465 424 2528 εξς
480 2464 754 2534 πολέμους
809 2466 903 2516 καὶ
952 2464 1400 2535 διεγηγερμένος.
1449 2465 1626 2537 Θροῢς
1676 2469 1931 2522 ἐντεῦθεν

341 2649 608 2718 scriptum
643 2647 694 2700 in
728 2647 1009 2701 Orientem
1052 2646 1177 2702 iter.
1216 2646 1298 2702 Ad
1329 2661 1393 2702 ea
1428 2647 1518 2702 ille
1546 2658 1745 2703 cuncta
1769 2648 1930 2720 535

339 2742 694 2809 olisequiosis
757 2741 1170 2810 humilibusque
1225 2757 1530 2797 occurrens
1605 2745 1926 2812 responsis,

337 2835 503 2888 ﬁdem
557 2834 772 2904 pacifici
810 2850 874 2890 ac
909 2837 1170 2890 submissi
1211 2851 1467 2892 accessus
1504 2837 1720 2907 plenam
1774 2835 1926 2891 fecit.

339 2930 546 2997 Quarta
576 2937 694 2984 erat
729 2928 866 2984 feria
899 2930 1257 2984 hebdomadas
1287 2946 1450 3000 quam
1494 2931 1718 2985 Tliomae
1753 2929 1931 2985 norni-

334 3033 499 3089 nant,
536 3023 755 3093 quando
795 3025 898 3078 sub
934 3038 1221 3093 vesperam
1258 3025 1534 3078 admissus
1570 3025 1638 3078 ab
1679 3025 1929 3093 Augusto

335 3120 520 3175 Caesar
548 3133 671 3173 cum
696 3118 906 3174 cagteris
934 3119 1222 3188 utriusque
1250 3133 1501 3188 persome
1524 3118 1774 3190 dignitati
1797 3134 1933 3173 con-

341 3214 497 3282 gruis
520 3211 751 3267 affectus
770 3223 848 3267 est
877 3211 1204 3278 honoribus,
1232 3221 1344 3266 tum
1372 3228 1576 3266 mensae
1601 3214 1760 3283 regia:
1782 3229 1931 3267 com-

342 3306 491 3360 muni
516 3305 946 3375 participatione
973 3305 1254 3375 dignatus.
1290 3303 1566 3358 Postridie
1598 3305 1764 3359 simul
1796 3321 1921 3360 cum

337 3401 675 3470 imperatore
711 3400 765 3454 in
808 3399 998 3454 urbem
1039 3399 1453 3468 Adrianopolim
1509 3399 1763 3453 invectus
1802 3408 1922 3464 est;

343 3511 448 3564 qua
495 3505 552 3550 et
595 3493 952 3563 consequenti
986 3492 1073 3548 die
1105 3494 1366 3548 omnibus
1403 3494 1626 3548 iudiciis
1657 3493 1926 3548 liberalis-

340 3591 492 3640 sima!
510 3585 901 3640 benevolentia:
917 3583 1192 3639 deliniens
1211 3601 1368 3637 suum
1394 3585 1665 3654 hospitem
1690 3584 1922 3640 Michael

339 3679 625 3748 Augustus
661 3691 784 3731 eum
840 3675 1059 3732 interitu
1097 3690 1428 3752 magnopere
1476 3675 1806 3731 hortabatur
1855 3676 1923 3731 ad

331 3772 657 3827 tractandos
697 3769 1000 3825 modestius
1043 3783 1107 3824 ac
1138 3771 1476 3824 mansuetius
1519 3766 1826 3835 Romanos,
1863 3769 1926 3824 li-

334 3864 468 3919 bere
511 3864 645 3932 quin
681 3861 846 3916 etiam
899 3860 1235 3915 denuntians
1281 3860 1394 3914 ﬁeri
1442 3873 1552 3913 non
1599 3874 1762 3929 posse
1794 3871 1853 3915 ut
1886 3860 1921 3914 ii

337 3957 580 4028 amplius
613 3954 853 4010 obnoxie
903 3957 1198 4024 quieteque
1248 3953 1549 4008 tolerarent
1600 3954 1924 4022 tyrannicas

337 4051 476 4104 istos
508 4057 566 4104 et
611 4048 818 4119 rigidos
859 4047 1036 4116 ipsius
1067 4055 1122 4102 et
1155 4059 1384 4105 suorum
1433 4059 1636 4098 mores.
1667 4044 1798 4100 Eam
1834 4045 1925 4100 ille

339 4141 770 4198 admonitionem
803 4140 1039 4197 libenter
1067 4137 1262 4195 audire
1297 4152 1410 4208 pra:
1441 4153 1502 4192 se
1531 4137 1736 4201 ferens,
1765 4135 1921 4207 quasi

339 4235 606 4290 festinans
637 4234 702 4287 ad
738 4233 1058 4302 imperatam
1093 4231 1237 4285 viam
1269 4229 1471 4286 dimitti
1499 4244 1558 4284 se
1595 4230 1919 4299 postulavit,

339 4329 740 4385 oﬂiciosissime
765 4327 821 4381 in
856 4326 1108 4397 digressu
1137 4323 1256 4380 vale
1285 4325 1494 4380 dicens.

758 4465 850 4519 24.
873 4464 1055 4519 Crede:
1077 4462 1212 4518 Itali
1235 4461 1486 4518 Caesaris.

407 4611 475 4664 At
516 4606 677 4662 Alani
711 4605 805 4676 qui
851 4613 965 4660 tum
1001 4613 1159 4657 erant
1191 4602 1244 4655 in
1280 4601 1568 4656 Michaelis
1607 4602 1873 4656 comitatu
1903 4640 1917 4666 ,

337 4705 543 4758 dudum
577 4701 776 4755 infensi
814 4698 1130 4759 [iontzerio.
1159 4697 1279 4764 ejus
1317 4695 1621 4750 ulciscendi
1673 4698 1920 4761 occasio-

336 4814 458 4852 nem
494 4795 880 4857 observabant,
917 4791 1059 4846 haud
1111 4792 1286 4844 lenem
1339 4791 1404 4844 ad
1440 4791 1490 4844 id
1539 4791 1915 4858 instigatorcm

336 4905 522 4946 secum
562 4888 824 4941 habentes
853 4884 1124 4953 Georgum
1169 4884 1342 4950 illum,
1376 4884 1532 4950 cujus
1574 4884 1741 4937 lilium
1774 4885 1914 4950 apud

337 4987 594 5054 Cyzicum
626 4979 875 5035 Catelani
910 4978 1264 5039 occiderant,
1299 4987 1459 5045 prout
1495 4977 1748 5045 superius
1787 4995 1915 5031 nar-

337 5078 602 5131 ravimus.
626 5072 785 5127 Hunc
808 5072 974 5139 igitur
1006 5070 1158 5126 taciti
1185 5085 1517 5140 quocunque
1549 5087 1607 5124 se
1637 5069 1915 5126 conferret

335 5170 725 5242 sequebantur.
759 5167 1003 5238 Contigit
1042 5175 1224 5220 autem
1290 5168 1336 5221 ei
1379 5166 1622 5236 poscenti
1664 5166 1781 5219 dari
1818 5165 1917 5219 ho-

336 5281 451 5321 ram
479 5261 836 5321 admissionis
877 5263 944 5317 ad
973 5262 1299 5331 Augustam,
1333 5275 1440 5327 quo
1471 5270 1588 5311 erat
1623 5258 1737 5326 ipse
1765 5259 1914 5315 solus

335 5355 791 5421 iiitroducendus,
819 5354 970 5409 Italis
991 5368 1134 5424 quos
1172 5352 1407 5406 ducebat
1434 5351 1690 5416 comites,
1721 5352 1911 5421 procul

334 5462 490 5508 extra
515 5450 662 5506 fores
686 5449 873 5520 palatii
892 5449 1063 5523 jussis
1087 5447 1408 5504 subsistere.
1435 5445 1545 5502 Hoc
1571 5459 1911 5502 momentum

333 5547 450 5602 suis
483 5546 732 5602 consiliis
765 5543 1108 5614 aptissimum
1155 5541 1312 5594 Alani
1364 5542 1564 5610 cupide
1600 5551 1911 5610 captantes,

335 5641 657 5699 destitutum
687 5638 945 5709 praesidio
980 5651 1206 5692 suorum
1248 5634 1518 5689 Caesarem
1572 5635 1625 5688 in
1663 5636 1784 5706 ipso
1816 5652 1914 5691 cu—

336 5737 497 5794 hieuli
529 5737 791 5806 Augusta:
837 5735 988 5788 aditu
1036 5745 1066 5784 ε
1099 5739 1248 5800 tergo
1303 5730 1457 5798 plaga
1497 5731 1681 5786 lethali
1721 5733 1776 5785 in
1826 5747 1912 5786 re-

336 5831 500 5886 nibus
548 5828 937 5886 transl‘odiuut.
973 5827 1178 5883 Auctor
1229 5826 1472 5881 vulneris
1521 5827 1638 5895 ipse
1664 5825 1914 5897 Georgus

335 5920 457 5988 fuit,
492 5937 680 5993 pinnas
713 5919 990 5976 interfecti
1023 5919 1116 5974 ﬁlii
1148 5931 1422 5987 repetens.
1463 5917 1539 5972 Eo
1569 5917 1758 5974 Caesar
1799 5921 1910 5975 ictu

2033 585 2245 642 ἐκεῖνον
2289 587 2664 659 διεσπάραξαν
2705 591 2799 643 καὶ
2834 591 3187 662 ἀπεῤῥόφουν
3216 591 3312 644 τοῦ
3360 592 3622 660 αἵματος.

2036 679 2146 732 ’τῶν
2196 682 2342 739 ἰδίων
2397 684 2784 755 μεμνημένον
2839 685 3015 748 οὕτως
3063 685 3303 749 ὥπλιζεν
3339 689 3539 752 αὐτοὺς
3584 689 3619 759 ἡ

2037 777 2228 832 κακία.
2265 779 2534 845 ’Ἄραντες
2579 774 2674 833 οὖν
2730 780 2824 834 τὸν
2861 765 3056 851 νεκρὸν
3107 782 3318 834 ἐκείνου
3355 781 3462 846 ἔξω
3513 800 3620 836 που

2036 871 2500 942 καταρῤίπτουσι.
2533 872 2702 927 Τοῦτο
2726 872 2925 943 μαθὼν
2965 874 2995 926 ὁ
3028 873 3285 944 βασιλεὺς
3323 877 3417 933 καὶ
3462 875 3621 946 μόλις

2037 964 2234 1017 ἑαυτοῦ
2284 966 2525 1034 γεγονὼς
2571 969 2762 1038 ἠρώτα
2807 969 2913 1039 πρὸ
2950 969 3170 1022 πάντων
3213 970 3478 1040 περὶτῆς
3507 970 3619 1026 Αὑ-

2038 1057 2275 1126 γούστης
2306 1063 2354 1113 εξ
2391 1064 2576 1132 περιῇ·
2613 1061 2773 1130 φόνος
2802 1052 2931 1133 γάρ,
2965 1065 3042 1127 ὼς
3069 1065 3289 1135 ἢκουον,
3317 1066 3621 1134 εἰργασμέ-

2036 1167 2122 1213 νος
2153 1153 2211 1203 ὲν
2243 1151 2320 1221 τῷ
2370 1153 2540 1222 αὐτῆς
2573 1156 2836 1225 οἰκήματι
2876 1157 2951 1225 μή
2983 1174 3035 1209 τι
3065 1157 3294 1230 κάκείνη
3347 1158 3620 1213 πέπονθεν

2036 1247 2338 1314 ἀνήκεστον
2370 1246 2563 1316 φοϐεῖν
2606 1248 2837 1318 ἐπῆγεν.
2879 1248 2966 1312 Ὧς
3000 1249 3130 1319 γοῦν
3164 1249 3233 1305 τὰ
3277 1251 3485 1322 χρηστὰ
3518 1251 3620 1320 μὲν

2035 1338 2166 1406 περὶ
2195 1338 2295 1408 τῆς
2324 1341 2645 1410 Αὑγούστης
2682 1341 2869 1411 μαθὼν
2897 1339 2984 1414 ἦν,
3020 1342 3121 1396 κᾶν
3149 1338 3261 1397 οἷον
3294 1343 3622 1414 ὑπερπαθή-

2035 1444 2133 1491 σας
2161 1431 2256 1482 τοῦ
2285 1430 2500 1501 ἀνδρὸς,
2548 1432 2700 1503 ὅμως
2744 1434 3006 1506 φρόνιμος
3037 1431 3114 1488 ὢν
3163 1434 3624 1504 προεμηθεύσατο

2037 1522 2177 1575 πάνυ
2205 1524 2405 1593 σοφῶς,
2430 1525 2525 1579 καὶ
2551 1527 2880 1597 προσέταττε
2907 1525 2984 1596 μὴ
3010 1525 3352 1595 ὲκφανθῆναι
3376 1527 3436 1580 τὸ
3466 1527 3626 1582 σύνο-

2034 1614 2125 1670 λον
2151 1619 2264 1680 τοῖς
2299 1617 2482 1679 ἄλλοις
2533 1619 2758 1680 Ἰταλοῖς
2789 1619 2988 1674 ἑκατὸν
3031 1619 3128 1672 καὶ
3169 1620 3509 1688 πεντήκοντα
3526 1619 3621 1677 τδν

2036 1710 2270 1779 ἀριθμὸν
2325 1709 2500 1766 οὖσιν.
2550 1712 2824 1775 Ἐκείνους
2881 1711 2974 1765 οὗν
3033 1698 3197 1782 μτίδὲν
3253 1712 3464 1776 εἰδότας
3506 1711 3620 1767 τῶν

2009 1797 2365 1873 ’συμϐάντων
2423 1807 2549 1875 σιγῇ
2613 1805 2755 1857 κατὰ
2800 1804 2859 1858 τὸ
2894 1804 3225 1873 πρόσταγμα
3272 1804 3622 1874 περικυκλώ-

2038 1913 2226 1959 σαντες
2264 1898 2560 1953 ἐκέλευσαν
2590 1898 2808 1969 ὁρισμῷ
2841 1898 2935 1951 τοῦ
2972 1896 3238 1967 βασιλέως
3266 1899 3334 1951 τὰ
3366 1898 3511 1951 ὅπλα
3539 1899 3622 1959 εἰς

2033 1989 2138 2058 γῆν
2175 1989 2368 2053 θεῖναι,
2398 1990 2494 2047 καὶ
2524 1991 2734 2045 ἀκονιτὶ
2763 1988 3158 2060 ἐχειρώσαντο,
3199 1991 3346 2052 sak-
3371 1991 3620 2060 εἱρκταῖς

2034 2083 2127 2135 dier
2140 2083 2300 2147 πλους
2329 2082 2839 2153 ἑγκατακλιίοντες.
2888 2082 3170 2140 Ἐντεῦθεν
3199 2085 3249 2136 οἱ
3279 2082 3496 2138 ’Δλανοὶ
3525 2084 3621 2140 καὶ

2033 2177 2345 2230 ἀνατολικοὶ
2374 2177 2467 2229 τοῦ
2500 2178 2777 2247 Καίσαρος
2812 2181 2992 2246 φονεῖς
3024 2177 3252 2245 φανέντι
3294 2177 3374 2249 τῷ
3408 2176 3623 2247 βασιλιτ

2031 2271 2132 2337 τὴν
2159 2269 2365 2337 τόλμαν
2398 2270 2790 2338 ἀπελογοῦντο.
2837 2272 2914 2333 ὡς
2954 2272 3055 2327 οὐκ
3097 2271 3276 2334 ἄλλως
3309 2272 3411 2327 οὐκ
3439 2269 3498 2325 ὂν
3542 2271 3618 2342 μὴ

2033 2365 2124 2418 τὸν
2157 2363 2372 2418 πολλῶν
2401 2365 2702 2439 ἀλάστορα,
2725 2366 2907 2422 αὐτῶν
2928 2366 2986 2418 δὲ
3010 2367 3276 2436 βασιλέων
3301 2361 3619 2439 ἀποστάτην

2034 2459 2132 2531 τὴν
2161 2459 2408 2531 γνώμην,
2449 2460 2698 2532 ἀνηλεῶς
2724 2462 3190 2529 κατασφάττοιεν.
3223 2459 3408 2516 Ἄλλοι
3433 2459 3490 2515 δὲ
3521 2457 3620 2515 καὶ

2035 2647 2287 2718 protinus
2334 2644 2592 2709 concidit,
2641 2649 2804 2700 homo
2851 2646 3121 2702 barbarus
3161 2647 3252 2702 ille
3297 2647 3520 2718 quidem
3564 2654 3620 2702 et

2035 2740 2296 2812 injustus,
2332 2757 2656 2812 magnorum
2715 2753 2894 2795 tamen
2938 2744 3260 2811 plerumque
3316 2742 3612 2811 spirituum

2033 2833 2200 2904 526
2226 2837 2457 2905 altaeque
2489 2837 2708 2902 mentis,
2751 2852 2850 2888 nec
2890 2851 2996 2888 non
3028 2843 3188 2890 acute
3217 2836 3483 2905 providus
3519 2851 3618 2889 ex-

2032 2929 2312 3001 peditique
2342 2931 2396 2985 in
2450 2929 2608 2986 bellis
2651 2931 2894 2993 consilii,
2927 2931 2991 2985 ad
3030 2930 3148 2984 haec
3179 2937 3538 2998 experrectus
3563 2936 3622 2984 et

2036 3025 2235 3079 acerin
2266 3023 2652 3079 occasionibus
2685 3024 2759 3078 rei
2791 3023 3067 3092 gerendae.
3091 3021 3330 3092 Strepitu
3358 3037 3455 3092 per
3473 3021 3620 3076 hunc

2033 3133 2224 3174 casum
2265 3118 2546 3173 concitato
2589 3118 2790 3172 cohors
2839 3117 3088 3185 quaedam
3134 3132 3241 3173 non
3287 3115 3448 3186 longe
3493 3116 3621 3171 inde

1957 3218 1998 3274 ο
2035 3211 2247 3265 distans
2291 3211 2524 3264 militum
2557 3210 2888 3265 Asianorum
2925 3209 3099 3279 prima
3147 3207 3295 3279 quod
3343 3207 3622 3263 acciderat

2031 3304 2307 3373 cognovit.
2335 3303 2399 3357 lli
2448 3319 2721 3374 memores
2743 3305 2994 3373 gravium
3043 3302 3381 3372 injuriarum
3418 3301 3621 3371 quibus

2033 3396 2361 3451 liontzerius
2394 3412 2525 3452 suos
2556 3397 2797 3466 ipsormn
2825 3397 2976 3450 cives
3030 3396 3453 3466 popularesque.
3482 3395 3618 3464 quin

2028 3498 2080 3544 et
2101 3491 2482 3560 plerorumque
2499 3498 2758 3561 cegnatos
2775 3489 3105 3559 intimasque
3119 3486 3307 3544 aliines
3328 3485 3586 3545 afﬂixerat
3599 3525 3618 3551 ,

2029 3601 2092 3641 ea
2123 3586 2176 3637 in
2210 3584 2390 3655 ipsum
2429 3586 2708 3638 iri-uerunt
2738 3586 2891 3638 rabie
2931 3591 2992 3641 ut
3022 3583 3140 3649 ejus
3182 3581 3508 3651 sanguinem
3545 3579 3618 3634 li~

2028 3679 2213 3747 gurire
2267 3678 2405 3732 velle
2432 3679 2770 3732 videremur.
2808 3679 3226 3745 Discerpserunt
3274 3689 3407 3744 ergo
3447 3671 3618 3730 mori~

2030 3776 2271 3829 bundum
2301 3773 2598 3828 insatiabili
2627 3773 2833 3837 lurore,
2862 3781 3028 3840 atque
3057 3785 3338 3839 exsangue
3365 3766 3478 3837 jam
3519 3781 3616 3823 ca-

2030 3871 2199 3925 daver
2239 3872 2292 3924 in
2327 3869 2503 3925 locum
2539 3878 2690 3922 extra
2725 3870 3013 3922 seductum
3046 3866 3414 3936 projecerunt.
3464 3863 3615 3919 Con-

2030 3976 2314 4023 sternatus
2354 3966 2457 4020 isto
2491 3963 2774 4033 inopinato
2800 3961 3036 4015 tumultu
3069 3960 3353 4024 Augustus
3384 3957 3616 4013 Michael

2031 4061 2264 4130 primum
2313 4057 2580 4121 omnium,
2632 4054 2777 4125 quod
2826 4053 2933 4107 vim
2959 4053 3013 4105 iu
3065 4051 3326 4121 Augusta!
3362 4049 3618 4109 cubiculo

2030 4155 2229 4208 factam
2271 4151 2528 4216 audiret,
2564 4151 2633 4204 de
2685 4149 2804 4216 ipsa
2849 4147 3050 4210 timuit,
3102 4161 3169 4201 ne
3210 4143 3344 4217 quid
3399 4143 3618 4200 sinistri

2031 4262 2190 4318 passa
2227 4257 2394 4302 esset.
2438 4244 2913 4313 Percontatusquc
2937 4284 2952 4310 ,
2989 4251 3048 4296 ut
3097 4237 3356 4310 cognovit
3405 4240 3614 4296 salvam

2029 4358 2153 4397 esse
2182 4342 2376 4411 ipsam,
2412 4340 2590 4395 solum
2627 4337 2958 4394 trucidatum
2994 4336 3162 4391 tuisse
3180 4333 3474 4397 Caesarem,
3510 4333 3616 4387 etsi

2029 4434 2130 4487 viri
2171 4447 2305 4487 casu
2343 4431 2598 4494 indoluit,
2637 4439 2816 4484 tamen
2845 4469 2860 4492 ,
2901 4439 2959 4484 ut
3004 4438 3126 4482 erat
3173 4424 3434 4496 prudens,
3476 4439 3615 4493 pra:-

2029 4527 2351 4582 vertendum
2387 4534 2611 4579 strenue
2645 4524 2894 4593 putavit,
2928 4536 2994 4576 ne
3038 4520 3185 4590 quid
3224 4534 3255 4575 a
3289 4517 3614 4572 Latinorum

2029 4620 2267 4676 Caesaris
2296 4619 2557 4674 comitum
2591 4616 2879 4686 desperata
2918 4615 3070 4669 rabie
3100 4614 3332 4667 funestae
3369 4624 3615 4665 commo-

2034 4712 2201 4764 tionis
2261 4709 2523 4764 oriretur.
2596 4707 2841 4760 Primum
2913 4703 3390 4760 accuratissimam
3469 4701 3618 4755 dedit

2030 4820 2251 4873 operam
2293 4819 2358 4856 ne
2408 4804 2580 4857 ullum
2631 4801 2699 4854 ad
2757 4816 2878 4863 eos,
2933 4799 3071 4853 foris
3109 4797 3201 4852 ubi
3253 4798 3498 4862 stabant,
3538 4795 3614 4850 rei

2027 4909 2188 4970 geste
2249 4895 2513 4950 indicium
2554 4906 2869 4959 emanaret;
2921 4886 3257 4961 interimque
3283 4892 3441 4961 jussu
3489 4889 3614 4955 ejus

2028 4991 2343 5060 przcturiani
2371 4989 2612 5043 maximo
2637 5002 2868 5041 numero
2891 4984 3302 5041 circumdantes
3330 4983 3452 5036 illos
3480 4980 3612 5034 nihil

2024 5090 2204 5140 minus
2226 5089 2524 5155 opinantes
2557 5093 2610 5138 et
2643 5083 2887 5138 funditus
2921 5083 3138 5152 ignaros
3171 5081 3370 5150 patrati
3403 5078 3614 5133 facino-

2021 5182 2120 5244 ris,
2155 5182 2446 5249 jusserunt
2474 5179 2708 5248 Augusti
2747 5178 2966 5231 neruine
2995 5190 3145 5229 arma
3179 5190 3299 5244 quae
3325 5173 3610 5243 gestabant

2023 5274 2172 5328 humi
2213 5274 2508 5342 deponere.
2547 5273 2640 5327 Sic
2671 5287 2766 5327 eos
2797 5272 2916 5326 sine
2946 5271 3246 5325 certamine
3293 5276 3612 5322 exarmatos

2023 5374 2077 5419 et
2113 5366 2540 5434 comprehensos
2591 5363 2879 5417 universos
2927 5363 3194 5416 custodiis
3240 5359 3611 5415 incluserunt.

2025 5457 2140 5512 Sub
2168 5461 2280 5512 haec
2307 5458 2457 5513 danti
2482 5471 2538 5512 se
2564 5458 2619 5512 in
2652 5465 3011 5526 conspectum
3040 5457 3286 5525 Augusto
3308 5453 3606 5505 Alanorum

2023 5555 2295 5624 primores
2317 5564 2570 5608 auctores
2594 5554 2758 5607 caedis
2787 5561 2840 5605 et
2865 5550 3148 5620 adjutores
3167 5549 3354 5603 Asiani
3379 5546 3613 5600 lldenter

2023 5647 2365 5702 excusabant
2397 5646 2618 5710 factum,
2649 5647 2774 5715 jure
2807 5645 3051 5700 occisum
3074 5659 3102 5697 a
3128 5659 3186 5697 se
3214 5641 3410 5696 falsum
3443 5641 3607 5692 istum

2022 5743 2295 5798 Caesarem
2329 5741 2560 5805 aientes,
2600 5755 2724 5794 cum
2779 5741 2831 5792 in
2875 5738 3139 5792 ultionem
3194 5736 3510 5804 rapinarum
3555 5744 3610 5784 et

2022 5832 2351 5902 ﬂagitiorum
2383 5832 2583 5901 quibus
2623 5830 2902 5886 Romanos
2933 5829 3367 5885 insolentissime
3409 5841 3608 5880 vexas-

2022 5934 2126 5991 set,
2178 5931 2292 5978 tum
2326 5923 2382 5976 in
2417 5923 2852 5994 praecautionem
2885 5923 3200 5979 rebellionis
3235 5935 3395 5993 quam
3444 5919 3612 5992 perli-
