4066 6286
287 323 406 389 585

1220 325 1320 388 DE
1359 323 1800 388 ANDRONILO
1839 322 2301 386 PALIEOLOGO
2343 324 2488 386 LIB.
2531 324 2634 387 Vl.

3457 320 3564 385 58ft

283 460 415 512 γειν
467 444 606 499 κατὰ
636 441 735 515 τὴν
769 443 1006 516 περαίαν
1035 445 1150 508 τοῖς
1177 442 1549 507 Γεννουῖταις,
1581 441 1685 495 οὐκ
1722 436 1869 516 εἶχον
1901 448 1943 503 Α
1975 459 2229 513 στρεφεν.
2266 443 2492 515 Ὥρμων
2527 443 2572 496 δ’
2603 441 2804 497 αὸτίκα
2841 440 2937 496 καὶ
2972 440 3162 502 ἄλλαις
3201 438 3403 501 οἰκίαις
3437 441 3564 490 ἐπι-

281 538 411 592 ὲκεῖ
443 538 730 607 γενόμενοι
753 537 1051 608 τιμωρεϊνο
1105 537 1372 608 μαθόντες
1411 534 1471 588 δὲ
1503 533 1880 605 τηρουμένους

282 632 472 694 τινας,
522 634 580 684 ἐν
607 625 689 694 οἷς
717 632 745 682 ὁ
791 628 1084 702 ἀμηραλῆς
1127 626 1454 698 ἐπεφέρετο,
1486 626 1629 680 κατὰ
1650 627 1750 695 τὴν
1780 624 1876 680 τοῦ

284 725 512 792 παχέος
573 721 774 776 Ῥαοῦλ
833 721 1032 788 οἰκίαν,
1085 719 1417 794 παμπληθεῖ
1470 717 1880 790 συρῤεύσαντες

288 813 578 885 ὲμὸριθῶς
604 813 852 884 ἀπῄτουν
890 814 1156 878 ἐκείνους.
1220 813 1311 877 Ὦς
1331 811 1376 867 δ’
1407 811 1507 866 οὐκ
1536 807 1604 884 ἦν
1630 812 1877 873 ἐκείνους

283 909 363 963 ὲκ
406 907 502 962 τοῦ
541 909 717 980 ῥᾷστα
758 907 1122 979 προδοθέντας
1158 908 1428 977 ἀναιρεῖν,
1483 903 1570 979 [Ρ.
1595 904 1722 978 570]
1767 905 1877 975 πῦρ

287 999 505 1051 ἐνιᾶσιν
528 996 726 1050 αὐτίκα
754 997 848 1050 καὶ
877 990 1055 1049 οἰκίαν
1088 994 1467 1067 πυρπολοῦσιν
1507 997 1750 1062 ἐκείνην,
1783 994 1878 1055 καὶ

289 1091 476 1167 πάντα
517 1107 574 1144 τε
633 1088 859 1160 τὰκείνῃ
909 1088 1232 1160 διαφέρουσι
1282 1088 1379 1142 καὶ
1407 1089 1508 1141 οὐκ
1536 1087 1697 1156 ὀλίγα
1725 1089 1876 1144 δεινὰ

289 1185 443 1239 κατὰ
475 1185 576 1257 τὴν
624 1184 802 1237 οὶκίαν
835 1182 941 1235 τῶν
969 1182 1055 1236 το)
1071 1181 1305 1252 μώντων
1354 1181 1589 1250 ἐγίνετο.
1619 1183 1876 1236 Κατιλά-

287 1296 420 1340 νους
449 1277 505 1330 δὲ
549 1276 713 1348 μέχρι
747 1276 844 1329 καὶ
894 1275 1062 1329 αὐτοῦ
1107 1275 1340 1332 θανάτου
1370 1274 1617 1345 στερρῶς
1656 1277 1874 1346 ἀντεχο-

290 1371 496 1437 μένους
536 1369 635 1424 σὺν
663 1368 845 1440 πολλῷ
890 1367 968 1440 τῷ
998 1369 1151 1440 πόνῳ
1204 1367 1323 1439 ἅμα
1359 1368 1462 1440 μὶν
1497 1368 1726 1439 σιδήρῳ,
1760 1367 1877 1438 ἅμα

288 1463 355 1516 δὲ
385 1465 477 1516 καὶ
504 1460 640 1532 πυρὶ
683 1460 1036 1531 καθαιροῦσι,
1077 1462 1308 1534 μηδενὸς
1366 1462 1479 1515 οἴου
1514 1463 1562 1516 τ’
1591 1460 1743 1525 ὄντος
1773 1461 1876 1534 τὴν

286 1555 475 1626 ὁρμὴν
499 1555 721 1626 ἐπέχειν
735 1555 830 1609 τοῦ
857 1556 1119 1626 πλήθους.
1156 1555 1267 1608 Καὶ
1299 1555 1412 1626 γὰρ
1434 1555 1528 1609 καὶ
1549 1557 1576 1608 ὁ
1603 1570 1876 1626 πατριαρ-

290 1648 474 1719 χεύων
514 1649 746 1711 ἐπιστὰς
784 1648 967 1717 λόγοις
1002 1648 1408 1719 μειλικτηρίοις
1460 1651 1726 1720 ἐπειρᾶτο
1775 1650 1876 1720 τὴν

1982 539 2208 606 χειρεῑν,
2237 538 2332 590 καὶ
2359 538 2596 608 μάλιστα
2617 536 2986 608 μεγιστάνων,
3014 538 3127 598 τοῖς
3148 535 3562 604 δημαγωγικοῖς

1981 629 2163 698 λόγοις
2214 633 2323 686 τῶν
2359 633 2702 687 ἐπιστάντων
2731 632 2827 686 καὶ
2866 629 3068 701 μᾶλλον
3103 625 3562 699 παρακροτούμε·

1981 738 2080 775 νοι.
2105 723 2216 776 Καὶ
2246 724 2401 795 παρὰ
2427 725 2526 796 τὴν
2575 724 2684 779 τῶν
2716 723 3048 777 Κατελάνων
3084 723 3269 776 αἰτίαν
3291 720 3368 783 ὡς
3398 719 3561 789 δῆθεν

1981 814 2041 867 ἐν
2071 815 2263 880 αὐταῖς
2296 817 2715 887 κρυπτομένων,
2771 817 3020 888 ὲχείρουν
3052 816 3146 868 καὶ
3175 807 3258 876 οἷς
3289 814 3379 884 ἄρ’
3415 808 3564 884 εἶχον

1981 907 2043 959 ἔκ
2073 925 2234 961 τινων
2272 911 2614 979 αίτιαμάτων
2652 911 2994 982 μέμφεσθαι.

1980 1017 2084 1084 κζ’.
2117 1021 2253 1088 Περὶ
2287 1020 2408 1076 τῶν
2431 1023 2499 1076 ἐκ
2531 1024 2845 1104 Γεννούεις
2882 1022 3191 1094 φανεισῶν
3218 1020 3293 1088 ις’
3317 1018 3568 1092 μακρῶν

2805 1113 2860 1149 ν.

2805 1113 2860 1149 ν.

2045 1179 2137 1252 {P.
2174 1181 2327 1255 574]]
2386 1184 2505 1238 Κᾶν
2555 1185 2614 1239 τὺ
2653 1112 2826 1240 xm;
2879 1174 3116 1258 προέϐη,
3153 1188 3200 1239 εί
3236 1186 3310 1258 μή
3343 1203 3404 1254 γε
3439 1195 3562 1239 κατ’

1977 1273 2193 1344 ἐκείνην
2220 1274 2317 1344 τὴν
2343 1275 2515 1330 νύκτα
2549 1278 2614 1330 ἐκ
2645 1277 2913 1344 Γεννούας
2959 1279 3172 1348 μακραὶ
3207 1279 3334 1346 νῆες
3373 1277 3568 1331 ἐκκαί‹

1977 1362 2132 1428 δεκα,
2172 1367 2496 1437 ἐμπορικῶν
2551 1368 2840 1439 ἑπίφορτοε
2893 1369 3369 1440 προσδοκώμενα,
3412 1369 3564 1421 νότου

1979 1457 2242 1524 πεσόντος
2277 1459 2506 1530 μετρίου
2562 1464 2660 1515 καὶ
2720 1461 2875 1534 παρὰ
2925 1462 3017 1516 τὸν
3071 1462 3174 1532 τῆς
3231 1461 3570 1533 προσδοκίας

1979 1551 2178 1621 καιρὸν
2205 1553 2518 1620 ἐφίσταντο.
2556 1549 2663 1607 Ἦν
2692 1554 2791 1625 μὲν
2821 1549 2914 1608 οὗν
2951 1557 3066 1617 τοῖς
3097 1554 3436 1617 Κατελάνοις
3467 1557 3569 1606 καὶ

1989 1643 2393 1714 Ἀμογ-λσάροις
2441 1646 2946 1717 ναυλοχησαμένοις
3001 1649 3144 1701 κατὰ
3202 1646 3265 1700 τὸ
3345 1646 3571 1716 Ῥήγιον

289 1739 475 1812 ὁρμὴν
539 1740 915 1808 ἀναστέλλειν,
969 1740 1028 1805 ὃς
1089 1741 1186 1796 καὶ
1234 1743 1334 1812 τὴν
1376 1742 1878 1812 παρακινδύνευσιν
1909 1765 1953 1822 Β
1982 1738 2339 1808 πραττόμενα
2366 1737 2431 1791 τὰ
2456 1739 2626 1803 δεινὰ.
2659 1742 2756 1795 καὶ
2780 1741 2855 1804 ὡς
2891 1742 3118 1813 φοσεροὶ
3168 1742 3308 1794 κατά
3331 1741 3391 1794 τὺ
3421 1740 3571 1803 εἶκδῖ

291 1835 676 1899 ὑποτοπάσας,
732 1834 911 1900 ἄλλως
965 1837 1157 1907 φανεὶς
1187 1837 1421 1901 ἐκείνοις
1452 1836 1530 1908 τῷ
1561 1836 1884 1905 καθυφεῖναι

292 1926 331 1997 ἢ
375 1928 448 1988 ὡς
499 1928 714 1980 οἴκοθεν
746 1927 935 1998 ὥρμα,
986 1927 1288 1985 καὶπολλὰ
1339 1928 1599 2002 ἐλπίζων,
1635 1929 1885 1984 καθυπι-

294 2119 602 2189 captandae.
658 2115 882 2171 interim
935 2113 1263 2171 Genuenses
1315 2116 1511 2174 orabat
1558 2111 1881 2187 imperator,

293 2214 507 2280 aliquot
531 2209 696 2264 etiam
731 2222 1085 2263 nummorum
1121 2208 1292 2262 millia
1324 2208 1472 2268 ultro
1509 2207 1751 2280 largiens
1775 2248 1791 2272 ,
1825 2215 1884 2264 ut

293 2320 323 2358 e
361 2304 481 2358 suis
515 2301 622 2356 sibi
672 2301 968 2356 navarchis
1002 2300 1068 2354 ad
1103 2300 1155 2355 id
1199 2309 1390 2370 aptum
1440 2299 1679 2370 aliquem
1718 2300 1881 2370 classi

293 2393 564 2450 Romana:
616 2393 1025 2463 praeﬁciendum
1084 2391 1305 2447 darent.
1369 2389 1666 2470 Multitudo
1717 2407 1883 2461 porro

289 2502 665 2546 convenarum
711 2494 918 2542 temere
950 2500 1050 2556 per
1081 2485 1271 2541 urbem
1327 2500 1554 2556 vagans,
1597 2500 1778 2540 causa:
1814 2499 1877 2540 ac

291 2582 532 2638 fortuna:
559 2583 823 2637 societate
862 2580 916 2635 in
949 2595 1118 2634 unum
1146 2587 1335 2635 coacta
1365 2587 1595 2646 coetum,
1629 2579 1882 2650 querulis

291 2695 355 2736 se
381 2687 595 2744 mutuo,
621 2686 681 2731 ut
706 2675 823 2730 ﬁeri
852 2674 1014 2740 solet,
1038 2673 1368 2731 incendebat
1397 2672 1652 2735 vocibus,
1677 2675 1884 2729 iterans

288 2786 421 2842 quas
452 2769 520 2823 de
544 2765 946 2822 vastationibus
969 2766 1256 2836 regionum
1284 2774 1437 2820 extra
1469 2764 1660 2820 urbem
1686 2766 1874 2834 gravia

291 2865 349 2918 in
415 2850 588 2917 horas
629 2869 683 2916 et
739 2859 1074 2916 miserabilia
1122 2859 1545 2916 nuntiabantur.
1595 2858 1883 2915 Addebant

297 2951 531 3022 quidam
568 2941 872 3022 provinciis
898 2950 1125 3021 perditis
1158 2951 1437 3006 civitatem
1479 2967 1627 3006 nunc
1664 2953 1837 3022 ipsam
1864 2991 1880 3018 ,

297 3049 524 3103 unicum
557 3047 796 3103 cladium
830 3045 1164 3117 perfugium,
1199 3061 1368 3116 prope
1407 3061 1435 3098 a
1464 3046 1751 3100 dominatu
1780 3046 1881 3100 ho-

1986 1827 2217 1897 δοκοῖεν,
2247 1830 2415 1900 νήπια
2449 1831 2546 1902 μὲν
2574 1830 2632 1896 ἐξ
2653 1833 2968 1902 ἁφεδρῶνος
2991 1835 3048 1896 ἐς
3077 1833 3254 1903 στόμα
3278 1835 3393 1894 τοῖς
3415 1829 3566 1892 ἰδίοις

1989 1920 2214 1987 παλτοῖς
2275 1922 2662 1995 ὲμπείρουσιν,
2703 1924 2917 1996 ἀνδρῶν
2961 1924 3020 1981 δὲ
3048 1926 3173 1987 τοὺς
3219 1923 3319 1996 μὲν
3354 1939 3570 1993 πυρπο-

1985 2101 2094 2168 nis,
2144 2103 2314 2159 multa
2356 2118 2607 2175 sperans,
2653 2114 2707 2161 et
2751 2119 2942 2178 parata
2984 2121 3108 2180 qua:
3147 2108 3358 2164 diceret
3401 2107 3568 2162 domo

1986 2193 2258 2260 aﬂ‘erens,
2304 2197 2478 2252 turba:
2523 2212 2671 2253 nunc
2699 2213 2863 2269 quam
2909 2211 3070 2256 antea
3119 2201 3320 2257 saevius
3359 2198 3568 2254 furenti

1989 2303 2162 2342 ausus
2196 2303 2518 2358 occurrere,
2556 2291 2782 2348 minime
2822 2292 2937 2363 jam
2980 2293 3349 2349 familiaribus
3380 2302 3569 2349 astan-

1989 2381 2122 2436 tium
2150 2385 2436 2440 obtutibus
2470 2386 2690 2443 territus
2722 2402 2785 2442 ac
2812 2387 2918 2443 sibi
2945 2388 3055 2444 vim
3099 2387 3197 2460 ipsi
3242 2389 3467 2454 timens,
3509 2392 3568 2445 in

1986 2474 2142 2533 inero
2173 2479 2355 2546 posuit
2376 2479 2523 2549 qttod
2552 2496 2582 2535 ο
2609 2481 2763 2548 plebe
2799 2480 2912 2551 jam
2950 2483 3159 2537 imbuta
3184 2498 3384 2538 cruore
3415 2483 3568 2541 civili

1987 2568 2322 2628 incolumem
2353 2587 2667 2644 regressum
2701 2575 3024 2630 humillimis
3054 2577 3328 2633 eblandiri
3356 2580 3564 2636 valuis-

1987 2673 2069 2718 set
2095 2664 2398 2735 obsequiis.
2427 2664 2566 2720 liinc
2594 2666 2708 2734 jam
2737 2667 2813 2723 illi
2843 2668 2992 2723 velut
3024 2686 3204 2724 rerum
3233 2671 3377 2728 haud
3400 2671 3569 2729 dubio

1986 2764 2265 2827 potentes,
2322 2759 2677 2814 destinabant
2730 2761 3026 2831 direptioni
3070 2771 3241 2831 atque
3314 2761 3568 2820 incendio

1988 2849 2123 2903 alias
2154 2849 2370 2917 domos,
2405 2852 2713 2921 praesertim
2752 2869 2884 2908 vero
2917 2867 3250 2926 magnatum,
3281 2869 3440 2925 prout
3468 2871 3567 2914 eos

1985 2945 2188 2998 ducum
2224 2959 2478 3010 suorum,
2513 2946 2732 3001 cuidam
2766 2947 3059 3018 procerum
3095 2948 3447 3016 peculiariter
3477 2951 3566 3005 in-

1989 3037 2286 3092 videntium
2323 3047 2417 3092 aut
2450 3039 2556 3093 alia
2583 3037 2650 3094 de
2675 3053 2840 3095 causa
2867 3040 3238 3111 infensorum,
3274 3042 3565 3101 malitiosa:

297 3142 472 3198 stium
503 3141 716 3196 abesse.
742 3138 801 3194 in
819 3155 884 3195 ea
911 3134 1136 3210 impune
1167 3138 1394 3206 versari,
1424 3141 1771 3209 indulgenter
1804 3137 1886 3192 fo-
1917 3119 1958 3177 (ἶ
1993 3130 2374 3202 instigatioues
2393 3132 2448 3185 in
2471 3147 2598 3185 eum
2624 3133 3177 3204 concitabant,quasi
3206 3134 3324 3192 suis
3353 3138 3407 3191 in
3435 3139 3570 3195 aedi-

300 3233 417 3289 veri
451 3231 770 3298 Catelanos,
803 3233 969 3288 etiam
999 3240 1289 3303 postquam
1322 3232 1375 3285 in
1402 3230 1651 3300 ﬂagranti
1675 3231 1886 3286 scelere

291 3327 653 3383 consiliorum
727 3315 1105 3396 Opprimendte
1172 3325 1491 3395 reipublicat
1546 3325 1881 3396 deprehensi

293 3420 463 3476 modo
492 3419 626 3475 sint.
653 3416 804 3474 Haud
828 3434 971 3487 egre
1005 3419 1134 3473 hinc
1162 3419 1460 3475 deventum
1492 3419 1562 3473 ad
1583 3420 1880 3476 vehemens

291 3511 640 3581 propositum
691 3508 1136 3565 ulciscendorum
1188 3524 1355 3564 manu
1401 3509 1743 3565 nefariorum
1780 3510 1880 3566 ho-

292 3603 462 3657 stium
502 3601 771 3669 urbisque
803 3597 1024 3655 funesta
1054 3599 1365 3656 colluvione
1390 3601 1708 3672 purgandae.
1738 3600 1874 3656 Cum

293 3703 480 3747 autem
520 3691 909 3746 Catelanorum
945 3689 1241 3761 plerosque
1275 3701 1558 3761 receptum
1598 3691 1743 3762 apud
1777 3692 1911 3749 Pe--

292 3801 461 3864 raeam
503 3785 648 3839 inter
673 3783 994 3841 Genuenses
1030 3785 1298 3856 quassisse
1321 3796 1742 3855 cognoscerent,
1770 3785 1885 3842 illic

294 3893 446 3938 tutos
473 3899 501 3935 a
541 3881 719 3952 plebis
748 3880 1378 3950 Constantinopolitanae
1414 3882 1486 3945 vi,
1514 3890 1572 3934 at
1598 3895 1696 3935 eos
1732 3889 1881 3936 certe

297 3981 393 4048 qui
425 3974 629 4031 servati
670 3976 814 4029 intra
846 3975 1040 4029 urbem
1073 3972 1315 4043 contigui
1353 3972 1471 4028 suis
1512 3973 1636 4026 telis
1675 3981 1881 4037 essent,

301 4069 449 4124 haud
482 4067 690 4122 inultos
728 4067 1088 4121 dimittendos
1125 4073 1464 4122 statuerunt.
1501 4063 1614 4119 Hoc
1658 4065 1882 4136 impulsi

300 4163 491 4217 furore
538 4173 706 4214 manu
740 4176 936 4230 magna
986 4159 1132 4214 facta
1183 4160 1329 4214 aedes
1377 4160 1649 4214 invadunt
1695 4158 1887 4214 Baulis

298 4254 509 4321 Crassi,
546 4251 636 4307 ubi
671 4254 816 4324 apud
855 4268 1108 4307 socerum
1151 4253 1422 4308 amerales
1451 4253 1714 4307 custodiri
1745 4251 1883 4309 fere-

299 4350 486 4403 batur.
525 4347 583 4403 ln
630 4362 749 4403 eam
792 4360 1026 4400 numero
1067 4345 1346 4412 maximo,
1382 4344 1772 4401 vociferatione
1818 4361 1883 4404 ac

299 4446 504 4512 impetu
548 4436 782 4498 vatsanis
814 4439 1183 4510 irrumpentes
1211 4438 1462 4504 domum,
1508 4438 1632 4495 dedi
1666 4439 1770 4496 sibi
1801 4441 1883 4495 lae

1990 3226 2095 3282 bus
2125 3225 2414 3282 Cateianos
2443 3227 2847 3295 occultantem;
2875 3242 3110 3298 quarum
3146 3229 3400 3287 videlicet
3424 3249 3568 3304 pra:-

1990 3331 2142 3378 textu
2178 3324 2631 3390 scrutandarum,
2663 3323 2729 3377 ad
2762 3339 2858 3379 eas
2885 3323 3084 3380 deinde
3119 3327 3473 3395 diripiendas,
3501 3345 3568 3387 ac

1987 3414 2033 3470 si
2067 3415 2232 3472 ferret
2256 3419 2512 3487 impetus,
2547 3433 2669 3472 niox
2725 3416 3095 3472 incendendas
3135 3421 3453 3476 occasionis
3487 3422 3569 3476 fa-

1987 3508 2216 3575 cilitate,
2243 3509 2442 3579 praeda:
2463 3509 2714 3579 pellacia,
2742 3511 3040 3566 securitate
3069 3511 3412 3582 impunitatis
3447 3513 3570 3572 elle-

1987 3609 2105 3654 rata
2135 3599 2284 3671 plebs
2316 3601 2712 3671 impelleretur.

1985 3715 2078 3773 27.
2125 3715 2205 3771 De
2242 3718 2620 3786 apparentibus
2660 3733 2688 3772 ε
2721 3717 2904 3794 Genua
2941 3722 3219 3789 sexdecim
3255 3721 3424 3794 longis
3467 3741 3569 3779 mt-

2692 3792 2859 3846 uibus.

1987 3868 1992 3872 ’
2059 3881 2128 3936 Ει
2161 3884 2528 3953 processisset
2554 3884 2608 3938 iu
2638 3885 2933 3940 maximam
2975 3885 3277 3956 perniciem
3303 3887 3567 3946 inchoata

1984 3984 2039 4030 et
2092 3983 2373 4031 auctorata
2407 3992 2666 4033 successu
2716 3981 2896 4048 primo
2952 3994 3168 4034 vaesana
3203 3981 3424 4037 licentia
3457 3985 3560 4038 do-

1988 4059 2195 4127 muum'
2226 4075 2742 4145 expugnandarum,
2787 4075 2843 4130 ni
2893 4086 3122 4146 repente
3151 4093 3292 4133 nova
3329 4097 3415 4136 res
3466 4096 3566 4150 ap-

1987 4182 2190 4236 parens
2241 4168 2487 4223 civitatis
2523 4168 2792 4224 universae
2845 4169 3134 4240 ipsiusque
3161 4173 3427 4227 concitati
3462 4189 3562 4243 po—

1987 4262 2102 4332 puli
2131 4263 2606 4332 exspectationem
2636 4271 2693 4318 et
2723 4263 3090 4331 cogitationes
3120 4264 3174 4318 in
3199 4281 3256 4320 se
3283 4267 3562 4322 vertisset.

1984 4353 2078 4408 illa
2129 4353 2392 4408 nimirum
2428 4355 2548 4422 ipsa
2599 4362 2762 4409 nocte
2815 4355 2866 4408 in
2909 4365 3267 4423 conspectum
3312 4356 3469 4412 urbis
3508 4373 3569 4414 se

1987 4444 2256 4501 dederunt
2288 4445 2529 4500 sedecim
2570 4460 2739 4500 naves
2785 4445 2958 4515 longae
2989 4454 3205 4504 onusta:
3234 4449 3510 4506 mercibus
3536 4467 3568 4506 e

299 4546 482 4591 tentes
529 4534 647 4592 illic
701 4532 993 4591 Catelanos
1044 4531 1318 4606 flagitant.
1359 4533 1599 4606 Moxque
1649 4534 1883 4591 incertis
1913 4516 1960 4573 Ῑ)
1990 4539 2203 4604 Genua,
2233 4539 2688 4609 exspectataeillae
2722 4539 2967 4609 quidem,
3010 4541 3103 4595 sed
3136 4540 3402 4598 beneficio
3428 4543 3569 4600 lenis

301 4627 520 4685 consilii
557 4627 878 4684 domesticis
907 4626 1056 4682 baud
1088 4637 1173 4682 sat
1201 4631 1316 4685 cito
1346 4630 1768 4695 expedientibus
1800 4647 1888 4688 re-

298 4730 589 4793 sponsum,
618 4731 713 4777 aut
763 4721 948 4792 potius
982 4721 1125 4790 quod
1159 4721 1536 4791 imperabatur
1571 4739 1883 4795 exsequen-

294 4817 466 4880 tibus,
501 4816 629 4886 igne
658 4816 820 4870 tectis
851 4813 1104 4880 subiecto
1141 4815 1482 4870 domicilium
1536 4815 1589 4871 id
1623 4825 1794 4873 totum
1826 4819 1882 4874 in

294 4910 537 4963 cinerem
569 4908 845 4978 redigunt,
890 4907 1101 4971 multis,
1147 4907 1366 4962 interim
1392 4911 1519 4964 dum
1556 4909 1872 4966 incendium

295 5012 603 5074 grassatur,
635 5002 980 5057 crudelitatis
1020 5013 1076 5058 et
1109 5004 1353 5058 avaritiae
1387 5005 1440 5058 in
1473 5005 1877 5076 direptionibus

300 5113 484 5152 rerum
524 5105 578 5152 et
609 5097 868 5151 resistere
890 5112 1151 5150 ausorum
1177 5099 1328 5168 gravi
1364 5099 1685 5155 multatione
1718 5099 1877 5155 fami-

299 5189 517 5244 liarium
548 5189 713 5244 editis
750 5191 1036 5260 exemplis.
1076 5190 1134 5244 ln
1181 5191 1268 5246 bis
1314 5191 1561 5247 Catelani
1615 5194 1737 5250 sine
1781 5209 1878 5264 spe

299 5282 475 5339 venia:
531 5298 630 5352 pro
695 5283 872 5352 capite
918 5293 1084 5352 atque
1136 5284 1317 5337 anima
1370 5297 1679 5355 pugnantes
1733 5286 1878 5341 haud

302 5377 462 5432 inulti
496 5374 655 5447 533
686 5377 1027 5438 ceciderunt,
1063 5378 1261 5446 partim
1305 5378 1450 5432 ferro
1481 5383 1678 5449 partim
1715 5378 1874 5433 ﬂam-

298 5486 408 5538 ma,
448 5486 479 5524 a
527 5485 744 5526 summa
777 5469 828 5523 vi
873 5470 1261 5525 annitentibus
1297 5473 1578 5528 seditiosis
1633 5475 1875 5545 denique

301 5564 636 5633 consumpti,
671 5563 888 5617 nemine
935 5562 1046 5632 jam
1081 5563 1320 5633 amplius
1363 5568 1639 5621 sustinere
1673 5579 1767 5620 aut
1801 5568 1877 5621 si-

301 5669 446 5709 stere
475 5656 583 5706 vim
609 5651 846 5707 eﬂ'et‘atze
880 5653 1246 5708 multitudinis
1275 5654 1508 5711 valente.
1536 5656 1672 5711 Nam
1697 5666 1752 5712 et
1779 5649 1898 5713 hoc."

301 5757 532 5805 certatus
569 5747 880 5816 patriarcha
936 5761 992 5800 rc
1044 5745 1248 5801 infecta
1287 5758 1513 5805 coactus
1548 5759 1634 5805 est
1676 5753 1876 5807 redire.

303 5843 508 5914 Nempe
535 5840 628 5896 ille
658 5853 921 5894 successu
965 5840 1229 5896 invitatus
1272 5844 1474 5911 prioris
1505 5859 1615 5900 suae
1659 5847 1881 5902 concio-

626 5939 903 5999 Parnm.
949 5938 1063 6000 Gn.
1097 5935 1360 6006 CXLIV.

1992 4635 2167 4690 austri
2224 4635 2389 4690 citius
2435 4649 2599 4705 quam
2655 4636 2984 4704 sperabatur
3035 4635 3393 4705 appellentes.
3453 4637 3567 4695 Sub

1989 4737 2116 4776 eum
2172 4723 2434 4791 temporis
2485 4723 2779 4778 articulum
2833 4722 3076 4779 Catelani
3124 4734 3179 4779 et
3234 4725 3568 4796 Amogabari

1989 4815 2197 4871 nostris
2229 4815 2577 4871 institoribus
2605 4816 2750 4884 apud
2785 4817 3154 4887 pr0pinqnum
3191 4818 3315 4872 urbi
3353 4820 3568 4885 navale,

1986 4905 2256 4978 Rhegium
2294 4910 2526 4972 dictum,
2556 4913 2936 4964 onerariarum
2976 4911 3268 4965 stationem
3303 4912 3564 4968 habenti-

1987 5003 2115 5066 bus.
2149 5017 2294 5058 saevo
2326 5004 2776 5073 supervenientes
2808 5005 3016 5073 impetu
3053 5012 3107 5058 et
3131 5005 3252 5058 loco
3286 5021 3352 5058 ac
3386 5006 3566 5075 prazda

1987 5094 2038 5145 vi
2073 5093 2256 5163 potiti,
2289 5108 2400 5162 quo
2427 5106 2692 5147 terrorem
2712 5095 2794 5148 sui
2831 5095 2944 5148 late
2976 5094 3190 5148 scilicet
3218 5107 3564 5167 spargerent,

1989 5188 2110 5244 dira
2135 5189 2477 5244 crudelitatis
2510 5189 2802 5259 plusquam
2844 5189 3058 5242 hostilis
3086 5191 3332 5259 exempla
3370 5191 3561 5245 edide-

1993 5290 2144 5336 runt.
2195 5279 2467 5336 Parvulos
2503 5283 2647 5336 enim
2715 5282 2828 5334 illic
2889 5283 3420 5352 repertostragulis
3472 5297 3570 5352 per

1993 5374 2244 5444 podicem
2280 5375 2331 5428 in
2367 5391 2429 5429 os
2471 5375 2736 5431 immissis
2779 5376 2927 5430 velut
2963 5391 3094 5429 veru
3141 5360 3568 5442 translixeran‘t;

1988 5471 2294 5526 adultiores
2347 5480 2551 5536 autem,
2583 5469 2745 5542 534
2781 5470 2868 5524 ubi
2913 5471 3069 5540 prius
3104 5478 3394 5540 coegerant
3434 5485 3569 5540 pro-

1991 5564 2124 5632 priis
2160 5561 2403 5616 humeris
2435 5577 2522 5615 res
2557 5564 2796 5633 ipsorum
2831 5560 2976 5616 ferre
3009 5577 3122 5631 quo
3152 5577 3306 5616 suam
3337 5563 3565 5632 congeri

1991 5657 2228 5724 praedam
2282 5655 2383 5708 feri
2433 5653 2672 5708 latrones
2704 5655 2980 5718 volebant,
3010 5657 3209 5710 deinde
3257 5655 3569 5710 immaniter

1993 5748 2422 5810 trucidaverant.
2460 5759 2766 5816 exalet-aque
2795 5748 2881 5802 his
2913 5757 3282 5803 consentanea
3318 5748 3566 5802 fecerant

1991 5843 2262 5900 barbariae
2315 5841 2553 5896 furorem
2605 5842 2786 5898 omnis
2836 5844 2994 5914 longe
3042 5853 3338 5911 superante
3378 5839 3564 5914 Stygia

3060 5938 3133 6000 19
