4066 6286
497 345 599 413 591

1717 345 2045 408 GEORGII
2090 344 2577 407 ΡΑΠΗΥΜΕΠΑΞ
2647 368 2650 371 ·

3666 346 3772 412 592

502 467 603 537 μὲν
631 463 892 535 ἁμηραλῇ
934 462 1027 517 τδν
1071 461 1238 516 τόπον
1279 461 1672 534 ἀπεχαρίζετο,
1708 465 1836 527 τοὺς
1865 462 1922 517 δὲ
1951 479 2082 532 φρεο
2111 469 2158 527 Α
2188 459 2352 527 θεῖεν,
2384 460 2615 531 μηδενὸς
2668 459 2728 512 τὺ
2779 457 3046 530 παράπαν
3109 458 3543 530 ἐσκυλευμένου,
3569 463 3697 525 τοὺς
3730 461 3779 513 δ’

501 561 653 635 ρίους
705 559 880 627 ἀξίοις
929 558 1322 630 άποτιμήμασι
1367 556 1696 632 θεραπεύειν
1739 559 1944 630 ᾑρεῖτο,
1976 556 2078 612 κᾶν

497 654 654 708 αὐτοὶ
706 652 769 706 τὸ
803 651 1069 721 παράπαν
1117 651 1558 718 ἀποστυγοῦντες
1604 650 1699 705 τοῦ
1738 654 1811 722 μὴ
1846 650 2081 721 μεταπί-

499 763 661 801 πτειν
714 747 969 817 προεῖντο
1017 744 1114 797 καὶ
1155 743 1253 814 τὴν
1306 741 1475 814 ζωήν.
1511 742 1737 813 Πλὴν’δ’
1765 742 1866 814 οὐχ
1895 737 1998 798 οἷοί
2031 743 2080 798 τ’

500 841 654 903 ὄντες
677 840 814 909 πρὸς
851 838 1143 910 βασιλικὰς
1185 838 1431 908 ἀντέχειν
1466 819 1753 904 διαταγὰς,
1792 837 1931 908 πρὸς
1986 837 2083 908 μό-

502 955 593 992 νον
639 937 703 989 τὸ
755 935 986 998 εὐλαϐὲς
1038 934 1272 1004 περὶτὰ
1327 932 1448 985 θεῖα
1496 931 1591 984 τοῦ
1642 932 2082 1002 προστάσσοντος

501 1031 794 1102 ἀφεώρων.
820 1031 930 1084 Καὶ
953 1029 1076 1099 ίερά
1102 1027 1202 1099 μὲν
1225 1028 1413 1081 ἐκεῖνα
1433 1026 1528 1080 καὶ
1557 1025 1738 1080 πᾶσαν
1768 1024 1868 1094 τὴν
1899 1021 2107 1078 αὐτῶν

503 1126 828 1197 ὶτοιμασίαν
876 1123 1221 1194 ἀμετάθετον
1274 1120 1546 1186 είακότες,
1589 1104 1743 1174 οὐδὲν
1788 1113 1951 1192 ἦττον
1987 1121 2084 1172 καὶ

504 1218 769 1292 περὶτῶν
799 1217 1002 1271 λοιπῶν
1037 1215 1182 1270 οὕτω
1202 1211 1538 1278 διατεθέντες
1563 1212 1638 1277 ὡς
1672 1211 1840 1284 μηδὲν
1871 1210 2083 1266 ἐκεῖθεν

505 1313 614 1366 τῶν
646 1311 743 1366 τοῦ
783 1312 914 1366 ναοῦ
947 1297 1286 1380 μεταθεῖναί,
1323 1307 1564 1379 ἠμέλουν
1597 1307 1672 1372 ὡς
1703 1305 1779 1377 μὴ
1811 1306 1879 1360 ἂν
1916 1319 2080 1376 μετα-

506 1407 848 1479 θησομένων,
879 1405 952 1470 ὦς
989 1422 1052 1475 γε
1089 1409 1229 1475 σφᾶς
1250 1403 1488 1460 οἴεσθαι.
1534 1404 1694 1471 Ἐπεὶ
1719 1403 1776 1458 δὲ
1807 1404 1902 1456 καὶ
1924 1399 2085 1466 αὖθις

507 1504 537 1555 ὁ
568 1501 793 1572 κρατῶν
824 1501 1126 1572 ἠνωχλεῖτο
1159 1505 1256 1552 καὶ
1291 1497 1673 1570 ἀπαραίτητον
1707 1497 1955 1550 κατενόει
1983 1495 2085 1566 τὴν

510 1594 657 1665 βίαν,
687 1593 912 1665 πέμψας
945 1593 1024 1664 τῷ
1051 1592 1160 1646 τῶν
1203 1593 1442 1646 Πισαίων
1478 1591 1694 1662 ὲξάρχῳ
1747 1590 2086 1662 προστάσσει

508 1691 573 1742 ὲκ
610 1688 871 1756 γειτόνων
899 1685 1013 1738 δντι
1042 1682 1552 1754 συμπαραλαὸόντα
1592 1682 1722 1745 τοὺς
1752 1682 1809 1736 ἐν
1841 1678 1922 1752 τῷ
1962 1677 2083 1732 καθ’

512 1778 662 1851 ιεροῦ
695 1777 787 1831 τοῦ
824 1775 1124 1832 ἀποστόλου
1146 1774 1355 1844 Πέτρου
1382 1774 1549 1844 ἱερεῖς
1576 1770 1663 1844 [Ρ.
1699 1767 1828 1841 574]
1862 1769 2088 1838 ἐπιστῆ-

2191 555 2358 627 ίερείς
2388 555 2635 619 εὐλαϐῶς
2655 551 3027 618 ἁναλαὸόντας
3048 553 3208 609 τάκεῖ
3230 555 3463 624 κείμενα
3487 555 3546 609 ὲν
3575 552 3657 624 τῷ
3679 551 3782 608 τοῦ

2189 649 2492 719 κορυφαίου
2535 648 2644 702 τῶν
2693 645 3017 701 ἀποστόλων
3057 645 3378 716 μεταθεῖναι
3413 645 3550 717 ναῷ.
3597 645 3688 710 Ὧς
3720 643 3781 703 δὲ

2187 737 2382 807 γέγονε
2431 736 2607 792 ταῦτα
2657 740 2752 791 καὶ
2805 736 3058 808 ἐπράχθη
3111 736 3284 807 ἡτῶν
3320 736 3482 806 ἱερῶν
3531 738 3624 790 καὶ
3661 735 3779 789 τῶν

2189 828 2364 885 ἄλλων
2401 830 2714 900 μετάθεσις,
2750 829 2802 884 οί
2829 830 3046 902 φρέριοι
3082 829 3248 900 μηδὲν
3277 829 3496 900 ἔχοντες
3526 830 3551 882 ὅ
3577 847 3630 882 τι
3664 830 3782 891 τοῖς

2190 923 2372 988 ἄλλοις
2402 929 2730 996 χρήσαιντο,
2754 924 2911 994 ’πρὸς
2961 925 3054 978 τὸν
3085 924 3388 978 ἐπιστάντα
3422 924 3483 976 τὸ
3525 924 3635 976 πᾶν
3681 922 3784 988 τῆς

2191 1015 2362 1086 ὀργῆς
2422 1015 2736 1083 ὲξεκένουν.
2797 1016 2892 1068 καὶ
2942 1015 3243 1070 ἀνεκάλουν
3294 1015 3431 1087 πρὸς
3461 1014 3787 1077 Γεννουίτας

2195 1110 2337 1163 κατὰ
2372 1108 2473 1180 τὴν
2533 1109 2801 1180 Περαίαν,
2855 1110 2947 1161 καὶ
3002 1107 3191 1177 ἠξίουν
3223 1108 3317 1162 τὸν
3359 1107 3786 1178 καταφρονητὴν

2204 1200 2547 1270 ἀμύνασθαι.
2605 1201 2716 1254 Καὶ
2773 1202 2800 1254 ὁ
2843 1200 3200 1270 ὲξουσιαστὴς
3251 1200 3501 1265 ἐκείνων,
3552 1199 3651 1269 τὴν
3691 1198 3786 1251 ἐπὶ

2163 1295 2407 1358 ’τούτοις
2450 1295 2672 1364 ἄμυναν
2712 1291 2820 1346 τῶν
2859 1293 3041 1346 καλῶν
3092 1294 3472 1363 ἡγησάμενος,
3503 1291 3787 1361 ἐκπέμπει

2193 1387 2379 1460 κρύφα
2430 1387 2560 1450 τοὺς
2613 1387 2823 1440 ἐκεῖνον
2883 1387 3056 1455 ἐγγὺς
3105 1384 3342 1437 θανάτου
3412 1384 3785 1453 ποιήσοντας·

2194 1479 2414 1538 κτανεῖν
2466 1481 2573 1550 γὰρ
2629 1482 2732 1535 οὐκ
2786 1480 3078 1546 ἐδικαίουν,
3129 1479 3268 1533 ἀλλὰ
3307 1477 3547 1543 σπάθαις
3581 1479 3788 1544 στίζειν

2195 1577 2461 1647 ισχάτως.
2512 1573 2964 1646 Ἐνεδρεύσαντες
2992 1575 3174 1628 τοίνυν
3209 1573 3546 1644 ἐξεπλήρουν
3588 1573 3658 1626 τὰ
3689 1569 3787 1625 τοῦ

2196 1667 2588 1740 βουλεύματος,
2619 1665 2716 1720 καὶ
2739 1665 2962 1729 πολλαῖς
2993 1666 3083 1719 τὸν
3105 1665 3394 1738 ἄνθρωπον
3414 1664 3785 1718 ἐπεισπεσόν-

2195 1777 2286 1826 τες
2325 1763 2390 1813 ὲκ
2437 1759 2534 1814 τοῦ
2592 1758 2855 1829 αίφνηδὸν
2885 1757 3172 1830 ᾐκίσαντο,
3228 1757 3301 1820 ὡς
3357 1756 3604 1827 φοράδην
3643 1756 3788 1847 οἴκοι

509 1844 600 1928 ναι
627 1869 707 1944 τῷ
743 1872 915 1940 τόπῳ,
940 1867 1036 1923 καί
1063 1885 1125 1936 γε
1143 1865 1270 1929 τοὺς
1297 1865 1398 1936 μὲν
1437 1866 1567 1936 περὶ
1593 1864 1758 1918 αὑτὸν
1781 1865 1840 1916 ὲν
1869 1857 2086 1926 diatoni.
2114 1847 2164 1908 B
2195 1851 2351 1944 μόλις
2371 1848 2762 1944 πιστευόμενον
2795 1847 2895 1918 ζῇν
2923 1848 3261 1944 ἀπαχθῆναι.
3316 1846 3491 1899 Τοῦτο
3531 1844 3793 1944 βασιλενει

513 1981 666 2029 στοις
696 1963 958 2035 τετάχθαι
984 1965 1254 2033 μάρτυσιν
1285 1958 1362 2024 ὥς
1402 1958 1454 2012 θ’
1482 1956 1698 2029 εὕροιεν
1729 1957 1824 2011 καὶ
1850 1954 1888 2010 ἃ.
1926 1971 2093 2025 μετα-

514 2147 681 2216 niqne
713 2128 944 2213 corpora
971 2140 1418 2197 Christianorum
1480 2135 1874 2193 defunctorum
1928 2135 2095 2205 depo-

515 2240 621 2295 sita
659 2239 712 2293 in
736 2235 1080 2305 sepulturam
1107 2236 1240 2298 sint,
1270 2231 1538 2288 resecrari
1563 2243 1758 2283 rursus
1782 2227 2097 2297 mutarique

519 2335 574 2387 in
610 2332 835 2403 vulgare
865 2326 1260 2384 diversorium.
1300 2327 1481 2394 Atque
1513 2324 1629 2378 haec
1653 2336 1773 2393 quae
1798 2336 1844 2384 a_
1879 2319 2097 2374 nemine

517 2435 746 2499 possent
785 2425 927 2490 fieri,
955 2405 1182 2478 minime
1217 2419 1442 2476 aiebant
1472 2418 1771 2474 convenire
1793 2416 1864 2469 ab
1891 2415 1961 2469 iis
2009 2419 2096 2467 at-

518 2519 718 2576 tentari
743 2518 836 2589 qui
867 2516 1110 2574 studium
1143 2514 1446 2571 ferventius
1487 2527 1616 2584 erga
1657 2525 1746 2565 res
1781 2507 1947 2563 divini
1976 2506 2100 2560 cul-

518 2622 610 2671 tus
638 2613 1052 2685 profiterentur.
1115 2606 1268 2663 Talia
1309 2605 1387 2661 illi
1411 2604 1718 2675 quamlibet
1775 2611 2099 2657 constanter

517 2707 885 2764 obtendentes
917 2702 1054 2758 nihil
1087 2701 1344 2772 agebant,
1395 2697 1586 2768 utique
1617 2695 1762 2766 apud
1796 2693 2096 2759 hominem,

518 2800 701 2874 qualis
733 2797 859 2853 crat
885 2796 1225 2874 patriarcha,
1257 2789 1698 2848 irrevocabiliter
1751 2803 1862 2858 quo
1918 2787 2099 2842 inten-

519 2893 694 2950 disset
741 2903 904 2958 ruere
963 2886 1212 2942 solitum.
1266 2882 1410 2954 Ergo
1447 2883 1492 2936 is
1551 2879 1926 2952 prmjudicatis
1982 2875 2101 2934 suis

521 2984 818 3053 indulgens
879 2980 1194 3045 aﬂectibus,
1239 2987 1293 3032 et
1337 2991 1637 3046 persuasus
1690 2975 1809 3029 zelo
1859 2973 1952 3028 illo
1992 2986 2102 3042 quo

513 3082 804 3137 ferebatur
853 3085 1064 3133 exactte
1126 3073 1434 3144 religionis,
1491 3071 1691 3139 debere
1754 3083 1816 3124 se
1876 3068 2103 3123 omnino

2195 1943 2275 2008 εἰς
2310 1940 2505 1996 ἑαυτὸν
2551 1939 2842 2010 ἀναφέρων
2888 1940 2999 1993 ἀπὸ
3056 1937 3358 2010 προσώπου
3408 1939 3454 1990 τ’
3485 1938 3662 1991 ἐποίει
3697 1936 3788 1988 τὸν

2157 2165 2159 2168 ‘
2197 2151 2290 2208 tali
2321 2150 2557 2213 ﬁduciae,
2591 2147 2743 2203 vasis
2772 2147 2950 2202 sacris
2985 2163 3049 2201 ac
3077 2146 3326 2202 vestibus
3356 2146 3534 2215 paiam
3569 2145 3624 2200 in
3659 2159 3791 2214 pro-

2199 2243 2390 2315 patulo
2414 2240 2625 2296 relictis
2658 2238 2986 2303 assidentes,
3013 2245 3073 2292 ut
3102 2237 3238 2292 nihil
3271 2237 3455 2292 minus
3480 2237 3644 2305 quam
3681 2241 3788 2290 vim

2199 2338 2268 2391 ab
2333 2333 2711 2406 imperatoriis
2765 2333 3035 2388 tninistris
3087 2332 3389 2386 formidare
3448 2332 3789 2387 viderentur.

2199 2429 2424 2486 Interim
2455 2429 2546 2500 qui
2575 2429 2743 2484 semel
2770 2426 3153 2482 Andronicum
3192 2429 3258 2480 ad
3291 2425 3344 2480 id
3381 2427 3660 2496 negotium
3697 2440 3791 2480 ca-

2201 2523 2531 2592 pessendum
2567 2521 2923 2591 impulerant,
2976 2534 3082 2574 non
3129 2518 3464 2573 desistentes
3521 2517 3702 2573 eidem
3733 2525 3796 2572 ut

2200 2619 2442 2684 ccept‘um
2468 2612 2778 2668 absolveret
2808 2614 3041 2677 instare,
3069 2624 3135 2665 eo
3158 2611 3400 2680 denique
3428 2613 3796 2682 perpulerunt

2203 2711 2536 2782 principem,
2569 2709 2716 2764 clare
2740 2710 2853 2778 jam
2886 2708 3166 2762 videntem
3218 2721 3503 2776 nunquam
3561 2705 3793 2764 Latinos

2204 2801 2506 2858 monachos
2559 2801 2872 2856 voluntarie
2921 2815 3222 2866 cessuros,
3291 2816 3396 2856 nec
3438 2800 3628 2871 perfici
3678 2815 3794 2856 rem

2204 2897 2345 2953 citra
2385 2896 2495 2950 vim
2530 2911 2717 2964 posse,
2748 2902 2806 2948 ut
2835 2895 3164 2951 Pisanorum
3207 2894 3476 2959 exarcbo,
3515 2893 3663 2950 aedes
3714 2896 3800 2948 in—

2203 2982 2408 3045 colenti
2436 2989 2645 3044 vicinas
2669 2987 2998 3043 Latinorum
3049 2986 3424 3054 monasterio,
3477 2987 3793 3042 mandatum

2205 3083 2419 3138 dederit
2453 3092 2770 3152 assumptus
2791 3097 2822 3136 e
2849 3081 3052 3151 templo
3076 3090 3130 3136 et
3157 3082 3284 3150 ipso
3313 3080 3626 3151 propinquo
3668 3095 3800 3136 san-

520 3176 963 3241 qualemcunque
1010 3169 1213 3233 aliam,
1250 3163 1488 3219 maxime
1522 3171 1707 3216 autem
1751 3158 2025 3223 Latinam,
2071 3171 2094 3210 a

2207 3175 2277 3228 cti
2328 3173 2474 3230 Petri
2510 3172 2742 3243 apostoli
2799 3173 3121 3228 sacerdotes
3154 3171 3382 3229 Graecos
3434 3173 3488 3228 in
3530 3174 3796 3245 templum

522 3268 694 3322 libero
719 3261 1005 3328 exercitio,
1025 3261 1079 3314 in
1108 3259 1228 3312 loco
1254 3255 1559 3327 praasertim
1597 3263 1701 3305 tam
1733 3251 1955 3323 publico
1988 3265 2105 3304 me-

513 3360 756 3430 itopolis
790 3357 876 3414 sui
904 3353 1340 3426 patriarchatus,
1369 3349 1683 3420 prohibere,
1741 3346 1973 3414 urgebat
2010 3345 2101 3397 ni-

520 3455 634 3510 hilo
664 3451 953 3510 remissius
976 3446 1124 3520 quod
1154 3450 1424 3514 cmperat,
1457 3452 1512 3496 et
1553 3456 1710 3510 Opem
1754 3438 2102 3516 imperatoris

515 3549 590 3606 ad
625 3543 1031 3618 perrumpenda
1060 3555 1185 3611 quae
1225 3537 1443 3593 amoliri
1469 3549 1564 3605 per
1597 3548 1657 3588 se
1692 3535 1814 3604 ipse
1845 3531 2102 3600 nequiret

520 3639 810 3699 obstacula
879 3635 1233 3707 implorabat.
1279 3628 1562 3683 Pendebat
1623 3624 1978 3678 Andronicus
2032 3636 2099 3676 ex

520 3738 642 3810 ejus
681 3745 838 3800 nutu,
873 3747 976 3787 nec
1022 3743 1124 3785 suo
1187 3724 1516 3798 patriarchae
1567 3736 1668 3792 pro
1717 3721 1836 3775 viro
1888 3716 2100 3772 eximia:

521 3828 829 3887 sanctitatis
857 3825 1159 3896 gratiaeque
1184 3819 1326 3890 apud
1364 3820 1530 3872 Deum
1566 3813 1816 3868 maximae
1846 3826 1877 3866 a
1912 3827 1973 3866 se
2001 3811 2100 3862 duo

520 3931 650 3982 dum
677 3924 828 3978 culto
859 3933 1057 3989 negare
1083 3916 1383 3986 quidquam
1410 3913 1508 3965 au't
1529 3917 1718 3964 contra
1747 3906 1961 3961 hiscere
1991 3903 2100 3957 ulla

522 4023 576 4076 in
611 4034 670 4074 re
706 4021 941 4086 poterat.
995 4010 1179 4080 Itaque
1213 4007 1545 4062 amotionem
1603 4001 1728 4057 inde
1759 3999 2098 4063 Freriorum,

517 4126 684 4186 quam
720 4111 766 4163 is
795 4104 1071 4177 cupiebat,
1107 4103 1227 4173 ipse
1260 4098 1596 4156 auctoritate
1646 4094 1931 4150 mandavit
1976 4107 2100 4157 sua;

519 4185 639 4263 eam
670 4206 723 4258 in
756 4198 1116 4257 exsecutione
1154 4194 1425 4250 invidiosa
1458 4189 1891 4246 moderationem
1941 4185 2100 4240 adhi-

521 4301 678 4358 bens,
714 4306 771 4350 ut
796 4294 898 4348 loci
950 4289 1166 4361 quidem
1221 4301 1284 4341 ac
1309 4285 1410 4341 soli
1449 4283 1838 4354 proprietatem
1885 4278 2097 4333 Latinis

520 4386 787 4458 eripiendi
844 4381 1053 4437 homini
1121 4376 1315 4432 Latino
1384 4375 1724 4431 condonaret
1781 4373 2045 4426 Ameralae
2079 4411 2093 4435 ,

522 4482 727 4537 Freriis
759 4487 940 4532 autem
984 4485 1260 4544 expensas
1284 4484 1424 4540 quas
1467 4469 1519 4521 in
1550 4467 1884 4536 emptionem
1921 4475 1975 4519 et
2000 4480 2096 4518 or-

2212 3267 2533 3322 Latinorum
2563 3265 2880 3330 inducendi,
2927 3265 3107 3336 iisque
3159 3264 3265 3321 loci
3301 3266 3683 3336 praefecturam
3735 3267 3793 3321 in

2215 3367 2534 3430 perpetuam
2622 3361 2887 3429 deinceps
2976 3358 3228 3414 tradendi
3337 3359 3795 3430 possessionem,

2211 3454 2392 3524 ipsum
2425 3452 2704 3524 imperans
2762 3452 2816 3505 in
2846 3465 3074 3507 censum
3109 3458 3366 3507 exactum
3419 3450 3651 3517 referre,
3689 3452 3796 3508 sub

2210 3546 2531 3603 testimonio
2578 3547 2684 3603 fide
2735 3545 3024 3613 dignorum
3069 3542 3375 3612 hominutn,
3437 3556 3544 3599 tam
3577 3559 3642 3599 ea
3673 3559 3795 3616 qua:

2210 3644 2485 3700 inveniret
2522 3643 2580 3698 in
2633 3643 2836 3712 templo
2869 3641 3222 3708 Latinorum,
3279 3655 3446 3712 quam
3481 3655 3603 3710 quae
3669 3641 3798 3696 inde

2207 3739 2316 3793 alio
2349 3735 2696 3805 transferret,
2745 3735 3036 3808 diligenter
3086 3736 3333 3790 cavendo
3387 3747 3458 3790 ne
3489 3739 3787 3805 quisquam

2207 3839 2401 3879 eorum
2445 3838 2504 3879 re
2560 3825 2670 3878 ulla
2718 3838 2820 3878 sua
2877 3823 3271 3884 fraudaretur;
3325 3838 3521 3880 curare
3572 3841 3793 3896 quoque

2209 3922 2468 3985 praeterea
2501 3923 2560 3970 ut
2607 3929 2824 3971 sacram
2857 3930 3076 3972 omnem
3114 3916 3519 3986 supellectilem
3559 3919 3614 3974 in
3664 3918 3794 3974 Fre-

2213 4009 2420 4063 riorum
2461 4007 2796 4064 monasterio
2849 4006 3130 4065 inventam
3162 4019 3219 4066 et
3250 4020 3544 4068 numerato
3599 4009 3792 4084 accep—

2212 4113 2319 4157 tam
2351 4101 2527 4157 Graeci
2554 4102 2870 4158 sacerdotes
2902 4113 3221 4160 reverenter
3247 4105 3596 4176 deportatam
3627 4109 3793 4179 depo-

2209 4205 2403 4252 nerent
2424 4196 2478 4250 in
2512 4209 2820 4251 memorato
2844 4196 3115 4267 principis
3143 4198 3523 4268 apostolorum
3562 4203 3788 4271 templo.

2204 4289 2274 4346 Ut
2340 4303 2522 4344 autem
2580 4289 2898 4346 haec-facta
2955 4300 3087 4346 sunt
3121 4300 3177 4346 et
3226 4294 3575 4349 exsecutioni
3634 4295 3791 4365 plene

2203 4384 2459 4438 mandata
2493 4397 2782 4439 sacrorum
2851 4398 3134 4450 vasorum,
3190 4385 3484 4452 librorum,
3552 4389 3785 4442 vestium

2206 4477 2552 4547 aiiarumque
2585 4477 2636 4532 id
2669 4491 2845 4548 genus
2870 4479 3165 4534 translatio
3196 4495 3406 4548 rerum,
3431 4497 3553 4552 quae
3577 4481 3789 4539 Latinis

521 4583 708 4628 natum
747 4571 846 4624 loci
881 4569 1123 4626 fecerant
1178 4563 1469 4618 refundcl'e
1517 4576 1576 4616 se
1625 4559 1790 4630 538
1847 4566 2098 4628 Paratum
2133 4551 2178 4610 ί)
2208 4570 2264 4625 in
2321 4585 2426 4626 usu
2477 4569 2737 4636 fuerant,
2799 4571 3039 4640 perculsi
3062 4586 3199 4628 casu
3247 4551 3538 4644 inopinato
3589 4573 3789 4640 Frerii,

521 4667 906 4740 profiteretur;
934 4660 1078 4731 quod
1111 4657 1330 4728 quidem
1365 4654 1467 4724 ipsi
1525 4662 1879 4715 recusarunt,
1949 4651 2099 4705 nulla

497 4760 582 4819 "se
615 4758 809 4815 adduci
839 4756 1160 4812 conditione
1181 4765 1358 4823 posse
1386 4765 1499 4820 prae
1523 4764 1584 4804 se
1614 4751 1852 4803 ferentes
1882 4746 1945 4800 ad
1977 4761 2100 4801 ces-

521 4858 729 4910 sionem
759 4849 946 4921 templi
976 4845 1208 4918 proprii,
1235 4843 1382 4914 quod
1443 4842 1510 4897 ad
1571 4853 1877 4897 extremum
1910 4839 2097 4895 defen-

520 4946 698 5003 dendo
725 4943 889 4998 vitam
927 4941 1089 4996 etiam
1122 4952 1227 4991 non
1270 4935 1589 4990 dubitarent
1650 4934 1988 5001 impendere.
2021 4931 2100 4984 Ac

520 5041 779 5092 videbant
812 5037 886 5089 illi
918 5033 1138 5105 quidem
1177 5031 1333 5084 facile
1385 5029 1524 5083 haud
1564 5042 1792 5082 suarum
1850 5043 1974 5079 esse
2023 5027 2102 5079 ri-

521 5138 661 5187 riutn
719 5129 992 5186 mandatis
1047 5125 1400 5196 imperatoris
1477 5122 1677 5185 obniti,
1742 5117 2099 5175 conﬁdebant

521 5241 699 5280 tamen
729 5239 793 5277 ex
823 5237 886 5275 ea
913 5236 1076 5291 quam
1130 5218 1394 5272 celebrari
1447 5216 1737 5270 audierant
1796 5214 2097 5268 Andronici

511 5333 650 5385 (τι-,ξι
677 5331 762 5371 res
790 5329 978 5369 sacras
1033 5312 1364 5376 reverentia,
1415 5322 1763 5377 nequaquam
1825 5305 1976 5360 illum
2032 5321 2098 5360 eo

522 5426 697 5481 usque
729 5408 1028 5469 ruiturum,
1055 5415 1114 5457 ut
1152 5417 1316 5456 manu
1360 5401 1476 5470 rapi
1508 5415 1570 5454 ac
1612 5399 1848 5468 dispergi
1876 5399 2101 5468 juhere'.

521 5521 734 5563 sacram
770 5501 956 5570 templi
989 5497 1294 5553 Christiani
1333 5495 1749 5567 supellcctilem.
1784 5491 1966 5559 Quare
1993 5492 2095 5562 ipsi

521 5608 866 5660 recusantes,
902 5607 1065 5667 prout
1087 5573 1443 5664 jubebantur,
1475 5605 1564 5645 res
1598 5604 1730 5643 suas
1761 5588 1867 5642 alio
1913 5599 2096 5641 trans-

522 5691 697 5753 ferre,
761 5689 864 5744 sibi
908 5687 1252 5757 spondebant
1295 5684 1569 5737 neminem
1620 5680 1788 5734 alium
1834 5679 1968 5749 ipsis
2003 5695 2096 5735 eas

522 5783 708 5838 invitis
745 5784 864 5838 loco
890 5792 1190 5847 moturum,
1226 5780 1477 5848 Augusto
1505 5773 1557 5828 id
1590 5773 1806 5828 scilicet
1840 5774 2092 5844 praescri-

522 5882 651 5939 bere
701 5897 810 5938 non
871 5893 1096 5939 ausuro.
1144 5877 1386 5945 Tamque
1449 5886 1642 5928 secure
1685 5870 2092 5926 indormiebant

2203 4662 2366 4733 539
2403 4678 2505 4718 nec
2559 4662 2702 4733 quid
2763 4673 2993 4734 agerent
3046 4664 3197 4719 aliud
3261 4666 3549 4733 habentes,
3619 4678 3787 4723 letam

2203 4755 2341 4811 iram
2376 4758 2430 4813 in
2463 4758 2769 4812 exarchum
2807 4759 3100 4825 Pisanum,
3137 4762 3230 4828 qui
3282 4762 3502 4831 negotio
3557 4761 3792 4832 pra-fue-

2205 4860 2320 4915 rat,
2353 4849 2696 4905 effuderunt.
2741 4850 2903 4908 Hunc
2932 4851 3100 4922 igitur
3153 4853 3352 4908 acerbe
3383 4867 3790 4927 conquerentes

2206 4956 2548 4999 accusarunt
2583 4943 2730 5015 apud
2764 4943 3091 5000 Genuenses
3132 4944 3449 5002 habitantes
3477 4948 3530 5002 in
3580 4947 3787 5010 Pet-ara,

2202 5049 2428 5094 orantes
2469 5048 2530 5093 ut
2569 5039 2624 5093 in
2663 5049 3100 5110 contemptorem
3145 5044 3456 5098 communis
3510 5045 3788 5115 religionis

2200 5133 2531 5203 sacrilegum
2585 5150 2686 5204 pro
2767 5135 2979 5191 meritis
3047 5136 3375 5192 vindicaret.
3439 5138 3790 5195 Existimavit

2207 5218 2564 5290 magistratus
2615 5222 2994 5278 Genuensium
3050 5241 3262 5296 sequam
3321 5242 3351 5282 a
3389 5243 3450 5283 se
3473 5244 3587 5282 rem
3649 5232 3783 5300 peti.

2209 5313 2656 5383 praeclarumque
2679 5317 2782 5370 sibi
2816 5316 2936 5372 fore
2959 5317 3174 5374 facinus
3203 5321 3466 5375 ultionem
3495 5321 3561 5377 de
3586 5323 3788 5380 Pisano

2207 5424 2424 5476 gravem
2453 5425 2691 5465 sumere.
2730 5411 3000 5467 Submisit
3041 5413 3210 5484 igitur
3241 5415 3498 5480 sicarios,
3524 5417 3615 5488 qui
3644 5421 3785 5473 clam

2207 5504 2659 5557 circumventum-
2700 5506 2874 5577 plagis
2906 5508 3188 5565 atrocibus
3221 5509 3488 5570 cazdendo
3533 5512 3789 5584 proxime

2208 5609 2394 5648 necem
2451 5596 2785 5652 adducerent
2821 5615 2836 5654 :
2877 5616 2984 5655 non
3049 5602 3195 5656 enim
3252 5606 3416 5660 certis
3471 5607 3536 5660 de
3599 5607 3788 5664 causis

2208 5689 2369 5756 plane
2417 5687 2652 5746 interfici
2712 5693 2950 5761 volebat,
3000 5695 3099 5752 sed
3157 5698 3339 5769 gladio
3368 5700 3506 5754 citra
3554 5708 3788 5770 mortem

2212 5782 2529 5839 vutneribus
2584 5787 2796 5841 exarari
2827 5787 3144 5848 luculentis.
3208 5790 3478 5849 Fecerunt
3508 5795 3784 5853 emissarii

2209 5871 2355 5952 quod
2407 5876 2548 5946 jussi
2613 5878 2853 5948 fuerant,
2908 5892 2962 5939 et
2998 5883 3275 5942 irruentes
3334 5901 3400 5942 ex
3463 5886 3682 5945 insidiis
3727 5889 3783 5945 in
