  <div class='ocr_page' id='page_1' title='image "/cluster/home/n/w/nwhite01/storage/ocr_20150623/144/mdp.39015046822246/320.png"; bbox 0 0 4066 6286; ppageno 0'>
   <div class='ocr_carea' id='block_1_1' title="bbox 351 418 458 487">
    <p class='ocr_par' dir='ltr' id='par_1_1' title="bbox 351 418 458 487">
     <span class='ocr_line' id='line_1_1' title="bbox 351 418 458 487; baseline -0.009 0"><span class='ocrx_word' id='word_1_1' title='bbox 351 418 458 487; x_wconf 82' lang='grc'><strong>593</strong></span> 
     </span>
    </p>
   </div>
   <div class='ocr_carea' id='block_1_2' title="bbox 1250 411 2680 513">
    <p class='ocr_par' dir='ltr' id='par_1_2' title="bbox 1250 411 2680 513">
     <span class='ocr_line' id='line_1_2' title="bbox 1250 411 2680 513; baseline -0.003 -33"><span class='ocrx_word' id='word_1_2' title='bbox 1250 415 1839 513; x_wconf 69' lang='lat' dir='ltr'><strong>DEANDBONICO</strong></span> <span class='ocrx_word' id='word_1_3' title='bbox 1873 415 2343 480; x_wconf 66' lang='lat' dir='ltr'><strong>PALEOLOGO</strong></span> <span class='ocrx_word' id='word_1_4' title='bbox 2386 415 2533 476; x_wconf 83' lang='lat' dir='ltr'><strong>LIB.</strong></span> <span class='ocrx_word' id='word_1_5' title='bbox 2576 411 2680 477; x_wconf 84' lang='lat' dir='ltr'><strong>VI.</strong></span> 
     </span>
    </p>
   </div>
   <div class='ocr_carea' id='block_1_3' title="bbox 3521 409 3628 477">
    <p class='ocr_par' dir='ltr' id='par_1_3' title="bbox 3521 409 3628 477">
     <span class='ocr_line' id='line_1_3' title="bbox 3521 409 3628 477; baseline 0.019 -2"><span class='ocrx_word' id='word_1_6' title='bbox 3521 409 3628 477; x_wconf 69' lang='grc'><strong>594</strong></span> 
     </span>
    </p>
   </div>
   <div class='ocr_carea' id='block_1_4' title="bbox 345 528 3630 611">
    <p class='ocr_par' dir='ltr' id='par_1_4' title="bbox 345 528 3630 611">
     <span class='ocr_line' id='line_1_4' title="bbox 345 528 3630 611; baseline -0.003 -17"><span class='ocrx_word' id='word_1_7' title='bbox 345 539 456 594; x_wconf 84' lang='grc' dir='ltr'>τῶν</span> <span class='ocrx_word' id='word_1_8' title='bbox 484 539 819 594; x_wconf 79' lang='grc' dir='ltr'>Γεννουῖτών</span> <span class='ocrx_word' id='word_1_9' title='bbox 849 538 1112 610; x_wconf 80' lang='grc' dir='ltr'>ἄρχοντα,</span> <span class='ocrx_word' id='word_1_10' title='bbox 1142 539 1237 594; x_wconf 82' lang='grc' dir='ltr'><strong>καί</strong></span> <span class='ocrx_word' id='word_1_11' title='bbox 1269 557 1396 610; x_wconf 85' lang='grc' dir='ltr'>σφιν</span> <span class='ocrx_word' id='word_1_12' title='bbox 1430 541 1517 610; x_wconf 70' lang='grc' dir='ltr'><strong>ἐφ’</strong></span> <span class='ocrx_word' id='word_1_13' title='bbox 1549 540 1790 611; x_wconf 78' lang='grc' dir='ltr'>ἡμέραις</span> <span class='ocrx_word' id='word_1_14' title='bbox 1817 540 1910 592; x_wconf 73' lang='grc' dir='ltr'><strong>ἐπι</strong></span> <span class='ocrx_word' id='word_1_15' title='bbox 1973 537 2025 597; x_wconf 74' lang='grc' dir='ltr'>Α</span> <span class='ocrx_word' id='word_1_16' title='bbox 2049 534 2289 588; x_wconf 81' lang='grc' dir='ltr'>κλιθεῖεν</span> <span class='ocrx_word' id='word_1_17' title='bbox 2313 533 2733 606; x_wconf 85' lang='grc' dir='ltr'>ἀντιμαχοῦσιν,</span> <span class='ocrx_word' id='word_1_18' title='bbox 2761 533 2810 586; x_wconf 80' lang='grc' dir='ltr'><strong>εί</strong></span> <span class='ocrx_word' id='word_1_19' title='bbox 2855 531 2900 586; x_wconf 84' lang='grc' dir='ltr'>δ’</span> <span class='ocrx_word' id='word_1_20' title='bbox 2931 530 3298 595; x_wconf 84' lang='grc' dir='ltr'>ἀνθίοταιντο,</span> <span class='ocrx_word' id='word_1_21' title='bbox 3330 528 3494 593; x_wconf 69' lang='grc' dir='ltr'>εὐθὺς</span> <span class='ocrx_word' id='word_1_22' title='bbox 3523 547 3630 585; x_wconf 86' lang='grc' dir='ltr'>πο-</span> 
     </span>
    </p>
   </div>
   <div class='ocr_carea' id='block_1_5' title="bbox 343 626 1945 700">
    <p class='ocr_par' dir='ltr' id='par_1_5' title="bbox 343 626 1945 700">
     <span class='ocr_line' id='line_1_5' title="bbox 343 626 1945 700; baseline -0.001 -16"><span class='ocrx_word' id='word_1_23' title='bbox 343 626 645 699; x_wconf 78' lang='grc' dir='ltr'>ζυγοῦσθαι</span> <span class='ocrx_word' id='word_1_24' title='bbox 664 629 765 692; x_wconf 78' lang='grc' dir='ltr'>τὰς</span> <span class='ocrx_word' id='word_1_25' title='bbox 790 629 890 698; x_wconf 85' lang='grc' dir='ltr'>τῆς</span> <span class='ocrx_word' id='word_1_26' title='bbox 916 628 1126 693; x_wconf 85' lang='grc' dir='ltr'>πόλεως</span> <span class='ocrx_word' id='word_1_27' title='bbox 1148 629 1325 694; x_wconf 81' lang='grc' dir='ltr'>πύλας</span> <span class='ocrx_word' id='word_1_28' title='bbox 1353 631 1746 700; x_wconf 84' lang='grc' dir='ltr'>προσέταττεν,</span> <span class='ocrx_word' id='word_1_29' title='bbox 1771 630 1945 700; x_wconf 85' lang='grc' dir='ltr'>ἀναρ-</span> 
     </span>
    </p>
   </div>
   <div class='ocr_carea' id='block_1_6' title="bbox 343 720 1930 795">
    <p class='ocr_par' dir='ltr' id='par_1_6' title="bbox 343 720 1930 795">
     <span class='ocr_line' id='line_1_6' title="bbox 343 720 1930 795; baseline 0.001 -19"><span class='ocrx_word' id='word_1_30' title='bbox 343 720 452 776; x_wconf 76' lang='grc' dir='ltr'>τῶν</span> <span class='ocrx_word' id='word_1_31' title='bbox 481 722 542 776; x_wconf 79' lang='grc' dir='ltr'>τὸ</span> <span class='ocrx_word' id='word_1_32' title='bbox 571 722 821 794; x_wconf 83' lang='grc' dir='ltr'>πραχθὲν</span> <span class='ocrx_word' id='word_1_33' title='bbox 848 724 930 788; x_wconf 83' lang='grc' dir='ltr'><strong>είς</strong></span> <span class='ocrx_word' id='word_1_34' title='bbox 955 725 1140 795; x_wconf 76' lang='grc' dir='ltr'>κρίσιν</span> <span class='ocrx_word' id='word_1_35' title='bbox 1172 724 1266 777; x_wconf 87' lang='grc' dir='ltr'><strong>τοῦ</strong></span> <span class='ocrx_word' id='word_1_36' title='bbox 1300 725 1660 794; x_wconf 84' lang='grc' dir='ltr'>κουμουνίου,</span> <span class='ocrx_word' id='word_1_37' title='bbox 1701 725 1930 794; x_wconf 83' lang='grc' dir='ltr'>μέλλον-</span> 
     </span>
    </p>
   </div>
   <div class='ocr_carea' id='block_1_7' title="bbox 338 817 1944 890">
    <p class='ocr_par' dir='ltr' id='par_1_7' title="bbox 338 817 1944 890">
     <span class='ocr_line' id='line_1_7' title="bbox 338 817 1944 890; baseline 0.001 -20"><span class='ocrx_word' id='word_1_38' title='bbox 338 833 435 878; x_wconf 81' lang='grc' dir='ltr'><strong>τος</strong></span> <span class='ocrx_word' id='word_1_39' title='bbox 486 817 678 889; x_wconf 75' lang='grc' dir='ltr'>ἑτέρου</span> <span class='ocrx_word' id='word_1_40' title='bbox 735 818 880 872; x_wconf 79' lang='grc' dir='ltr'>κατὰ</span> <span class='ocrx_word' id='word_1_41' title='bbox 922 818 1122 872; x_wconf 82' lang='grc' dir='ltr'><strong>πύστιν</strong></span> <span class='ocrx_word' id='word_1_42' title='bbox 1175 821 1300 874; x_wconf 83' lang='grc' dir='ltr'>ὅσον</span> <span class='ocrx_word' id='word_1_43' title='bbox 1360 819 1463 874; x_wconf 74' lang='grc' dir='ltr'><strong>οὐκ</strong></span> <span class='ocrx_word' id='word_1_44' title='bbox 1497 818 1600 890; x_wconf 78' lang='grc' dir='ltr'><strong>ἤδη</strong></span> <span class='ocrx_word' id='word_1_45' title='bbox 1630 818 1730 890; x_wconf 82' lang='grc' dir='ltr'>τὴν</span> <span class='ocrx_word' id='word_1_46' title='bbox 1766 818 1944 889; x_wconf 82' lang='grc' dir='ltr'>ἀρχὴν</span> 
     </span>
    </p>
   </div>
   <div class='ocr_carea' id='block_1_8' title="bbox 341 910 1942 983">
    <p class='ocr_par' dir='ltr' id='par_1_8' title="bbox 341 910 1942 983">
     <span class='ocr_line' id='line_1_8' title="bbox 341 910 1942 983; baseline 0.001 -20"><span class='ocrx_word' id='word_1_47' title='bbox 341 910 714 983; x_wconf 78' lang='grc' dir='ltr'>διαδέχεσθαι.</span> <span class='ocrx_word' id='word_1_48' title='bbox 765 911 953 965; x_wconf 83' lang='grc' dir='ltr'>Ταῦτα</span> <span class='ocrx_word' id='word_1_49' title='bbox 1011 913 1397 983; x_wconf 84' lang='grc' dir='ltr'>Μπυριγέριος</span> <span class='ocrx_word' id='word_1_50' title='bbox 1459 915 1582 966; x_wconf 79' lang='grc' dir='ltr'>τότε</span> <span class='ocrx_word' id='word_1_51' title='bbox 1637 913 1714 975; x_wconf 84' lang='grc' dir='ltr'><strong>ὡς</strong></span> <span class='ocrx_word' id='word_1_52' title='bbox 1764 911 1942 982; x_wconf 82' lang='grc' dir='ltr'>λαϐὴν</span> 
     </span>
    </p>
   </div>
   <div class='ocr_carea' id='block_1_9' title="bbox 342 1001 1944 1076">
    <p class='ocr_par' dir='ltr' id='par_1_9' title="bbox 342 1001 1944 1076">
     <span class='ocr_line' id='line_1_9' title="bbox 342 1001 1944 1076; baseline 0.001 -21"><span class='ocrx_word' id='word_1_53' title='bbox 342 1001 634 1073; x_wconf 70' lang='grc' dir='ltr'>προῦτεινε</span> <span class='ocrx_word' id='word_1_54' title='bbox 691 1003 1018 1069; x_wconf 79' lang='grc' dir='ltr'><strong>σκανδάλου,</strong></span> <span class='ocrx_word' id='word_1_55' title='bbox 1074 1005 1170 1057; x_wconf 75' lang='grc' dir='ltr'>καὶ</span> <span class='ocrx_word' id='word_1_56' title='bbox 1196 1004 1518 1076; x_wconf 78' lang='grc' dir='ltr'><strong>ἀλλοτριοῦν</strong></span> <span class='ocrx_word' id='word_1_57' title='bbox 1545 1003 1638 1058; x_wconf 88' lang='grc' dir='ltr'><strong>τοῦ</strong></span> <span class='ocrx_word' id='word_1_58' title='bbox 1671 1003 1944 1075; x_wconf 79' lang='grc' dir='ltr'>βασιλέως</span> 
     </span>
    </p>
   </div>
   <div class='ocr_carea' id='block_1_10' title="bbox 342 1095 1941 1169">
    <p class='ocr_par' dir='ltr' id='par_1_10' title="bbox 342 1095 1941 1169">
     <span class='ocr_line' id='line_1_10' title="bbox 342 1095 1941 1169; baseline 0.002 -21"><span class='ocrx_word' id='word_1_59' title='bbox 342 1096 442 1160; x_wconf 81' lang='grc' dir='ltr'>τὰς</span> <span class='ocrx_word' id='word_1_60' title='bbox 494 1095 722 1150; x_wconf 66' lang='grc' dir='ltr'>ἐκείνων</span> <span class='ocrx_word' id='word_1_61' title='bbox 754 1096 982 1167; x_wconf 85' lang='grc' dir='ltr'>γνώμας</span> <span class='ocrx_word' id='word_1_62' title='bbox 1017 1097 1240 1168; x_wconf 69' lang='grc' dir='ltr'>ἐπείρα,</span> <span class='ocrx_word' id='word_1_63' title='bbox 1272 1096 1349 1169; x_wconf 81' lang='grc' dir='ltr'>μὴ</span> <span class='ocrx_word' id='word_1_64' title='bbox 1376 1096 1554 1161; x_wconf 80' lang='grc' dir='ltr'>εἰδὼς,</span> <span class='ocrx_word' id='word_1_65' title='bbox 1595 1098 1628 1166; x_wconf 82' lang='grc' dir='ltr'>ἢ</span> <span class='ocrx_word' id='word_1_66' title='bbox 1668 1102 1766 1153; x_wconf 73' lang='grc' dir='ltr'><strong>καὶ</strong></span> <span class='ocrx_word' id='word_1_67' title='bbox 1797 1099 1941 1153; x_wconf 78' lang='grc' dir='ltr'>ἑκὼν</span> 
     </span>
    </p>
   </div>
   <div class='ocr_carea' id='block_1_11' title="bbox 345 1187 1940 1260">
    <p class='ocr_par' dir='ltr' id='par_1_11' title="bbox 345 1187 1940 1260">
     <span class='ocr_line' id='line_1_11' title="bbox 345 1187 1940 1260; baseline 0.003 -20"><span class='ocrx_word' id='word_1_68' title='bbox 345 1187 726 1258; x_wconf 70' lang='grc' dir='ltr'>παραλείπων,</span> <span class='ocrx_word' id='word_1_69' title='bbox 745 1187 822 1252; x_wconf 87' lang='grc' dir='ltr'>ὡς</span> <span class='ocrx_word' id='word_1_70' title='bbox 845 1189 1098 1259; x_wconf 80' lang='grc' dir='ltr'>βασιλεὺς</span> <span class='ocrx_word' id='word_1_71' title='bbox 1122 1189 1338 1257; x_wconf 84' lang='grc' dir='ltr'><strong>φθάσας</strong></span> <span class='ocrx_word' id='word_1_72' title='bbox 1357 1190 1542 1258; x_wconf 87' lang='grc' dir='ltr'>σφίσιν</span> <span class='ocrx_word' id='word_1_73' title='bbox 1560 1188 1940 1260; x_wconf 73' lang='grc' dir='ltr'>ἑξευμενίζετο</span> 
     </span>
    </p>
   </div>
   <div class='ocr_carea' id='block_1_12' title="bbox 345 1279 1938 1353">
    <p class='ocr_par' dir='ltr' id='par_1_12' title="bbox 345 1279 1938 1353">
     <span class='ocr_line' id='line_1_12' title="bbox 345 1279 1938 1353; baseline 0.004 -21"><span class='ocrx_word' id='word_1_74' title='bbox 345 1281 442 1333; x_wconf 76' lang='grc' dir='ltr'><strong>καὶ</strong></span> <span class='ocrx_word' id='word_1_75' title='bbox 482 1279 811 1350; x_wconf 81' lang='grc' dir='ltr'><strong>ξυμμάχους</strong></span> <span class='ocrx_word' id='word_1_76' title='bbox 864 1281 1345 1353; x_wconf 81' lang='grc' dir='ltr'>προσελάμϐανεν,</span> <span class='ocrx_word' id='word_1_77' title='bbox 1392 1283 1776 1352; x_wconf 74' lang='grc' dir='ltr'>ἀγγελθέντων</span> <span class='ocrx_word' id='word_1_78' title='bbox 1823 1284 1938 1339; x_wconf 86' lang='grc' dir='ltr'>τῶν</span> 
     </span>
    </p>
   </div>
   <div class='ocr_carea' id='block_1_13' title="bbox 345 1372 1938 1448">
    <p class='ocr_par' dir='ltr' id='par_1_13' title="bbox 345 1372 1938 1448">
     <span class='ocr_line' id='line_1_13' title="bbox 345 1372 1938 1448; baseline 0.004 -23"><span class='ocrx_word' id='word_1_79' title='bbox 345 1373 534 1438; x_wconf 83' lang='grc' dir='ltr'>αὐτοῖς</span> <span class='ocrx_word' id='word_1_80' title='bbox 564 1373 987 1444; x_wconf 84' lang='grc' dir='ltr'>πραττομένων.</span> <span class='ocrx_word' id='word_1_81' title='bbox 1029 1372 1118 1438; x_wconf 80' lang='grc' dir='ltr'>Ὠς</span> <span class='ocrx_word' id='word_1_82' title='bbox 1155 1376 1299 1446; x_wconf 69' lang='grc' dir='ltr'>ἀωρὶ</span> <span class='ocrx_word' id='word_1_83' title='bbox 1337 1376 1446 1429; x_wconf 82' lang='grc' dir='ltr'>τῶν</span> <span class='ocrx_word' id='word_1_84' title='bbox 1484 1377 1701 1431; x_wconf 83' lang='grc' dir='ltr'>νυκτῶν</span> <span class='ocrx_word' id='word_1_85' title='bbox 1733 1379 1765 1448; x_wconf 83' lang='grc' dir='ltr'><strong>ή</strong></span> <span class='ocrx_word' id='word_1_86' title='bbox 1802 1382 1938 1444; x_wconf 85' lang='grc' dir='ltr'>ναῦς</span> 
     </span>
    </p>
   </div>
   <div class='ocr_carea' id='block_1_14' title="bbox 347 1467 1936 1542">
    <p class='ocr_par' dir='ltr' id='par_1_14' title="bbox 347 1467 1936 1542">
     <span class='ocr_line' id='line_1_14' title="bbox 347 1467 1936 1542; baseline 0.008 -24"><span class='ocrx_word' id='word_1_87' title='bbox 347 1467 553 1539; x_wconf 68' lang='grc' dir='ltr'>ἐπέστη</span> <span class='ocrx_word' id='word_1_88' title='bbox 596 1470 693 1523; x_wconf 76' lang='grc' dir='ltr'><strong>καὶ</strong></span> <span class='ocrx_word' id='word_1_89' title='bbox 723 1470 824 1539; x_wconf 76' lang='grc' dir='ltr'><strong>ἤδη</strong></span> <span class='ocrx_word' id='word_1_90' title='bbox 867 1470 1213 1534; x_wconf 78' lang='grc' dir='ltr'>Γεννουῒταις</span> <span class='ocrx_word' id='word_1_91' title='bbox 1246 1472 1278 1541; x_wconf 83' lang='grc' dir='ltr'><strong>ἡ</strong></span> <span class='ocrx_word' id='word_1_92' title='bbox 1309 1471 1416 1524; x_wconf 80' lang='grc' dir='ltr'>τῶν</span> <span class='ocrx_word' id='word_1_93' title='bbox 1455 1472 1603 1539; x_wconf 80' lang='grc' dir='ltr'>νηῶν</span> <span class='ocrx_word' id='word_1_94' title='bbox 1631 1473 1936 1542; x_wconf 69' lang='grc' dir='ltr'>ἠγγέλλετο</span> 
     </span>
    </p>
   </div>
   <div class='ocr_carea' id='block_1_15' title="bbox 347 1558 1935 1632">
    <p class='ocr_par' dir='ltr' id='par_1_15' title="bbox 347 1558 1935 1632">
     <span class='ocr_line' id='line_1_15' title="bbox 347 1558 1935 1632; baseline 0.004 -19"><span class='ocrx_word' id='word_1_95' title='bbox 347 1558 557 1628; x_wconf 77' lang='grc' dir='ltr'>ἄφιξις,</span> <span class='ocrx_word' id='word_1_96' title='bbox 583 1561 812 1630; x_wconf 80' lang='grc' dir='ltr'>προσέτι</span> <span class='ocrx_word' id='word_1_97' title='bbox 843 1561 898 1614; x_wconf 71' lang='grc' dir='ltr'>δὲ</span> <span class='ocrx_word' id='word_1_98' title='bbox 927 1562 1020 1615; x_wconf 73' lang='grc' dir='ltr'><strong>καὶ</strong></span> <span class='ocrx_word' id='word_1_99' title='bbox 1042 1562 1103 1614; x_wconf 86' lang='grc' dir='ltr'>τὺ</span> <span class='ocrx_word' id='word_1_100' title='bbox 1125 1563 1378 1631; x_wconf 81' lang='grc' dir='ltr'>ποιητέον</span> <span class='ocrx_word' id='word_1_101' title='bbox 1396 1565 1644 1632; x_wconf 72' lang='grc' dir='ltr'>ἐζητεῖτο</span> <span class='ocrx_word' id='word_1_102' title='bbox 1665 1565 1740 1629; x_wconf 85' lang='grc' dir='ltr'><strong>ὡς</strong></span> <span class='ocrx_word' id='word_1_103' title='bbox 1771 1566 1935 1630; x_wconf 80' lang='grc' dir='ltr'>εὐθὺς</span> 
     </span>
    </p>
   </div>
   <div class='ocr_carea' id='block_1_16' title="bbox 347 1649 1935 1724">
    <p class='ocr_par' dir='ltr' id='par_1_16' title="bbox 347 1649 1935 1724">
     <span class='ocr_line' id='line_1_16' title="bbox 347 1649 1935 1724; baseline 0.007 -22"><span class='ocrx_word' id='word_1_104' title='bbox 347 1649 804 1721; x_wconf 72' lang='grc' dir='ltr'>ῦποστρεψόντων</span> <span class='ocrx_word' id='word_1_105' title='bbox 835 1654 926 1706; x_wconf 63' lang='grc' dir='ltr'><strong>καὶ</strong></span> <span class='ocrx_word' id='word_1_106' title='bbox 957 1654 1300 1722; x_wconf 84' lang='grc' dir='ltr'>κομισὸντων</span> <span class='ocrx_word' id='word_1_107' title='bbox 1332 1655 1430 1718; x_wconf 80' lang='grc' dir='ltr'>τὰς</span> <span class='ocrx_word' id='word_1_108' title='bbox 1459 1657 1747 1724; x_wconf 78' lang='grc' dir='ltr'>ἀγγελίας,</span> <span class='ocrx_word' id='word_1_109' title='bbox 1771 1657 1935 1724; x_wconf 75' lang='grc' dir='ltr'>εὐθὺς</span> 
     </span>
    </p>
   </div>
   <div class='ocr_carea' id='block_1_17' title="bbox 347 1744 1932 1821">
    <p class='ocr_par' dir='ltr' id='par_1_17' title="bbox 347 1744 1932 1821">
     <span class='ocr_line' id='line_1_17' title="bbox 347 1744 1932 1821; baseline 0.008 -27"><span class='ocrx_word' id='word_1_110' title='bbox 347 1745 548 1797; x_wconf 74' lang='grc' dir='ltr'>ἐκεῖνοι</span> <span class='ocrx_word' id='word_1_111' title='bbox 601 1744 755 1813; x_wconf 83' lang='grc' dir='ltr'><strong>παρά</strong></span> <span class='ocrx_word' id='word_1_112' title='bbox 791 1744 1018 1814; x_wconf 76' lang='grc' dir='ltr'>βασιλέα</span> <span class='ocrx_word' id='word_1_113' title='bbox 1076 1746 1184 1800; x_wconf 79' lang='grc' dir='ltr'>ὑπὸ</span> <span class='ocrx_word' id='word_1_114' title='bbox 1239 1748 1598 1818; x_wconf 85' lang='grc' dir='ltr'>λαμπτῆρσιν</span> <span class='ocrx_word' id='word_1_115' title='bbox 1629 1752 1932 1821; x_wconf 81' lang='grc' dir='ltr'>ἀφιγμένοι</span> 
     </span>
    </p>
   </div>
   <div class='ocr_carea' id='block_1_18' title="bbox 347 1838 1922 1912">
    <p class='ocr_par' dir='ltr' id='par_1_18' title="bbox 347 1838 1922 1912">
     <span class='ocr_line' id='line_1_18' title="bbox 347 1838 1922 1912; baseline 0.007 -22"><span class='ocrx_word' id='word_1_116' title='bbox 347 1838 442 1900; x_wconf 85' lang='grc' dir='ltr'>τὰς</span> <span class='ocrx_word' id='word_1_117' title='bbox 470 1839 686 1892; x_wconf 78' lang='grc' dir='ltr'>ἐκεῖθεν</span> <span class='ocrx_word' id='word_1_118' title='bbox 726 1839 1071 1910; x_wconf 82' lang='grc' dir='ltr'>ὲκχωρήσεις</span> <span class='ocrx_word' id='word_1_119' title='bbox 1107 1840 1440 1912; x_wconf 72' lang='grc' dir='ltr'>ἐλάμϐανον,</span> <span class='ocrx_word' id='word_1_120' title='bbox 1475 1843 1622 1908; x_wconf 77' lang='grc' dir='ltr'>ὡςεί</span> <span class='ocrx_word' id='word_1_121' title='bbox 1659 1845 1761 1911; x_wconf 88' lang='grc' dir='ltr'><strong>μὲν</strong></span> <span class='ocrx_word' id='word_1_122' title='bbox 1794 1847 1922 1901; x_wconf 81' lang='grc' dir='ltr'>ὑπο·</span> 
     </span>
    </p>
   </div>
   <div class='ocr_carea' id='block_1_19' title="bbox 345 2020 1931 2094">
    <p class='ocr_par' dir='ltr' id='par_1_19' title="bbox 345 2020 1931 2094">
     <span class='ocr_line' id='line_1_19' title="bbox 345 2020 1931 2094; baseline 0.008 -18"><span class='ocrx_word' id='word_1_123' title='bbox 345 2020 483 2077; x_wconf 91' lang='lat' dir='ltr'><strong>nihil</strong></span> <span class='ocrx_word' id='word_1_124' title='bbox 519 2022 705 2080; x_wconf 87' lang='lat' dir='ltr'><strong>minus</strong></span> <span class='ocrx_word' id='word_1_125' title='bbox 739 2027 1056 2094; x_wconf 81' lang='lat' dir='ltr'><strong>opinantem</strong></span> <span class='ocrx_word' id='word_1_126' title='bbox 1118 2030 1420 2084; x_wconf 80' lang='lat' dir='ltr'><strong>exarchum</strong></span> <span class='ocrx_word' id='word_1_127' title='bbox 1457 2029 1786 2087; x_wconf 88' lang='lat' dir='ltr'><strong>Pisanorum</strong></span> <span class='ocrx_word' id='word_1_128' title='bbox 1851 2042 1931 2089; x_wconf 90' lang='lat' dir='ltr'><strong>tot</strong></span> 
     </span>
    </p>
   </div>
   <div class='ocr_carea' id='block_1_20' title="bbox 342 2120 1930 2196">
    <p class='ocr_par' dir='ltr' id='par_1_20' title="bbox 342 2120 1930 2196">
     <span class='ocr_line' id='line_1_20' title="bbox 342 2120 1930 2196; baseline 0.008 -27"><span class='ocrx_word' id='word_1_129' title='bbox 342 2131 468 2169; x_wconf 88' lang='lat' dir='ltr'><strong>eum</strong></span> <span class='ocrx_word' id='word_1_130' title='bbox 525 2127 880 2173; x_wconf 89' lang='lat' dir='ltr'><strong>cruentatum</strong></span> <span class='ocrx_word' id='word_1_131' title='bbox 915 2121 1138 2176; x_wconf 90' lang='lat' dir='ltr'><strong>ensium</strong></span> <span class='ocrx_word' id='word_1_132' title='bbox 1195 2120 1399 2178; x_wconf 81' lang='lat' dir='ltr'><strong>ictibus</strong></span> <span class='ocrx_word' id='word_1_133' title='bbox 1457 2125 1826 2196; x_wconf 86' lang='lat' dir='ltr'><strong>reliquerunt,</strong></span> <span class='ocrx_word' id='word_1_134' title='bbox 1870 2135 1930 2182; x_wconf 93' lang='lat' dir='ltr'><strong>ut</strong></span> 
     </span>
    </p>
   </div>
   <div class='ocr_carea' id='block_1_21' title="bbox 343 2208 1933 2294">
    <p class='ocr_par' dir='ltr' id='par_1_21' title="bbox 343 2208 1933 2294">
     <span class='ocr_line' id='line_1_21' title="bbox 343 2208 1933 2294; baseline 0.012 -32"><span class='ocrx_word' id='word_1_135' title='bbox 343 2208 511 2266; x_wconf 80' lang='lat' dir='ltr'><strong>miser</strong></span> <span class='ocrx_word' id='word_1_136' title='bbox 542 2227 572 2265; x_wconf 92' lang='lat' dir='ltr'><strong>a</strong></span> <span class='ocrx_word' id='word_1_137' title='bbox 607 2215 723 2268; x_wconf 83' lang='lat' dir='ltr'><strong>suis</strong></span> <span class='ocrx_word' id='word_1_138' title='bbox 779 2228 809 2268; x_wconf 92' lang='lat' dir='ltr'><strong>e</strong></span> <span class='ocrx_word' id='word_1_139' title='bbox 864 2215 1206 2272; x_wconf 70' lang='lat' dir='ltr'><strong>carniﬁcinae</strong></span> <span class='ocrx_word' id='word_1_140' title='bbox 1236 2216 1361 2274; x_wconf 89' lang='lat' dir='ltr'><strong>loco</strong></span> <span class='ocrx_word' id='word_1_141' title='bbox 1393 2232 1518 2275; x_wconf 90' lang='lat' dir='ltr'><strong>cum</strong></span> <span class='ocrx_word' id='word_1_142' title='bbox 1556 2221 1767 2277; x_wconf 82' lang='lat' dir='ltr'><strong>modica</strong></span> <span class='ocrx_word' id='word_1_143' title='bbox 1832 2238 1933 2294; x_wconf 85' lang='lat' dir='ltr'><strong>spe</strong></span> 
     </span>
    </p>
   </div>
   <div class='ocr_carea' id='block_1_22' title="bbox 345 2303 1930 2384">
    <p class='ocr_par' dir='ltr' id='par_1_22' title="bbox 345 2303 1930 2384">
     <span class='ocr_line' id='line_1_22' title="bbox 345 2303 1930 2384; baseline 0.011 -30"><span class='ocrx_word' id='word_1_144' title='bbox 345 2303 471 2358; x_wconf 67' lang='lat' dir='ltr'><strong>vitae</strong></span> <span class='ocrx_word' id='word_1_145' title='bbox 503 2305 764 2361; x_wconf 90' lang='lat' dir='ltr'><strong>manibus</strong></span> <span class='ocrx_word' id='word_1_146' title='bbox 811 2307 1035 2362; x_wconf 87' lang='lat' dir='ltr'><strong>domum</strong></span> <span class='ocrx_word' id='word_1_147' title='bbox 1095 2309 1424 2368; x_wconf 76' lang='lat' dir='ltr'><strong>referretur.</strong></span> <span class='ocrx_word' id='word_1_148' title='bbox 1473 2311 1608 2378; x_wconf 89' lang='lat' dir='ltr'><strong>Hoc,</strong></span> <span class='ocrx_word' id='word_1_149' title='bbox 1669 2324 1726 2369; x_wconf 94' lang='lat' dir='ltr'><strong>ut</strong></span> <span class='ocrx_word' id='word_1_150' title='bbox 1788 2327 1930 2384; x_wconf 86' lang='lat' dir='ltr'><strong>erat,</strong></span> 
     </span>
    </p>
   </div>
   <div class='ocr_carea' id='block_1_23' title="bbox 344 2395 1934 2466">
    <p class='ocr_par' dir='ltr' id='par_1_23' title="bbox 344 2395 1934 2466">
     <span class='ocr_line' id='line_1_23' title="bbox 344 2395 1934 2466; baseline 0.009 -15"><span class='ocrx_word' id='word_1_151' title='bbox 344 2395 400 2452; x_wconf 90' lang='lat' dir='ltr'><strong>in</strong></span> <span class='ocrx_word' id='word_1_152' title='bbox 440 2398 526 2452; x_wconf 87' lang='lat' dir='ltr'><strong>sui</strong></span> <span class='ocrx_word' id='word_1_153' title='bbox 571 2399 965 2455; x_wconf 74' lang='lat' dir='ltr'><strong>contumeliam</strong></span> <span class='ocrx_word' id='word_1_154' title='bbox 1037 2401 1444 2461; x_wconf 89' lang='lat' dir='ltr'><strong>intolerabilem</strong></span> <span class='ocrx_word' id='word_1_155' title='bbox 1514 2409 1720 2466; x_wconf 77' lang='lat' dir='ltr'><strong>factum</strong></span> <span class='ocrx_word' id='word_1_156' title='bbox 1757 2410 1934 2466; x_wconf 75' lang='lat' dir='ltr'><strong>inter-</strong></span> 
     </span>
    </p>
   </div>
   <div class='ocr_carea' id='block_1_24' title="bbox 345 2492 1933 2570">
    <p class='ocr_par' dir='ltr' id='par_1_24' title="bbox 345 2492 1933 2570">
     <span class='ocr_line' id='line_1_24' title="bbox 345 2492 1933 2570; baseline 0.012 -28"><span class='ocrx_word' id='word_1_157' title='bbox 345 2497 598 2559; x_wconf 84' lang='lat' dir='ltr'><strong>pretatus</strong></span> <span class='ocrx_word' id='word_1_158' title='bbox 650 2492 952 2563; x_wconf 76' lang='lat' dir='ltr'><strong>imperator</strong></span> <span class='ocrx_word' id='word_1_159' title='bbox 1005 2495 1274 2554; x_wconf 88' lang='lat' dir='ltr'><strong>continuo</strong></span> <span class='ocrx_word' id='word_1_160' title='bbox 1337 2509 1628 2570; x_wconf 66' lang='lat' dir='ltr'><strong>praetorem</strong></span> <span class='ocrx_word' id='word_1_161' title='bbox 1673 2502 1933 2561; x_wconf 84' lang='lat' dir='ltr'><strong>Galaten-</strong></span> 
     </span>
    </p>
   </div>
   <div class='ocr_carea' id='block_1_25' title="bbox 344 2582 1924 2661">
    <p class='ocr_par' dir='ltr' id='par_1_25' title="bbox 344 2582 1924 2661">
     <span class='ocr_line' id='line_1_25' title="bbox 344 2582 1924 2661; baseline 0.011 -23"><span class='ocrx_word' id='word_1_162' title='bbox 344 2582 507 2650; x_wconf 89' lang='lat' dir='ltr'><strong>sium,</strong></span> <span class='ocrx_word' id='word_1_163' title='bbox 553 2585 608 2640; x_wconf 87' lang='lat' dir='ltr'><strong>in</strong></span> <span class='ocrx_word' id='word_1_164' title='bbox 658 2586 921 2643; x_wconf 90' lang='lat' dir='ltr'><strong>comitatu</strong></span> <span class='ocrx_word' id='word_1_165' title='bbox 963 2589 1032 2644; x_wconf 86' lang='lat' dir='ltr'><strong>ad</strong></span> <span class='ocrx_word' id='word_1_166' title='bbox 1070 2605 1159 2647; x_wconf 87' lang='lat' dir='ltr'><strong>res</strong></span> <span class='ocrx_word' id='word_1_167' title='bbox 1186 2590 1432 2661; x_wconf 86' lang='lat' dir='ltr'><strong>ipsorum</strong></span> <span class='ocrx_word' id='word_1_168' title='bbox 1478 2596 1758 2653; x_wconf 87' lang='lat' dir='ltr'><strong>curandas</strong></span> <span class='ocrx_word' id='word_1_169' title='bbox 1800 2615 1924 2654; x_wconf 82' lang='lat' dir='ltr'><strong>ver-</strong></span> 
     </span>
    </p>
   </div>
   <div class='ocr_carea' id='block_1_26' title="bbox 344 2675 1925 2757">
    <p class='ocr_par' dir='ltr' id='par_1_26' title="bbox 344 2675 1925 2757">
     <span class='ocr_line' id='line_1_26' title="bbox 344 2675 1925 2757; baseline 0.011 -27"><span class='ocrx_word' id='word_1_170' title='bbox 344 2675 456 2730; x_wconf 83' lang='lat' dir='ltr'><strong>sari</strong></span> <span class='ocrx_word' id='word_1_171' title='bbox 489 2676 736 2742; x_wconf 73' lang='lat' dir='ltr'><strong>solitum,</strong></span> <span class='ocrx_word' id='word_1_172' title='bbox 789 2694 1055 2748; x_wconf 81' lang='lat' dir='ltr'><strong>apparere</strong></span> <span class='ocrx_word' id='word_1_173' title='bbox 1088 2680 1355 2754; x_wconf 84' lang='lat' dir='ltr'><strong>deinceps</strong></span> <span class='ocrx_word' id='word_1_174' title='bbox 1387 2700 1576 2742; x_wconf 84' lang='lat' dir='ltr'><strong>coram</strong></span> <span class='ocrx_word' id='word_1_175' title='bbox 1605 2704 1666 2744; x_wconf 89' lang='lat' dir='ltr'><strong>se</strong></span> <span class='ocrx_word' id='word_1_176' title='bbox 1726 2692 1925 2757; x_wconf 89' lang='lat' dir='ltr'><strong>vetuit,</strong></span> 
     </span>
    </p>
   </div>
   <div class='ocr_carea' id='block_1_27' title="bbox 344 2767 1929 2854">
    <p class='ocr_par' dir='ltr' id='par_1_27' title="bbox 344 2767 1929 2854">
     <span class='ocr_line' id='line_1_27' title="bbox 344 2767 1929 2854; baseline 0.015 -34"><span class='ocrx_word' id='word_1_177' title='bbox 344 2767 593 2838; x_wconf 84' lang='lat' dir='ltr'><strong>ipsisque</strong></span> <span class='ocrx_word' id='word_1_178' title='bbox 623 2769 689 2823; x_wconf 88' lang='lat' dir='ltr'><strong>ad</strong></span> <span class='ocrx_word' id='word_1_179' title='bbox 744 2771 863 2828; x_wconf 89' lang='lat' dir='ltr'><strong>dies</strong></span> <span class='ocrx_word' id='word_1_180' title='bbox 895 2774 1105 2845; x_wconf 86' lang='lat' dir='ltr'><strong>aliquot</strong></span> <span class='ocrx_word' id='word_1_181' title='bbox 1149 2779 1408 2849; x_wconf 63' lang='lat' dir='ltr'><strong>praecepit</strong></span> <span class='ocrx_word' id='word_1_182' title='bbox 1438 2781 1688 2838; x_wconf 87' lang='lat' dir='ltr'><strong>obserari</strong></span> <span class='ocrx_word' id='word_1_183' title='bbox 1739 2794 1929 2854; x_wconf 86' lang='lat' dir='ltr'><strong>portas</strong></span> 
     </span>
    </p>
   </div>
   <div class='ocr_carea' id='block_1_28' title="bbox 343 2864 1924 2945">
    <p class='ocr_par' dir='ltr' id='par_1_28' title="bbox 343 2864 1924 2945">
     <span class='ocr_line' id='line_1_28' title="bbox 343 2864 1924 2945; baseline 0.015 -31"><span class='ocrx_word' id='word_1_184' title='bbox 343 2864 519 2929; x_wconf 87' lang='lat' dir='ltr'><strong>urbis,</strong></span> <span class='ocrx_word' id='word_1_185' title='bbox 576 2881 677 2922; x_wconf 91' lang='lat' dir='ltr'><strong>nec</strong></span> <span class='ocrx_word' id='word_1_186' title='bbox 733 2867 788 2921; x_wconf 91' lang='lat' dir='ltr'><strong>in</strong></span> <span class='ocrx_word' id='word_1_187' title='bbox 849 2883 968 2923; x_wconf 91' lang='lat' dir='ltr'><strong>eam</strong></span> <span class='ocrx_word' id='word_1_188' title='bbox 1006 2870 1097 2925; x_wconf 86' lang='lat' dir='ltr'><strong>ulli</strong></span> <span class='ocrx_word' id='word_1_189' title='bbox 1162 2887 1357 2928; x_wconf 91' lang='lat' dir='ltr'><strong>eorum</strong></span> <span class='ocrx_word' id='word_1_190' title='bbox 1416 2874 1622 2931; x_wconf 83' lang='lat' dir='ltr'><strong>aditum</strong></span> <span class='ocrx_word' id='word_1_191' title='bbox 1660 2880 1924 2945; x_wconf 79' lang='lat' dir='ltr'><strong>permitti.</strong></span> 
     </span>
    </p>
   </div>
   <div class='ocr_carea' id='block_1_29' title="bbox 344 2953 1928 3043">
    <p class='ocr_par' dir='ltr' id='par_1_29' title="bbox 344 2953 1928 3043">
     <span class='ocr_line' id='line_1_29' title="bbox 344 2953 1928 3043; baseline 0.011 -32"><span class='ocrx_word' id='word_1_192' title='bbox 344 2953 474 3012; x_wconf 66' lang='lat' dir='ltr'><strong>“ait:</strong></span> <span class='ocrx_word' id='word_1_193' title='bbox 524 2959 608 3016; x_wconf 80' lang='lat' dir='ltr'><strong>sic</strong></span> <span class='ocrx_word' id='word_1_194' title='bbox 673 2959 958 3030; x_wconf 82' lang='lat' dir='ltr'><strong>Augustus</strong></span> <span class='ocrx_word' id='word_1_195' title='bbox 1027 2964 1164 3036; x_wconf 85' lang='lat' dir='ltr'><strong>egit,</strong></span> <span class='ocrx_word' id='word_1_196' title='bbox 1201 2981 1426 3022; x_wconf 78' lang='lat' dir='ltr'><strong>sensum</strong></span> <span class='ocrx_word' id='word_1_197' title='bbox 1460 2971 1682 3038; x_wconf 84' lang='lat' dir='ltr'><strong>quidem</strong></span> <span class='ocrx_word' id='word_1_198' title='bbox 1713 2973 1928 3043; x_wconf 70' lang='lat' dir='ltr'><strong>injuria:</strong></span> 
     </span>
    </p>
   </div>
   <div class='ocr_carea' id='block_1_30' title="bbox 342 3045 1927 3121">
    <p class='ocr_par' dir='ltr' id='par_1_30' title="bbox 342 3045 1927 3121">
     <span class='ocr_line' id='line_1_30' title="bbox 342 3045 1927 3121; baseline 0.013 -20"><span class='ocrx_word' id='word_1_199' title='bbox 342 3045 689 3117; x_wconf 80' lang='lat' dir='ltr'><strong>signiﬁcans,</strong></span> <span class='ocrx_word' id='word_1_200' title='bbox 721 3051 842 3121; x_wconf 82' lang='lat' dir='ltr'><strong>ejus</strong></span> <span class='ocrx_word' id='word_1_201' title='bbox 901 3062 1081 3109; x_wconf 86' lang='lat' dir='ltr'><strong>tamen</strong></span> <span class='ocrx_word' id='word_1_202' title='bbox 1120 3056 1388 3113; x_wconf 88' lang='lat' dir='ltr'><strong>ultionem</strong></span> <span class='ocrx_word' id='word_1_203' title='bbox 1455 3061 1702 3118; x_wconf 86' lang='lat' dir='ltr'><strong>nondum</strong></span> <span class='ocrx_word' id='word_1_204' title='bbox 1765 3080 1927 3120; x_wconf 75' lang='lat' dir='ltr'><strong>exse-</strong></span> 
     </span>
    </p>
   </div>
   <div class='ocr_carea' id='block_1_31' title="bbox 342 3143 1922 3228">
    <p class='ocr_par' dir='ltr' id='par_1_31' title="bbox 342 3143 1922 3228">
     <span class='ocr_line' id='line_1_31' title="bbox 342 3143 1922 3228; baseline 0.013 -35"><span class='ocrx_word' id='word_1_205' title='bbox 342 3155 520 3208; x_wconf 87' lang='lat' dir='ltr'><strong>quens</strong></span> <span class='ocrx_word' id='word_1_206' title='bbox 547 3159 563 3209; x_wconf 91' lang='lat'><strong>;</strong></span> <span class='ocrx_word' id='word_1_207' title='bbox 589 3143 751 3212; x_wconf 83' lang='lat' dir='ltr'><strong>cujus</strong></span> <span class='ocrx_word' id='word_1_208' title='bbox 789 3147 1162 3218; x_wconf 78' lang='lat' dir='ltr'><strong>cognitionem</strong></span> <span class='ocrx_word' id='word_1_209' title='bbox 1220 3156 1616 3210; x_wconf 85' lang='lat' dir='ltr'><strong>reservandam</strong></span> <span class='ocrx_word' id='word_1_210' title='bbox 1653 3157 1922 3228; x_wconf 77' lang='lat' dir='ltr'><strong>integram</strong></span> 
     </span>
    </p>
   </div>
   <div class='ocr_carea' id='block_1_32' title="bbox 2045 620 3625 696">
    <p class='ocr_par' dir='ltr' id='par_1_32' title="bbox 2045 620 3625 696">
     <span class='ocr_line' id='line_1_32' title="bbox 2045 620 3625 696; baseline -0.001 -19"><span class='ocrx_word' id='word_1_211' title='bbox 2045 626 2255 696; x_wconf 83' lang='grc' dir='ltr'>λεμείν,</span> <span class='ocrx_word' id='word_1_212' title='bbox 2291 627 2387 680; x_wconf 76' lang='grc' dir='ltr'>καὶ</span> <span class='ocrx_word' id='word_1_213' title='bbox 2417 626 2659 696; x_wconf 80' lang='grc' dir='ltr'>πλήθους</span> <span class='ocrx_word' id='word_1_214' title='bbox 2684 622 2882 694; x_wconf 83' lang='grc' dir='ltr'>συχνοῦ</span> <span class='ocrx_word' id='word_1_215' title='bbox 2919 624 3136 695; x_wconf 81' lang='grc' dir='ltr'>πρωΐας</span> <span class='ocrx_word' id='word_1_216' title='bbox 3185 620 3500 694; x_wconf 83' lang='grc' dir='ltr'>Ῥωμαϊκοῦ</span> <span class='ocrx_word' id='word_1_217' title='bbox 3529 621 3625 676; x_wconf 84' lang='grc' dir='ltr'><strong>τοῦ</strong></span> 
     </span>
    </p>
   </div>
   <div class='ocr_carea' id='block_1_33' title="bbox 2050 717 3624 791">
    <p class='ocr_par' dir='ltr' id='par_1_33' title="bbox 2050 717 3624 791">
     <span class='ocr_line' id='line_1_33' title="bbox 2050 717 3624 791; baseline 0 -19"><span class='ocrx_word' id='word_1_218' title='bbox 2050 722 2148 791; x_wconf 81' lang='grc' dir='ltr'><strong>μὲν</strong></span> <span class='ocrx_word' id='word_1_219' title='bbox 2181 720 2322 774; x_wconf 82' lang='grc' dir='ltr'>κατὰ</span> <span class='ocrx_word' id='word_1_220' title='bbox 2368 721 2466 781; x_wconf 84' lang='grc' dir='ltr'>τὰς</span> <span class='ocrx_word' id='word_1_221' title='bbox 2491 720 2666 783; x_wconf 82' lang='grc' dir='ltr'>ἀκτὰς</span> <span class='ocrx_word' id='word_1_222' title='bbox 2720 718 3056 789; x_wconf 83' lang='grc' dir='ltr'>στησομένου</span> <span class='ocrx_word' id='word_1_223' title='bbox 3095 718 3232 789; x_wconf 73' lang='grc' dir='ltr'>πρὸς</span> <span class='ocrx_word' id='word_1_224' title='bbox 3259 717 3499 787; x_wconf 70' lang='grc' dir='ltr'>ἄμυναν,</span> <span class='ocrx_word' id='word_1_225' title='bbox 3530 717 3624 772; x_wconf 84' lang='grc' dir='ltr'><strong>τοῦ</strong></span> 
     </span>
    </p>
   </div>
   <div class='ocr_carea' id='block_1_34' title="bbox 2044 802 3627 884">
    <p class='ocr_par' dir='ltr' id='par_1_34' title="bbox 2044 802 3627 884">
     <span class='ocr_line' id='line_1_34' title="bbox 2044 802 3627 884; baseline -0.004 -15"><span class='ocrx_word' id='word_1_226' title='bbox 2044 815 2090 869; x_wconf 86' lang='grc' dir='ltr'><strong>δ’</strong></span> <span class='ocrx_word' id='word_1_227' title='bbox 2114 814 2295 870; x_wconf 87' lang='grc' dir='ltr'>άλιάσι</span> <span class='ocrx_word' id='word_1_228' title='bbox 2324 813 2638 868; x_wconf 78' lang='grc' dir='ltr'>διαποντίου</span> <span class='ocrx_word' id='word_1_229' title='bbox 2661 813 3032 884; x_wconf 76' lang='grc' dir='ltr'>γενησομένου</span> <span class='ocrx_word' id='word_1_230' title='bbox 3057 831 3071 846; x_wconf 66' lang='grc' dir='ltr'><strong>ν</strong></span> <span class='ocrx_word' id='word_1_231' title='bbox 3109 812 3231 866; x_wconf 79' lang='grc' dir='ltr'>οὐδὲ</span> <span class='ocrx_word' id='word_1_232' title='bbox 3259 813 3366 881; x_wconf 84' lang='grc' dir='ltr'>γὰρ</span> <span class='ocrx_word' id='word_1_233' title='bbox 3384 802 3627 864; x_wconf 52' lang='grc' dir='ltr'>’ἀπέϐλε-</span> 
     </span>
    </p>
   </div>
   <div class='ocr_carea' id='block_1_35' title="bbox 2042 903 3628 978">
    <p class='ocr_par' dir='ltr' id='par_1_35' title="bbox 2042 903 3628 978">
     <span class='ocr_line' id='line_1_35' title="bbox 2042 903 3628 978; baseline -0.003 -18"><span class='ocrx_word' id='word_1_234' title='bbox 2042 908 2164 978; x_wconf 75' lang='grc' dir='ltr'>ψεν,</span> <span class='ocrx_word' id='word_1_235' title='bbox 2193 909 2271 970; x_wconf 76' lang='grc' dir='ltr'>ὠς</span> <span class='ocrx_word' id='word_1_236' title='bbox 2305 907 2467 970; x_wconf 74' lang='grc' dir='ltr'>αὐτὸς</span> <span class='ocrx_word' id='word_1_237' title='bbox 2497 909 2595 976; x_wconf 78' lang='grc' dir='ltr'>μὲν</span> <span class='ocrx_word' id='word_1_238' title='bbox 2625 907 2685 960; x_wconf 75' lang='grc' dir='ltr'><strong>οὐ</strong></span> <span class='ocrx_word' id='word_1_239' title='bbox 2714 908 2984 976; x_wconf 84' lang='grc' dir='ltr'>ποιήσων,</span> <span class='ocrx_word' id='word_1_240' title='bbox 3021 906 3159 976; x_wconf 79' lang='grc' dir='ltr'>πρὸς</span> <span class='ocrx_word' id='word_1_241' title='bbox 3199 907 3443 964; x_wconf 74' lang='grc' dir='ltr'>ἐκείνους</span> <span class='ocrx_word' id='word_1_242' title='bbox 3468 905 3524 958; x_wconf 72' lang='grc' dir='ltr'><strong>δὲ</strong></span> <span class='ocrx_word' id='word_1_243' title='bbox 3565 903 3628 957; x_wconf 77' lang='grc' dir='ltr'>τὸ</span> 
     </span>
    </p>
   </div>
   <div class='ocr_carea' id='block_1_36' title="bbox 2042 992 3622 1073">
    <p class='ocr_par' dir='ltr' id='par_1_36' title="bbox 2042 992 3622 1073">
     <span class='ocr_line' id='line_1_36' title="bbox 2042 992 3622 1073; baseline -0.004 -19"><span class='ocrx_word' id='word_1_244' title='bbox 2042 1004 2152 1056; x_wconf 81' lang='grc' dir='ltr'><strong>πᾶν</strong></span> <span class='ocrx_word' id='word_1_245' title='bbox 2175 992 2506 1073; x_wconf 73' lang='grc' dir='ltr'>πράξοντας.</span> <span class='ocrx_word' id='word_1_246' title='bbox 2545 1001 2708 1072; x_wconf 84' lang='grc' dir='ltr'>Σφίσι</span> <span class='ocrx_word' id='word_1_247' title='bbox 2763 1003 2860 1072; x_wconf 80' lang='grc' dir='ltr'>μὲν</span> <span class='ocrx_word' id='word_1_248' title='bbox 2883 1001 2978 1055; x_wconf 81' lang='grc' dir='ltr'><strong>οῦν</strong></span> <span class='ocrx_word' id='word_1_249' title='bbox 3015 1001 3076 1054; x_wconf 82' lang='grc' dir='ltr'><strong>τὸ</strong></span> <span class='ocrx_word' id='word_1_250' title='bbox 3104 1001 3232 1063; x_wconf 83' lang='grc' dir='ltr'>δάος</span> <span class='ocrx_word' id='word_1_251' title='bbox 3256 996 3326 1072; x_wconf 83' lang='grc' dir='ltr'>ἦν</span> <span class='ocrx_word' id='word_1_252' title='bbox 3356 1001 3413 1054; x_wconf 79' lang='grc' dir='ltr'>ὲν</span> <span class='ocrx_word' id='word_1_253' title='bbox 3444 999 3622 1070; x_wconf 61' lang='grc' dir='ltr'>χερσὶ,</span> 
     </span>
    </p>
   </div>
   <div class='ocr_carea' id='block_1_37' title="bbox 2042 1098 2533 1168">
    <p class='ocr_par' dir='ltr' id='par_1_37' title="bbox 2042 1098 2533 1168">
     <span class='ocr_line' id='line_1_37' title="bbox 2042 1098 2533 1168; baseline 0.006 -18"><span class='ocrx_word' id='word_1_254' title='bbox 2042 1099 2136 1150; x_wconf 81' lang='grc' dir='ltr'>καὶ</span> <span class='ocrx_word' id='word_1_255' title='bbox 2167 1098 2533 1168; x_wconf 71' lang='grc' dir='ltr'>ὑπέστρεφον.</span> 
     </span>
    </p>
   </div>
   <div class='ocr_carea' id='block_1_38' title="bbox 2027 1213 3627 1289">
    <p class='ocr_par' dir='ltr' id='par_1_38' title="bbox 2027 1213 3627 1289">
     <span class='ocr_line' id='line_1_38' title="bbox 2027 1213 3627 1289; baseline -0.001 -20"><span class='ocrx_word' id='word_1_256' title='bbox 2027 1214 2145 1270; x_wconf 88' lang='grc' dir='ltr'><strong>-κθ’.</strong></span> <span class='ocrx_word' id='word_1_257' title='bbox 2179 1215 2383 1283; x_wconf 81' lang='grc' dir='ltr'>Ὅπως</span> <span class='ocrx_word' id='word_1_258' title='bbox 2413 1216 2801 1289; x_wconf 76' lang='grc' dir='ltr'>Ἀμογάὸίιροί</span> <span class='ocrx_word' id='word_1_259' title='bbox 2829 1233 2896 1289; x_wconf 69' lang='lat' dir='ltr'><strong>re</strong></span> <span class='ocrx_word' id='word_1_260' title='bbox 2940 1214 3039 1271; x_wconf 76' lang='grc' dir='ltr'><strong>καὶ</strong></span> <span class='ocrx_word' id='word_1_261' title='bbox 3089 1213 3419 1271; x_wconf 79' lang='grc' dir='ltr'>Κατελὰνοι</span> <span class='ocrx_word' id='word_1_262' title='bbox 3457 1231 3627 1269; x_wconf 77' lang='grc' dir='ltr'>κατε-</span> 
     </span>
    </p>
   </div>
   <div class='ocr_carea' id='block_1_39' title="bbox 2606 1285 3066 1357">
    <p class='ocr_par' dir='ltr' id='par_1_39' title="bbox 2606 1285 3066 1357">
     <span class='ocr_line' id='line_1_39' title="bbox 2606 1285 3066 1357; baseline 0.011 -19"><span class='ocrx_word' id='word_1_263' title='bbox 2606 1285 3066 1357; x_wconf 74' lang='grc' dir='ltr'>πολεμήθησαν.</span> 
     </span>
    </p>
   </div>
   <div class='ocr_carea' id='block_1_40' title="bbox 2078 1377 3627 1455">
    <p class='ocr_par' dir='ltr' id='par_1_40' title="bbox 2078 1377 3627 1455">
     <span class='ocr_line' id='line_1_40' title="bbox 2078 1377 3627 1455; baseline -0.002 -20"><span class='ocrx_word' id='word_1_264' title='bbox 2078 1382 2381 1446; x_wconf 78' lang='grc' dir='ltr'>·Βασιλεῦς</span> <span class='ocrx_word' id='word_1_265' title='bbox 2436 1381 2525 1455; x_wconf 87' lang='grc' dir='ltr'><strong>[Ρ.</strong></span> <span class='ocrx_word' id='word_1_266' title='bbox 2575 1379 2840 1453; x_wconf 73' lang='lat'><strong>575-576]</strong></span> <span class='ocrx_word' id='word_1_267' title='bbox 2883 1381 2942 1435; x_wconf 84' lang='grc' dir='ltr'><strong>δὲ</strong></span> <span class='ocrx_word' id='word_1_268' title='bbox 2994 1381 3226 1453; x_wconf 85' lang='grc' dir='ltr'>μυρίους</span> <span class='ocrx_word' id='word_1_269' title='bbox 3275 1379 3445 1450; x_wconf 79' lang='grc' dir='ltr'>ὲξήλα</span> <span class='ocrx_word' id='word_1_270' title='bbox 3505 1377 3627 1447; x_wconf 77' lang='grc' dir='ltr'>μεθ’</span> 
     </span>
    </p>
   </div>
   <div class='ocr_carea' id='block_1_41' title="bbox 2037 1468 3624 1546">
    <p class='ocr_par' dir='ltr' id='par_1_41' title="bbox 2037 1468 3624 1546">
     <span class='ocr_line' id='line_1_41' title="bbox 2037 1468 3624 1546; baseline -0.001 -19"><span class='ocrx_word' id='word_1_271' title='bbox 2037 1474 2238 1539; x_wconf 83' lang='grc' dir='ltr'>ὃπλων,</span> <span class='ocrx_word' id='word_1_272' title='bbox 2276 1474 2523 1544; x_wconf 77' lang='grc' dir='ltr'>πορθμὸς</span> <span class='ocrx_word' id='word_1_273' title='bbox 2562 1474 2608 1527; x_wconf 77' lang='grc' dir='ltr'>δ’</span> <span class='ocrx_word' id='word_1_274' title='bbox 2639 1468 2794 1536; x_wconf 72' lang='grc' dir='ltr'>οὗτος</span> <span class='ocrx_word' id='word_1_275' title='bbox 2830 1475 2981 1545; x_wconf 77' lang='grc' dir='ltr'><strong>¹νηῶν</strong></span> <span class='ocrx_word' id='word_1_276' title='bbox 3013 1473 3329 1546; x_wconf 70' lang='grc' dir='ltr'>ἐπληροῦτο</span> <span class='ocrx_word' id='word_1_277' title='bbox 3358 1475 3624 1530; x_wconf 81' lang='grc' dir='ltr'>διαπλωῖ-</span> 
     </span>
    </p>
   </div>
   <div class='ocr_carea' id='block_1_42' title="bbox 2039 1566 3626 1644">
    <p class='ocr_par' dir='ltr' id='par_1_42' title="bbox 2039 1566 3626 1644">
     <span class='ocr_line' id='line_1_42' title="bbox 2039 1566 3626 1644; baseline 0.001 -26"><span class='ocrx_word' id='word_1_278' title='bbox 2039 1567 2283 1635; x_wconf 86' lang='grc' dir='ltr'>σομένων</span> <span class='ocrx_word' id='word_1_279' title='bbox 2313 1567 2448 1638; x_wconf 84' lang='grc' dir='ltr'>πρὸς</span> <span class='ocrx_word' id='word_1_280' title='bbox 2490 1567 2731 1638; x_wconf 79' lang='grc' dir='ltr'>Ῥήγιον.</span> <span class='ocrx_word' id='word_1_281' title='bbox 2778 1566 2949 1622; x_wconf 80' lang='grc' dir='ltr'>Οὔπω</span> <span class='ocrx_word' id='word_1_282' title='bbox 3000 1568 3065 1644; x_wconf 27' lang='grc' dir='ltr'><strong>δὲ.</strong></span> <span class='ocrx_word' id='word_1_283' title='bbox 3089 1569 3273 1631; x_wconf 85' lang='grc' dir='ltr'>καλῶς</span> <span class='ocrx_word' id='word_1_284' title='bbox 3313 1567 3626 1635; x_wconf 74' lang='grc' dir='ltr'>ἐπέστησαν</span> 
     </span>
    </p>
   </div>
   <div class='ocr_carea' id='block_1_43' title="bbox 2035 1661 3624 1733">
    <p class='ocr_par' dir='ltr' id='par_1_43' title="bbox 2035 1661 3624 1733">
     <span class='ocr_line' id='line_1_43' title="bbox 2035 1661 3624 1733; baseline 0 -19"><span class='ocrx_word' id='word_1_285' title='bbox 2035 1661 2086 1714; x_wconf 80' lang='grc' dir='ltr'>οἱ</span> <span class='ocrx_word' id='word_1_286' title='bbox 2122 1661 2489 1730; x_wconf 81' lang='grc' dir='ltr'>πεμφθέντες,</span> <span class='ocrx_word' id='word_1_287' title='bbox 2548 1663 2828 1727; x_wconf 80' lang='grc' dir='ltr'>κάκείνοις</span> <span class='ocrx_word' id='word_1_288' title='bbox 2856 1662 2915 1729; x_wconf 78' lang='grc' dir='ltr'><strong>ἐξ</strong></span> <span class='ocrx_word' id='word_1_289' title='bbox 2965 1663 3192 1717; x_wconf 76' lang='grc' dir='ltr'>ἑωθινοῦ</span> <span class='ocrx_word' id='word_1_290' title='bbox 3249 1663 3456 1733; x_wconf 84' lang='grc' dir='ltr'>στεῤῥά</span> <span class='ocrx_word' id='word_1_291' title='bbox 3494 1679 3624 1715; x_wconf 86' lang='grc' dir='ltr'>συν-</span> 
     </span>
    </p>
   </div>
   <div class='ocr_carea' id='block_1_44' title="bbox 2041 1754 3624 1828">
    <p class='ocr_par' dir='ltr' id='par_1_44' title="bbox 2041 1754 3624 1828">
     <span class='ocr_line' id='line_1_44' title="bbox 2041 1754 3624 1828; baseline 0.001 -22"><span class='ocrx_word' id='word_1_292' title='bbox 2041 1754 2226 1808; x_wconf 86' lang='grc' dir='ltr'>ίστατο</span> <span class='ocrx_word' id='word_1_293' title='bbox 2249 1757 2423 1826; x_wconf 81' lang='grc' dir='ltr'>μάχη,</span> <span class='ocrx_word' id='word_1_294' title='bbox 2455 1756 2616 1810; x_wconf 87' lang='grc' dir='ltr'>τοῦτο</span> <span class='ocrx_word' id='word_1_295' title='bbox 2647 1759 2746 1826; x_wconf 76' lang='grc' dir='ltr'><strong>μὲν</strong></span> <span class='ocrx_word' id='word_1_296' title='bbox 2775 1759 2869 1810; x_wconf 75' lang='grc' dir='ltr'><strong>καὶ</strong></span> <span class='ocrx_word' id='word_1_297' title='bbox 2903 1756 2992 1810; x_wconf 79' lang='grc' dir='ltr'><strong>διὰ</strong></span> <span class='ocrx_word' id='word_1_298' title='bbox 3032 1757 3132 1828; x_wconf 76' lang='grc' dir='ltr'>τὴν</span> <span class='ocrx_word' id='word_1_299' title='bbox 3163 1757 3417 1810; x_wconf 76' lang='grc' dir='ltr'>ἐντεῦθεν</span> <span class='ocrx_word' id='word_1_300' title='bbox 3448 1756 3624 1826; x_wconf 76' lang='grc' dir='ltr'>δήλωο</span> 
     </span>
    </p>
   </div>
   <div class='ocr_carea' id='block_1_45' title="bbox 2037 1848 3623 1920">
    <p class='ocr_par' dir='ltr' id='par_1_45' title="bbox 2037 1848 3623 1920">
     <span class='ocr_line' id='line_1_45' title="bbox 2037 1848 3623 1920; baseline 0.003 -22"><span class='ocrx_word' id='word_1_301' title='bbox 2037 1865 2142 1913; x_wconf 81' lang='grc' dir='ltr'>σιν,</span> <span class='ocrx_word' id='word_1_302' title='bbox 2172 1848 2329 1902; x_wconf 86' lang='grc' dir='ltr'>τοῦτο</span> <span class='ocrx_word' id='word_1_303' title='bbox 2354 1849 2410 1902; x_wconf 83' lang='grc' dir='ltr'><strong>δὲ</strong></span> <span class='ocrx_word' id='word_1_304' title='bbox 2445 1849 2541 1902; x_wconf 77' lang='grc' dir='ltr'><strong>καὶ</strong></span> <span class='ocrx_word' id='word_1_305' title='bbox 2580 1851 2782 1918; x_wconf 77' lang='grc' dir='ltr'>τρόπον</span> <span class='ocrx_word' id='word_1_306' title='bbox 2815 1851 3088 1920; x_wconf 80' lang='grc' dir='ltr'>ἀνάγκης.</span> <span class='ocrx_word' id='word_1_307' title='bbox 3126 1850 3232 1904; x_wconf 83' lang='grc' dir='ltr'><strong>Τοῦ</strong></span> <span class='ocrx_word' id='word_1_308' title='bbox 3264 1850 3376 1920; x_wconf 73' lang='grc' dir='ltr'>γὰρ</span> <span class='ocrx_word' id='word_1_309' title='bbox 3398 1851 3623 1920; x_wconf 80' lang='grc' dir='ltr'>Μπυρι-</span> 
     </span>
    </p>
   </div>
   <div class='ocr_carea' id='block_1_46' title="bbox 2035 2033 3621 2105">
    <p class='ocr_par' dir='ltr' id='par_1_46' title="bbox 2035 2033 3621 2105">
     <span class='ocr_line' id='line_1_46' title="bbox 2035 2033 3621 2105; baseline 0.001 -17"><span class='ocrx_word' id='word_1_310' title='bbox 2035 2033 2281 2103; x_wconf 90' lang='lat' dir='ltr'><strong>ipsorum</strong></span> <span class='ocrx_word' id='word_1_311' title='bbox 2333 2033 2690 2104; x_wconf 80' lang='lat' dir='ltr'><strong>imperatoris</strong></span> <span class='ocrx_word' id='word_1_312' title='bbox 2747 2035 3050 2098; x_wconf 70' lang='lat' dir='ltr'><strong>voluntate,</strong></span> <span class='ocrx_word' id='word_1_313' title='bbox 3100 2043 3375 2105; x_wconf 84' lang='lat' dir='ltr'><strong>negarunt</strong></span> <span class='ocrx_word' id='word_1_314' title='bbox 3413 2033 3621 2089; x_wconf 82' lang='lat' dir='ltr'><strong>delihe-</strong></span> 
     </span>
    </p>
   </div>
   <div class='ocr_carea' id='block_1_47' title="bbox 2033 2126 3618 2200">
    <p class='ocr_par' dir='ltr' id='par_1_47' title="bbox 2033 2126 3618 2200">
     <span class='ocr_line' id='line_1_47' title="bbox 2033 2126 3618 2200; baseline 0.003 -20"><span class='ocrx_word' id='word_1_315' title='bbox 2033 2126 2267 2182; x_wconf 84' lang='lat' dir='ltr'><strong>randum</strong></span> <span class='ocrx_word' id='word_1_316' title='bbox 2327 2143 2451 2183; x_wconf 88' lang='lat' dir='ltr'><strong>esse</strong></span> <span class='ocrx_word' id='word_1_317' title='bbox 2503 2131 2762 2200; x_wconf 82' lang='lat' dir='ltr'><strong>amplius,</strong></span> <span class='ocrx_word' id='word_1_318' title='bbox 2815 2144 2942 2185; x_wconf 84' lang='lat' dir='ltr'><strong>cum</strong></span> <span class='ocrx_word' id='word_1_319' title='bbox 3002 2129 3200 2200; x_wconf 84' lang='lat' dir='ltr'><strong>ipsone</strong></span> <span class='ocrx_word' id='word_1_320' title='bbox 3231 2145 3299 2184; x_wconf 88' lang='lat' dir='ltr'><strong>an</strong></span> <span class='ocrx_word' id='word_1_321' title='bbox 3341 2145 3464 2184; x_wconf 71' lang='grc' dir='ltr'>ωιτη</span> <span class='ocrx_word' id='word_1_322' title='bbox 3497 2130 3618 2196; x_wconf 74' lang='lat' dir='ltr'><strong>eius</strong></span> 
     </span>
    </p>
   </div>
   <div class='ocr_carea' id='block_1_48' title="bbox 2033 2221 3619 2295">
    <p class='ocr_par' dir='ltr' id='par_1_48' title="bbox 2033 2221 3619 2295">
     <span class='ocr_line' id='line_1_48' title="bbox 2033 2221 3619 2295; baseline 0 -20"><span class='ocrx_word' id='word_1_323' title='bbox 2033 2221 2287 2276; x_wconf 83' lang='lat' dir='ltr'><strong>hostibus</strong></span> <span class='ocrx_word' id='word_1_324' title='bbox 2351 2223 2711 2293; x_wconf 75' lang='lat' dir='ltr'><strong>Amogabaris</strong></span> <span class='ocrx_word' id='word_1_325' title='bbox 2785 2239 2937 2278; x_wconf 89' lang='lat' dir='ltr'><strong>arma</strong></span> <span class='ocrx_word' id='word_1_326' title='bbox 3011 2224 3435 2295; x_wconf 70' lang='lat' dir='ltr'><strong>coniungerent.</strong></span> <span class='ocrx_word' id='word_1_327' title='bbox 3513 2223 3619 2277; x_wconf 83' lang='lat' dir='ltr'><strong>Pro</strong></span> 
     </span>
    </p>
   </div>
   <div class='ocr_carea' id='block_1_49' title="bbox 2034 2311 3616 2384">
    <p class='ocr_par' dir='ltr' id='par_1_49' title="bbox 2034 2311 3616 2384">
     <span class='ocr_line' id='line_1_49' title="bbox 2034 2311 3616 2384; baseline 0.001 -18"><span class='ocrx_word' id='word_1_328' title='bbox 2034 2314 2194 2378; x_wconf 84' lang='lat' dir='ltr'><strong>urbe,</strong></span> <span class='ocrx_word' id='word_1_329' title='bbox 2243 2329 2365 2384; x_wconf 73' lang='lat' dir='ltr'><strong>qum-</strong></span> <span class='ocrx_word' id='word_1_330' title='bbox 2419 2314 2555 2384; x_wconf 91' lang='lat' dir='ltr'><strong>ipsis</strong></span> <span class='ocrx_word' id='word_1_331' title='bbox 2608 2311 2919 2370; x_wconf 85' lang='lat' dir='ltr'><strong>communis</strong></span> <span class='ocrx_word' id='word_1_332' title='bbox 2955 2329 3081 2370; x_wconf 89' lang='lat' dir='ltr'><strong>cum</strong></span> <span class='ocrx_word' id='word_1_333' title='bbox 3140 2313 3405 2368; x_wconf 75' lang='lat' dir='ltr'><strong>Romanis</strong></span> <span class='ocrx_word' id='word_1_334' title='bbox 3457 2315 3616 2382; x_wconf 84' lang='lat' dir='ltr'><strong>quasi</strong></span> 
     </span>
    </p>
   </div>
   <div class='ocr_carea' id='block_1_50' title="bbox 2033 2406 3621 2477">
    <p class='ocr_par' dir='ltr' id='par_1_50' title="bbox 2033 2406 3621 2477">
     <span class='ocr_line' id='line_1_50' title="bbox 2033 2406 3621 2477; baseline -0.002 -18"><span class='ocrx_word' id='word_1_335' title='bbox 2033 2407 2214 2476; x_wconf 87' lang='lat' dir='ltr'><strong>patria</strong></span> <span class='ocrx_word' id='word_1_336' title='bbox 2239 2417 2404 2471; x_wconf 83' lang='lat' dir='ltr'><strong>esset,</strong></span> <span class='ocrx_word' id='word_1_337' title='bbox 2439 2407 2563 2462; x_wconf 86' lang='lat' dir='ltr'><strong>sine</strong></span> <span class='ocrx_word' id='word_1_338' title='bbox 2595 2407 2702 2461; x_wconf 80' lang='lat' dir='ltr'><strong>ulla</strong></span> <span class='ocrx_word' id='word_1_339' title='bbox 2729 2406 3085 2463; x_wconf 84' lang='lat' dir='ltr'><strong>cunctatione</strong></span> <span class='ocrx_word' id='word_1_340' title='bbox 3113 2407 3471 2477; x_wconf 83' lang='lat' dir='ltr'><strong>pugnandum</strong></span> <span class='ocrx_word' id='word_1_341' title='bbox 3498 2421 3621 2461; x_wconf 79' lang='lat' dir='ltr'><strong>esse</strong></span> 
     </span>
    </p>
   </div>
   <div class='ocr_carea' id='block_1_51' title="bbox 2032 2499 3615 2572">
    <p class='ocr_par' dir='ltr' id='par_1_51' title="bbox 2032 2499 3615 2572">
     <span class='ocr_line' id='line_1_51' title="bbox 2032 2499 3615 2572; baseline -0.001 -19"><span class='ocrx_word' id='word_1_342' title='bbox 2032 2501 2299 2556; x_wconf 85' lang='lat' dir='ltr'><strong>adversus</strong></span> <span class='ocrx_word' id='word_1_343' title='bbox 2381 2501 2532 2556; x_wconf 91' lang='lat' dir='ltr'><strong>illius</strong></span> <span class='ocrx_word' id='word_1_344' title='bbox 2589 2512 3020 2572; x_wconf 75' lang='lat' dir='ltr'><strong>oppugnatores.</strong></span> <span class='ocrx_word' id='word_1_345' title='bbox 3088 2500 3204 2557; x_wconf 85' lang='lat' dir='ltr'><strong>Hoc</strong></span> <span class='ocrx_word' id='word_1_346' title='bbox 3266 2500 3462 2556; x_wconf 88' lang='lat' dir='ltr'><strong>nuntio</strong></span> <span class='ocrx_word' id='word_1_347' title='bbox 3549 2499 3615 2554; x_wconf 87' lang='lat' dir='ltr'><strong>ad</strong></span> 
     </span>
    </p>
   </div>
   <div class='ocr_carea' id='block_1_52' title="bbox 2031 2592 3619 2667">
    <p class='ocr_par' dir='ltr' id='par_1_52' title="bbox 2031 2592 3619 2667">
     <span class='ocr_line' id='line_1_52' title="bbox 2031 2592 3619 2667; baseline -0.003 -19"><span class='ocrx_word' id='word_1_348' title='bbox 2031 2592 2267 2649; x_wconf 85' lang='lat' dir='ltr'><strong>classem</strong></span> <span class='ocrx_word' id='word_1_349' title='bbox 2320 2593 2657 2665; x_wconf 82' lang='lat' dir='ltr'><strong>cperientem</strong></span> <span class='ocrx_word' id='word_1_350' title='bbox 2705 2594 2845 2652; x_wconf 84' lang='lat' dir='ltr'><strong>foris</strong></span> <span class='ocrx_word' id='word_1_351' title='bbox 2901 2595 2956 2650; x_wconf 89' lang='lat' dir='ltr'><strong>in</strong></span> <span class='ocrx_word' id='word_1_352' title='bbox 3019 2595 3140 2652; x_wconf 90' lang='lat' dir='ltr'><strong>salo</strong></span> <span class='ocrx_word' id='word_1_353' title='bbox 3202 2611 3300 2667; x_wconf 90' lang='lat' dir='ltr'><strong>per</strong></span> <span class='ocrx_word' id='word_1_354' title='bbox 3361 2593 3619 2649; x_wconf 83' lang='lat' dir='ltr'><strong>celeriter</strong></span> 
     </span>
    </p>
   </div>
   <div class='ocr_carea' id='block_1_53' title="bbox 2034 2686 3616 2756">
    <p class='ocr_par' dir='ltr' id='par_1_53' title="bbox 2034 2686 3616 2756">
     <span class='ocr_line' id='line_1_53' title="bbox 2034 2686 3616 2756; baseline -0.001 -17"><span class='ocrx_word' id='word_1_355' title='bbox 2034 2701 2311 2743; x_wconf 74' lang='lat' dir='ltr'><strong>reversam</strong></span> <span class='ocrx_word' id='word_1_356' title='bbox 2367 2687 2534 2744; x_wconf 85' lang='lat' dir='ltr'><strong>allato</strong></span> <span class='ocrx_word' id='word_1_357' title='bbox 2587 2689 2856 2744; x_wconf 89' lang='lat' dir='ltr'><strong>triremim</strong></span> <span class='ocrx_word' id='word_1_358' title='bbox 2915 2688 3100 2744; x_wconf 84' lang='lat' dir='ltr'><strong>subito</strong></span> <span class='ocrx_word' id='word_1_359' title='bbox 3130 2703 3195 2742; x_wconf 80' lang='lat' dir='ltr'><strong>ex</strong></span> <span class='ocrx_word' id='word_1_360' title='bbox 3263 2701 3326 2742; x_wconf 90' lang='lat' dir='ltr'><strong>ea</strong></span> <span class='ocrx_word' id='word_1_361' title='bbox 3388 2686 3616 2756; x_wconf 76' lang='lat' dir='ltr'><strong>delegati</strong></span> 
     </span>
    </p>
   </div>
   <div class='ocr_carea' id='block_1_54' title="bbox 2031 2779 3614 2852">
    <p class='ocr_par' dir='ltr' id='par_1_54' title="bbox 2031 2779 3614 2852">
     <span class='ocr_line' id='line_1_54' title="bbox 2031 2779 3614 2852; baseline -0.003 -17"><span class='ocrx_word' id='word_1_362' title='bbox 2031 2781 2256 2850; x_wconf 86' lang='lat' dir='ltr'><strong>quidam</strong></span> <span class='ocrx_word' id='word_1_363' title='bbox 2307 2781 2378 2837; x_wconf 88' lang='lat' dir='ltr'><strong>ad</strong></span> <span class='ocrx_word' id='word_1_364' title='bbox 2442 2783 2835 2852; x_wconf 87' lang='lat' dir='ltr'><strong>imperatorem</strong></span> <span class='ocrx_word' id='word_1_365' title='bbox 2889 2780 3120 2852; x_wconf 81' lang='lat' dir='ltr'><strong>profecti</strong></span> <span class='ocrx_word' id='word_1_366' title='bbox 3153 2789 3315 2836; x_wconf 89' lang='lat' dir='ltr'><strong>nocte</strong></span> <span class='ocrx_word' id='word_1_367' title='bbox 3373 2779 3490 2850; x_wconf 88' lang='lat' dir='ltr'><strong>ipsa</strong></span> <span class='ocrx_word' id='word_1_368' title='bbox 3527 2780 3614 2832; x_wconf 84' lang='lat' dir='ltr'><strong>in-</strong></span> 
     </span>
    </p>
   </div>
   <div class='ocr_carea' id='block_1_55' title="bbox 2033 2872 3618 2944">
    <p class='ocr_par' dir='ltr' id='par_1_55' title="bbox 2033 2872 3618 2944">
     <span class='ocr_line' id='line_1_55' title="bbox 2033 2872 3618 2944; baseline -0.001 -17"><span class='ocrx_word' id='word_1_369' title='bbox 2033 2881 2329 2944; x_wconf 82' lang='lat' dir='ltr'><strong>tempesta,</strong></span> <span class='ocrx_word' id='word_1_370' title='bbox 2379 2874 2809 2944; x_wconf 69' lang='lat' dir='ltr'><strong>praelucentibus</strong></span> <span class='ocrx_word' id='word_1_371' title='bbox 2870 2874 3106 2940; x_wconf 82' lang='lat' dir='ltr'><strong>lacibus,</strong></span> <span class='ocrx_word' id='word_1_372' title='bbox 3174 2872 3400 2929; x_wconf 80' lang='lat' dir='ltr'><strong>admissi</strong></span> <span class='ocrx_word' id='word_1_373' title='bbox 3431 2873 3500 2926; x_wconf 89' lang='lat' dir='ltr'><strong>ah</strong></span> <span class='ocrx_word' id='word_1_374' title='bbox 3552 2887 3618 2926; x_wconf 85' lang='lat' dir='ltr'><strong>eo</strong></span> 
     </span>
    </p>
   </div>
   <div class='ocr_carea' id='block_1_56' title="bbox 2031 2967 3620 3039">
    <p class='ocr_par' dir='ltr' id='par_1_56' title="bbox 2031 2967 3620 3039">
     <span class='ocr_line' id='line_1_56' title="bbox 2031 2967 3620 3039; baseline -0.004 -16"><span class='ocrx_word' id='word_1_375' title='bbox 2031 2969 2369 3039; x_wconf 83' lang='lat' dir='ltr'><strong>perbenigne</strong></span> <span class='ocrx_word' id='word_1_376' title='bbox 2423 2978 2572 3024; x_wconf 87' lang='lat' dir='ltr'><strong>sunt.</strong></span> <span class='ocrx_word' id='word_1_377' title='bbox 2633 2969 2713 3025; x_wconf 84' lang='lat' dir='ltr'><strong>Eo</strong></span> <span class='ocrx_word' id='word_1_378' title='bbox 2760 2967 3039 3036; x_wconf 81' lang='lat' dir='ltr'><strong>colloquio</strong></span> <span class='ocrx_word' id='word_1_379' title='bbox 3094 2968 3460 3023; x_wconf 85' lang='lat' dir='ltr'><strong>constitutum</strong></span> <span class='ocrx_word' id='word_1_380' title='bbox 3533 2971 3620 3021; x_wconf 79' lang='lat' dir='ltr'><strong>est</strong></span> 
     </span>
    </p>
   </div>
   <div class='ocr_carea' id='block_1_57' title="bbox 2031 3059 3612 3134">
    <p class='ocr_par' dir='ltr' id='par_1_57' title="bbox 2031 3059 3612 3134">
     <span class='ocr_line' id='line_1_57' title="bbox 2031 3059 3612 3134; baseline -0.004 -17"><span class='ocrx_word' id='word_1_381' title='bbox 2031 3066 2267 3120; x_wconf 85' lang='lat' dir='ltr'><strong>classem</strong></span> <span class='ocrx_word' id='word_1_382' title='bbox 2305 3063 2761 3134; x_wconf 84' lang='lat' dir='ltr'><strong>Amogabaricam</strong></span> <span class='ocrx_word' id='word_1_383' title='bbox 2793 3073 2846 3118; x_wconf 90' lang='lat' dir='ltr'><strong>et</strong></span> <span class='ocrx_word' id='word_1_384' title='bbox 2879 3060 3274 3123; x_wconf 83' lang='lat' dir='ltr'><strong>Catelanicam,</strong></span> <span class='ocrx_word' id='word_1_385' title='bbox 3326 3060 3431 3116; x_wconf 89' lang='lat' dir='ltr'><strong>nisi</strong></span> <span class='ocrx_word' id='word_1_386' title='bbox 3468 3059 3612 3114; x_wconf 88' lang='lat' dir='ltr'><strong>ultro</strong></span> 
     </span>
    </p>
   </div>
   <div class='ocr_carea' id='block_1_58' title="bbox 2031 3153 3614 3227">
    <p class='ocr_par' dir='ltr' id='par_1_58' title="bbox 2031 3153 3614 3227">
     <span class='ocr_line' id='line_1_58' title="bbox 2031 3153 3614 3227; baseline -0.003 -15"><span class='ocrx_word' id='word_1_387' title='bbox 2031 3158 2256 3226; x_wconf 86' lang='lat' dir='ltr'><strong>eligeret</strong></span> <span class='ocrx_word' id='word_1_388' title='bbox 2289 3156 2484 3211; x_wconf 89' lang='lat' dir='ltr'><strong>cedere</strong></span> <span class='ocrx_word' id='word_1_389' title='bbox 2529 3157 2882 3227; x_wconf 88' lang='lat' dir='ltr'><strong>acceptisque</strong></span> <span class='ocrx_word' id='word_1_390' title='bbox 2942 3155 3095 3227; x_wconf 85' lang='lat' dir='ltr'><strong>pacis</strong></span> <span class='ocrx_word' id='word_1_391' title='bbox 3156 3153 3370 3226; x_wconf 81' lang='lat' dir='ltr'><strong>legibus</strong></span> <span class='ocrx_word' id='word_1_392' title='bbox 3437 3154 3614 3218; x_wconf 87' lang='lat' dir='ltr'><strong>abire,</strong></span> 
     </span>
    </p>
   </div>
   <div class='ocr_carea' id='block_1_59' title="bbox 342 3235 3616 3336">
    <p class='ocr_par' dir='ltr' id='par_1_59' title="bbox 342 3235 3616 3336">
     <span class='ocr_line' id='line_1_59' title="bbox 342 3235 3616 3336; baseline -0.001 -34"><span class='ocrx_word' id='word_1_393' title='bbox 342 3235 589 3336; x_wconf 53' lang='lat' dir='ltr'><strong>Putavit”</strong></span> <span class='ocrx_word' id='word_1_394' title='bbox 626 3237 784 3336; x_wconf 73' lang='lat' dir='ltr'><strong>novis</strong></span> <span class='ocrx_word' id='word_1_395' title='bbox 841 3242 1264 3336; x_wconf 86' lang='lat' dir='ltr'><strong>magistratibus</strong></span> <span class='ocrx_word' id='word_1_396' title='bbox 1324 3245 1724 3306; x_wconf 85' lang='lat' dir='ltr'><strong>Galatensium.</strong></span> <span class='ocrx_word' id='word_1_397' title='bbox 1789 3251 1924 3308; x_wconf 82' lang='lat' dir='ltr'><strong>Nam</strong></span> <span class='ocrx_word' id='word_1_398' title='bbox 1955 3272 2001 3336; x_wconf 73' lang='grc' dir='ltr'>ο</span> <span class='ocrx_word' id='word_1_399' title='bbox 2033 3249 2209 3319; x_wconf 92' lang='lat' dir='ltr'><strong>primo</strong></span> <span class='ocrx_word' id='word_1_400' title='bbox 2245 3262 2406 3303; x_wconf 90' lang='lat' dir='ltr'><strong>mane</strong></span> <span class='ocrx_word' id='word_1_401' title='bbox 2459 3246 2671 3317; x_wconf 80' lang='lat' dir='ltr'><strong>junctis</strong></span> <span class='ocrx_word' id='word_1_402' title='bbox 2721 3246 2956 3302; x_wconf 85' lang='lat' dir='ltr'><strong>viribus.</strong></span> <span class='ocrx_word' id='word_1_403' title='bbox 2990 3246 3362 3301; x_wconf 83' lang='lat' dir='ltr'><strong>Romanorum</strong></span> <span class='ocrx_word' id='word_1_404' title='bbox 3398 3255 3453 3300; x_wconf 92' lang='lat' dir='ltr'><strong>et</strong></span> <span class='ocrx_word' id='word_1_405' title='bbox 3504 3243 3616 3300; x_wconf 85' lang='lat' dir='ltr'><strong>Ge-</strong></span> 
     </span>
    </p>
   </div>
   <div class='ocr_carea' id='block_1_60' title="bbox 345 3328 1926 3410">
    <p class='ocr_par' dir='ltr' id='par_1_60' title="bbox 345 3328 1926 3410">
     <span class='ocr_line' id='line_1_60' title="bbox 345 3328 1926 3410; baseline 0.013 -29"><span class='ocrx_word' id='word_1_406' title='bbox 345 3328 658 3398; x_wconf 82' lang='lat' dir='ltr'><strong>respublica</strong></span> <span class='ocrx_word' id='word_1_407' title='bbox 687 3329 908 3388; x_wconf 91' lang='lat' dir='ltr'><strong>illorum</strong></span> <span class='ocrx_word' id='word_1_408' title='bbox 940 3335 1176 3392; x_wconf 78' lang='lat' dir='ltr'><strong>concilio</strong></span> <span class='ocrx_word' id='word_1_409' title='bbox 1201 3339 1442 3408; x_wconf 88' lang='lat' dir='ltr'><strong>quodam</strong></span> <span class='ocrx_word' id='word_1_410' title='bbox 1473 3341 1694 3410; x_wconf 88' lang='lat' dir='ltr'><strong>publico</strong></span> <span class='ocrx_word' id='word_1_411' title='bbox 1751 3343 1926 3400; x_wconf 90' lang='lat' dir='ltr'><strong>lecto-</strong></span> 
     </span>
    </p>
   </div>
   <div class='ocr_carea' id='block_1_61' title="bbox 341 3422 1923 3506">
    <p class='ocr_par' dir='ltr' id='par_1_61' title="bbox 341 3422 1923 3506">
     <span class='ocr_line' id='line_1_61' title="bbox 341 3422 1923 3506; baseline 0.013 -34"><span class='ocrx_word' id='word_1_412' title='bbox 341 3434 466 3473; x_wconf 90' lang='lat' dir='ltr'><strong>rum</strong></span> <span class='ocrx_word' id='word_1_413' title='bbox 493 3437 523 3476; x_wconf 91' lang='lat' dir='ltr'><strong>e</strong></span> <span class='ocrx_word' id='word_1_414' title='bbox 555 3431 716 3491; x_wconf 84' lang='lat' dir='ltr'><strong>gente</strong></span> <span class='ocrx_word' id='word_1_415' title='bbox 756 3439 1050 3494; x_wconf 90' lang='lat' dir='ltr'><strong>procerum</strong></span> <span class='ocrx_word' id='word_1_416' title='bbox 1084 3427 1516 3499; x_wconf 83' lang='lat' dir='ltr'><strong>gubernabatur,</strong></span> <span class='ocrx_word' id='word_1_417' title='bbox 1577 3422 1737 3506; x_wconf 87' lang='lat' dir='ltr'><strong>cujus</strong></span> <span class='ocrx_word' id='word_1_418' title='bbox 1803 3447 1923 3492; x_wconf 88' lang='lat' dir='ltr'><strong>erat</strong></span> 
     </span>
    </p>
   </div>
   <div class='ocr_carea' id='block_1_62' title="bbox 343 3513 1924 3601">
    <p class='ocr_par' dir='ltr' id='par_1_62' title="bbox 343 3513 1924 3601">
     <span class='ocr_line' id='line_1_62' title="bbox 343 3513 1924 3601; baseline 0.011 -33"><span class='ocrx_word' id='word_1_419' title='bbox 343 3513 600 3584; x_wconf 76' lang='lat' dir='ltr'><strong>regimini</strong></span> <span class='ocrx_word' id='word_1_420' title='bbox 649 3524 866 3572; x_wconf 83' lang='lat' dir='ltr'><strong>certum</strong></span> <span class='ocrx_word' id='word_1_421' title='bbox 896 3521 1165 3591; x_wconf 90' lang='lat' dir='ltr'><strong>temporis</strong></span> <span class='ocrx_word' id='word_1_422' title='bbox 1222 3525 1463 3594; x_wconf 86' lang='lat' dir='ltr'><strong>spatium</strong></span> <span class='ocrx_word' id='word_1_423' title='bbox 1519 3529 1924 3601; x_wconf 61' lang='lat' dir='ltr'><strong>praseriptum.</strong></span> 
     </span>
    </p>
   </div>
   <div class='ocr_carea' id='block_1_63' title="bbox 343 3606 1923 3693">
    <p class='ocr_par' dir='ltr' id='par_1_63' title="bbox 343 3606 1923 3693">
     <span class='ocr_line' id='line_1_63' title="bbox 343 3606 1923 3693; baseline 0.011 -32"><span class='ocrx_word' id='word_1_424' title='bbox 343 3606 458 3663; x_wconf 84' lang='lat' dir='ltr'><strong>lloe</strong></span> <span class='ocrx_word' id='word_1_425' title='bbox 473 3617 670 3667; x_wconf 82' lang='lat' dir='ltr'><strong>exacto</strong></span> <span class='ocrx_word' id='word_1_426' title='bbox 699 3611 847 3666; x_wconf 89' lang='lat' dir='ltr'><strong>aliud</strong></span> <span class='ocrx_word' id='word_1_427' title='bbox 869 3616 1230 3670; x_wconf 76' lang='lat' dir='ltr'><strong>communium</strong></span> <span class='ocrx_word' id='word_1_428' title='bbox 1255 3617 1360 3688; x_wconf 88' lang='lat' dir='ltr'><strong>(sic</strong></span> <span class='ocrx_word' id='word_1_429' title='bbox 1374 3618 1518 3673; x_wconf 88' lang='lat' dir='ltr'><strong>enim</strong></span> <span class='ocrx_word' id='word_1_430' title='bbox 1547 3619 1601 3675; x_wconf 91' lang='lat' dir='ltr'><strong>id</strong></span> <span class='ocrx_word' id='word_1_431' title='bbox 1632 3622 1923 3693; x_wconf 90' lang='lat' dir='ltr'><strong>collegium</strong></span> 
     </span>
    </p>
   </div>
   <div class='ocr_carea' id='block_1_64' title="bbox 343 3707 1923 3788">
    <p class='ocr_par' dir='ltr' id='par_1_64' title="bbox 343 3707 1923 3788">
     <span class='ocr_line' id='line_1_64' title="bbox 343 3707 1923 3788; baseline 0.009 -28"><span class='ocrx_word' id='word_1_432' title='bbox 343 3719 430 3760; x_wconf 85' lang='lat' dir='ltr'><strong>res</strong></span> <span class='ocrx_word' id='word_1_433' title='bbox 506 3707 684 3774; x_wconf 82' lang='lat' dir='ltr'><strong>gentis</strong></span> <span class='ocrx_word' id='word_1_434' title='bbox 744 3707 1253 3767; x_wconf 80' lang='lat' dir='ltr'><strong>administrantium</strong></span> <span class='ocrx_word' id='word_1_435' title='bbox 1339 3715 1666 3786; x_wconf 81' lang='lat' dir='ltr'><strong>vocabatur)</strong></span> <span class='ocrx_word' id='word_1_436' title='bbox 1749 3719 1923 3788; x_wconf 85' lang='lat' dir='ltr'><strong>priori</strong></span> 
     </span>
    </p>
   </div>
   <div class='ocr_carea' id='block_1_65' title="bbox 342 3798 1927 3878">
    <p class='ocr_par' dir='ltr' id='par_1_65' title="bbox 342 3798 1927 3878">
     <span class='ocr_line' id='line_1_65' title="bbox 342 3798 1927 3878; baseline 0.01 -25"><span class='ocrx_word' id='word_1_437' title='bbox 342 3798 696 3857; x_wconf 86' lang='lat' dir='ltr'><strong>succedebat.</strong></span> <span class='ocrx_word' id='word_1_438' title='bbox 724 3802 860 3858; x_wconf 88' lang='lat' dir='ltr'><strong>Cum</strong></span> <span class='ocrx_word' id='word_1_439' title='bbox 897 3805 1064 3876; x_wconf 89' lang='lat' dir='ltr'><strong>igitur</strong></span> <span class='ocrx_word' id='word_1_440' title='bbox 1095 3807 1341 3863; x_wconf 88' lang='lat' dir='ltr'><strong>audisset</strong></span> <span class='ocrx_word' id='word_1_441' title='bbox 1373 3809 1675 3878; x_wconf 83' lang='lat' dir='ltr'><strong>imperator</strong></span> <span class='ocrx_word' id='word_1_442' title='bbox 1718 3813 1927 3870; x_wconf 88' lang='lat' dir='ltr'><strong>instare</strong></span> 
     </span>
    </p>
   </div>
   <div class='ocr_carea' id='block_1_66' title="bbox 343 3893 1926 3980">
    <p class='ocr_par' dir='ltr' id='par_1_66' title="bbox 343 3893 1926 3980">
     <span class='ocr_line' id='line_1_66' title="bbox 343 3893 1926 3980; baseline 0.012 -33"><span class='ocrx_word' id='word_1_443' title='bbox 343 3893 506 3951; x_wconf 84' lang='lat' dir='ltr'><strong>istius</strong></span> <span class='ocrx_word' id='word_1_444' title='bbox 558 3896 880 3952; x_wconf 89' lang='lat' dir='ltr'><strong>mutationis</strong></span> <span class='ocrx_word' id='word_1_445' title='bbox 936 3898 1107 3962; x_wconf 88' lang='lat' dir='ltr'><strong>diem,</strong></span> <span class='ocrx_word' id='word_1_446' title='bbox 1157 3911 1213 3956; x_wconf 89' lang='lat' dir='ltr'><strong>et</strong></span> <span class='ocrx_word' id='word_1_447' title='bbox 1241 3917 1370 3958; x_wconf 80' lang='lat' dir='ltr'><strong>mox</strong></span> <span class='ocrx_word' id='word_1_448' title='bbox 1421 3920 1596 3961; x_wconf 85' lang='lat' dir='ltr'><strong>novos</strong></span> <span class='ocrx_word' id='word_1_449' title='bbox 1642 3907 1926 3980; x_wconf 82' lang='lat' dir='ltr'><strong>delegatos</strong></span> 
     </span>
    </p>
   </div>
   <div class='ocr_carea' id='block_1_67' title="bbox 341 3988 1928 4075">
    <p class='ocr_par' dir='ltr' id='par_1_67' title="bbox 341 3988 1928 4075">
     <span class='ocr_line' id='line_1_67' title="bbox 341 3988 1928 4075; baseline 0.009 -33"><span class='ocrx_word' id='word_1_450' title='bbox 341 3988 608 4061; x_wconf 83' lang='lat' dir='ltr'><strong>abrogato</strong></span> <span class='ocrx_word' id='word_1_451' title='bbox 637 3991 918 4050; x_wconf 77' lang='lat' dir='ltr'><strong>veteribus</strong></span> <span class='ocrx_word' id='word_1_452' title='bbox 961 3993 1198 4065; x_wconf 91' lang='lat' dir='ltr'><strong>imperio</strong></span> <span class='ocrx_word' id='word_1_453' title='bbox 1231 3996 1474 4053; x_wconf 89' lang='lat' dir='ltr'><strong>habenas</strong></span> <span class='ocrx_word' id='word_1_454' title='bbox 1509 4016 1690 4055; x_wconf 89' lang='lat' dir='ltr'><strong>rerum</strong></span> <span class='ocrx_word' id='word_1_455' title='bbox 1736 4018 1928 4075; x_wconf 87' lang='lat' dir='ltr'><strong>sump-</strong></span> 
     </span>
    </p>
   </div>
   <div class='ocr_carea' id='block_1_68' title="bbox 341 4084 1931 4164">
    <p class='ocr_par' dir='ltr' id='par_1_68' title="bbox 341 4084 1931 4164">
     <span class='ocr_line' id='line_1_68' title="bbox 341 4084 1931 4164; baseline 0.011 -28"><span class='ocrx_word' id='word_1_456' title='bbox 341 4091 500 4139; x_wconf 84' lang='lat' dir='ltr'><strong>turos</strong></span> <span class='ocrx_word' id='word_1_457' title='bbox 527 4084 584 4138; x_wconf 93' lang='lat' dir='ltr'><strong>in</strong></span> <span class='ocrx_word' id='word_1_458' title='bbox 633 4100 852 4151; x_wconf 88' lang='lat' dir='ltr'><strong>manus,</strong></span> <span class='ocrx_word' id='word_1_459' title='bbox 896 4088 1041 4156; x_wconf 85' lang='lat' dir='ltr'><strong>apud</strong></span> <span class='ocrx_word' id='word_1_460' title='bbox 1097 4090 1222 4154; x_wconf 89' lang='lat' dir='ltr'><strong>hos,</strong></span> <span class='ocrx_word' id='word_1_461' title='bbox 1269 4092 1360 4146; x_wconf 86' lang='lat' dir='ltr'><strong>ubi</strong></span> <span class='ocrx_word' id='word_1_462' title='bbox 1399 4094 1786 4164; x_wconf 88' lang='lat' dir='ltr'><strong>magistratum</strong></span> <span class='ocrx_word' id='word_1_463' title='bbox 1821 4097 1931 4154; x_wconf 84' lang='lat' dir='ltr'><strong>ini-</strong></span> 
     </span>
    </p>
   </div>
   <div class='ocr_carea' id='block_1_69' title="bbox 2003 3337 3612 3410">
    <p class='ocr_par' dir='ltr' id='par_1_69' title="bbox 2003 3337 3612 3410">
     <span class='ocr_line' id='line_1_69' title="bbox 2003 3337 3612 3410; baseline -0.002 -15"><span class='ocrx_word' id='word_1_464' title='bbox 2003 3340 2325 3397; x_wconf 24' lang='lat' dir='ltr'><strong>‘nuensium</strong></span> <span class='ocrx_word' id='word_1_465' title='bbox 2357 3340 2805 3410; x_wconf 86' lang='lat' dir='ltr'><strong>oppugnandam.</strong></span> <span class='ocrx_word' id='word_1_466' title='bbox 2842 3337 3102 3394; x_wconf 84' lang='lat' dir='ltr'><strong>Promisit</strong></span> <span class='ocrx_word' id='word_1_467' title='bbox 3141 3339 3442 3406; x_wconf 89' lang='lat' dir='ltr'><strong>imperator</strong></span> <span class='ocrx_word' id='word_1_468' title='bbox 3488 3355 3612 3392; x_wconf 91' lang='lat' dir='ltr'><strong>cum</strong></span> 
     </span>
    </p>
   </div>
   <div class='ocr_carea' id='block_1_70' title="bbox 2035 3429 3613 3506">
    <p class='ocr_par' dir='ltr' id='par_1_70' title="bbox 2035 3429 3613 3506">
     <span class='ocr_line' id='line_1_70' title="bbox 2035 3429 3613 3506; baseline -0.004 -17"><span class='ocrx_word' id='word_1_469' title='bbox 2035 3435 2212 3506; x_wconf 90' lang='lat' dir='ltr'><strong>prima</strong></span> <span class='ocrx_word' id='word_1_470' title='bbox 2250 3434 2372 3489; x_wconf 90' lang='lat' dir='ltr'><strong>luce</strong></span> <span class='ocrx_word' id='word_1_471' title='bbox 2428 3432 2782 3503; x_wconf 86' lang='lat' dir='ltr'><strong>apparituras</strong></span> <span class='ocrx_word' id='word_1_472' title='bbox 2814 3429 3096 3487; x_wconf 79' lang='lat' dir='ltr'><strong>Romanas</strong></span> <span class='ocrx_word' id='word_1_473' title='bbox 3131 3432 3344 3500; x_wconf 88' lang='lat' dir='ltr'><strong>copias,</strong></span> <span class='ocrx_word' id='word_1_474' title='bbox 3413 3430 3613 3499; x_wconf 84' lang='lat' dir='ltr'><strong>partim</strong></span> 
     </span>
    </p>
   </div>
   <div class='ocr_carea' id='block_1_71' title="bbox 2035 3521 3614 3597">
    <p class='ocr_par' dir='ltr' id='par_1_71' title="bbox 2035 3521 3614 3597">
     <span class='ocr_line' id='line_1_71' title="bbox 2035 3521 3614 3597; baseline -0.004 -15"><span class='ocrx_word' id='word_1_475' title='bbox 2035 3527 2335 3597; x_wconf 85' lang='lat' dir='ltr'><strong>dispositas</strong></span> <span class='ocrx_word' id='word_1_476' title='bbox 2383 3541 2482 3596; x_wconf 90' lang='lat' dir='ltr'><strong>per</strong></span> <span class='ocrx_word' id='word_1_477' title='bbox 2544 3540 2700 3580; x_wconf 87' lang='lat' dir='ltr'><strong>oram</strong></span> <span class='ocrx_word' id='word_1_478' title='bbox 2736 3524 2905 3579; x_wconf 90' lang='lat' dir='ltr'><strong>maris</strong></span> <span class='ocrx_word' id='word_1_479' title='bbox 2960 3523 3028 3580; x_wconf 88' lang='lat' dir='ltr'><strong>ad</strong></span> <span class='ocrx_word' id='word_1_480' title='bbox 3087 3523 3444 3593; x_wconf 68' lang='lat' dir='ltr'><strong>iaculandnm</strong></span> <span class='ocrx_word' id='word_1_481' title='bbox 3486 3521 3614 3576; x_wconf 88' lang='lat' dir='ltr'><strong>inde</strong></span> 
     </span>
    </p>
   </div>
   <div class='ocr_carea' id='block_1_72' title="bbox 2035 3601 3617 3689">
    <p class='ocr_par' dir='ltr' id='par_1_72' title="bbox 2035 3601 3617 3689">
     <span class='ocr_line' id='line_1_72' title="bbox 2035 3601 3617 3689; baseline -0.001 -15"><span class='ocrx_word' id='word_1_482' title='bbox 2035 3622 2094 3676; x_wconf 87' lang='lat' dir='ltr'><strong>in</strong></span> <span class='ocrx_word' id='word_1_483' title='bbox 2126 3619 2438 3684; x_wconf 88' lang='lat' dir='ltr'><strong>Catelanos,</strong></span> <span class='ocrx_word' id='word_1_484' title='bbox 2500 3601 2699 3689; x_wconf 83' lang='lat' dir='ltr'><strong>partim</strong></span> <span class='ocrx_word' id='word_1_485' title='bbox 2752 3617 2804 3675; x_wconf 68' lang='grc' dir='ltr'><strong>θ’</strong></span> <span class='ocrx_word' id='word_1_486' title='bbox 2849 3617 2966 3688; x_wconf 85' lang='lat' dir='ltr'><strong>ripa</strong></span> <span class='ocrx_word' id='word_1_487' title='bbox 3027 3626 3246 3673; x_wconf 88' lang='lat' dir='ltr'><strong>evectas</strong></span> <span class='ocrx_word' id='word_1_488' title='bbox 3296 3616 3617 3688; x_wconf 86' lang='lat' dir='ltr'><strong>piscatoriis</strong></span> 
     </span>
    </p>
   </div>
   <div class='ocr_carea' id='block_1_73' title="bbox 2034 3704 3612 3783">
    <p class='ocr_par' dir='ltr' id='par_1_73' title="bbox 2034 3704 3612 3783">
     <span class='ocr_line' id='line_1_73' title="bbox 2034 3704 3612 3783; baseline -0.003 -15"><span class='ocrx_word' id='word_1_489' title='bbox 2034 3713 2298 3777; x_wconf 82' lang='lat' dir='ltr'><strong>navibus,</strong></span> <span class='ocrx_word' id='word_1_490' title='bbox 2327 3721 2387 3768; x_wconf 91' lang='lat' dir='ltr'><strong>ut</strong></span> <span class='ocrx_word' id='word_1_491' title='bbox 2410 3712 2598 3783; x_wconf 70' lang='lat' dir='ltr'><strong>praalio</strong></span> <span class='ocrx_word' id='word_1_492' title='bbox 2631 3709 2818 3766; x_wconf 88' lang='lat' dir='ltr'><strong>navali</strong></span> <span class='ocrx_word' id='word_1_493' title='bbox 2856 3723 2959 3781; x_wconf 89' lang='lat' dir='ltr'><strong>pro</strong></span> <span class='ocrx_word' id='word_1_494' title='bbox 2988 3704 3133 3766; x_wconf 83' lang='lat' dir='ltr'><strong>virili</strong></span> <span class='ocrx_word' id='word_1_495' title='bbox 3172 3724 3286 3766; x_wconf 90' lang='lat' dir='ltr'><strong>rem</strong></span> <span class='ocrx_word' id='word_1_496' title='bbox 3313 3719 3569 3780; x_wconf 87' lang='lat' dir='ltr'><strong>gererent</strong></span> <span class='ocrx_word' id='word_1_497' title='bbox 3596 3727 3612 3764; x_wconf 87' lang='lat'><strong>:</strong></span> 
     </span>
    </p>
   </div>
   <div class='ocr_carea' id='block_1_74' title="bbox 2035 3805 3615 3877">
    <p class='ocr_par' dir='ltr' id='par_1_74' title="bbox 2035 3805 3615 3877">
     <span class='ocr_line' id='line_1_74' title="bbox 2035 3805 3615 3877; baseline -0.003 -14"><span class='ocrx_word' id='word_1_498' title='bbox 2035 3808 2184 3863; x_wconf 92' lang='lat' dir='ltr'><strong>nolle</strong></span> <span class='ocrx_word' id='word_1_499' title='bbox 2219 3806 2424 3877; x_wconf 85' lang='lat' dir='ltr'><strong>quippe</strong></span> <span class='ocrx_word' id='word_1_500' title='bbox 2465 3822 2522 3861; x_wconf 87' lang='lat' dir='ltr'><strong>se</strong></span> <span class='ocrx_word' id='word_1_501' title='bbox 2546 3805 2687 3861; x_wconf 76' lang='lat' dir='ltr'><strong>dixit</strong></span> <span class='ocrx_word' id='word_1_502' title='bbox 2717 3820 2849 3861; x_wconf 89' lang='lat' dir='ltr'><strong>suos</strong></span> <span class='ocrx_word' id='word_1_503' title='bbox 2872 3805 3083 3860; x_wconf 89' lang='lat' dir='ltr'><strong>otiosos</strong></span> <span class='ocrx_word' id='word_1_504' title='bbox 3113 3805 3303 3860; x_wconf 83' lang='lat' dir='ltr'><strong>sedere</strong></span> <span class='ocrx_word' id='word_1_505' title='bbox 3336 3813 3615 3875; x_wconf 80' lang='lat' dir='ltr'><strong>spectato-</strong></span> 
     </span>
    </p>
   </div>
   <div class='ocr_carea' id='block_1_75' title="bbox 2036 3897 3615 3968">
    <p class='ocr_par' dir='ltr' id='par_1_75' title="bbox 2036 3897 3615 3968">
     <span class='ocr_line' id='line_1_75' title="bbox 2036 3897 3615 3968; baseline -0.003 -13"><span class='ocrx_word' id='word_1_506' title='bbox 2036 3917 2126 3957; x_wconf 87' lang='lat' dir='ltr'><strong>res</strong></span> <span class='ocrx_word' id='word_1_507' title='bbox 2161 3900 2484 3956; x_wconf 86' lang='lat' dir='ltr'><strong>certaminis</strong></span> <span class='ocrx_word' id='word_1_508' title='bbox 2518 3901 2820 3964; x_wconf 91' lang='lat' dir='ltr'><strong>sociorum,</strong></span> <span class='ocrx_word' id='word_1_509' title='bbox 2847 3899 2943 3954; x_wconf 83' lang='lat' dir='ltr'><strong>sed</strong></span> <span class='ocrx_word' id='word_1_510' title='bbox 2968 3909 3176 3968; x_wconf 92' lang='lat' dir='ltr'><strong>partem</strong></span> <span class='ocrx_word' id='word_1_511' title='bbox 3205 3899 3356 3968; x_wconf 87' lang='lat' dir='ltr'><strong>ipsos</strong></span> <span class='ocrx_word' id='word_1_512' title='bbox 3413 3897 3615 3952; x_wconf 86' lang='lat' dir='ltr'><strong>laboris</strong></span> 
     </span>
    </p>
   </div>
   <div class='ocr_carea' id='block_1_76' title="bbox 2039 3992 3617 4066">
    <p class='ocr_par' dir='ltr' id='par_1_76' title="bbox 2039 3992 3617 4066">
     <span class='ocr_line' id='line_1_76' title="bbox 2039 3992 3617 4066; baseline -0.001 -15"><span class='ocrx_word' id='word_1_513' title='bbox 2039 4011 2104 4052; x_wconf 91' lang='lat' dir='ltr'><strong>ac</strong></span> <span class='ocrx_word' id='word_1_514' title='bbox 2132 3997 2388 4066; x_wconf 87' lang='lat' dir='ltr'><strong>periculi,</strong></span> <span class='ocrx_word' id='word_1_515' title='bbox 2427 4003 2487 4050; x_wconf 92' lang='lat' dir='ltr'><strong>ut</strong></span> <span class='ocrx_word' id='word_1_516' title='bbox 2520 4006 2955 4051; x_wconf 82' lang='lat' dir='ltr'><strong>consentaneum</strong></span> <span class='ocrx_word' id='word_1_517' title='bbox 2982 4003 3125 4059; x_wconf 90' lang='lat' dir='ltr'><strong>erat,</strong></span> <span class='ocrx_word' id='word_1_518' title='bbox 3163 4009 3260 4064; x_wconf 92' lang='lat' dir='ltr'><strong>pro</strong></span> <span class='ocrx_word' id='word_1_519' title='bbox 3306 3995 3414 4049; x_wconf 86' lang='lat' dir='ltr'><strong>aris</strong></span> <span class='ocrx_word' id='word_1_520' title='bbox 3449 3992 3617 4049; x_wconf 82' lang='lat' dir='ltr'><strong>locis-</strong></span> 
     </span>
    </p>
   </div>
   <div class='ocr_carea' id='block_1_77' title="bbox 2033 4084 3616 4160">
    <p class='ocr_par' dir='ltr' id='par_1_77' title="bbox 2033 4084 3616 4160">
     <span class='ocr_line' id='line_1_77' title="bbox 2033 4084 3616 4160; baseline -0.003 -18"><span class='ocrx_word' id='word_1_521' title='bbox 2033 4105 2142 4160; x_wconf 93' lang='lat' dir='ltr'><strong>que</strong></span> <span class='ocrx_word' id='word_1_522' title='bbox 2198 4088 2458 4144; x_wconf 86' lang='lat' dir='ltr'><strong>certando</strong></span> <span class='ocrx_word' id='word_1_523' title='bbox 2493 4101 2804 4156; x_wconf 81' lang='lat' dir='ltr'><strong>capessere.</strong></span> <span class='ocrx_word' id='word_1_524' title='bbox 2841 4085 2927 4140; x_wconf 87' lang='lat' dir='ltr'><strong>Ab</strong></span> <span class='ocrx_word' id='word_1_525' title='bbox 2979 4086 3064 4141; x_wconf 87' lang='lat' dir='ltr'><strong>his</strong></span> <span class='ocrx_word' id='word_1_526' title='bbox 3095 4087 3380 4140; x_wconf 82' lang='lat' dir='ltr'><strong>conventis</strong></span> <span class='ocrx_word' id='word_1_527' title='bbox 3438 4084 3616 4154; x_wconf 82' lang='lat' dir='ltr'><strong>digre-</strong></span> 
     </span>
    </p>
   </div>
   <div class='ocr_carea' id='block_1_78' title="bbox 342 4177 3615 4259">
    <p class='ocr_par' dir='ltr' id='par_1_78' title="bbox 342 4177 3615 4259">
     <span class='ocr_line' id='line_1_78' title="bbox 342 4177 3615 4259; baseline 0.001 -29"><span class='ocrx_word' id='word_1_528' title='bbox 342 4177 578 4243; x_wconf 85' lang='lat' dir='ltr'><strong>vissent,</strong></span> <span class='ocrx_word' id='word_1_529' title='bbox 603 4180 961 4249; x_wconf 83' lang='lat' dir='ltr'><strong>expostulare</strong></span> <span class='ocrx_word' id='word_1_530' title='bbox 994 4181 1063 4237; x_wconf 89' lang='lat' dir='ltr'><strong>de</strong></span> <span class='ocrx_word' id='word_1_531' title='bbox 1080 4180 1269 4238; x_wconf 88' lang='lat' dir='ltr'><strong>Pisani</strong></span> <span class='ocrx_word' id='word_1_532' title='bbox 1296 4187 1520 4241; x_wconf 78' lang='lat' dir='ltr'><strong>exarchi</strong></span> <span class='ocrx_word' id='word_1_533' title='bbox 1570 4191 1931 4259; x_wconf 82' lang='lat' dir='ltr'><strong>oppressione</strong></span> <span class='ocrx_word' id='word_1_534' title='bbox 2030 4187 2246 4240; x_wconf 83' lang='lat' dir='ltr'><strong>dientes</strong></span> <span class='ocrx_word' id='word_1_535' title='bbox 2275 4186 2344 4238; x_wconf 87' lang='lat' dir='ltr'><strong>ab</strong></span> <span class='ocrx_word' id='word_1_536' title='bbox 2374 4180 2806 4253; x_wconf 82' lang='lat' dir='ltr'><strong>Augustolegati</strong></span> <span class='ocrx_word' id='word_1_537' title='bbox 2839 4179 3162 4236; x_wconf 85' lang='lat' dir='ltr'><strong>Genuenses</strong></span> <span class='ocrx_word' id='word_1_538' title='bbox 3185 4196 3282 4250; x_wconf 87' lang='lat' dir='ltr'><strong>per</strong></span> <span class='ocrx_word' id='word_1_539' title='bbox 3315 4189 3615 4234; x_wconf 74' lang='lat' dir='ltr'><strong>nocturnas</strong></span> 
     </span>
    </p>
   </div>
   <div class='ocr_carea' id='block_1_79' title="bbox 341 4271 3610 4353">
    <p class='ocr_par' dir='ltr' id='par_1_79' title="bbox 341 4271 3610 4353">
     <span class='ocr_line' id='line_1_79' title="bbox 341 4271 3610 4353; baseline 0.001 -27"><span class='ocrx_word' id='word_1_540' title='bbox 341 4271 682 4329; x_wconf 86' lang='lat' dir='ltr'><strong>decreverat.</strong></span> <span class='ocrx_word' id='word_1_541' title='bbox 741 4272 898 4329; x_wconf 84' lang='lat' dir='ltr'><strong>Talia</strong></span> <span class='ocrx_word' id='word_1_542' title='bbox 936 4290 1104 4345; x_wconf 91' lang='lat' dir='ltr'><strong>porro</strong></span> <span class='ocrx_word' id='word_1_543' title='bbox 1157 4276 1612 4350; x_wconf 79' lang='lat' dir='ltr'><strong>Mpyrigeriusin</strong></span> <span class='ocrx_word' id='word_1_544' title='bbox 1647 4299 1710 4337; x_wconf 87' lang='lat' dir='ltr'><strong>ea</strong></span> <span class='ocrx_word' id='word_1_545' title='bbox 1762 4301 1927 4353; x_wconf 88' lang='lat' dir='ltr'><strong>quam</strong></span> <span class='ocrx_word' id='word_1_546' title='bbox 2030 4279 2213 4334; x_wconf 86' lang='lat' dir='ltr'><strong>adhuc</strong></span> <span class='ocrx_word' id='word_1_547' title='bbox 2271 4277 2552 4342; x_wconf 88' lang='lat' dir='ltr'><strong>tenebras,</strong></span> <span class='ocrx_word' id='word_1_548' title='bbox 2614 4290 2742 4330; x_wconf 90' lang='lat' dir='ltr'><strong>cum</strong></span> <span class='ocrx_word' id='word_1_549' title='bbox 2780 4271 2954 4330; x_wconf 82' lang='lat' dir='ltr'><strong>funali</strong></span> <span class='ocrx_word' id='word_1_550' title='bbox 3004 4273 3244 4345; x_wconf 89' lang='lat' dir='ltr'><strong>quisque</strong></span> <span class='ocrx_word' id='word_1_551' title='bbox 3305 4276 3362 4330; x_wconf 90' lang='lat' dir='ltr'><strong>in</strong></span> <span class='ocrx_word' id='word_1_552' title='bbox 3421 4288 3610 4340; x_wconf 87' lang='lat' dir='ltr'><strong>manu,</strong></span> 
     </span>
    </p>
   </div>
   <div class='ocr_carea' id='block_1_80' title="bbox 339 4362 2720 4442">
    <p class='ocr_par' dir='ltr' id='par_1_80' title="bbox 339 4362 2720 4442">
     <span class='ocr_line' id='line_1_80' title="bbox 339 4362 2720 4442; baseline 0.006 -27"><span class='ocrx_word' id='word_1_553' title='bbox 339 4363 506 4417; x_wconf 89' lang='lat' dir='ltr'><strong>retuli</strong></span> <span class='ocrx_word' id='word_1_554' title='bbox 539 4363 608 4418; x_wconf 93' lang='lat' dir='ltr'><strong>ad</strong></span> <span class='ocrx_word' id='word_1_555' title='bbox 639 4362 968 4420; x_wconf 85' lang='lat' dir='ltr'><strong>Genuenses</strong></span> <span class='ocrx_word' id='word_1_556' title='bbox 997 4381 1230 4438; x_wconf 87' lang='lat' dir='ltr'><strong>peregre</strong></span> <span class='ocrx_word' id='word_1_557' title='bbox 1281 4368 1644 4427; x_wconf 80' lang='lat' dir='ltr'><strong>adventantes</strong></span> <span class='ocrx_word' id='word_1_558' title='bbox 1676 4376 1930 4433; x_wconf 90' lang='lat' dir='ltr'><strong>oratione</strong></span> <span class='ocrx_word' id='word_1_559' title='bbox 2028 4373 2265 4442; x_wconf 81' lang='lat' dir='ltr'><strong>regressi</strong></span> <span class='ocrx_word' id='word_1_560' title='bbox 2301 4371 2370 4427; x_wconf 90' lang='lat' dir='ltr'><strong>ad</strong></span> <span class='ocrx_word' id='word_1_561' title='bbox 2405 4386 2541 4427; x_wconf 90' lang='lat' dir='ltr'><strong>suos</strong></span> <span class='ocrx_word' id='word_1_562' title='bbox 2568 4377 2720 4429; x_wconf 89' lang='lat' dir='ltr'><strong>sunt.</strong></span> 
     </span>
    </p>
   </div>
   <div class='ocr_carea' id='block_1_81' title="bbox 339 4452 1922 4530">
    <p class='ocr_par' dir='ltr' id='par_1_81' title="bbox 339 4452 1922 4530">
     <span class='ocr_line' id='line_1_81' title="bbox 339 4452 1922 4530; baseline 0.009 -22"><span class='ocrx_word' id='word_1_563' title='bbox 339 4452 539 4523; x_wconf 88' lang='lat' dir='ltr'><strong>cupide</strong></span> <span class='ocrx_word' id='word_1_564' title='bbox 573 4463 634 4509; x_wconf 89' lang='lat' dir='ltr'><strong>ut</strong></span> <span class='ocrx_word' id='word_1_565' title='bbox 661 4469 854 4512; x_wconf 83' lang='lat' dir='ltr'><strong>ansam</strong></span> <span class='ocrx_word' id='word_1_566' title='bbox 874 4465 1241 4527; x_wconf 90' lang='lat' dir='ltr'><strong>opportunam</strong></span> <span class='ocrx_word' id='word_1_567' title='bbox 1263 4459 1574 4530; x_wconf 88' lang='lat' dir='ltr'><strong>arripuerat</strong></span> <span class='ocrx_word' id='word_1_568' title='bbox 1614 4465 1922 4523; x_wconf 87' lang='lat' dir='ltr'><strong>alienandis</strong></span> 
     </span>
    </p>
   </div>
   <div class='ocr_carea' id='block_1_82' title="bbox 343 4544 1921 4630">
    <p class='ocr_par' dir='ltr' id='par_1_82' title="bbox 343 4544 1921 4630">
     <span class='ocr_line' id='line_1_82' title="bbox 343 4544 1921 4630; baseline 0.013 -34"><span class='ocrx_word' id='word_1_569' title='bbox 343 4544 411 4598; x_wconf 86' lang='lat' dir='ltr'><strong>ab</strong></span> <span class='ocrx_word' id='word_1_570' title='bbox 441 4545 716 4615; x_wconf 84' lang='lat' dir='ltr'><strong>obsequio</strong></span> <span class='ocrx_word' id='word_1_571' title='bbox 768 4547 1123 4616; x_wconf 81' lang='lat' dir='ltr'><strong>imperatoris</strong></span> <span class='ocrx_word' id='word_1_572' title='bbox 1156 4549 1378 4606; x_wconf 90' lang='lat' dir='ltr'><strong>illorum</strong></span> <span class='ocrx_word' id='word_1_573' title='bbox 1405 4555 1606 4611; x_wconf 88' lang='lat' dir='ltr'><strong>animis</strong></span> <span class='ocrx_word' id='word_1_574' title='bbox 1632 4560 1921 4630; x_wconf 89' lang='lat' dir='ltr'><strong>atrocique</strong></span> 
     </span>
    </p>
   </div>
   <div class='ocr_carea' id='block_1_83' title="bbox 341 4639 3606 4722">
    <p class='ocr_par' dir='ltr' id='par_1_83' title="bbox 341 4639 3606 4722">
     <span class='ocr_line' id='line_1_83' title="bbox 341 4639 3606 4722; baseline 0 -30"><span class='ocrx_word' id='word_1_575' title='bbox 341 4639 408 4695; x_wconf 87' lang='lat' dir='ltr'><strong>iis</strong></span> <span class='ocrx_word' id='word_1_576' title='bbox 434 4639 737 4722; x_wconf 88' lang='lat' dir='ltr'><strong>inserendo</strong></span> <span class='ocrx_word' id='word_1_577' title='bbox 769 4641 824 4694; x_wconf 90' lang='lat' dir='ltr'><strong>in</strong></span> <span class='ocrx_word' id='word_1_578' title='bbox 860 4643 1038 4710; x_wconf 89' lang='lat' dir='ltr'><strong>ipsum</strong></span> <span class='ocrx_word' id='word_1_579' title='bbox 1070 4644 1220 4700; x_wconf 87' lang='lat' dir='ltr'><strong>odio.</strong></span> <span class='ocrx_word' id='word_1_580' title='bbox 1244 4643 1452 4716; x_wconf 87' lang='lat' dir='ltr'><strong>Nempe</strong></span> <span class='ocrx_word' id='word_1_581' title='bbox 1481 4659 1575 4704; x_wconf 90' lang='lat' dir='ltr'><strong>aut</strong></span> <span class='ocrx_word' id='word_1_582' title='bbox 1610 4652 1918 4722; x_wconf 88' lang='lat' dir='ltr'><strong>nesciebat,</strong></span> <span class='ocrx_word' id='word_1_583' title='bbox 1953 4643 1998 4697; x_wconf 84' lang='grc' dir='ltr'><strong>Ῑ)</strong></span> <span class='ocrx_word' id='word_1_584' title='bbox 2100 4651 2500 4708; x_wconf 78' lang='lat' dir='ltr'><strong>Eduxitautem</strong></span> <span class='ocrx_word' id='word_1_585' title='bbox 2527 4649 2824 4717; x_wconf 89' lang='lat' dir='ltr'><strong>imperator</strong></span> <span class='ocrx_word' id='word_1_586' title='bbox 2843 4644 3390 4700; x_wconf 87' lang='lat' dir='ltr'><strong>decemarmatorum</strong></span> <span class='ocrx_word' id='word_1_587' title='bbox 3415 4640 3606 4702; x_wconf 85' lang='lat' dir='ltr'><strong>millia,</strong></span> 
     </span>
    </p>
   </div>
   <div class='ocr_carea' id='block_1_84' title="bbox 2105 4503 3540 4580">
    <p class='ocr_par' dir='ltr' id='par_1_84' title="bbox 2105 4503 3540 4580">
     <span class='ocr_line' id='line_1_84' title="bbox 2105 4503 3540 4580; baseline -0.005 -15"><span class='ocrx_word' id='word_1_588' title='bbox 2105 4510 2194 4567; x_wconf 75' lang='lat'><strong>29.</strong></span> <span class='ocrx_word' id='word_1_589' title='bbox 2230 4508 2298 4565; x_wconf 86' lang='lat' dir='ltr'><strong>Ut</strong></span> <span class='ocrx_word' id='word_1_590' title='bbox 2327 4507 2654 4580; x_wconf 81' lang='lat' dir='ltr'><strong>Amogabari</strong></span> <span class='ocrx_word' id='word_1_591' title='bbox 2677 4518 2724 4562; x_wconf 84' lang='lat' dir='ltr'><strong>et</strong></span> <span class='ocrx_word' id='word_1_592' title='bbox 2748 4505 2996 4563; x_wconf 84' lang='lat' dir='ltr'><strong>Catelani</strong></span> <span class='ocrx_word' id='word_1_593' title='bbox 3023 4503 3210 4575; x_wconf 74' lang='lat' dir='ltr'><strong>prwlio</strong></span> <span class='ocrx_word' id='word_1_594' title='bbox 3257 4503 3378 4557; x_wconf 73' lang='lat' dir='ltr'><strong>victi</strong></span> <span class='ocrx_word' id='word_1_595' title='bbox 3407 4503 3540 4558; x_wconf 80' lang='lat' dir='ltr'><strong>sint.</strong></span> 
     </span>
    </p>
   </div>
   <div class='ocr_carea' id='block_1_85' title="bbox 339 4721 1924 4819">
    <p class='ocr_par' dir='ltr' id='par_1_85' title="bbox 339 4721 1924 4819">
     <span class='ocr_line' id='line_1_85' title="bbox 339 4721 1924 4819; baseline 0.009 -33"><span class='ocrx_word' id='word_1_596' title='bbox 339 4742 436 4787; x_wconf 84' lang='lat' dir='ltr'><strong>aut</strong></span> <span class='ocrx_word' id='word_1_597' title='bbox 467 4721 658 4789; x_wconf 79' lang='lat' dir='ltr'><strong>sciens</strong></span> <span class='ocrx_word' id='word_1_598' title='bbox 689 4733 1108 4802; x_wconf 88' lang='lat' dir='ltr'><strong>dissimulabat,</strong></span> <span class='ocrx_word' id='word_1_599' title='bbox 1146 4738 1422 4807; x_wconf 88' lang='lat' dir='ltr'><strong>placatum</strong></span> <span class='ocrx_word' id='word_1_600' title='bbox 1455 4742 1726 4812; x_wconf 89' lang='lat' dir='ltr'><strong>ultrojam</strong></span> <span class='ocrx_word' id='word_1_601' title='bbox 1758 4744 1924 4819; x_wconf 61' lang='lat'><strong>550</strong></span> 
     </span>
    </p>
   </div>
   <div class='ocr_carea' id='block_1_86' title="bbox 337 4824 1919 4910">
    <p class='ocr_par' dir='ltr' id='par_1_86' title="bbox 337 4824 1919 4910">
     <span class='ocr_line' id='line_1_86' title="bbox 337 4824 1919 4910; baseline 0.001 -30"><span class='ocrx_word' id='word_1_602' title='bbox 337 4836 503 4882; x_wconf 89' lang='lat' dir='ltr'><strong>antea</strong></span> <span class='ocrx_word' id='word_1_603' title='bbox 534 4824 920 4884; x_wconf 87' lang='lat' dir='ltr'><strong>Genuensihus</strong></span> <span class='ocrx_word' id='word_1_604' title='bbox 987 4830 1395 4900; x_wconf 82' lang='lat' dir='ltr'><strong>imperatorem,</strong></span> <span class='ocrx_word' id='word_1_605' title='bbox 1455 4835 1669 4905; x_wconf 81' lang='lat' dir='ltr'><strong>prolixa</strong></span> <span class='ocrx_word' id='word_1_606' title='bbox 1720 4855 1919 4910; x_wconf 70' lang='lat' dir='ltr'><strong>per-pe.</strong></span> 
     </span>
    </p>
   </div>
   <div class='ocr_carea' id='block_1_87' title="bbox 337 4923 1917 4992">
    <p class='ocr_par' dir='ltr' id='par_1_87' title="bbox 337 4923 1917 4992">
     <span class='ocr_line' id='line_1_87' title="bbox 337 4923 1917 4992; baseline 0.009 -20"><span class='ocrx_word' id='word_1_607' title='bbox 337 4934 456 4974; x_wconf 90' lang='lat' dir='ltr'><strong>ram</strong></span> <span class='ocrx_word' id='word_1_608' title='bbox 519 4929 768 4976; x_wconf 87' lang='lat' dir='ltr'><strong>actorum</strong></span> <span class='ocrx_word' id='word_1_609' title='bbox 826 4923 1121 4992; x_wconf 86' lang='lat' dir='ltr'><strong>impertitis</strong></span> <span class='ocrx_word' id='word_1_610' title='bbox 1151 4925 1337 4989; x_wconf 89' lang='lat' dir='ltr'><strong>venia,</strong></span> <span class='ocrx_word' id='word_1_611' title='bbox 1378 4927 1545 4981; x_wconf 89' lang='lat' dir='ltr'><strong>etiam</strong></span> <span class='ocrx_word' id='word_1_612' title='bbox 1616 4932 1917 4987; x_wconf 88' lang='lat' dir='ltr'><strong>renovandi</strong></span> 
     </span>
    </p>
   </div>
   <div class='ocr_carea' id='block_1_88' title="bbox 341 5011 1924 5108">
    <p class='ocr_par' dir='ltr' id='par_1_88' title="bbox 341 5011 1924 5108">
     <span class='ocr_line' id='line_1_88' title="bbox 341 5011 1924 5108; baseline 0.009 -41"><span class='ocrx_word' id='word_1_613' title='bbox 341 5011 573 5108; x_wconf 68' lang='lat' dir='ltr'><strong>foederis</strong></span> <span class='ocrx_word' id='word_1_614' title='bbox 599 5015 1092 5085; x_wconf 68' lang='lat' dir='ltr'><strong>instaurandaeque</strong></span> <span class='ocrx_word' id='word_1_615' title='bbox 1120 5017 1404 5075; x_wconf 89' lang='lat' dir='ltr'><strong>societatis</strong></span> <span class='ocrx_word' id='word_1_616' title='bbox 1439 5021 1699 5090; x_wconf 87' lang='lat' dir='ltr'><strong>probatas</strong></span> <span class='ocrx_word' id='word_1_617' title='bbox 1726 5041 1924 5097; x_wconf 90' lang='lat' dir='ltr'><strong>accep-</strong></span> 
     </span>
    </p>
   </div>
   <div class='ocr_carea' id='block_1_89' title="bbox 337 5106 1922 5178">
    <p class='ocr_par' dir='ltr' id='par_1_89' title="bbox 337 5106 1922 5178">
     <span class='ocr_line' id='line_1_89' title="bbox 337 5106 1922 5178; baseline 0.008 -16"><span class='ocrx_word' id='word_1_618' title='bbox 337 5106 536 5178; x_wconf 81' lang='lat' dir='ltr'><strong>tasque</strong></span> <span class='ocrx_word' id='word_1_619' title='bbox 565 5106 702 5177; x_wconf 88' lang='lat' dir='ltr'><strong>ipsis</strong></span> <span class='ocrx_word' id='word_1_620' title='bbox 733 5108 1084 5167; x_wconf 86' lang='lat' dir='ltr'><strong>conditiones</strong></span> <span class='ocrx_word' id='word_1_621' title='bbox 1116 5112 1410 5169; x_wconf 80' lang='lat' dir='ltr'><strong>obtulisse.</strong></span> <span class='ocrx_word' id='word_1_622' title='bbox 1465 5113 1520 5169; x_wconf 89' lang='lat' dir='ltr'><strong>ld</strong></span> <span class='ocrx_word' id='word_1_623' title='bbox 1556 5116 1649 5172; x_wconf 89' lang='lat' dir='ltr'><strong>ille</strong></span> <span class='ocrx_word' id='word_1_624' title='bbox 1698 5129 1922 5174; x_wconf 80' lang='lat' dir='ltr'><strong>strenue.</strong></span> 
     </span>
    </p>
   </div>
   <div class='ocr_carea' id='block_1_90' title="bbox 335 5202 1919 5277">
    <p class='ocr_par' dir='ltr' id='par_1_90' title="bbox 335 5202 1919 5277">
     <span class='ocr_line' id='line_1_90' title="bbox 335 5202 1919 5277; baseline 0.008 -23"><span class='ocrx_word' id='word_1_625' title='bbox 335 5209 824 5270; x_wconf 69' lang='lat' dir='ltr'><strong>praeoccupaverat</strong></span> <span class='ocrx_word' id='word_1_626' title='bbox 886 5202 1112 5269; x_wconf 78' lang='lat' dir='ltr'><strong>facere,</strong></span> <span class='ocrx_word' id='word_1_627' title='bbox 1189 5206 1448 5260; x_wconf 89' lang='lat' dir='ltr'><strong>nuntiato</strong></span> <span class='ocrx_word' id='word_1_628' title='bbox 1497 5209 1601 5277; x_wconf 89' lang='lat' dir='ltr'><strong>ipsi</strong></span> <span class='ocrx_word' id='word_1_629' title='bbox 1678 5212 1919 5268; x_wconf 89' lang='lat' dir='ltr'><strong>adventu</strong></span> 
     </span>
    </p>
   </div>
   <div class='ocr_carea' id='block_1_91' title="bbox 336 5295 1921 5366">
    <p class='ocr_par' dir='ltr' id='par_1_91' title="bbox 336 5295 1921 5366">
     <span class='ocr_line' id='line_1_91' title="bbox 336 5295 1921 5366; baseline 0.007 -16"><span class='ocrx_word' id='word_1_630' title='bbox 336 5295 542 5365; x_wconf 61' lang='lat' dir='ltr'><strong>sapius</strong></span> <span class='ocrx_word' id='word_1_631' title='bbox 569 5303 999 5352; x_wconf 87' lang='lat' dir='ltr'><strong>memoratarum</strong></span> <span class='ocrx_word' id='word_1_632' title='bbox 1029 5314 1059 5352; x_wconf 94' lang='lat' dir='ltr'><strong>e</strong></span> <span class='ocrx_word' id='word_1_633' title='bbox 1115 5298 1305 5354; x_wconf 88' lang='lat' dir='ltr'><strong>Genua</strong></span> <span class='ocrx_word' id='word_1_634' title='bbox 1331 5303 1659 5366; x_wconf 90' lang='lat' dir='ltr'><strong>triremium,</strong></span> <span class='ocrx_word' id='word_1_635' title='bbox 1711 5314 1763 5360; x_wconf 87' lang='lat' dir='ltr'><strong>et</strong></span> <span class='ocrx_word' id='word_1_636' title='bbox 1793 5307 1921 5362; x_wconf 90' lang='lat' dir='ltr'><strong>inde</strong></span> 
     </span>
    </p>
   </div>
   <div class='ocr_carea' id='block_1_92' title="bbox 336 5391 1918 5466">
    <p class='ocr_par' dir='ltr' id='par_1_92' title="bbox 336 5391 1918 5466">
     <span class='ocr_line' id='line_1_92' title="bbox 336 5391 1918 5466; baseline 0.006 -24"><span class='ocrx_word' id='word_1_637' title='bbox 336 5397 462 5444; x_wconf 90' lang='lat' dir='ltr'><strong>orto</strong></span> <span class='ocrx_word' id='word_1_638' title='bbox 518 5397 668 5444; x_wconf 89' lang='lat' dir='ltr'><strong>metu</strong></span> <span class='ocrx_word' id='word_1_639' title='bbox 701 5391 932 5460; x_wconf 88' lang='lat' dir='ltr'><strong>provido</strong></span> <span class='ocrx_word' id='word_1_640' title='bbox 986 5391 1395 5448; x_wconf 89' lang='lat' dir='ltr'><strong>imminentium</strong></span> <span class='ocrx_word' id='word_1_641' title='bbox 1452 5395 1572 5448; x_wconf 90' lang='lat' dir='ltr'><strong>urbi</strong></span> <span class='ocrx_word' id='word_1_642' title='bbox 1624 5397 1918 5466; x_wconf 78' lang='lat' dir='ltr'><strong>maiorum,</strong></span> 
     </span>
    </p>
   </div>
   <div class='ocr_carea' id='block_1_93' title="bbox 306 5482 1918 5554">
    <p class='ocr_par' dir='ltr' id='par_1_93' title="bbox 306 5482 1918 5554">
     <span class='ocr_line' id='line_1_93' title="bbox 306 5482 1918 5554; baseline 0.005 -16"><span class='ocrx_word' id='word_1_643' title='bbox 306 5482 380 5538; x_wconf 73' lang='grc' dir='ltr'><strong>-εἰ</strong></span> <span class='ocrx_word' id='word_1_644' title='bbox 439 5497 542 5548; x_wconf 62' lang='lat' dir='ltr'><strong>ese,</strong></span> <span class='ocrx_word' id='word_1_645' title='bbox 597 5483 811 5552; x_wconf 87' lang='lat' dir='ltr'><strong>junctis</strong></span> <span class='ocrx_word' id='word_1_646' title='bbox 875 5486 1178 5554; x_wconf 69' lang='lat' dir='ltr'><strong>praesertim</strong></span> <span class='ocrx_word' id='word_1_647' title='bbox 1216 5501 1340 5539; x_wconf 86' lang='lat' dir='ltr'><strong>cum</strong></span> <span class='ocrx_word' id='word_1_648' title='bbox 1389 5487 1566 5542; x_wconf 86' lang='lat' dir='ltr'><strong>classe</strong></span> <span class='ocrx_word' id='word_1_649' title='bbox 1603 5487 1918 5546; x_wconf 89' lang='lat' dir='ltr'><strong>Catelanica</strong></span> 
     </span>
    </p>
   </div>
   <div class='ocr_carea' id='block_1_94' title="bbox 333 5577 1919 5654">
    <p class='ocr_par' dir='ltr' id='par_1_94' title="bbox 333 5577 1919 5654">
     <span class='ocr_line' id='line_1_94' title="bbox 333 5577 1919 5654; baseline 0.004 -20"><span class='ocrx_word' id='word_1_650' title='bbox 333 5578 577 5643; x_wconf 88' lang='lat' dir='ltr'><strong>viribus,</strong></span> <span class='ocrx_word' id='word_1_651' title='bbox 602 5588 793 5650; x_wconf 88' lang='lat' dir='ltr'><strong>aperto</strong></span> <span class='ocrx_word' id='word_1_652' title='bbox 815 5578 962 5634; x_wconf 90' lang='lat' dir='ltr'><strong>bello</strong></span> <span class='ocrx_word' id='word_1_653' title='bbox 991 5577 1269 5635; x_wconf 84' lang='lat' dir='ltr'><strong>Romanos</strong></span> <span class='ocrx_word' id='word_1_654' title='bbox 1304 5577 1678 5635; x_wconf 86' lang='lat' dir='ltr'><strong>adorirentur.</strong></span> <span class='ocrx_word' id='word_1_655' title='bbox 1726 5581 1919 5654; x_wconf 86' lang='lat' dir='ltr'><strong>Itaque</strong></span> 
     </span>
    </p>
   </div>
   <div class='ocr_carea' id='block_1_95' title="bbox 336 5671 1920 5743">
    <p class='ocr_par' dir='ltr' id='par_1_95' title="bbox 336 5671 1920 5743">
     <span class='ocr_line' id='line_1_95' title="bbox 336 5671 1920 5743; baseline 0.003 -16"><span class='ocrx_word' id='word_1_656' title='bbox 336 5673 518 5739; x_wconf 84' lang='lat' dir='ltr'><strong>navis,</strong></span> <span class='ocrx_word' id='word_1_657' title='bbox 551 5687 717 5741; x_wconf 89' lang='lat' dir='ltr'><strong>quam</strong></span> <span class='ocrx_word' id='word_1_658' title='bbox 745 5671 1016 5738; x_wconf 80' lang='lat' dir='ltr'><strong>diximus,</strong></span> <span class='ocrx_word' id='word_1_659' title='bbox 1049 5672 1115 5727; x_wconf 89' lang='lat' dir='ltr'><strong>ad</strong></span> <span class='ocrx_word' id='word_1_660' title='bbox 1145 5672 1541 5743; x_wconf 82' lang='lat' dir='ltr'><strong>explorandum</strong></span> <span class='ocrx_word' id='word_1_661' title='bbox 1563 5674 1731 5730; x_wconf 89' lang='lat' dir='ltr'><strong>missa</strong></span> <span class='ocrx_word' id='word_1_662' title='bbox 1753 5678 1920 5732; x_wconf 90' lang='lat' dir='ltr'><strong>simul</strong></span> 
     </span>
    </p>
   </div>
   <div class='ocr_carea' id='block_1_96' title="bbox 337 5767 1914 5839">
    <p class='ocr_par' dir='ltr' id='par_1_96' title="bbox 337 5767 1914 5839">
     <span class='ocr_line' id='line_1_96' title="bbox 337 5767 1914 5839; baseline 0.004 -19"><span class='ocrx_word' id='word_1_663' title='bbox 337 5769 552 5838; x_wconf 83' lang='lat' dir='ltr'><strong>appulit</strong></span> <span class='ocrx_word' id='word_1_664' title='bbox 576 5767 894 5839; x_wconf 58' lang='lat' dir='ltr'><strong>Galatampt</strong></span> <span class='ocrx_word' id='word_1_665' title='bbox 920 5769 1124 5828; x_wconf 85' lang='lat' dir='ltr'><strong>missos</strong></span> <span class='ocrx_word' id='word_1_666' title='bbox 1159 5768 1226 5823; x_wconf 92' lang='lat' dir='ltr'><strong>ad</strong></span> <span class='ocrx_word' id='word_1_667' title='bbox 1256 5768 1701 5838; x_wconf 82' lang='lat' dir='ltr'><strong>cOgnoscendum</strong></span> <span class='ocrx_word' id='word_1_668' title='bbox 1731 5785 1914 5826; x_wconf 89' lang='lat' dir='ltr'><strong>rerum</strong></span> 
     </span>
    </p>
   </div>
   <div class='ocr_carea' id='block_1_97' title="bbox 338 5861 1918 5933">
    <p class='ocr_par' dir='ltr' id='par_1_97' title="bbox 338 5861 1918 5933">
     <span class='ocr_line' id='line_1_97' title="bbox 338 5861 1918 5933; baseline 0.003 -16"><span class='ocrx_word' id='word_1_669' title='bbox 338 5873 540 5917; x_wconf 89' lang='lat' dir='ltr'><strong>statum</strong></span> <span class='ocrx_word' id='word_1_670' title='bbox 591 5862 854 5933; x_wconf 82' lang='lat' dir='ltr'><strong>exposuit</strong></span> <span class='ocrx_word' id='word_1_671' title='bbox 900 5862 970 5917; x_wconf 92' lang='lat' dir='ltr'><strong>in.</strong></span> <span class='ocrx_word' id='word_1_672' title='bbox 1015 5863 1198 5933; x_wconf 81' lang='lat' dir='ltr'><strong>littus,</strong></span> <span class='ocrx_word' id='word_1_673' title='bbox 1248 5861 1542 5918; x_wconf 81' lang='lat' dir='ltr'><strong>confestim</strong></span> <span class='ocrx_word' id='word_1_674' title='bbox 1591 5861 1629 5916; x_wconf 93' lang='lat' dir='ltr'><strong>ii</strong></span> <span class='ocrx_word' id='word_1_675' title='bbox 1661 5863 1844 5920; x_wconf 88' lang='lat' dir='ltr'><strong>edocti</strong></span> <span class='ocrx_word' id='word_1_676' title='bbox 1887 5880 1918 5921; x_wconf 89' lang='lat' dir='ltr'><strong>a</strong></span> 
     </span>
    </p>
   </div>
   <div class='ocr_carea' id='block_1_98' title="bbox 339 5954 1913 6031">
    <p class='ocr_par' dir='ltr' id='par_1_98' title="bbox 339 5954 1913 6031">
     <span class='ocr_line' id='line_1_98' title="bbox 339 5954 1913 6031; baseline 0.001 -18"><span class='ocrx_word' id='word_1_677' title='bbox 339 5954 800 6017; x_wconf 78' lang='lat' dir='ltr'><strong>moderatoribus</strong></span> <span class='ocrx_word' id='word_1_678' title='bbox 843 5955 1164 6031; x_wconf 61' lang='lat' dir='ltr'><strong>reipublicae</strong></span> <span class='ocrx_word' id='word_1_679' title='bbox 1218 5957 1288 6016; x_wconf 90' lang='lat' dir='ltr'><strong>de</strong></span> <span class='ocrx_word' id='word_1_680' title='bbox 1348 5956 1555 6028; x_wconf 88' lang='lat' dir='ltr'><strong>optima</strong></span> <span class='ocrx_word' id='word_1_681' title='bbox 1603 5958 1659 6015; x_wconf 90' lang='lat' dir='ltr'><strong>in</strong></span> <span class='ocrx_word' id='word_1_682' title='bbox 1694 5967 1913 6031; x_wconf 79' lang='lat' dir='ltr'><strong>gentem</strong></span> 
     </span>
    </p>
   </div>
   <div class='ocr_carea' id='block_1_99' title="bbox 2030 4735 3611 4816">
    <p class='ocr_par' dir='ltr' id='par_1_99' title="bbox 2030 4735 3611 4816">
     <span class='ocr_line' id='line_1_99' title="bbox 2030 4735 3611 4816; baseline -0.01 -15"><span class='ocrx_word' id='word_1_683' title='bbox 2030 4759 2171 4816; x_wconf 86' lang='lat' dir='ltr'><strong>quos</strong></span> <span class='ocrx_word' id='word_1_684' title='bbox 2208 4757 2328 4814; x_wconf 63' lang='lat' dir='ltr'><strong>qua!</strong></span> <span class='ocrx_word' id='word_1_685' title='bbox 2368 4741 2618 4797; x_wconf 80' lang='lat' dir='ltr'><strong>ferebant</strong></span> <span class='ocrx_word' id='word_1_686' title='bbox 2683 4753 2851 4794; x_wconf 87' lang='lat' dir='ltr'><strong>naves</strong></span> <span class='ocrx_word' id='word_1_687' title='bbox 2882 4735 3152 4806; x_wconf 82' lang='lat' dir='ltr'><strong>Rhegium</strong></span> <span class='ocrx_word' id='word_1_688' title='bbox 3203 4745 3398 4790; x_wconf 86' lang='lat' dir='ltr'><strong>euntes</strong></span> <span class='ocrx_word' id='word_1_689' title='bbox 3459 4743 3611 4786; x_wconf 87' lang='lat' dir='ltr'><strong>tanto</strong></span> 
     </span>
    </p>
   </div>
   <div class='ocr_carea' id='block_1_100' title="bbox 2028 4827 3614 4896">
    <p class='ocr_par' dir='ltr' id='par_1_100' title="bbox 2028 4827 3614 4896">
     <span class='ocr_line' id='line_1_100' title="bbox 2028 4827 3614 4896; baseline -0.009 -3"><span class='ocrx_word' id='word_1_690' title='bbox 2028 4845 2188 4894; x_wconf 84' lang='lat' dir='ltr'><strong>erant</strong></span> <span class='ocrx_word' id='word_1_691' title='bbox 2257 4849 2503 4896; x_wconf 91' lang='lat' dir='ltr'><strong>numero,</strong></span> <span class='ocrx_word' id='word_1_692' title='bbox 2548 4840 2606 4887; x_wconf 88' lang='lat' dir='ltr'><strong>ut</strong></span> <span class='ocrx_word' id='word_1_693' title='bbox 2643 4841 2818 4888; x_wconf 88' lang='lat' dir='ltr'><strong>totum</strong></span> <span class='ocrx_word' id='word_1_694' title='bbox 2846 4831 2953 4886; x_wconf 88' lang='lat' dir='ltr'><strong>hoc</strong></span> <span class='ocrx_word' id='word_1_695' title='bbox 2983 4829 3155 4883; x_wconf 89' lang='lat' dir='ltr'><strong>maris</strong></span> <span class='ocrx_word' id='word_1_696' title='bbox 3213 4827 3448 4896; x_wconf 79' lang='lat' dir='ltr'><strong>Spatium</strong></span> <span class='ocrx_word' id='word_1_697' title='bbox 3502 4839 3614 4892; x_wconf 85' lang='lat' dir='ltr'><strong>quo</strong></span> 
     </span>
    </p>
   </div>
   <div class='ocr_carea' id='block_1_101' title="bbox 2030 4916 3609 4998">
    <p class='ocr_par' dir='ltr' id='par_1_101' title="bbox 2030 4916 3609 4998">
     <span class='ocr_line' id='line_1_101' title="bbox 2030 4916 3609 4998; baseline -0.01 -12"><span class='ocrx_word' id='word_1_698' title='bbox 2030 4931 2163 4986; x_wconf 89' lang='lat' dir='ltr'><strong>urbs</strong></span> <span class='ocrx_word' id='word_1_699' title='bbox 2202 4944 2228 4982; x_wconf 90' lang='lat' dir='ltr'><strong>a</strong></span> <span class='ocrx_word' id='word_1_700' title='bbox 2272 4927 2483 4998; x_wconf 77' lang='lat' dir='ltr'><strong>Bhegio</strong></span> <span class='ocrx_word' id='word_1_701' title='bbox 2512 4925 2792 4980; x_wconf 88' lang='lat' dir='ltr'><strong>dirimitur</strong></span> <span class='ocrx_word' id='word_1_702' title='bbox 2837 4924 2906 4979; x_wconf 87' lang='lat' dir='ltr'><strong>iis</strong></span> <span class='ocrx_word' id='word_1_703' title='bbox 2935 4920 3143 4992; x_wconf 85' lang='lat' dir='ltr'><strong>expleri</strong></span> <span class='ocrx_word' id='word_1_704' title='bbox 3198 4921 3497 4974; x_wconf 89' lang='lat' dir='ltr'><strong>videretur.</strong></span> <span class='ocrx_word' id='word_1_705' title='bbox 3528 4916 3609 4971; x_wconf 78' lang='lat' dir='ltr'><strong>Ex</strong></span> 
     </span>
    </p>
   </div>
   <div class='ocr_carea' id='block_1_102' title="bbox 2029 5002 3676 5094">
    <p class='ocr_par' dir='ltr' id='par_1_102' title="bbox 2029 5002 3676 5094">
     <span class='ocr_line' id='line_1_102' title="bbox 2029 5002 3676 5094; baseline -0.008 -17"><span class='ocrx_word' id='word_1_706' title='bbox 2029 5032 2184 5094; x_wconf 87' lang='lat' dir='ltr'><strong>parte</strong></span> <span class='ocrx_word' id='word_1_707' title='bbox 2212 5037 2376 5091; x_wconf 80' lang='lat' dir='ltr'><strong>porro</strong></span> <span class='ocrx_word' id='word_1_708' title='bbox 2411 5019 2812 5081; x_wconf 81' lang='lat' dir='ltr'><strong>Genuensium,</strong></span> <span class='ocrx_word' id='word_1_709' title='bbox 2879 5016 3100 5071; x_wconf 84' lang='lat' dir='ltr'><strong>vixdum</strong></span> <span class='ocrx_word' id='word_1_710' title='bbox 3160 5015 3320 5083; x_wconf 89' lang='lat' dir='ltr'><strong>plene</strong></span> <span class='ocrx_word' id='word_1_711' title='bbox 3370 5011 3609 5066; x_wconf 82' lang='lat' dir='ltr'><strong>reversis</strong></span> <span class='ocrx_word' id='word_1_712' title='bbox 3674 5002 3676 5004; x_wconf 63' lang='grc'><em>’</em></span> 
     </span>
    </p>
   </div>
   <div class='ocr_carea' id='block_1_103' title="bbox 2031 5106 3612 5188">
    <p class='ocr_par' dir='ltr' id='par_1_103' title="bbox 2031 5106 3612 5188">
     <span class='ocr_line' id='line_1_103' title="bbox 2031 5106 3612 5188; baseline -0.009 -16"><span class='ocrx_word' id='word_1_713' title='bbox 2031 5133 2171 5188; x_wconf 86' lang='lat' dir='ltr'><strong>quos</strong></span> <span class='ocrx_word' id='word_1_714' title='bbox 2203 5117 2270 5170; x_wconf 92' lang='lat' dir='ltr'><strong>ab</strong></span> <span class='ocrx_word' id='word_1_715' title='bbox 2305 5114 2372 5168; x_wconf 89' lang='lat' dir='ltr'><strong>iis</strong></span> <span class='ocrx_word' id='word_1_716' title='bbox 2401 5113 2468 5167; x_wconf 88' lang='lat' dir='ltr'><strong>ad</strong></span> <span class='ocrx_word' id='word_1_717' title='bbox 2503 5115 2809 5184; x_wconf 86' lang='lat' dir='ltr'><strong>Augustum</strong></span> <span class='ocrx_word' id='word_1_718' title='bbox 2840 5110 3037 5164; x_wconf 86' lang='lat' dir='ltr'><strong>missos</strong></span> <span class='ocrx_word' id='word_1_719' title='bbox 3065 5107 3330 5168; x_wconf 86' lang='lat' dir='ltr'><strong>diximus,</strong></span> <span class='ocrx_word' id='word_1_720' title='bbox 3362 5119 3391 5158; x_wconf 89' lang='lat' dir='ltr'><strong>a</strong></span> <span class='ocrx_word' id='word_1_721' title='bbox 3431 5106 3612 5174; x_wconf 87' lang='lat' dir='ltr'><strong>primo</strong></span> 
     </span>
    </p>
   </div>
   <div class='ocr_carea' id='block_1_104' title="bbox 2029 5197 3609 5274">
    <p class='ocr_par' dir='ltr' id='par_1_104' title="bbox 2029 5197 3609 5274">
     <span class='ocr_line' id='line_1_104' title="bbox 2029 5197 3609 5274; baseline -0.009 -7"><span class='ocrx_word' id='word_1_722' title='bbox 2029 5211 2274 5267; x_wconf 91' lang='lat' dir='ltr'><strong>diluculo</strong></span> <span class='ocrx_word' id='word_1_723' title='bbox 2328 5222 2455 5262; x_wconf 88' lang='lat' dir='ltr'><strong>acer</strong></span> <span class='ocrx_word' id='word_1_724' title='bbox 2487 5219 2570 5260; x_wconf 85' lang='lat' dir='ltr'><strong>est</strong></span> <span class='ocrx_word' id='word_1_725' title='bbox 2612 5206 2855 5274; x_wconf 87' lang='lat' dir='ltr'><strong>impetus</strong></span> <span class='ocrx_word' id='word_1_726' title='bbox 2909 5201 2965 5255; x_wconf 92' lang='lat' dir='ltr'><strong>in</strong></span> <span class='ocrx_word' id='word_1_727' title='bbox 2997 5200 3371 5268; x_wconf 83' lang='lat' dir='ltr'><strong>Amogabaros</strong></span> <span class='ocrx_word' id='word_1_728' title='bbox 3403 5197 3609 5253; x_wconf 77' lang='lat' dir='ltr'><strong>factus.</strong></span> 
     </span>
    </p>
   </div>
   <div class='ocr_carea' id='block_1_105' title="bbox 2026 5292 3610 5376">
    <p class='ocr_par' dir='ltr' id='par_1_105' title="bbox 2026 5292 3610 5376">
     <span class='ocr_line' id='line_1_105' title="bbox 2026 5292 3610 5376; baseline -0.009 -16"><span class='ocrx_word' id='word_1_729' title='bbox 2026 5305 2205 5361; x_wconf 88' lang='lat' dir='ltr'><strong>Causa</strong></span> <span class='ocrx_word' id='word_1_730' title='bbox 2238 5301 2570 5376; x_wconf 82' lang='lat' dir='ltr'><strong>properandi</strong></span> <span class='ocrx_word' id='word_1_731' title='bbox 2591 5299 2713 5362; x_wconf 86' lang='lat' dir='ltr'><strong>l&#39;uit,</strong></span> <span class='ocrx_word' id='word_1_732' title='bbox 2754 5295 2911 5369; x_wconf 61' lang='grc'><strong>541</strong></span> <span class='ocrx_word' id='word_1_733' title='bbox 2947 5305 3146 5366; x_wconf 78' lang='lat' dir='ltr'><strong>praeter</strong></span> <span class='ocrx_word' id='word_1_734' title='bbox 3173 5295 3368 5348; x_wconf 81' lang='lat' dir='ltr'><strong>allatas</strong></span> <span class='ocrx_word' id='word_1_735' title='bbox 3398 5308 3436 5347; x_wconf 90' lang='lat' dir='ltr'><strong>a-</strong></span> <span class='ocrx_word' id='word_1_736' title='bbox 3461 5292 3610 5360; x_wconf 72' lang='lat' dir='ltr'><strong>lega-</strong></span> 
     </span>
    </p>
   </div>
   <div class='ocr_carea' id='block_1_106' title="bbox 2027 5385 3605 5460">
    <p class='ocr_par' dir='ltr' id='par_1_106' title="bbox 2027 5385 3605 5460">
     <span class='ocr_line' id='line_1_106' title="bbox 2027 5385 3605 5460; baseline -0.011 -6"><span class='ocrx_word' id='word_1_737' title='bbox 2027 5401 2098 5455; x_wconf 91' lang='lat' dir='ltr'><strong>tis</strong></span> <span class='ocrx_word' id='word_1_738' title='bbox 2159 5397 2551 5454; x_wconf 86' lang='lat' dir='ltr'><strong>conventiones</strong></span> <span class='ocrx_word' id='word_1_739' title='bbox 2616 5408 2740 5448; x_wconf 90' lang='lat' dir='ltr'><strong>cum</strong></span> <span class='ocrx_word' id='word_1_740' title='bbox 2806 5393 3136 5460; x_wconf 88' lang='lat' dir='ltr'><strong>imperatore</strong></span> <span class='ocrx_word' id='word_1_741' title='bbox 3193 5387 3381 5451; x_wconf 88' lang='lat' dir='ltr'><strong>initas,</strong></span> <span class='ocrx_word' id='word_1_742' title='bbox 3439 5385 3605 5440; x_wconf 81' lang='lat' dir='ltr'><strong>etiam</strong></span> 
     </span>
    </p>
   </div>
   <div class='ocr_carea' id='block_1_107' title="bbox 2029 5479 3608 5556">
    <p class='ocr_par' dir='ltr' id='par_1_107' title="bbox 2029 5479 3608 5556">
     <span class='ocr_line' id='line_1_107' title="bbox 2029 5479 3608 5556; baseline -0.011 -7"><span class='ocrx_word' id='word_1_743' title='bbox 2029 5509 2168 5549; x_wconf 90' lang='lat' dir='ltr'><strong>nova</strong></span> <span class='ocrx_word' id='word_1_744' title='bbox 2211 5491 2512 5547; x_wconf 89' lang='lat' dir='ltr'><strong>necessitas</strong></span> <span class='ocrx_word' id='word_1_745' title='bbox 2540 5487 2667 5543; x_wconf 87' lang='lat' dir='ltr'><strong>inde</strong></span> <span class='ocrx_word' id='word_1_746' title='bbox 2699 5495 2816 5541; x_wconf 88' lang='lat' dir='ltr'><strong>orta</strong></span> <span class='ocrx_word' id='word_1_747' title='bbox 2843 5483 2987 5556; x_wconf 91' lang='lat' dir='ltr'><strong>quod</strong></span> <span class='ocrx_word' id='word_1_748' title='bbox 3025 5498 3123 5553; x_wconf 89' lang='lat' dir='ltr'><strong>per</strong></span> <span class='ocrx_word' id='word_1_749' title='bbox 3151 5491 3369 5537; x_wconf 81' lang='lat' dir='ltr'><strong>noctem</strong></span> <span class='ocrx_word' id='word_1_750' title='bbox 3399 5479 3608 5549; x_wconf 77' lang='lat' dir='ltr'><strong>Mpyri-</strong></span> 
     </span>
    </p>
   </div>
   <div class='ocr_carea' id='block_1_108' title="bbox 2027 5575 3607 5657">
    <p class='ocr_par' dir='ltr' id='par_1_108' title="bbox 2027 5575 3607 5657">
     <span class='ocr_line' id='line_1_108' title="bbox 2027 5575 3607 5657; baseline -0.01 -15"><span class='ocrx_word' id='word_1_751' title='bbox 2027 5587 2236 5657; x_wconf 84' lang='lat' dir='ltr'><strong>gerium</strong></span> <span class='ocrx_word' id='word_1_752' title='bbox 2302 5590 2708 5653; x_wconf 86' lang='lat' dir='ltr'><strong>compererant,</strong></span> <span class='ocrx_word' id='word_1_753' title='bbox 2760 5581 3045 5649; x_wconf 83' lang='lat' dir='ltr'><strong>desperata</strong></span> <span class='ocrx_word' id='word_1_754' title='bbox 3099 5591 3225 5631; x_wconf 87' lang='lat' dir='ltr'><strong>cum</strong></span> <span class='ocrx_word' id='word_1_755' title='bbox 3278 5575 3607 5629; x_wconf 84' lang='lat' dir='ltr'><strong>ductoribus</strong></span> 
     </span>
    </p>
   </div>
   <div class='ocr_carea' id='block_1_109' title="bbox 2027 5666 3609 5746">
    <p class='ocr_par' dir='ltr' id='par_1_109' title="bbox 2027 5666 3609 5746">
     <span class='ocr_line' id='line_1_109' title="bbox 2027 5666 3609 5746; baseline -0.01 -11"><span class='ocrx_word' id='word_1_756' title='bbox 2027 5680 2226 5736; x_wconf 87' lang='lat' dir='ltr'><strong>classis</strong></span> <span class='ocrx_word' id='word_1_757' title='bbox 2257 5677 2567 5734; x_wconf 85' lang='lat' dir='ltr'><strong>Genuensis</strong></span> <span class='ocrx_word' id='word_1_758' title='bbox 2621 5690 2778 5746; x_wconf 90' lang='lat' dir='ltr'><strong>pace,</strong></span> <span class='ocrx_word' id='word_1_759' title='bbox 2814 5681 3067 5727; x_wconf 84' lang='lat' dir='ltr'><strong>tentasse</strong></span> <span class='ocrx_word' id='word_1_760' title='bbox 3103 5670 3344 5724; x_wconf 84' lang='lat' dir='ltr'><strong>alienare</strong></span> <span class='ocrx_word' id='word_1_761' title='bbox 3377 5666 3609 5722; x_wconf 83' lang='lat' dir='ltr'><strong>classia-</strong></span> 
     </span>
    </p>
   </div>
   <div class='ocr_carea' id='block_1_110' title="bbox 2028 5762 3604 5841">
    <p class='ocr_par' dir='ltr' id='par_1_110' title="bbox 2028 5762 3604 5841">
     <span class='ocr_line' id='line_1_110' title="bbox 2028 5762 3604 5841; baseline -0.013 -11"><span class='ocrx_word' id='word_1_762' title='bbox 2028 5774 2141 5830; x_wconf 89' lang='lat' dir='ltr'><strong>rios</strong></span> <span class='ocrx_word' id='word_1_763' title='bbox 2164 5773 2231 5827; x_wconf 88' lang='lat' dir='ltr'><strong>ab</strong></span> <span class='ocrx_word' id='word_1_764' title='bbox 2262 5771 2432 5841; x_wconf 90' lang='lat' dir='ltr'><strong>ipsis:</strong></span> <span class='ocrx_word' id='word_1_765' title='bbox 2473 5770 2907 5826; x_wconf 87' lang='lat' dir='ltr'><strong>circumvectum</strong></span> <span class='ocrx_word' id='word_1_766' title='bbox 2939 5767 3085 5820; x_wconf 87' lang='lat' dir='ltr'><strong>enim</strong></span> <span class='ocrx_word' id='word_1_767' title='bbox 3122 5762 3372 5818; x_wconf 82' lang='lat' dir='ltr'><strong>triremes</strong></span> <span class='ocrx_word' id='word_1_768' title='bbox 3403 5773 3604 5816; x_wconf 81' lang='lat' dir='ltr'><strong>navar-</strong></span> 
     </span>
    </p>
   </div>
   <div class='ocr_carea' id='block_1_111' title="bbox 2027 5856 3594 5939">
    <p class='ocr_par' dir='ltr' id='par_1_111' title="bbox 2027 5856 3594 5939">
     <span class='ocr_line' id='line_1_111' title="bbox 2027 5856 3594 5939; baseline -0.01 -15"><span class='ocrx_word' id='word_1_769' title='bbox 2027 5870 2162 5924; x_wconf 88' lang='lat' dir='ltr'><strong>chos</strong></span> <span class='ocrx_word' id='word_1_770' title='bbox 2191 5866 2534 5939; x_wconf 69' lang='lat' dir='ltr'><strong>singularum</strong></span> <span class='ocrx_word' id='word_1_771' title='bbox 2569 5878 2777 5936; x_wconf 79' lang='lat' dir='ltr'><strong>magnae</strong></span> <span class='ocrx_word' id='word_1_772' title='bbox 2805 5860 3050 5932; x_wconf 70' lang='lat' dir='ltr'><strong>pecuniae</strong></span> <span class='ocrx_word' id='word_1_773' title='bbox 3096 5856 3594 5930; x_wconf 81' lang='lat' dir='ltr'><strong>pollicitationibus</strong></span> 
     </span>
    </p>
   </div>
   <div class='ocr_carea' id='block_1_112' title="bbox 2027 5959 3603 6030">
    <p class='ocr_par' dir='ltr' id='par_1_112' title="bbox 2027 5959 3603 6030">
     <span class='ocr_line' id='line_1_112' title="bbox 2027 5959 3603 6030; baseline -0.01 -10"><span class='ocrx_word' id='word_1_774' title='bbox 2027 5962 2259 6021; x_wconf 88' lang='lat' dir='ltr'><strong>delinire</strong></span> <span class='ocrx_word' id='word_1_775' title='bbox 2283 5959 2585 6030; x_wconf 81' lang='lat' dir='ltr'><strong>studuisse,</strong></span> <span class='ocrx_word' id='word_1_776' title='bbox 2614 5969 2670 6016; x_wconf 92' lang='lat' dir='ltr'><strong>nt</strong></span> <span class='ocrx_word' id='word_1_777' title='bbox 2711 5975 2890 6030; x_wconf 74' lang='lat' dir='ltr'><strong>pugna</strong></span> <span class='ocrx_word' id='word_1_778' title='bbox 2925 5960 3299 6026; x_wconf 84' lang='lat' dir='ltr'><strong>temperarent</strong></span> <span class='ocrx_word' id='word_1_779' title='bbox 3323 5963 3603 6021; x_wconf 82' lang='lat' dir='ltr'><strong>navesque</strong></span> 
     </span>
    </p>
   </div>
  </div>
