4066 6286
303 427 402 494 θυι

1265 432 1363 492 DE
1403 432 1858 494 ANDRONICO
1891 435 2355 502 PALEOLOGO
2393 439 2539 501 LIB.
2581 439 2684 502 VI.

3477 428 3586 496 602
3640 497 3642 500 ,

301 540 383 602 cf;
411 557 538 594 τινα
579 539 744 612 δῆθεν
776 539 1102 612 ἀναστολὴν,
1139 541 1291 613 ὅμως
1331 544 1388 597 δὲ
1437 544 1531 598 καί
1564 545 1898 614 Μαιμακτη-
1923 550 1970 607 Α
2000 550 2228 616 ἀταξίαν
2275 553 2646 624 ἀνείργοντας,
2677 548 2803 606 καθ’
2829 550 2898 620 ἦν
2940 545 3125 602 πολλοὶ
3168 543 3475 616 δυσχερῶς,
3505 500 3584 609 ὡς

303 633 500 704 ριῶνος
533 632 730 706 πρώτῃ
782 634 844 688 τὸ
884 633 1168 702 πρωτεῦον
1218 635 1320 704 τῆς
1383 635 1663 700 πολιτείας
1729 654 1892 708 συνη-

302 723 539 799 θροικὼς
571 728 790 798 μακρὰν
816 728 1098 782 κατέτεινε
1132 728 1501 801 δημηγορίαν,
1526 731 1596 785 τὰ
1625 731 1756 804 περὶ
1783 731 1892 785 τῶν

299 819 637 874 Κατελάνων
678 817 1146 890 ἀπολογούμενος,
1197 821 1300 875 καὶ
1344 822 1421 887 ὡς
1454 820 1894 896 ἐξησθενηκυιῶν

299 913 412 966 τῶν
440 913 772 991 Ῥωμαϊκῶν
787 915 1076 982 δυνάμεων
1103 915 1289 983 ξένους
1313 917 1708 974 ἀνακαλεῖσθαι
1721 919 1895 990 ἀναγ-

301 1005 538 1080 κασθείη
582 1007 743 1071 τοῦτο
793 1009 895 1077 μὲν
955 1007 1240 1076 Ἀλανοὺς,
1288 1009 1452 1065 τοῦτο
1507 1011 1565 1066 δὲ
1626 1011 1892 1079 Ἰταλοὺς,

299 1101 400 1154 καὶ
427 1099 505 1163 ὠς
554 1100 675 1154 οὐδὲ
713 1102 874 1172 μόνος
924 1104 1020 1159 καὶ
1061 1103 1283 1174 πρῶτος
1325 1105 1436 1158 τῶν
1471 1102 1638 1170 ξένων
1684 1101 1896 1172 δόξαιτό

302 1208 428 1246 τινα
453 1193 548 1246 καὶ
577 1194 884 1267 τιμήσειεν,
909 1193 1048 1250 ἀλλὰ
1072 1195 1164 1250 καί⁵
1202 1197 1456 1268 Ἰωάννης
1477 1198 1506 1248 ό
1527 1195 1738 1260 Δούκας
1764 1197 1900 1251 Γου-

305 1284 525 1355 λίελμόν
567 1303 690 1338 τινα
738 1287 1188 1359 προσλαϐόμενος
1239 1288 1328 1342 ἐπ’
1361 1288 1542 1354 ἀξίαις
1597 1289 1721 1344 ἵστα
1759 1288 1894 1345 Ῥω-

307 1377 556 1447 inclinate,
606 1379 702 1432 mi
748 1381 777 1431 ό
806 1378 894 1452 [Ρ.
921 1379 1050 1452 580]
1094 1381 1277 1452 πατὴρ
1312 1380 1480 1435 αὐτοῦ
1532 1380 1623 1435 τὸν
1664 1380 1896 1452 Ἰκάριον

304 1465 384 1538 τῷ
417 1468 864 1540 μεγαλοδουκικῷ
895 1471 1194 1542 τετίμηκεν
1221 1472 1521 1542 ἀξιώματι,
1553 1475 1650 1526 καὶ
1677 1472 1754 1536 ὡς
1782 1472 1892 1526 οὐδ’

306 1559 470 1623 αὐτὸς
498 1561 685 1631 ἀνίησι
738 1561 988 1616 σπεύδων
1018 1563 1112 1616 ἐπὶ
1140 1563 1219 1635 τῷ
1251 1563 1361 1627 σῶς
1387 1558 1529 1618 εἶναι
1568 1563 1893 1636 Ῥωμαίους,

293 1651 356 1705 καί
398 1652 493 1707 καὶ
526 1654 672 1707 θεῖον
715 1655 933 1724 μήνιμα
986 1657 1086 1719 τὰς
1136 1657 1318 1727 ήμῶν,
1377 1657 1563 1727 φησιν,
1616 1657 1896 1728 ἁμαρτίας

308 1747 658 1819 μετέρχεται,
697 1751 807 1810 καὶ,
828 1751 907 1814 ὡς
931 1751 1217 1823 ἡγεμόνων
1245 1753 1317 1806 τὰ
1344 1753 1577 1807 πλεῖστα
1627 1753 1894 1823 κακότητι

305 1843 672 1914 παραπόλωλε
703 1845 773 1900 τὰ
808 1846 983 1902 πολλὰ
1029 1842 1398 1919 ἀμελούντων.
1438 1851 1548 1905 Καὶ
1579 1850 1728 1904 πόλλ’
1757 1850 1894 1906 ἄττα

306 1939 622 2009 συνυφάνας
668 1940 921 2008 τοιαῦτα,
959 1939 1116 2003 τέλος
1161 1940 1251 2011 ἐφ’
1278 1942 1514 2014 ἡσυχίας
1560 1943 1658 2014 μὲν
1697 1944 1896 2005 αὐτοὺς

303 2030 514 2099 διάγειν
549 2035 814 2088 ἐπίταττε
861 2035 954 2089 καὶ
989 2039 1100 2100 τοῖς
1132 2036 1316 2107 ἔργοις
1370 2037 1662 2108 προσέχειν
1690 2037 1786 2091 καὶ⁵
1822 2035 1897 2109 μὴ

303 2123 814 2197 πολυπραγμονεῖν,
842 2126 1029 2194 ἀξίους
1062 2128 1225 2198 μόνον
1266 2128 1496 2194 ἑαυτοὺς
1535 2131 1896 2197 καθιστάντας

305 2219 394 2290 ἐφ’
438 2220 562 2275 ὅσον
589 2221 838 2288 δυνατὸν,
864 2221 1017 2294 αὐτῷ
1043 2221 1100 2278 δὲ
1131 2226 1224 2278 καὶ
1257 2213 1374 2286 τοῖς
1408 2223 1577 2279 αὐτοῦ
1605 2227 1676 2280 τὰ
1717 2226 1898 2296 πράτ-

308 2328 458 2383 ματα
515 2313 932 2386 ἐπιτρέποντας,
965 2314 1070 2370 κᾶν
1123 2333 1229 2371 που
1270 2317 1366 2372 καί
1403 2315 1760 2389 θορυϐηθείη,
1792 2317 1895 2388 τὴν

303 2506 516 2552 vocatis
557 2495 758 2553 civium
805 2495 1030 2568 longam
1071 2496 1343 2568 explicuit
1386 2498 1717 2562 orationem,
1771 2509 1894 2556 acta

301 2605 427 2646 cum
461 2589 741 2646 Catalenis
786 2604 1066 2648 excusans
1096 2606 1217 2653 sua,
1249 2591 1754 2662 demonstransque
1811 2593 1897 2648 ui-

305 2685 438 2740 tima
473 2699 536 2741 se
564 2685 820 2740 adactum
850 2686 1207 2754 necessitate,
1233 2684 1307 2740 ob
1339 2686 1598 2744 redactas
1619 2687 1676 2742 in
1707 2696 1893 2744 extre-

304 2791 453 2830 mam
489 2775 864 2832 infirmitatem
904 2776 1187 2834 Romanas
1216 2779 1435 2849 copias,
1496 2788 1645 2836 recte
1671 2794 1738 2835 ac
1764 2795 1894 2850 pru-

300 2865 496 2924 denter
532 2868 856 2939 (utcunque
904 2869 1056 2924 bono
1115 2868 1351 2925 consilio
1386 2869 1534 2925 haud
1570 2883 1671 2940 par
1713 2869 1896 2928 exitus

301 2960 701 3031 responderit)
754 2969 960 3016 exterae
1009 2961 1390 3033 supplementa
1447 2962 1661 3018 militiae
1697 2962 1898 3030 quasi-

1996 646 2092 697 καὶ
2123 643 2352 706 ιαυτοὺς
2397 645 2543 715 ἔχειν
2579 643 2802 706 ειδέναι,
2832 641 2977 696 κατὰ
3011 640 3301 711 διαφόρους
3354 640 3585 704 καιροὺς

1997 736 2398 808 ἀπηλλάχασιν,
2453 737 2530 800 ὡς
2584 735 2844 806 μεγίστου
2895 734 3137 804 πολέμου
3186 733 3283 800 τῆς
3344 733 3586 792 στάσεως

1995 830 2167 900 οὔσης
2198 830 2300 898 τῆς
2331 833 2392 884 ὲν
2427 833 2550 894 ταῖς
2579 829 2788 893 πόλεσι,
2821 829 2946 882 καθ’
2975 830 3042 898 ἡν
3088 829 3257 884 οὐκ...
3289 825 3382 879 καὶ
3412 826 3588 894 πραγ-

1999 923 2209 996 μάτων,
2252 923 2371 978 ἀλλ’
2417 924 2642 994 εἰρήνης
2673 922 2815 976 εἶναι
2854 924 2950 975 καὶ
2995 920 3251 989 ὁμονοίας
3292 908 3584 990 ζημίαν,ᾖ

1995 1015 2068 1070 τὰ
2099 1018 2277 1071 πάντα
2329 1015 2672 1086 συγχέονται.
2721 1015 2810 1078 Ὦς
2832 1014 2946 1088 γὰρ
2981 1013 3044 1066 τὸ
3081 1011 3176 1082 ὑφ’
3206 1011 3421 1072 ἑαυτοῖς
3457 1009 3583 1074 ἑξα-

1999 1109 2278 1165 πατᾶσϐαι
2310 1109 2531 1164 πάντων
2559 1107 2945 1181 χείριστονδιὰ
2975 1108 3037 1160 τὸ
3064 1106 3326 1161 tamen"...
3352 1101 3587 1173 σμικρὸν

1995 1203 2350 1261 ἀποπατεῖν,
2382 1200 2498 1254 ἀλλ’
2536 1201 2627 1254 ἀεὶ
2666 1201 2921 1273 παρεῖναι
2953 1199 3046 1252 τὸν
3094 1194 3460 1263 ἑξαπατῶντα
3492 1193 3587 1273 καὶ

1999 1296 2224 1358 πειθοῦς
2269 1297 2540 1373 ἁνᾴγκαις
2579 1293 3048 1364 δουλαγωγεῐσθαι
3086 1290 3179 1344 τὸν
3226 1287 3588 1360 ἐξαπατώμεο

1999 1407 2110 1454 νον,
2166 1389 2309 1442 οὕτω
2356 1390 2454 1443 καὶ
2499 1389 2565 1442 τὸ
2606 1387 2699 1458 ὑφ’
2750 1389 2964 1450 ἑαυτοῖς
3018 1384 3377 1454 πολεμεῖσθαι
3430 1384 3589 1436 πόλιν

1998 1481 2321 1553 δεινότερον,
2356 1481 2431 1545 ὡς
2468 1480 2618 1544 ἐντὸς
2647 1479 2758 1534 τῶν
2801 1477 3249 1548 ὑπεκκαυμάτων
3278 1476 3467 1541 όντων,
3506 1476 3588 1538 είς

2003 1575 2181 1648 βιαίας
2216 1577 2414 1646 ετοιμα
2446 1575 2651 1640 κακίας
2697 1573 2914 1645 ἄναψιν.
2964 1575 3064 1628 Διὰ
3107 1572 3277 1626 ταῦτα
3308 1573 3405 1626 καὶ
3457 1569 3589 1638 περὶ

1999 1669 2249 1731 πλείονος
2296 1669 2534 1722 ἐποιεῖτο
2575 1669 2636 1722 τὸ
2669 1669 2769 1735 τῆς
2803 1667 3014 1729 πόλεως
3065 1664 3452 1728 ἀστασίαστον,
3493 1663 3589 1716 καὶ

2003 1756 2208 1830 μᾶλλον
2251 1760 2307 1813 ἐν
2335 1760 2569 1829 τοιούτῳ
2610 1759 2789 1830 καιρῷ
2819 1758 2943 1812 καθ’
2968 1759 3028 1812 ὃν
3056 1757 3166 1814 τῶν
3197 1758 3354 1821 ἐκτὸς
3387 1759 3587 1827 ἀνεγηο

1999 1850 2288 1922 γερμὲνων
2329 1851 2390 1918 ἐξ
2440 1851 2744 1918 ἀναγκαίου
2786 1851 2966 1904 καὶτὸ
3010 1849 3162 1914 ιντδς
3196 1848 3591 1920 συγκραδαίνε-

2001 1944 2151 1998 σθαι.
2195 1943 2361 1997 Ὥστε
2387 1943 2482 1996 καὶ
2507 1942 2738 2012 ὁρᾶσθαι
2765 1945 2908 2013 σφᾶς
2933 1940 3416 2013 ἁνιγηγερμένους
3440 1937 3590 2008 πρῶ-

1998 2053 2094 2090 τον
2125 2035 2226 2107 μὲν
2257 2035 2368 2090 τῶν
2397 2032 2806 2105 ξυμϐαινόντων
2844 2033 3005 2105 χάριν
3034 2032 3100 2086 ἐκ
3127 2031 3230 2100 τῆς
3260 2029 3590 2090 στασιώδους

1998 2127 2252 2198 ταραχῆς
2275 2126 2516 2196 ἐκείνης,
2554 2125 2631 2187 ὡς
2666 2124 3246 2198 παρακινησειομένων
3270 2125 3334 2176 ὲκ
3375 2121 3476 2190 τῆς
3497 2138 3593 2173 τυ-

1999 2221 2221 2296 χούσης¹
2251 2220 2601 2290 προφάσεως.
2638 2220 3040 2293 στρατιωτικὰς
3095 2217 3287 2286 σίσῆγι
3330 2217 3590 2285 δυνάμεις

2000 2313 2125 2368 κατ’
2179 2312 2582 2383 ἀναχαιτισμδν
2631 2312 2740 2366 τῶν
2793 2311 3266 2383 προσδοκωμένων
3319 2309 3588 2381 Θορύσων.

1997 2511 2293 2574 promptus
2323 2498 2612 2570 adjutores
2670 2497 2917 2555 habituri
2964 2510 3109 2567 quos
3156 2494 3222 2551 ad
3275 2495 3383 2552 hoc
3412 2495 3588 2566 ipsum

2002 2596 2412 2654 introduxisset
2438 2595 2493 2647 in
2527 2594 2718 2649 urbem
2749 2593 2973 2648 milites.
3035 2587 3242 2646 Horum
3296 2603 3402 2659 ope
3456 2587 3590 2643 fides

1999 2690 2251 2762 ipsorum
2295 2689 2559 2743 roborata
2591 2700 2869 2758 magnam,
2924 2684 2973 2740 si
3021 2693 3289 2753 quantum
3326 2696 3429 2752 par
3473 2693 3592 2737 erat

2001 2781 2376 2844 anniteretur,
2409 2794 2442 2834 a
2472 2779 2696 2834 civitate
2739 2777 3110 2832 calamitatem
3162 2783 3461 2835 averteret,
3503 2788 3593 2827 se-

2000 2877 2293 2942 ditionem,
2319 2889 2427 2942 qua
2478 2873 2686 2928 multos
2713 2869 2954 2927 diversis
3001 2867 3349 2938 temporibus
3380 2868 3435 2924 iu
3467 2881 3589 2922 ma-

1997 2969 2178 3025 lorum
2215 2977 2463 3023 extrema
2497 2966 2788 3021 devenisse
2816 2964 3050 3036 populos
3077 2961 3276 3033 partim
3307 2959 3412 3031 ipsi
3459 2975 3575 3015 me-

296 3054 469 3120 'ilse.
513 3056 764 3110 mercede
815 3053 1193 3111 conducendi!
1236 3054 1605 3111 auxiliaribus
1652 3056 1891 3127 primum
1997 3062 2335 3127 minissent,
2389 3059 2591 3130 partim
2642 3057 2848 3112 indicio
2901 3054 3180 3110 annalium
3231 3068 3264 3109 ο
3322 3053 3590 3108 memoria

296 3144 624 3209 Ahﬂomm.
654 3144 856 3202 deinde
875 3147 1167 3202 ιιθιοΐυω·
1199 3145 1388 3215 Neque
1415 3145 1471 3201 id
1494 3160 1555 3203 se
1583 3145 1761 3201 solum
1795 3155 1892 3201 ειιιι
1996 3153 2170 3210 veteri
2195 3158 2424 3222 possent
2467 3157 2742 3221 repetere.
2781 3145 2873 3211 Sic
2898 3161 3032 3202 sane
3060 3144 3348 3212 baberent,
3375 3144 3584 3198 nullam

297 3238 539 3307 primum
563 3235 784 3303 fecisse,
837 3253 964 3292 cum
992 3247 1047 3294 et
1072 3237 1317 3294 Joannes
1345 3238 1524 3295 Ducas
1556 3236 1891 3294 Gulielmum
1921 3255 1965 3314 ο
1996 3244 2358 3316 quantumvis
2386 3240 2604 3300 cruenti
2630 3247 2686 3295 et
2717 3237 3052 3295 internecini
3089 3235 3266 3290 exteri
3296 3235 3422 3290 belli
3467 3245 3588 3287 tan-

296 3330 596 3402 Quemdam
623 3345 689 3386 ex
719 3330 927 3386 exteris
957 3340 1304 3408 assumptum
1339 3331 1600 3386 Romana:
1631 3329 1774 3388 aulae
1805 3331 1892 3386 di-
1997 3345 2108 3393 tam
2141 3352 2264 3393 esse
2293 3322 2620 3407 perniciem,
2644 3347 2766 3402 quae
2793 3331 3012 3386 damnis
3036 3340 3092 3385 et
3116 3327 3308 3384 exiliis
3343 3327 3588 3382 civilium

295 3422 605 3492 gnitatibus
636 3421 945 3491 ornaverit,
973 3429 1029 3476 et
1061 3422 1358 3477 recentiori
1405 3422 1676 3477 memoria
1732 3429 1893 3491 pater
1996 3429 2362 3487 certaminum
2415 3437 2734 3496 οοπιροηιο
2787 3438 2895 3479 non
2971 3421 3280 3490 reperiatur
3329 3420 3588 3475 ιοιεηω.

297 3528 438 3570 suus
467 3512 700 3570 Michael
730 3511 968 3567 Icarium
1002 3513 1186 3583 magni
1216 3512 1378 3568 ducis
1402 3512 1692 3583 splendido
1728 3513 1894 3569 titulo
1999 3522 2106 3579 liur
2131 3539 2195 3579 ac
2219 3523 2416 3578 levior.
2435 3521 2732 3591 Nunquam
2751 3518 2899 3575 enim
2933 3515 3211 3572 seditiosis
3236 3513 3589 3570 conﬂictibus

298 3605 464 3680 547
498 3607 976 3663 cobonestaverit.
1041 3605 1187 3662 Sane
1215 3607 1364 3662 nulla
1401 3609 1457 3663 in
1495 3619 1657 3680 parte
1712 3623 1900 3664 cessa-

297 3709 415 3754 tum
444 3714 474 3752 a
507 3714 588 3765 se,
625 3713 728 3753 nec
779 3699 1082 3770 quidquam
1152 3716 1398 3771 unquam
1458 3701 1896 3771 praetermissum

299 3809 411 3865 quo
444 3793 702 3848 sustineri
750 3808 917 3863 posse
966 3795 1246 3849 labantem
1286 3795 1692 3866 rempublicam
1745 3796 1900 3850 salu-

300 3888 757 3966 temque-pepuli
797 3887 1060 3943 constitui
1100 3903 1228 3959 spes
1255 3890 1657 3960 qualiscunque
1690 3892 1894 3946 suade-

299 3991 404 4038 ret.
433 3980 592 4038 Unde
638 3997 749 4036 non
790 3982 1049 4052 imputari
1107 3983 1228 4052 ejus
1287 3984 1634 4055 negligentiae
1691 3984 1894 4040 debere

297 4073 492 4129 ruinas
522 4088 643 4142 quae
677 4083 1042 4128 cernerentur
1071 4089 1301 4129 rerum:
1351 4076 1445 4129 sed
1497 4075 1594 4130 ira:
1649 4075 1892 4146 primum

299 4167 504 4222 divinae
533 4177 755 4236 peccata
787 4177 981 4224 nostra
1048 4167 1368 4234 ulciscenti,
1416 4177 1604 4239 postea
1663 4168 1895 4241 ignavia:

303 4261 642 4329 incurireque
676 4259 1060 4327 praefectorum
1116 4261 1379 4332 negotiis,
1424 4277 1524 4330 per
1571 4277 1711 4331 quas
1756 4263 1895 4319 satis

301 4363 582 4410 constaret
614 4353 875 4424 pleraque
894 4355 1184 4411 materiam
1242 4354 1464 4425 publico
1517 4356 1691 4411 luctui
1751 4373 1891 4426 prae-

299 4447 485 4504 bentia
519 4446 689 4503 luisse
721 4455 946 4517 accepta
985 4449 1337 4502 detrimenta.
1394 4445 1492 4503 His
1532 4446 1628 4502 ubi
1682 4446 1889 4504 similia

2004 3624 2102 3672 aut
2137 3614 2301 3672 saluti
2340 3612 2625 3669 hominum
2656 3611 2966 3667 consulitur
2991 3619 3084 3663 aut
3110 3607 3296 3662 tutela:
3320 3605 3585 3660 domuum

2003 3726 2071 3768 ac
2103 3724 2316 3775 rerum,
2350 3708 2445 3765 sed
2482 3713 2675 3762 contra
2705 3718 2808 3774 per
2835 3717 2932 3758 eos
2977 3703 3126 3770 pacis
3176 3707 3233 3756 et
3272 3698 3592 3755 consensio-

2005 3805 2090 3859 nis
2121 3800 2324 3867 civilis,
2366 3813 2490 3869 quzc
2532 3805 2664 3852 sunt
2700 3799 2875 3866 prima
2910 3793 3268 3848 fundamenta
3315 3791 3588 3846 bonorum

2004 3897 2276 3960 omnium,
2325 3894 2546 3964 jactura
2608 3888 2957 3960 irreparabili
3022 3887 3168 3940 facta
3222 3885 3477 3939 universa
3533 3883 3588 3937 in

2005 3989 2387 4048 confusionem
2420 3983 2790 4040 miserrimam
2831 3981 3080 4036 veniunt.
3112 3981 3189 4032 Ac
3230 3977 3590 4042 quemadmo-

2005 4085 2137 4140 dum
2167 4079 2556 4152 deceptionum
2591 4092 2653 4131 ea
2712 4077 2874 4145 longe
2927 4073 3173 4128 omnium
3214 4070 3453 4139 pessima
3505 4078 3589 4124 est

2002 4191 2110 4247 qua
2147 4174 2274 4248 quis
2311 4187 2341 4227 a
2372 4187 2434 4228 se
2459 4172 2582 4241 ipso
2607 4167 2903 4238 decipitur,
2940 4174 3165 4238 prepter
3198 4163 3394 4218 intime
3424 4172 3590 4229 atque

2003 4265 2451 4339 inseparabiliter
2475 4263 2767 4319 admotum.
2791 4260 3022 4331 decepto
3053 4256 3402 4326 deceptorem
3426 4252 3593 4327 5‘8

2000 4373 2056 4420 et
2086 4370 2310 4433 propter
2362 4357 2654 4414 obnoxiam
2710 4353 2924 4424 decepti
2978 4351 3294 4406 facilitatem
3341 4348 3407 4403 ad
3462 4363 3591 4425 sulc-

1995 4452 2365 4511 cumbendum
2386 4446 2872 4518 insuspicabilibus
2891 4443 3029 4498 adeo
3051 4442 3203 4496 cbari
3221 4456 3284 4495 ac
3304 4439 3585 4508 conjuncti

301 4541 472 4597 multa
498 4538 811 4605 subtexuit,
839 4537 1063 4593 tandem
1102 4553 1169 4593 eo
1200 4537 1424 4607 collegit
1454 4553 1728 4594 summam
1762 4553 1890 4600 ora-

1998 4547 2318 4617 deceptoris
2350 4542 2662 4606 fraudibus,
2696 4539 2769 4595 ita
2796 4538 2925 4626 belli
2958 4551 3122 4607 supra
3154 4536 3336 4590 omnia
3375 4533 3584 4603 capita—

301 4634 505 4698 tionis,
571 4639 633 4686 ut
691 4647 1030 4702 magnopere
1092 4631 1314 4686 cunctis
1371 4631 1700 4702 praeciperet
1749 4639 1888 4687 aestu

222 4778 226 4782 .
299 4729 612 4784 animorum
647 4741 969 4796 compresso
993 4725 1306 4794 quiescere,
1349 4727 1747 4795 attendereque
1768 4726 1887 4783 suis

299 4835 575 4891 quemque
612 4819 936 4875 domesticis
975 4819 1159 4882 rebus,
1188 4834 1289 4874 nec
1326 4826 1538 4874 temere
1568 4832 1632 4873 se
1679 4818 1734 4874 in
1787 4833 1887 4873 cu-

297 4928 415 4969 ram
457 4911 665 4984 publici
696 4911 979 4982 regiminis
1015 4911 1286 4980 ingerere.
1316 4909 1557 4965 Tantum
1601 4927 1700 4981 pro
1732 4910 1885 4965 virili

300 5008 380 5065 sic
411 5010 600 5063 vivere
653 5015 938 5070 curarent,
982 5016 1041 5060 ut
1093 5005 1527 5060 commutatione
1557 5020 1774 5060 morum
1828 5004 1884 5058 in

301 5100 501 5158 melius
531 5101 730 5173 dignos
751 5115 812 5155 se
839 5098 1176 5168 prosperiori
1208 5097 1448 5160 fortuna,
1467 5097 1684 5166 judicio
1706 5097 1897 5152 mode-

297 5194 479 5251 rantis
507 5194 746 5247 bumana
775 5191 1058 5257 Numinis,
1099 5190 1414 5254 redderent,
1446 5189 1551 5246 sibi
1601 5200 1804 5253 autem,
1840 5197 1894 5244 et

274 5275 502 5358 quibus
535 5286 605 5341 ad
653 5283 709 5338 id
749 5282 1025 5338 ministris
1086 5282 1167 5337 uti
1221 5283 1406 5347 vellet,
1461 5281 1754 5336 arbitrium
1785 5297 1891 5351 pu-

296 5383 456 5439 blicae
490 5382 569 5437 rei
601 5379 972 5450 gubernanda
1009 5378 1389 5446 permitterent
1419 5377 1719 5446 integrum,
1743 5376 1886 5431 nihil

297 5478 518 5531 curiose
585 5472 930 5530 sciscitando
979 5487 1146 5542 super
1202 5472 1452 5527 consiliis
1483 5480 1753 5534 actorum,
1792 5479 1886 5525 aut

299 5570 447 5627 circa
483 5583 784 5624 successus
807 5567 860 5621 in
905 5566 1150 5620 futurum
1180 5566 1422 5620 incertos
1467 5564 1621 5619 inani
1671 5563 1886 5618 divina-

299 5665 447 5721 tione
475 5661 868 5719 conllictando.
894 5658 1081 5729 Neque
1105 5661 1160 5714 in
1187 5660 1289 5714 ista
1315 5676 1377 5715 se
1406 5659 1644 5729 quisque
1682 5657 1884 5711 viritim

283 5757 585 5832 continere
645 5755 917 5812 modestia
971 5752 1109 5808 satis
1163 5753 1460 5808 baberent:
1501 5765 1692 5805 verum
1745 5757 1800 5804 et
1836 5749 1886 5804 si

299 5867 441 5924 quos
472 5851 688 5906 initium
716 5847 1093 5904 tumultuandi
1139 5846 1324 5901 facere
1346 5854 1662 5907 cernerent,
1694 5853 1884 5896 contra

301 5949 485 6010 statim
545 5945 892 6018 insurgendo
944 5944 1206 6002 cohibere
1252 5953 1635 6008 conarentur,
1697 5941 1751 5996 in
1818 5955 1885 5997 co

1997 4641 2270 4697 lissimum
2307 4651 2482 4708 genus
2512 4644 2619 4696 est.
2642 4648 2759 4703 quo
2784 4621 2932 4687 cives
2959 4630 3114 4685 urbis
3145 4630 3312 4684 unius
3347 4626 3586 4681 invicem

1959 4735 2448 4795 committuntur,
2511 4728 2660 4798 quod
2697 4728 2746 4782 is
2797 4723 3170 4782 exardescens
3221 4724 3378 4777 furor
3438 4720 3590 4776 faces

1997 4828 2243 4899 applicet
2272 4832 2465 4896 parato
2502 4823 2654 4876 intus
2692 4832 2748 4876 et
2777 4829 3042 4890 congesto
3078 4816 3280 4880 fomiti,
3325 4815 3473 4869 unde
3503 4814 3592 4868 in-

1999 4920 2261 4977 cendium
2296 4921 2552 4984 erumpat
2605 4915 2866 4969 universa
2918 4919 3405 4980 consumpturum.
3460 4904 3588 4962 Haec

1999 5029 2126 5069 cum
2159 5013 2234 5066 ita
2270 5010 2403 5074 sint,
2432 5022 2541 5077 prae
2571 5005 2831 5061 omnibus
2856 5017 3059 5074 cupere
3111 5017 3172 5058 se
3202 5015 3268 5056 ac
3322 5008 3586 5068 tanquam

2000 5083 2332 5179 optabilium
2361 5103 2659 5156 maximum
2698 5110 2916 5154 summo
2950 5094 3138 5152 studio
3154 5108 3401 5165 quaerere
3434 5100 3591 5146 trau-

1999 5200 2234 5271 quillum
2289 5196 2537 5251 civitatis
2569 5191 2863 5249 concordis
2924 5196 3152 5245 statum.
3205 5185 3400 5254 Qualis
3458 5199 3601 5258 cum

1999 5293 2178 5362 expeti
2212 5304 2432 5363 semper
2463 5287 2685 5352 debeat,
2713 5285 2819 5340 hoc
2858 5283 3168 5355 praesertim
3204 5280 3440 5335 maxime
3483 5295 3588 5333 ne-

1997 5361 2324 5443 cessarium
2352 5386 2614 5452 appareat
2665 5387 2936 5448 tempme,
2980 5390 3092 5446 quo
3135 5374 3300 5429 rebus
3340 5372 3589 5428 exterius

2000 5481 2241 5537 turbatis
2277 5476 2596 5532 inevitabile
2626 5474 2696 5529 sit
2757 5488 2864 5526 non
2915 5471 3110 5525 urbem
3157 5467 3368 5539 pariter
3406 5466 3580 5535 ipsam

1997 5575 2120 5645 ipso
2143 5574 2352 5629 circum
2404 5569 2649 5639 undique
2704 5564 3062 5620 titubantium
3099 5562 3385 5630 regionum
3432 5567 3585 5612 motu

2000 5684 2065 5723 ac
2095 5664 2331 5734 strepitu
2392 5661 2651 5725 concuti;
2705 5657 2797 5713 cui
2833 5658 2879 5713 si
2938 5662 3181 5711 externa!
3227 5650 3584 5730 impressioni

1996 5755 2272 5812 tumultus
2305 5752 2539 5809 interior
2559 5749 2810 5814 accedat,
2839 5749 3016 5819 palam
3043 5745 3116 5801 sit
3139 5753 3338 5800 cuncta
3366 5743 3423 5798 in
3443 5757 3586 5813 pra-

1997 5865 2128 5920 ceps
2165 5842 2606 5902 irrevocabiliter
2638 5845 2887 5915 lapsura.
2925 5839 3059 5894 Tam
3090 5838 3307 5893 lubrico
3337 5845 3393 5891 et
3418 5834 3580 5890 anci-

1992 5942 2092 6021 piti
2124 5947 2427 6006 momento,
2458 5953 2516 5994 se
2537 5952 2639 6013 pro
2671 5933 2929 6007 vigilandi
2962 5930 3145 5990 cilicio
3178 5931 3233 5984 in
3271 5929 3586 5992 communis
