4066 6286
483 409 594 512 sor
659 527 666 532 π

1706 437 2032 505 GEORGII
2068 431 2561 498 PACHYMEILE

3645 416 3758 487 668-

485 562 690 635 ρίσκων
731 558 980 631 δέχονται
1031 555 1128 612 καὶ
1172 557 1272 628 τὴν
1302 553 1589 628 βασιλικὴν
1620 554 1706 630 [Ρ.
1744 552 1875 627 583]
1909 568 2066 622 περι·
2093 551 2141 608 Δ
2174 568 2319 622 ματα
2349 549 2470 603 τότε
2498 544 2642 602 κατά
2673 559 2797 597 τινα
2828 538 3058 610 ἐνεδρῶν
3089 536 3349 607 ύποψίαν,
3380 535 3498 593 an?
3537 531 3634 589 οῦν
3661 536 3759 589 οὔκ

484 651 769 707 ποιοῦνται
789 651 959 722 ῑζωήν
981 665 998 682 ⁸
1046 648 1234 720 πολλοὶ
1261 649 1373 719 γὰρ
1405 649 1503 705 άτε
1548 648 1816 720 βασιλέως
1854 649 1918 700 ὲκ
1961 644 2070 698 τῶν

483 746 730 816 σημείων
785 739 1047 816 φανέντος
1093 745 1566 816 ἐπεισφρήσαντες
1619 741 1883 808 οὔταζον,
1940 737 2073 804 ὥστ’

472 838 822 912 ,ἐξικνεῖσθαι
857 839 954 892 καὶ
975 833 1122 892 κατά
1152 838 1250 893 τοῦ
1278 837 1533 911 σώματος
1565 837 1666 901 τὰς
1701 836 1938 906 πληγὰς),
1968 833 2072 886 κάν

483 933 585 1016 καὶ.
613 930 868 1001 βασιλεὺς
904 931 1306 1001 ἀγχιστρόφους
1354 929 1529 985 ἐποίει
1559 929 1658 994 τὰς
1702 927 2070 1000 μετακλίσεις,

484 1024 537 1078 εί
569 1022 644 1094 μὴ
688 1024 800 1080 τῶν
825 1022 1004 1079 ἄλλων
1036 1022 1506 1094 φυγομαχοῦντων
1550 1022 1712 1085 αὐτὸς
1742 1020 1842 1076 σὺν
1873 1019 2073 1086 ὀλίγοις

484 1117 545 1170 ἐν
566 1115 852 1189 ἀναγκαίῳ
885 1116 1120 1187 κινδύνῳ
1143 1113 1213 1188 ἦν
1250 1117 1349 1172 καὶ
1375 1116 1757 1188 παρακληθεὶς
1802 1115 2073 1184 ὑπέστρε-

487 1228 608 1280 φεν.
639 1210 780 1264 Ἀλλ’
812 1212 860 1265 oi
890 1210 989 1282 μὲν
1040 1211 1403 1282 ἐπισπόμενοι
1441 1211 1543 1266 οὐκ
1572 1211 1784 1280 ἀνῆκαν
1824 1208 1929 1276 ἔτι,
1957 1209 1986 1262 ὁ
2016 1207 2074 1261 δέ

490 1303 692 1375 μικρὸν
743 1305 1108 1378 ἀναχωρήσας
1150 1304 1247 1359 τοῦ
1297 1303 1559 1373 κυδοιμοῦ
1613 1301 1825 1371 δάκρυά
1855 1319 1915 1356 τε
1965 1301 2076 1355 τῶν

473 1396 807 1476 Δὀφθαλμῶν,
842 1393 929 1452 οἷα
955 1397 1110 1468 λόγος
1136 1399 1229 1453 τὸν
1249 1399 1660 1470 Ἀγαμέμνονα,
1690 1395 1861 1468 ἔρρει,
1887 1395 2076 1449 ἕλκετο
2094 1405 2110 1416 ⁸

487 1489 536 1544 δ’
568 1491 634 1544 ἐκ
675 1492 923 1562 κεφαλῆς
971 1491 1381 1564 προθελύμνους
1413 1491 1514 1556 τὰς
1535 1491 1774 1566 ⁶τρίχας,
1820 1491 1933 1552 τοῖς
1964 1486 2076 1540 τῶν

502 1583 794 1660 Ῥωμαίων
840 1584 1287 1654 ἐποικτιζόμενος
1327 1585 1641 1654 πράγμασι,
1673 1584 1770 1637 καὶ
1808 1579 2078 1652 ὑποστρὲ-

491 1687 616 1741 φειν
654 1672 948 1740 ἐσφάδαζε,
1005 1673 1110 1728 κᾶν
1137 1674 1239 1727 οὐκ
1294 1671 1443 1744 εἶχεν
1485 1673 1643 1735 ὅλως.
1677 1672 1867 1735 Ἔλεος
1915 1671 1962 1726 δ’
2009 1668 2077 1746 ἦν

492 1763 743 1820 ἐντεῦθεν
780 1765 940 1830 Θεοῦ,
992 1767 1086 1819 καὶ
1120 1766 1300 1820 ἐννοιά
1329 1783 1415 1828 τις
1459 1765 1636 1838 είσῄει
1678 1765 1805 1830 τοὺς
1845 1764 2079 1819 ἀντιπά-
2130 1760 2132 1762 ⁷

491 1852 622 1920 λους
649 1856 724 1918 ὡς
767 1857 892 1911 κατ’
931 1859 1148 1929 ἀπάτην
1182 1858 1530 1936 ἀναχωροῦσι
1582 1858 1679 1912 καὶ
1706 1856 1783 1920 ὡς
1831 1855 2079 1925 ἐνέδραις

2172 642 2331 712 ὀλίγα
2369 641 2479 694 τῶν
2507 637 2824 710 ἀνηκέστων
2856 632 3092 706 πράξασι
3122 629 3217 684 καὶ
3270 627 3341 683 τὰ
3383 627 3758 700 προστυχόντα

2174 734 2531 809 ληῖσαμὲνοις
2581 732 2744 804 ὲπῇει
2793 727 2895 800 τὴν
2935 728 3134 796 Ἀπρω
3184 721 3598 795 περικαθῆοθαι
3651 720 3759 772 τῶν

2177 827 2563 884 είσδεδυκότων
2605 825 2790 888 ἕνεκα,
2821 822 2915 876 καὶ
2960 817 3263 888 ἐπειρῶντο
3306 814 3617 884 πολιορκεῖν
3640 829 3653 844 -
3684 813 3759 875 ὡς

2174 923 2221 978 δ’
2251 923 2352 977 οὐκ
2387 921 2588 990 ἤνυτον
2633 917 2695 971 τδ
2747 915 3032 986 παράπαν,
3083 913 3332 982 ἔγνωσαν
3373 906 3758 976 ὑποστρέφειν.

2189 1017 2436 1080 Ἀλανοῖς
2463 1016 2508 1069 δ’
2543 1011 2694 1078 ἅπαξ
2716 1009 2971 1079 ἀφεικόσι
3001 1005 3100 1079 τὴν
3127 1006 3267 1077 πρὸς
3290 1002 3417 1065 τοὺς
3451 997 3758 1070 βασιλεύον-

2175 1131 2279 1178 τας
2305 1113 2516 1167 ἔννοιαν
2559 1106 2846 1164 σκυλεύειν
2868 1106 2936 1159 τὰ
2966 1105 3028 1157 ἐν
3082 1101 3243 1156 ποσὶν
3274 1097 3443 1164 εδοξε,
3481 1093 3578 1148 καὶ
3613 1094 3754 1161 φίλοι

2182 1208 2281 1278 μὲν
2329 1206 2642 1275 ἐφίσταντο,
2673 1199 2860 1277 ἐχθροὶ
2896 1198 2943 1253 δ’
2997 1193 3387 1250 ἀπανίσταντο.
3431 1188 3616 1243 Ταῦτα
3659 1203 3759 1255 μα-

2180 1302 2290 1357 θὼν
2318 1303 2346 1355 ὁ
2387 1298 2661 1371 βασιλεὺς,
2688 1295 2785 1350 καὶ
2829 1293 2906 1358 ὡς
2950 1290 3098 1352 είκὸς
3155 1285 3477 1358 tuam”;
3507 1284 3574 1353 τῇ
3621 1297 3757 1350 συμ-

2179 1395 2346 1467 φορᾷ,
2388 1391 2466 1463 τῷ
2503 1392 2603 1462 μὲν
2631 1388 2734 1459 υἱῷ
2771 1403 2832 1441 τε
2863 1385 2958 1440 καὶ
2995 1380 3211 1455 βασιλεῖ
3244 1379 3371 1441 τοὺς
3401 1372 3761 1445 παρακλητηο

2181 1492 2330 1563 ρίους
2358 1488 2432 1551 ὡς
2470 1482 2618 1556 εῖχεν
2646 1479 3010 1553 ὲνεσχεδίαζι,
3037 1478 3131 1531 τὸν
3180 1468 3596 1543 Κουτζίμπαξιν
3627 1469 3762 1521 ἀπο-

2179 1561 2301 1639 λύει
2353 1583 2493 1651 πρὸς
2519 1577 2802 1639 ’Δλανοῦς.
2845 1575 2964 1643 ἅμα
2998 1571 3099 1644 μὲν
3134 1567 3380 1627 ἐκείνους
3430 1561 3763 1633 ἐγκαθεστήι

2182 1676 2362 1744 ξοντα,
2398 1676 2517 1745 ἅμα
2545 1674 2602 1727 δὲ
2637 1675 2732 1726 καὶ
2755 1664 3218 1738 Τουρκοπούλους
3241 1657 3758 1728 δουλαγωγήσοντα-

2179 1771 2259 1842 τῷ
2298 1769 2410 1840 γάρ
2436 1765 2683 1838 ὁμοεθνεῖ
2713 1781 2774 1817 τε
2818 1762 2912 1816 καὶ
2937 1758 3298 1831 ὁμογλώσσῳ,
3335 1754 3433 1808 καὶ
3474 1752 3558 1806 ὅτι
3600 1749 3761 1817 συνή-

2183 1841 2285 1933 θὴς
2316 1858 2385 1933 ἦν
2411 1859 2662 1921 ⁴’Δλανοίς
2689 1857 2747 1911 ἐν
2775 1853 2950 1926 Νογᾷ,
2981 1851 3074 1906 καὶ
3100 1851 3180 1906 ὅτι
3207 1849 3310 1921 τὴν
3339 1847 3474 1917 πρὸς
3497 1841 3766 1898 Τουκτάῖν

495 1949 908 2021 προλοχίζουσιν
955 1953 1129 2015 ἄλλοις
1185 1957 1282 2006 καὶ
1327 1934 1504 2015 οὖτωξ
1559 1951 1911 2023 ἀνείργονται
1972 1949 2074 2019 τῆς
2109 1934 2156 1992 0‘
2182 1954 2482 2026 πρεσϐείαν
2514 1951 2678 2013 αὐτὸς
2708 1949 2968 2009 ἐποιεῖτο,
3001 1944 3082 2006 είς
3113 1940 3248 1996 αίδὼ
3282 1939 3600 2010 πρέπουσαν
3628 1934 3766 2002 6m]-

494 2041 754 2110 διώξεως.
791 2044 956 2100 Ὅθεν
987 2046 1083 2100 καὶ
1111 2037 1260 2100 οὗτοι
1296 2045 1394 2114 μὲν
1422 2048 1523 2115 τῆς
1553 2043 1644 2098 ἐπὶ
1674 2044 1734 2097 τὸ
1766 2044 1954 2114 πρόσω
1984 2058 2080 2110 φο-

2181 2049 2332 2114 κόοις
2358 2043 2738 2112 ἐπαγαγέσθαι
2770 2042 2911 2111 σφᾶς
2944 2034 3284 2093 ἐπιστεύετο.
3315 2031 3486 2092 Αὐτὸς
3514 2029 3560 2082 δ’
3592 2028 3651 2093 ἐξ
3675 2026 3768 2079 αύ-

496 2135 602 2206 ρᾶς
632 2128 905 2203 ἵστανται,
933 2138 1210 2193 ὲκεῖνοιδὲ
1241 2136 1398 2200 ἄλλος
1421 2135 1660 2208 ἀλλαχοῦ
1683 2135 2081 2206 διασπαρέντες
2178 2143 2280 2213 τῆς
2336 2138 2718 2211 στρατολογεῖν
2759 2153 2818 2189 τε
2872 2134 2967 2208 καὶ
3020 2130 3268 2202 ὲφορμᾷν
3321 2126 3583 2193 ἠϐούλετο
3647 2121 3762 2191 μὲν,

497 2227 923 2297 περισὼζονται.
961 2230 1022 2283 Ὀ
1051 2233 1236 2300 μέντοι
1263 2246 1327 2298 γε
1372 2227 1628 2300 βασιλεὺς
1665 2226 2084 2298 καταλαμϐάνει

505 2320 660 2390 μόλις
690 2325 749 2372 τὸ
781 2319 1100 2389 Πάμφυλον.
1145 2320 1258 2374 Καὶ
1288 2317 1354 2390 δὴ
1383 2321 1486 2390 τῆς
1527 2319 1720 2389 φήμης
1743 2315 2086 2386 διαδοθείσης

501 2413 601 2467 οὐκ
630 2408 697 2484 ἦν
727 2414 875 2476 ὅστις
912 2414 1022 2466 τῶν
1047 2412 1334 2484 γεωργῶν,
1379 2413 1439 2466 ὲν
1468 2413 1619 2483 ἀκμῇ
1664 2412 1757 2464 καὶ
1789 2409 1963 2465 ταῦτα
1989 2407 2085 2461 τοῦ

487 2508 721 2580 θέρους,
755 2507 860 2573 ἔξω
895 2507 996 2577 τῆς
1036 2505 1451 2561 Κωνσταντίνου
1495 2503 1938 2564 ἐναπολέλειπτο,
1966 2501 2086 2556 ἀλλ’

500 2599 620 2672 ἅμα
645 2599 928 2654 πάντοθεν
945 2599 1276 2671 μυρμηκιὰν
1307 2596 1639 2670 μιμούμενοι
1665 2594 2086 2664 ἐσκευαγώγουν

502 2694 591 2765 ἐφ’
617 2693 864 2764 ἁμαξῶν,
896 2692 1031 2764 θέρη
1064 2693 1161 2746 καὶ
1187 2691 1478 2764 δράγματα
1513 2691 1610 2745 καὶ
1637 2689 1843 2752 σωροὺς
1875 2687 2088 2758 χαίρειν

501 2788 723 2851 ἐῶντες.
754 2787 881 2852 Τοῖς
911 2786 1012 2858 μὶν
1050 2784 1141 2840 οῦν
1172 2785 1459 2854 ἐναντίοις,
1493 2782 1597 2839 κᾶν
1629 2784 1792 2838 ἴστων
1821 2783 1890 2836 τά
1912 2781 2089 2852 ὁρμή-

499 2971 648 3027 hosti
688 2969 882 3024 victori
905 2967 1158 3036 obiectus
1191 2975 1372 3023 terror
1419 2971 1510 3023 est
1554 2961 1884 3021 insidiarum
1919 2976 1948 3014 a
1986 2975 2088 3015 no-

507 3065 643 3121 atris
682 3063 1012 3134 positarum,
1050 3061 1104 3116 in
1138 3074 1276 3130 quas
1305 3060 1457 3129 ipsos
1478 3055 1738 3114 videlicet
1770 3053 2092 3125 pertrahere

507 3157 811 3213 artiﬁciosa
876 3157 1019 3227 fugae.
1051 3154 1407 3210 simulatione
1443 3152 1780 3224 cogitarent.
1812 3147 1938 3203 Haec
1966 3149 2091 3202 illos

2183 2235 2432 2306 ἐπείχετο
2481 2231 2540 2287 δὲ
2581 2234 2637 2296 ἐξ
2685 2227 3002 2296 ἀναγκαίων
3054 2223 3266 2278 πολλῶν
3329 2216 3766 2286 ἀντισπώμενος.

2185 2327 2286 2383 Διά
2335 2323 2510 2380 ταῦτα
2559 2323 2654 2377 καὶ
2685 2322 2794 2374 ἀπὸ
2836 2319 2942 2390 γῆς
2978 2318 3078 2389 μὲν
3126 2316 3388 2386 δυνάμεις
3436 2307 3766 2370 ἀποστόλους

2103 2479 2117 2493 ,
2144 2420 2155 2455 ί
2187 2415 2645 2491 προσετοιμάζει,
2693 2409 2774 2476 οἷς
2809 2408 3145 2483 θαρροῦντες
3176 2407 3243 2461 οί
3289 2405 3605 2474 πρόσχωροι
3641 2400 3768 2469 ἀφό-

2186 2513 2299 2576 ϐως
2328 2509 2636 2581 ὲργάζοιντ⁹
2666 2506 2732 2561 ἂν
2768 2505 2855 2580 [Ρ.
2888 2501 3017 2574 584]
3055 2502 3126 2555 τὰ
3149 2499 3244 2554 τοῦ
3278 2497 3492 2568 θέρους,
3533 2496 3770 2564 ’Λμογα-

2188 2606 2380 2677 ὀάροις
2431 2603 2495 2657 δὲ
2522 2601 2661 2664 τέως
2710 2597 2998 2668 ἀνακωχὰς
3049 2593 3228 2655 διδοὺς
3271 2590 3346 2653 ὡς
3376 2588 3578 2644 αὐτίκα
3609 2601 3773 2640 καταο

2187 2695 2574 2768 δραμούμενος
2611 2688 2983 2763 συναχθεισῶν
3015 2686 3124 2740 τῶν
3160 2684 3466 2755 δυνάμεων,
3495 2681 3688 2734 ἔπειτα
3716 2679 3774 2729 ἐν

2188 2793 2346 2870 τρισὶ.
2397 2789 2495 2846 καὶ
2540 2787 2672 2845 δίκα
2722 2785 2883 2842 ναυσὶ
2938 2781 3264 2844 Γεννουῖτας
3313 2780 3378 2832 ὲκ
3421 2777 3531 2831 τῶν
3581 2773 3773 2839 Λαζῶν

2192 2990 2252 3032 se
2286 2973 2432 3030 ‘feris
2478 2967 2764 3026 maleficiis
2809 2965 3218 3023 monstrabant.
3262 2963 3361 3018 His
3412 2960 3768 3017 Andronicus

2195 3071 2413 3127 cunctis
2436 3066 2696 3138 cognitis,
2720 3072 2775 3120 et
2798 3077 2959 3134 quem
2985 3075 3084 3131 par
3111 3068 3233 3115 erat
3261 3073 3326 3114 ex
3360 3055 3518 3112 clade
3550 3062 3771 3123 accepta

2196 3165 2442 3220 dolorem
2478 3170 2534 3216 et
2576 3158 2824 3213 sentiens
2854 3164 2908 3208 et
2943 3153 3229 3223 profiteris,
3265 3150 3379 3206 filio
3407 3149 3632 3221 quidem
3665 3148 3777 3203 Au-

508 3252 576 3306 ab
603 3249 837 3305 ulterius
871 3247 1255 3319 persequendo
1314 3245 1580 3300 cohibens
1635 3257 1801 3298 causa
1856 3241 2089 3312 spatium

2200 3261 2362 3329 gusto
2389 3249 2793 3308 consolatorias
2818 3261 2981 3315 quam
3008 3244 3248 3316 primum
3267 3243 3515 3313 scripsit,
3542 3239 3781 3297 Cutzim-

511 3345 765 3402 Michaeli
788 3343 942 3400 dedit
972 3358 1167 3398 manus
1199 3357 1392 3396 eorum
1427 3339 1723 3399 evadendi.
1755 3339 1832 3392 Ac
1859 3334 2089 3390 Romani

509 3440 730 3513 quidem
757 3438 940 3496 caeteri
976 3437 1128 3492 varie
1153 3433 1394 3505 dispersi
1438 3432 1698 3494 salutem,
1729 3429 1819 3485 ubi
1854 3430 2092 3499 quisque

511 3534 708 3605 potuit,
756 3531 1049 3603 quaesiere.
1073 3528 1384 3598 imperator
1422 3538 1567 3594 :egre
1608 3521 2092 3593 Pamphylum-de—

511 3629 661 3685 latus
690 3625 778 3682 ibi
799 3625 1035 3696 quievit.
1082 3620 1254 3677 Fama
1305 3617 1484 3675 eladis
1532 3614 1698 3687 hujus
1758 3615 1869 3672 late
1899 3613 2093 3678 didita,

511 3725 698 3781 nullus
730 3717 1131 3793 agricolarum,
1181 3714 1284 3770 etsi
1345 3727 1590 3778 summa,
1649 3718 1710 3764 ut
1758 3718 1892 3763 tunc
1952 3716 2094 3770 erat,

511 3827 708 3876 aestate
731 3817 815 3873 vel
853 3813 1092 3871 maxime
1143 3822 1311 3878 opera
1342 3819 1534 3861 eorum
1569 3801 1798 3856 maturis
1828 3799 2098 3865 colligen-

513 3914 602 3970 dis
638 3905 917 3981 segetibus
945 3919 1079 3960 rure
1111 3901 1511 3972 requireretur,
1565 3903 1722 3952 extra
1773 3891 2096 3950 Constanti-

516 4006 761 4077 nopolim
793 4001 1096 4058 subsistere
1123 3994 1322 4050 voluit.
1345 3991 1554 4061 Longis
1585 3988 1832 4058 undique
1857 3984 2100 4056 agmini-

515 4101 620 4156 bus
648 4099 825 4153 instar
873 4092 1255 4159 formicarum,
1303 4085 1664 4143 domesticam
1702 4081 2099 4153 supellectilem

514 4189 784 4265 plaustris
810 4186 1127 4255 impositam
1164 4195 1276 4253 pra:
1305 4195 1366 4235 se
1401 4183 1654 4249 agentes,
1686 4174 1739 4230 in
1796 4172 1989 4228 urbem
2021 4169 2104 4226 fe-

515 4263 807 4348 rebantur,
844 4279 1024 4336 securi
1061 4275 1349 4335 messium,
1379 4283 1522 4341 quas
1566 4267 1769 4338 partim
1804 4265 1858 4320 in
1891 4263 2104 4334 campis

518 4380 766 4437 nondum
800 4376 1054 4430 desectas
1090 4369 1274 4431 falce,
1302 4365 1508 4438 partim
1554 4363 1611 4417 in
1668 4361 1817 4416 areis
1851 4359 2106 4428 manipu-

519 4475 671 4529 latim
721 4473 775 4526 in
829 4479 1016 4523 strues
1055 4467 1360 4534 congestas
1424 4456 1842 4525 relinquebant,
1897 4453 2108 4507 condo-

523 4573 721 4619 nantes
754 4559 1034 4622 hostibus,
1063 4563 1120 4610 et
1157 4555 1210 4608 in
1242 4553 1400 4605 lucro
1431 4557 1701 4620 ponentes
1733 4544 1881 4616 quod
1912 4541 2108 4598 barba-

521 4661 702 4713 ricum
735 4651 1021 4708 servitium
1056 4657 1149 4702 aut
1198 4645 1406 4702 ferrum
1434 4643 1522 4698 vel
1569 4638 1704 4696 nudi
1760 4649 1815 4695 et
1859 4637 2107 4694 omnium

522 4746 1068 4819 inopes‘edugerent.
1102 4741 1358 4795 Victores
1390 4736 1648 4800 Barbari,
1684 4733 1780 4789 ubi
1819 4733 1957 4788 satis
1992 4730 2110 4788 dis-

523 4849 826 4899 Cttsserunt
869 4836 1246 4906 suspicionem
1281 4829 1614 4886 insidiarum
1652 4841 1776 4897 qua:
1802 4826 1926 4880 illos
1963 4839 1991 4894 a
2027 4823 2111 4877 vi-

524 4947 647 4988 ctos
670 4931 1015 5002 insequendo
1051 4928 1454 4990 retardaverat,
1498 4935 1598 4977 nec
1626 4933 1801 4992 pauca
1840 4933 1944 4974 nec
1967 4918 2110 4973 levia

525 5029 704 5085 obviis
740 5026 900 5098 553
929 5023 1230 5079 crudeliter
1269 5017 1556 5074 vastandis
1602 5013 1854 5084 exempla
1905 5013 2112 5082 passim

526 5137 706 5178 avara
739 5119 979 5175 feritatis
1009 5116 1333 5173 ediderunt.
1365 5111 1527 5168 Areis
1559 5107 1760 5165 deinde
1787 5109 1936 5178 Apro
1957 5105 2118 5161 dictat

528 5213 909 5287 oppugnanda:
961 5227 1029 5267 ex
1094 5224 1161 5265 eo
1209 5208 1347 5278 ipsis
1404 5203 1706 5262 consilium
1769 5210 1958 5255 natum
2007 5207 2116 5266 est,

527 5308 680 5379 quod
712 5307 766 5362 in
797 5321 919 5362 eam
963 5320 1023 5361 se
1049 5303 1333 5372 recepisse
1357 5299 1559 5353 multos
1585 5311 1615 5350 e
1637 5294 1826 5367 praelio
1847 5307 2121 5363 cognove-

526 5413 676 5466 rant,
709 5401 857 5456 unde
886 5399 1068 5469 praeda
1117 5395 1385 5452 refertam
1439 5389 1878 5445 arbitrabantur.
1929 5383 2122 5455 Copiis

527 5513 662 5569 ergo
707 5496 948 5551 admotis
996 5508 1120 5548 cum
1145 5490 1364 5562 egregie
1405 5488 1610 5557 repulsi
1648 5499 1840 5556 parum
1879 5481 2115 5553 profice-

528 5599 678 5653 rent,
710 5604 814 5644 nec
845 5587 968 5659 plus
1012 5601 1079 5641 ex
1124 5581 1538 5656 perseverantia
1584 5586 1892 5647 sperarent,
1928 5575 2109 5629 soluta

528 5681 820 5738 obsidione
852 5678 1054 5735 reverti
1079 5680 1424 5732 statuerunt.
1460 5671 1683 5727 Interim
1720 5668 1909 5724 Alanis
1937 5666 2110 5722 semel

533 5775 741 5832 amissa
771 5789 905 5846 erga
937 5773 1277 5844 imperantes
1303 5763 1686 5824 benevolentia
1719 5765 1919 5832 passim
1951 5761 2115 5815 obvia

535 5869 779 5939 diripere
805 5882 870 5922 ac
899 5865 1132 5921 licenter
1180 5846 1502 5918 latroliinari
1536 5858 1738 5910 bonum
1774 5852 1917 5906 factu
1933 5851 2120 5906 visum

541 5968 650 6018 est.
682 5957 823 6032 Ergo
854 5965 913 6014 et
933 5952 1048 6023 isti,
1095 5961 1220 6011 cum
1255 5961 1316 6007 ut
1341 5947 1502 6005 amici
1538 5945 1895 6008 haberentur,
1937 5943 2126 5998 hostes

2198 3349 2382 3422 paxim
2415 3355 2600 3400 autem
2627 3341 2839 3396 dimisit
2879 3338 2945 3394 ad
2994 3336 3228 3401 Alanos,
3264 3348 3496 3404 sperans
3549 3346 3778 3388 revoca-

2196 3451 2381 3497 turum
2412 3453 2507 3492 eos
2530 3435 2598 3490 ad
2623 3432 2894 3495 officium,
2930 3430 3096 3487 simul
3127 3437 3180 3483 et
3203 3425 3551 3496 Turc0pulos
3579 3423 3782 3479 delini-

2195 3546 2410 3596 turum,
2434 3532 2636 3601 quibus
2658 3534 2806 3584 esset
2831 3523 3050 3595 generis
3075 3530 3132 3579 et
3163 3521 3365 3591 lingua;
3391 3516 3781 3574 communione

2198 3624 2642 3687 commendatus,
2676 3620 2868 3676 Alanis
2925 3618 3092 3672 etiam
3137 3613 3425 3670 familiaris
3453 3626 3518 3667 ex
3568 3625 3635 3666 eo
3668 3610 3779 3680 jam

2198 3727 2316 3773 tum
2383 3727 2654 3784 tempore,
2686 3726 2798 3783 quo
2840 3708 3056 3764 militiae
3100 3720 3227 3761 cum
3277 3705 3416 3775 ipsis
3463 3702 3780 3760 societatem

2197 3809 2365 3881 Noga:
2395 3804 2705 3863 communis
2730 3801 2888 3857 ducis
2913 3797 3184 3870 auspiciis
3205 3793 3510 3861 habuerat;
3553 3801 3782 3862 prater-

2201 3918 2377 3973 eaquo
2404 3900 2678 3972 legatione
2719 3895 2948 3951 functus
2997 3889 3068 3946 ad
3091 3888 3564 3958 Tuctainem-erat
3599 3885 3784 3940 :unde

2203 3995 2533 4054 credebatur
2604 3997 2800 4046 auctor
2884 3986 3124 4042 idoneus
3201 3981 3424 4038 futurus
3487 3979 3784 4036 suadendae

2203 4087 2344 4160 ipsis
2378 4080 2790 4142 emendationis
2832 4077 3050 4135 ostendi
3094 4075 3165 4131 ab
3205 4074 3291 4130 his
3346 4080 3541 4143 emptae
3589 4080 3787 4128 contu-

2204 4179 2400 4237 maciae
2429 4188 2482 4234 et
2511 4177 2723 4234 reditus
2751 4172 2820 4229 ad
2849 4173 3061 4243 frugem
3086 4169 3399 4233 meliorem,
3429 4165 3783 4227 resumendo.

2205 4273 2358 4346 quod
2417 4271 2578 4328 decet
2629 4266 2906 4330 subditos,
2966 4278 3100 4336 erga
3157 4258 3443 4332 principes
3493 4258 3785 4328 obsequio.

2206 4364 2332 4438 lpse
2375 4374 2560 4421 autem
2618 4363 2916 4433 imperator
2961 4357 3151 4415 senior
3188 4354 3551 4411 conscribere
3607 4350 3791 4406 confe-

2208 4463 2338 4519 stim
2369 4458 2679 4515 exercitum
2702 4463 2760 4512 et
2786 4455 3052 4524 impetum
3085 4451 3140 4506 in
3173 4451 3364 4505 hostes
3391 4448 3572 4503 facere
3601 4447 3790 4516 cupie-

2211 4556 2307 4612 bat
2335 4553 2580 4625 quidem,
2615 4548 3006 4607 retardabatur
3044 4554 3225 4600 autem
3254 4540 3586 4598 necessariis
3617 4541 3787 4611 pturl-

2215 4649 2322 4705 mis
2355 4649 2412 4702 in
2447 4645 2668 4701 diversa
2700 4639 3070 4698 trahentibus.
3103 4637 3240 4692 Illud
3274 4635 3541 4692 continuo
3569 4632 3790 4702 expedi-

2209 4743 2311 4810 vit,
2341 4740 2490 4813 quod
2534 4737 2839 4794 instantius
2896 4735 3151 4805 urgebat,
3201 4741 3429 4800 propter
3471 4729 3655 4800 fugam
3695 4728 3794 4782 tali

2208 4837 2456 4901 tempore
2493 4826 2861 4899 perniciosam
2896 4838 2961 4879 ex
2992 4822 3140 4893 agris
3163 4822 3520 4884 rusticorum.
3557 4818 3776 4874 Paravit

2209 4919 2466 4973 videlicet
2501 4924 2648 4970 terra
2686 4910 3091 4970 submittendas
3117 4909 3331 4977 copias,
3386 4907 3502 4963 illis
3548 4907 3679 4961 dum
3713 4921 3799 4959 Se-

2214 5022 2368 5088 getes
2421 5019 2697 5067 meterent
2725 5019 2780 5066 et
2809 5019 3009 5065 caetera
3042 5015 3238 5064 aestate
3271 5013 3542 5062 consueta
3575 5005 3628 5059 in
3664 5020 3794 5074 pro-

2216 5107 2509 5162 curatione
2541 5118 2775 5159 annonat
2815 5116 2985 5173 opera
3027 5106 3381 5166 exercerent,
3441 5098 3793 5154 securitatem

2217 5199 2485 5255 allaturas
2534 5195 2889 5265 requisitam.
2921 5191 3286 5266 Amogabaris
3345 5189 3592 5246 indutias
3647 5189 3800 5243 velut

2219 5287 2486 5358 quasdam
2516 5283 2837 5356 indulgebat
2857 5281 3103 5348 interim,
3132 5281 3225 5336 sed
3257 5277 3582 5351 δείξουσι
3603 5278 3801 5334 breves

2223 5382 2343 5438 fore
2377 5381 2704 5443 minaretur,
2739 5362 3027 5430 afﬁrmans
3059 5387 3119 5429 se
3167 5373 3354 5428 statim
3387 5381 3552 5441 atque
3571 5384 3802 5440 congre-

2224 5483 2413 5546 gasset
2435 5473 2649 5543 copias,
2692 5470 2749 5525 in
2791 5470 2916 5525 illos
2960 5467 3218 5523 infestum
3276 5467 3646 5520 incursurum.
3679 5460 3806 5518 Post

2226 5563 2341 5618 haec
2363 5575 2618 5617 reversos
2645 5575 2676 5615 e
2707 5559 2866 5614 Lazis
2909 5555 3233 5613 Genuenses
3274 5570 3399 5609 cum
3433 5553 3666 5608 navibus
3699 5563 3801 5608 tre-

2226 5656 2403 5712 decim
2460 5653 2527 5708 ad
2590 5666 2869 5710 armorum
2905 5663 3092 5704 secum
3148 5648 3469 5702 societatem
3510 5645 3804 5701 ineundum

2225 5759 2312 5807 est
2348 5748 2604 5821 pellicere
2650 5754 2908 5801 conatus.
2949 5742 3056 5799 Sed
3109 5751 3324 5797 tantum
3366 5738 3542 5796 abfuit
3573 5750 3632 5794 ut
3660 5739 3715 5793 id
3757 5737 3805 5792 ei

2226 5841 2522 5899 consilium
2569 5838 2892 5895 succederet
2946 5853 3013 5893 ex
3051 5845 3203 5904 voto,
3265 5844 3323 5890 ut
3369 5834 3509 5890 duas
3543 5831 3808 5889 continuo

2231 5954 2402 5995 naves
2434 5935 2681 5991 omnium
2727 5934 2964 6004 optimas
2996 5930 3187 5987 viderit
3237 5930 3481 6002 expediri
3516 5927 3584 5983 ab
3637 5926 3704 5981 iis
3754 5927 3808 5978 in
