  <div class='ocr_page' id='page_1' title='image "/cluster/home/n/w/nwhite01/storage/ocr_20150623/144/mdp.39015046822246/328.png"; bbox 0 0 4066 6286; ppageno 0'>
   <div class='ocr_carea' id='block_1_1' title="bbox 281 334 384 400">
    <p class='ocr_par' dir='ltr' id='par_1_1' title="bbox 281 334 384 400">
     <span class='ocr_line' id='line_1_1' title="bbox 281 334 384 400; baseline -0.019 0"><span class='ocrx_word' id='word_1_1' title='bbox 281 334 384 400; x_wconf 84' lang='grc'>609</span> 
     </span>
    </p>
   </div>
   <div class='ocr_carea' id='block_1_2' title="bbox 1208 328 2603 421">
    <p class='ocr_par' dir='ltr' id='par_1_2' title="bbox 1208 328 2603 421">
     <span class='ocr_line' id='line_1_2' title="bbox 1208 328 2603 421; baseline -0.004 -24"><span class='ocrx_word' id='word_1_2' title='bbox 1208 333 1308 397; x_wconf 88' lang='lat' dir='ltr'><strong>DE</strong></span> <span class='ocrx_word' id='word_1_3' title='bbox 1343 328 2291 421; x_wconf 67' lang='lat' dir='ltr'><strong>ANDRONlCOPALfEOLOGO</strong></span> <span class='ocrx_word' id='word_1_4' title='bbox 2315 329 2464 392; x_wconf 84' lang='lat' dir='ltr'><strong>LIB.</strong></span> <span class='ocrx_word' id='word_1_5' title='bbox 2501 330 2603 392; x_wconf 80' lang='lat' dir='ltr'><strong>Vi.</strong></span> 
     </span>
    </p>
   </div>
   <div class='ocr_carea' id='block_1_3' title="bbox 3389 322 3544 405">
    <p class='ocr_par' dir='ltr' id='par_1_3' title="bbox 3389 322 3544 405">
     <span class='ocr_line' id='line_1_3' title="bbox 3389 322 3544 405; baseline -0.006 -12"><span class='ocrx_word' id='word_1_6' title='bbox 3389 322 3392 324; x_wconf 59' lang='grc'><strong><em>’</em></strong></span> <span class='ocrx_word' id='word_1_7' title='bbox 3435 323 3544 405; x_wconf 76' lang='grc' dir='ltr'>θιο</span> 
     </span>
    </p>
   </div>
   <div class='ocr_carea' id='block_1_4' title="bbox 283 424 3555 525">
    <p class='ocr_par' dir='ltr' id='par_1_4' title="bbox 283 424 3555 525">
     <span class='ocr_line' id='line_1_4' title="bbox 283 424 3555 525; baseline 0 -22"><span class='ocrx_word' id='word_1_8' title='bbox 283 449 734 522; x_wconf 64' lang='grc' dir='ltr'><strong>ὑποστρέψαντας</strong></span> <span class='ocrx_word' id='word_1_9' title='bbox 772 454 1084 523; x_wconf 79' lang='grc' dir='ltr'>συμμαχεῖν</span> <span class='ocrx_word' id='word_1_10' title='bbox 1116 452 1396 523; x_wconf 82' lang='grc' dir='ltr'>ἐπεχείρει</span> <span class='ocrx_word' id='word_1_11' title='bbox 1423 449 1654 505; x_wconf 86' lang='grc' dir='ltr'>πείθειν.</span> <span class='ocrx_word' id='word_1_12' title='bbox 1701 447 1866 502; x_wconf 81' lang='grc' dir='ltr'>Ἀλλὰ</span> <span class='ocrx_word' id='word_1_13' title='bbox 1897 453 1940 509; x_wconf 79' lang='grc' dir='ltr'>Α</span> <span class='ocrx_word' id='word_1_14' title='bbox 1971 446 2483 520; x_wconf 81' lang='grc' dir='ltr'>δουλαγωγηθέντες</span> <span class='ocrx_word' id='word_1_15' title='bbox 2529 446 3091 525; x_wconf 76' lang='grc' dir='ltr'>ἐγκατεκλείσθησαν,</span> <span class='ocrx_word' id='word_1_16' title='bbox 3140 426 3248 504; x_wconf 71' lang='grc' dir='ltr'>οὐδ’</span> <span class='ocrx_word' id='word_1_17' title='bbox 3287 424 3447 504; x_wconf 68' lang='grc' dir='ltr'>αὐτοί</span> <span class='ocrx_word' id='word_1_18' title='bbox 3488 466 3555 519; x_wconf 84' lang='grc' dir='ltr'><strong>γε</strong></span> 
     </span>
    </p>
   </div>
   <div class='ocr_carea' id='block_1_5' title="bbox 279 537 1869 612">
    <p class='ocr_par' dir='ltr' id='par_1_5' title="bbox 279 537 1869 612">
     <span class='ocr_line' id='line_1_5' title="bbox 279 537 1869 612; baseline 0.002 -23"><span class='ocrx_word' id='word_1_19' title='bbox 279 537 536 592; x_wconf 78' lang='grc' dir='ltr'>τοσοῦτον</span> <span class='ocrx_word' id='word_1_20' title='bbox 594 539 704 593; x_wconf 82' lang='grc' dir='ltr'><strong>τῶν</strong></span> <span class='ocrx_word' id='word_1_21' title='bbox 762 540 1150 611; x_wconf 80' lang='grc' dir='ltr'><strong>βουλευμάτων</strong></span> <span class='ocrx_word' id='word_1_22' title='bbox 1200 542 1423 612; x_wconf 85' lang='grc' dir='ltr'>ἐδέησεν</span> <span class='ocrx_word' id='word_1_23' title='bbox 1481 542 1622 596; x_wconf 85' lang='grc' dir='ltr'>ὥστε</span> <span class='ocrx_word' id='word_1_24' title='bbox 1671 541 1768 594; x_wconf 74' lang='grc' dir='ltr'><strong>καὶ</strong></span> <span class='ocrx_word' id='word_1_25' title='bbox 1809 539 1869 606; x_wconf 78' lang='grc' dir='ltr'>ἐξ</span> 
     </span>
    </p>
   </div>
   <div class='ocr_carea' id='block_1_6' title="bbox 281 629 1866 702">
    <p class='ocr_par' dir='ltr' id='par_1_6' title="bbox 281 629 1866 702">
     <span class='ocr_line' id='line_1_6' title="bbox 281 629 1866 702; baseline 0.003 -21"><span class='ocrx_word' id='word_1_26' title='bbox 281 629 461 682; x_wconf 71' lang='grc' dir='ltr'>αὐτῶν</span> <span class='ocrx_word' id='word_1_27' title='bbox 491 631 587 685; x_wconf 82' lang='grc' dir='ltr'>δύο</span> <span class='ocrx_word' id='word_1_28' title='bbox 625 633 758 697; x_wconf 88' lang='grc' dir='ltr'>ναῦς</span> <span class='ocrx_word' id='word_1_29' title='bbox 803 633 902 698; x_wconf 81' lang='grc' dir='ltr'>τὰς</span> <span class='ocrx_word' id='word_1_30' title='bbox 939 636 1238 698; x_wconf 83' lang='grc' dir='ltr'><strong>καλλίστας</strong></span> <span class='ocrx_word' id='word_1_31' title='bbox 1293 634 1593 689; x_wconf 77' lang='grc' dir='ltr'><strong>ἐκπλεῦσαι</strong></span> <span class='ocrx_word' id='word_1_32' title='bbox 1623 633 1866 702; x_wconf 81' lang='grc' dir='ltr'><strong>ἀγούσας</strong></span> 
     </span>
    </p>
   </div>
   <div class='ocr_carea' id='block_1_7' title="bbox 283 723 1868 800">
    <p class='ocr_par' dir='ltr' id='par_1_7' title="bbox 283 723 1868 800">
     <span class='ocr_line' id='line_1_7' title="bbox 283 723 1868 800; baseline 0.004 -27"><span class='ocrx_word' id='word_1_33' title='bbox 283 723 418 791; x_wconf 76' lang='grc' dir='ltr'>πρὸς</span> <span class='ocrx_word' id='word_1_34' title='bbox 449 723 667 780; x_wconf 77' lang='grc' dir='ltr'>Ἰταλῶν</span> <span class='ocrx_word' id='word_1_35' title='bbox 713 727 817 798; x_wconf 67' lang='grc' dir='ltr'>ἤθη</span> <span class='ocrx_word' id='word_1_36' title='bbox 872 730 966 783; x_wconf 76' lang='grc' dir='ltr'>καὶ</span> <span class='ocrx_word' id='word_1_37' title='bbox 1017 729 1512 800; x_wconf 75' lang='grc' dir='ltr'>Μπυριγέριον.οῐ</span> <span class='ocrx_word' id='word_1_38' title='bbox 1561 728 1606 782; x_wconf 81' lang='grc' dir='ltr'>δ’</span> <span class='ocrx_word' id='word_1_39' title='bbox 1637 730 1696 781; x_wconf 86' lang='grc' dir='ltr'><strong>ἐν</strong></span> <span class='ocrx_word' id='word_1_40' title='bbox 1746 729 1868 791; x_wconf 84' lang='grc' dir='ltr'>ταῖς</span> 
     </span>
    </p>
   </div>
   <div class='ocr_carea' id='block_1_8' title="bbox 279 811 1914 890">
    <p class='ocr_par' dir='ltr' id='par_1_8' title="bbox 279 811 1914 890">
     <span class='ocr_line' id='line_1_8' title="bbox 279 811 1914 890; baseline 0.004 -27"><span class='ocrx_word' id='word_1_41' title='bbox 279 811 498 876; x_wconf 83' lang='grc' dir='ltr'>λοιπαῖς</span> <span class='ocrx_word' id='word_1_42' title='bbox 524 814 839 872; x_wconf 80' lang='grc' dir='ltr'>Γεννουῖται</span> <span class='ocrx_word' id='word_1_43' title='bbox 869 818 929 870; x_wconf 79' lang='grc' dir='ltr'>τὸ</span> <span class='ocrx_word' id='word_1_44' title='bbox 959 820 1263 888; x_wconf 76' lang='grc' dir='ltr'><strong>ἐμπορικὸν</strong></span> <span class='ocrx_word' id='word_1_45' title='bbox 1288 821 1675 890; x_wconf 75' lang='grc' dir='ltr'><strong>προϊσχόμενοι</strong></span> <span class='ocrx_word' id='word_1_46' title='bbox 1703 819 1871 872; x_wconf 83' lang='grc' dir='ltr'>ἀπαί-</span> <span class='ocrx_word' id='word_1_47' title='bbox 1911 865 1914 868; x_wconf 84' lang='grc'><strong>.</strong></span> 
     </span>
    </p>
   </div>
   <div class='ocr_carea' id='block_1_9' title="bbox 284 908 1909 984">
    <p class='ocr_par' dir='ltr' id='par_1_9' title="bbox 284 908 1909 984">
     <span class='ocr_line' id='line_1_9' title="bbox 284 908 1909 984; baseline 0.004 -26"><span class='ocrx_word' id='word_1_48' title='bbox 284 922 398 973; x_wconf 85' lang='grc' dir='ltr'>ρειν</span> <span class='ocrx_word' id='word_1_49' title='bbox 423 908 522 960; x_wconf 76' lang='grc' dir='ltr'>καὶ</span> <span class='ocrx_word' id='word_1_50' title='bbox 555 909 712 962; x_wconf 73' lang='grc' dir='ltr'>αὐτοὶ</span> <span class='ocrx_word' id='word_1_51' title='bbox 738 910 1142 982; x_wconf 65' lang='grc' dir='ltr'>ἡτοιμάζοντο.</span> <span class='ocrx_word' id='word_1_52' title='bbox 1171 912 1340 976; x_wconf 81' lang='grc' dir='ltr'>Μόλις</span> <span class='ocrx_word' id='word_1_53' title='bbox 1389 911 1671 978; x_wconf 78' lang='grc' dir='ltr'><strong>ἀξιώσεως</strong></span> <span class='ocrx_word' id='word_1_54' title='bbox 1706 914 1869 984; x_wconf 85' lang='grc' dir='ltr'>χάριν</span> <span class='ocrx_word' id='word_1_55' title='bbox 1905 973 1909 978; x_wconf 90' lang='lat'><strong>_</strong></span> 
     </span>
    </p>
   </div>
   <div class='ocr_carea' id='block_1_10' title="bbox 281 999 1865 1077">
    <p class='ocr_par' dir='ltr' id='par_1_10' title="bbox 281 999 1865 1077">
     <span class='ocr_line' id='line_1_10' title="bbox 281 999 1865 1077; baseline 0.005 -27"><span class='ocrx_word' id='word_1_56' title='bbox 281 999 601 1068; x_wconf 75' lang='grc' dir='ltr'>ἐκλέγονται</span> <span class='ocrx_word' id='word_1_57' title='bbox 634 1000 765 1066; x_wconf 81' lang='grc' dir='ltr'>δύο,</span> <span class='ocrx_word' id='word_1_58' title='bbox 808 1005 1001 1074; x_wconf 78' lang='grc' dir='ltr'>μισθοῦ</span> <span class='ocrx_word' id='word_1_59' title='bbox 1048 1006 1404 1076; x_wconf 80' lang='grc' dir='ltr'>νομισμάτων</span> <span class='ocrx_word' id='word_1_60' title='bbox 1455 1005 1865 1077; x_wconf 72' lang='grc' dir='ltr'>ἑξακισχιλίων,</span> 
     </span>
    </p>
   </div>
   <div class='ocr_carea' id='block_1_11' title="bbox 281 1091 1868 1170">
    <p class='ocr_par' dir='ltr' id='par_1_11' title="bbox 281 1091 1868 1170">
     <span class='ocr_line' id='line_1_11' title="bbox 281 1091 1868 1170; baseline 0.007 -28"><span class='ocrx_word' id='word_1_61' title='bbox 281 1091 421 1162; x_wconf 80' lang='grc' dir='ltr'>πλὴν</span> <span class='ocrx_word' id='word_1_62' title='bbox 453 1093 546 1145; x_wconf 80' lang='grc' dir='ltr'>ἐπὶ</span> <span class='ocrx_word' id='word_1_63' title='bbox 583 1095 792 1164; x_wconf 80' lang='grc' dir='ltr'><strong>ῥητοῖς,</strong></span> <span class='ocrx_word' id='word_1_64' title='bbox 835 1095 977 1150; x_wconf 84' lang='grc' dir='ltr'>ὥστε</span> <span class='ocrx_word' id='word_1_65' title='bbox 1010 1097 1101 1165; x_wconf 80' lang='grc' dir='ltr'><strong>ὑφ’</strong></span> <span class='ocrx_word' id='word_1_66' title='bbox 1127 1099 1276 1169; x_wconf 83' lang='grc' dir='ltr'><strong>ὅρκῳ</strong></span> <span class='ocrx_word' id='word_1_67' title='bbox 1323 1099 1530 1170; x_wconf 74' lang='grc' dir='ltr'>βεϐαίῳ</span> <span class='ocrx_word' id='word_1_68' title='bbox 1559 1097 1652 1152; x_wconf 79' lang='grc' dir='ltr'>δύο</span> <span class='ocrx_word' id='word_1_69' title='bbox 1690 1100 1868 1170; x_wconf 82' lang='grc' dir='ltr'>μῆνας</span> 
     </span>
    </p>
   </div>
   <div class='ocr_carea' id='block_1_12' title="bbox 282 1185 1867 1262">
    <p class='ocr_par' dir='ltr' id='par_1_12' title="bbox 282 1185 1867 1262">
     <span class='ocr_line' id='line_1_12' title="bbox 282 1185 1867 1262; baseline 0.004 -24"><span class='ocrx_word' id='word_1_70' title='bbox 282 1185 634 1240; x_wconf 81' lang='grc' dir='ltr'>ἐκδουλεῦσαι</span> <span class='ocrx_word' id='word_1_71' title='bbox 662 1189 739 1258; x_wconf 85' lang='grc' dir='ltr'><strong>τῷ</strong></span> <span class='ocrx_word' id='word_1_72' title='bbox 773 1188 1004 1259; x_wconf 82' lang='grc' dir='ltr'>βασιλεῖ,</span> <span class='ocrx_word' id='word_1_73' title='bbox 1037 1190 1494 1262; x_wconf 78' lang='grc' dir='ltr'>συμπράττοντας</span> <span class='ocrx_word' id='word_1_74' title='bbox 1523 1195 1635 1255; x_wconf 84' lang='grc' dir='ltr'>τοῖς</span> <span class='ocrx_word' id='word_1_75' title='bbox 1659 1191 1867 1255; x_wconf 83' lang='grc' dir='ltr'>λοιποῖς</span> 
     </span>
    </p>
   </div>
   <div class='ocr_carea' id='block_1_13' title="bbox 284 1279 1867 1355">
    <p class='ocr_par' dir='ltr' id='par_1_13' title="bbox 284 1279 1867 1355">
     <span class='ocr_line' id='line_1_13' title="bbox 284 1279 1867 1355; baseline 0.004 -23"><span class='ocrx_word' id='word_1_76' title='bbox 284 1279 377 1332; x_wconf 77' lang='grc' dir='ltr'>καὶ</span> <span class='ocrx_word' id='word_1_77' title='bbox 418 1280 796 1351; x_wconf 81' lang='grc' dir='ltr'>πολεμοῦντας</span> <span class='ocrx_word' id='word_1_78' title='bbox 848 1285 906 1346; x_wconf 83' lang='grc' dir='ltr'><strong>ἐς</strong></span> <span class='ocrx_word' id='word_1_79' title='bbox 943 1283 1088 1337; x_wconf 84' lang='grc' dir='ltr'>άπαν</span> <span class='ocrx_word' id='word_1_80' title='bbox 1127 1285 1204 1348; x_wconf 82' lang='grc' dir='ltr'>ὡς</span> <span class='ocrx_word' id='word_1_81' title='bbox 1239 1284 1456 1355; x_wconf 77' lang='grc' dir='ltr'>ἐχθροῖς</span> <span class='ocrx_word' id='word_1_82' title='bbox 1507 1286 1771 1354; x_wconf 79' lang='grc' dir='ltr'>βασιλέως</span> <span class='ocrx_word' id='word_1_83' title='bbox 1807 1302 1867 1338; x_wconf 87' lang='grc' dir='ltr'><strong>τε</strong></span> 
     </span>
    </p>
   </div>
   <div class='ocr_carea' id='block_1_14' title="bbox 285 1372 1867 1450">
    <p class='ocr_par' dir='ltr' id='par_1_14' title="bbox 285 1372 1867 1450">
     <span class='ocr_line' id='line_1_14' title="bbox 285 1372 1867 1450; baseline 0.003 -26"><span class='ocrx_word' id='word_1_84' title='bbox 285 1372 496 1428; x_wconf 73' lang='grc' dir='ltr'>καὶτοῦ</span> <span class='ocrx_word' id='word_1_85' title='bbox 539 1376 875 1447; x_wconf 82' lang='grc' dir='ltr'>περιφανοῦς</span> <span class='ocrx_word' id='word_1_86' title='bbox 929 1377 1081 1448; x_wconf 75' lang='grc' dir='ltr'>σφῶν</span> <span class='ocrx_word' id='word_1_87' title='bbox 1137 1378 1436 1450; x_wconf 82' lang='grc' dir='ltr'>ξυνεδρίου.</span> <span class='ocrx_word' id='word_1_88' title='bbox 1469 1381 1532 1432; x_wconf 85' lang='lat' dir='ltr'><strong>0i</strong></span> <span class='ocrx_word' id='word_1_89' title='bbox 1565 1379 1609 1432; x_wconf 81' lang='grc' dir='ltr'>δ’</span> <span class='ocrx_word' id='word_1_90' title='bbox 1657 1381 1713 1432; x_wconf 80' lang='grc' dir='ltr'><strong>ἐν</strong></span> <span class='ocrx_word' id='word_1_91' title='bbox 1749 1381 1867 1442; x_wconf 86' lang='grc' dir='ltr'>ταῖς</span> 
     </span>
    </p>
   </div>
   <div class='ocr_carea' id='block_1_15' title="bbox 289 1467 1870 1542">
    <p class='ocr_par' dir='ltr' id='par_1_15' title="bbox 289 1467 1870 1542">
     <span class='ocr_line' id='line_1_15' title="bbox 289 1467 1870 1542; baseline 0.005 -23"><span class='ocrx_word' id='word_1_92' title='bbox 289 1467 588 1532; x_wconf 81' lang='grc' dir='ltr'>ἐπιλοίποις</span> <span class='ocrx_word' id='word_1_93' title='bbox 644 1472 799 1524; x_wconf 82' lang='grc' dir='ltr'>ἐννέα</span> <span class='ocrx_word' id='word_1_94' title='bbox 828 1472 1142 1542; x_wconf 72' lang='grc' dir='ltr'>ὡμολόγουν</span> <span class='ocrx_word' id='word_1_95' title='bbox 1191 1473 1267 1542; x_wconf 77' lang='grc' dir='ltr'>τῷ</span> <span class='ocrx_word' id='word_1_96' title='bbox 1314 1472 1529 1542; x_wconf 82' lang='grc' dir='ltr'>βασιλεῖ</span> <span class='ocrx_word' id='word_1_97' title='bbox 1573 1477 1665 1527; x_wconf 83' lang='grc' dir='ltr'>καὶ</span> <span class='ocrx_word' id='word_1_98' title='bbox 1711 1474 1870 1527; x_wconf 76' lang='grc' dir='ltr'>αὐτοὶ</span> 
     </span>
    </p>
   </div>
   <div class='ocr_carea' id='block_1_16' title="bbox 285 1564 1868 1640">
    <p class='ocr_par' dir='ltr' id='par_1_16' title="bbox 285 1564 1868 1640">
     <span class='ocr_line' id='line_1_16' title="bbox 285 1564 1868 1640; baseline 0.006 -26"><span class='ocrx_word' id='word_1_99' title='bbox 285 1564 577 1633; x_wconf 77' lang='grc' dir='ltr'>ἐπιστῆναι</span> <span class='ocrx_word' id='word_1_100' title='bbox 613 1567 844 1635; x_wconf 84' lang='grc' dir='ltr'>δωρεὰν,</span> <span class='ocrx_word' id='word_1_101' title='bbox 906 1570 998 1620; x_wconf 77' lang='grc' dir='ltr'>καὶ</span> <span class='ocrx_word' id='word_1_102' title='bbox 1038 1569 1123 1637; x_wconf 80' lang='grc' dir='ltr'>ἐφ’</span> <span class='ocrx_word' id='word_1_103' title='bbox 1157 1569 1395 1638; x_wconf 79' lang='grc' dir='ltr'>ἡμέραις</span> <span class='ocrx_word' id='word_1_104' title='bbox 1450 1569 1868 1640; x_wconf 83' lang='grc' dir='ltr'>προσκαρτερή-</span> 
     </span>
    </p>
   </div>
   <div class='ocr_carea' id='block_1_17' title="bbox 287 1653 1872 1732">
    <p class='ocr_par' dir='ltr' id='par_1_17' title="bbox 287 1653 1872 1732">
     <span class='ocr_line' id='line_1_17' title="bbox 287 1653 1872 1732; baseline 0.005 -25"><span class='ocrx_word' id='word_1_105' title='bbox 287 1653 476 1720; x_wconf 84' lang='grc' dir='ltr'>σαντες</span> <span class='ocrx_word' id='word_1_106' title='bbox 509 1659 655 1712; x_wconf 89' lang='grc' dir='ltr'>κατά</span> <span class='ocrx_word' id='word_1_107' title='bbox 685 1675 807 1712; x_wconf 89' lang='grc' dir='ltr'>τινα</span> <span class='ocrx_word' id='word_1_108' title='bbox 854 1659 960 1713; x_wconf 78' lang='grc' dir='ltr'>τῶν</span> <span class='ocrx_word' id='word_1_109' title='bbox 997 1661 1208 1732; x_wconf 83' lang='grc' dir='ltr'>ἐχθρῶν</span> <span class='ocrx_word' id='word_1_110' title='bbox 1263 1662 1466 1715; x_wconf 84' lang='grc' dir='ltr'>δειλίαν</span> <span class='ocrx_word' id='word_1_111' title='bbox 1519 1661 1725 1732; x_wconf 72' lang='grc' dir='ltr'>πρᾶξαι</span> <span class='ocrx_word' id='word_1_112' title='bbox 1773 1661 1872 1715; x_wconf 81' lang='grc' dir='ltr'>καὶ</span> 
     </span>
    </p>
   </div>
   <div class='ocr_carea' id='block_1_18' title="bbox 284 1745 1872 1824">
    <p class='ocr_par' dir='ltr' id='par_1_18' title="bbox 284 1745 1872 1824">
     <span class='ocr_line' id='line_1_18' title="bbox 284 1745 1872 1824; baseline 0.008 -29"><span class='ocrx_word' id='word_1_113' title='bbox 284 1745 424 1818; x_wconf 80' lang='grc' dir='ltr'>ὑπὲρ</span> <span class='ocrx_word' id='word_1_114' title='bbox 456 1746 566 1800; x_wconf 84' lang='grc' dir='ltr'><strong>τῶν</strong></span> <span class='ocrx_word' id='word_1_115' title='bbox 602 1747 927 1817; x_wconf 83' lang='grc' dir='ltr'>Ῥωμαϊκῶν</span> <span class='ocrx_word' id='word_1_116' title='bbox 953 1751 1299 1822; x_wconf 80' lang='grc' dir='ltr'>πραγμάτων</span> <span class='ocrx_word' id='word_1_117' title='bbox 1329 1751 1716 1824; x_wconf 83' lang='grc' dir='ltr'>πειράσασθαι,</span> <span class='ocrx_word' id='word_1_118' title='bbox 1745 1754 1872 1807; x_wconf 85' lang='grc' dir='ltr'><strong>κάν-</strong></span> 
     </span>
    </p>
   </div>
   <div class='ocr_carea' id='block_1_19' title="bbox 282 1838 1871 1918">
    <p class='ocr_par' dir='ltr' id='par_1_19' title="bbox 282 1838 1871 1918">
     <span class='ocr_line' id='line_1_19' title="bbox 282 1838 1871 1918; baseline 0.008 -28"><span class='ocrx_word' id='word_1_119' title='bbox 282 1838 475 1893; x_wconf 80' lang='grc' dir='ltr'>τεῦθεν</span> <span class='ocrx_word' id='word_1_120' title='bbox 502 1841 831 1915; x_wconf 77' lang='grc' dir='ltr'>ἀναχωρεῖν,</span> <span class='ocrx_word' id='word_1_121' title='bbox 875 1845 980 1899; x_wconf 81' lang='grc' dir='ltr'>κᾶν</span> <span class='ocrx_word' id='word_1_122' title='bbox 1009 1847 1244 1900; x_wconf 85' lang='grc' dir='ltr'>εὐοδοῖεν</span> <span class='ocrx_word' id='word_1_123' title='bbox 1275 1847 1381 1901; x_wconf 76' lang='grc' dir='ltr'>κᾶν</span> <span class='ocrx_word' id='word_1_124' title='bbox 1414 1848 1513 1918; x_wconf 87' lang='grc' dir='ltr'>μή.</span> <span class='ocrx_word' id='word_1_125' title='bbox 1543 1847 1730 1902; x_wconf 80' lang='grc' dir='ltr'>Ταῦτα</span> <span class='ocrx_word' id='word_1_126' title='bbox 1755 1849 1871 1902; x_wconf 83' lang='grc' dir='ltr'>δια-</span> 
     </span>
    </p>
   </div>
   <div class='ocr_carea' id='block_1_20' title="bbox 284 1934 1873 2014">
    <p class='ocr_par' dir='ltr' id='par_1_20' title="bbox 284 1934 1873 2014">
     <span class='ocr_line' id='line_1_20' title="bbox 284 1934 1873 2014; baseline 0.007 -28"><span class='ocrx_word' id='word_1_127' title='bbox 284 1934 629 2004; x_wconf 80' lang='grc' dir='ltr'>πραξάμενος</span> <span class='ocrx_word' id='word_1_128' title='bbox 652 1935 928 2007; x_wconf 82' lang='grc' dir='ltr'>βασιλεὺς,</span> <span class='ocrx_word' id='word_1_129' title='bbox 948 1941 1065 2004; x_wconf 79' lang='grc' dir='ltr'><strong>πῶς</strong></span> <span class='ocrx_word' id='word_1_130' title='bbox 1086 1940 1151 1995; x_wconf 81' lang='grc' dir='ltr'>ἂν</span> <span class='ocrx_word' id='word_1_131' title='bbox 1172 1941 1234 1995; x_wconf 78' lang='grc' dir='ltr'>τὸ</span> <span class='ocrx_word' id='word_1_132' title='bbox 1254 1939 1505 1996; x_wconf 84' lang='grc' dir='ltr'>ἐντεῦθεν</span> <span class='ocrx_word' id='word_1_133' title='bbox 1528 1942 1640 1996; x_wconf 85' lang='grc' dir='ltr'><strong>τῶν</strong></span> <span class='ocrx_word' id='word_1_134' title='bbox 1661 1941 1873 2014; x_wconf 84' lang='grc' dir='ltr'>ἐχθρῶν</span> 
     </span>
    </p>
   </div>
   <div class='ocr_carea' id='block_1_21' title="bbox 285 2031 1423 2104">
    <p class='ocr_par' dir='ltr' id='par_1_21' title="bbox 285 2031 1423 2104">
     <span class='ocr_line' id='line_1_21' title="bbox 285 2031 1423 2104; baseline 0.01 -24"><span class='ocrx_word' id='word_1_135' title='bbox 285 2031 663 2101; x_wconf 78' lang='grc' dir='ltr'>περιγένηται,</span> <span class='ocrx_word' id='word_1_136' title='bbox 694 2031 1089 2104; x_wconf 82' lang='grc' dir='ltr'>βουλευόμενος</span> <span class='ocrx_word' id='word_1_137' title='bbox 1119 2035 1423 2093; x_wconf 82' lang='grc' dir='ltr'>διεσκόπει.</span> 
     </span>
    </p>
   </div>
   <div class='ocr_carea' id='block_1_22' title="bbox 283 2141 1870 2223">
    <p class='ocr_par' dir='ltr' id='par_1_22' title="bbox 283 2141 1870 2223">
     <span class='ocr_line' id='line_1_22' title="bbox 283 2141 1870 2223; baseline 0.008 -30"><span class='ocrx_word' id='word_1_138' title='bbox 283 2141 386 2210; x_wconf 76' lang='grc' dir='ltr'>λγ’.</span> <span class='ocrx_word' id='word_1_139' title='bbox 428 2143 568 2212; x_wconf 78' lang='grc' dir='ltr'>Περὶ</span> <span class='ocrx_word' id='word_1_140' title='bbox 631 2143 754 2198; x_wconf 82' lang='grc' dir='ltr'><strong>τῶν</strong></span> <span class='ocrx_word' id='word_1_141' title='bbox 893 2147 972 2218; x_wconf 80' lang='grc' dir='ltr'>τῇ</span> <span class='ocrx_word' id='word_1_142' title='bbox 1007 2146 1525 2223; x_wconf 21' lang='grc' dir='ltr'>*Ἄδριανουπόλει</span> <span class='ocrx_word' id='word_1_143' title='bbox 1562 2149 1870 2223; x_wconf 73' lang='grc' dir='ltr'>ἐγκεκλει-</span> 
     </span>
    </p>
   </div>
   <div class='ocr_carea' id='block_1_23' title="bbox 729 2217 1443 2291">
    <p class='ocr_par' dir='ltr' id='par_1_23' title="bbox 729 2217 1443 2291">
     <span class='ocr_line' id='line_1_23' title="bbox 729 2217 1443 2291; baseline 0.01 -21"><span class='ocrx_word' id='word_1_144' title='bbox 729 2217 974 2288; x_wconf 67' lang='grc' dir='ltr'>σμένων</span> <span class='ocrx_word' id='word_1_145' title='bbox 1005 2220 1443 2291; x_wconf 63' lang='grc' dir='ltr'>’Δμογασάρωη</span> 
     </span>
    </p>
   </div>
   <div class='ocr_carea' id='block_1_24' title="bbox 359 2305 1870 2386">
    <p class='ocr_par' dir='ltr' id='par_1_24' title="bbox 359 2305 1870 2386">
     <span class='ocr_line' id='line_1_24' title="bbox 359 2305 1870 2386; baseline 0.006 -26"><span class='ocrx_word' id='word_1_146' title='bbox 359 2305 444 2380; x_wconf 80' lang='grc' dir='ltr'><strong>[Ρ.</strong></span> <span class='ocrx_word' id='word_1_147' title='bbox 480 2307 610 2381; x_wconf 76' lang='lat'><strong>535]</strong></span> <span class='ocrx_word' id='word_1_148' title='bbox 657 2311 734 2366; x_wconf 82' lang='grc' dir='ltr'><strong>υὺ</strong></span> <span class='ocrx_word' id='word_1_149' title='bbox 787 2312 898 2382; x_wconf 84' lang='grc' dir='ltr'>μὴν</span> <span class='ocrx_word' id='word_1_150' title='bbox 953 2311 1008 2365; x_wconf 82' lang='grc' dir='ltr'>δὲ</span> <span class='ocrx_word' id='word_1_151' title='bbox 1061 2315 1158 2366; x_wconf 85' lang='grc' dir='ltr'>καὶ</span> <span class='ocrx_word' id='word_1_152' title='bbox 1215 2315 1263 2366; x_wconf 88' lang='grc' dir='ltr'><strong>οί</strong></span> <span class='ocrx_word' id='word_1_153' title='bbox 1297 2316 1400 2368; x_wconf 85' lang='grc' dir='ltr'>άνὰ</span> <span class='ocrx_word' id='word_1_154' title='bbox 1447 2315 1548 2386; x_wconf 78' lang='grc' dir='ltr'>τὴν</span> <span class='ocrx_word' id='word_1_155' title='bbox 1589 2314 1870 2386; x_wconf 83' lang='grc' dir='ltr'>Ἀδριανοῦ</span> 
     </span>
    </p>
   </div>
   <div class='ocr_carea' id='block_1_25' title="bbox 287 2402 1871 2478">
    <p class='ocr_par' dir='ltr' id='par_1_25' title="bbox 287 2402 1871 2478">
     <span class='ocr_line' id='line_1_25' title="bbox 287 2402 1871 2478; baseline 0.006 -25"><span class='ocrx_word' id='word_1_156' title='bbox 287 2402 732 2474; x_wconf 76' lang='grc' dir='ltr'>ἐγκεκλεισμένοι</span> <span class='ocrx_word' id='word_1_157' title='bbox 761 2405 1087 2470; x_wconf 82' lang='grc' dir='ltr'>Κατελάνοι,</span> <span class='ocrx_word' id='word_1_158' title='bbox 1139 2405 1579 2478; x_wconf 25' lang='grc' dir='ltr'>περὶ-,ἐξήκοντα</span> <span class='ocrx_word' id='word_1_159' title='bbox 1614 2407 1790 2477; x_wconf 72' lang='grc' dir='ltr'>ὄντες,</span> <span class='ocrx_word' id='word_1_160' title='bbox 1821 2407 1871 2462; x_wconf 75' lang='grc' dir='ltr'>οἳ</span> 
     </span>
    </p>
   </div>
   <div class='ocr_carea' id='block_1_26' title="bbox 288 2495 1873 2575">
    <p class='ocr_par' dir='ltr' id='par_1_26' title="bbox 288 2495 1873 2575">
     <span class='ocr_line' id='line_1_26' title="bbox 288 2495 1873 2575; baseline 0.004 -28"><span class='ocrx_word' id='word_1_161' title='bbox 288 2495 499 2549; x_wconf 80' lang='grc' dir='ltr'>καὶτοῦ</span> <span class='ocrx_word' id='word_1_162' title='bbox 542 2496 824 2568; x_wconf 81' lang='grc' dir='ltr'>Καίσαρος</span> <span class='ocrx_word' id='word_1_163' title='bbox 851 2498 1094 2553; x_wconf 86' lang='grc' dir='ltr'>ἐκποδὼν</span> <span class='ocrx_word' id='word_1_164' title='bbox 1131 2502 1418 2570; x_wconf 83' lang='grc' dir='ltr'>γεγονότος</span> <span class='ocrx_word' id='word_1_165' title='bbox 1448 2500 1642 2554; x_wconf 78' lang='grc' dir='ltr'>ἔπειτα</span> <span class='ocrx_word' id='word_1_166' title='bbox 1686 2501 1873 2575; x_wconf 82' lang='grc' dir='ltr'>ὅρκοις</span> 
     </span>
    </p>
   </div>
   <div class='ocr_carea' id='block_1_27' title="bbox 290 2677 1872 2755">
    <p class='ocr_par' dir='ltr' id='par_1_27' title="bbox 290 2677 1872 2755">
     <span class='ocr_line' id='line_1_27' title="bbox 290 2677 1872 2755; baseline 0.007 -24"><span class='ocrx_word' id='word_1_167' title='bbox 290 2677 524 2746; x_wconf 71' lang='lat' dir='ltr'><strong>italiam,</strong></span> <span class='ocrx_word' id='word_1_168' title='bbox 569 2689 951 2750; x_wconf 87' lang='lat' dir='ltr'><strong>reportaturas</strong></span> <span class='ocrx_word' id='word_1_169' title='bbox 994 2681 1126 2736; x_wconf 89' lang='lat' dir='ltr'><strong>illnc</strong></span> <span class='ocrx_word' id='word_1_170' title='bbox 1167 2680 1558 2755; x_wconf 82' lang='lat' dir='ltr'><strong>Mpyrigerium</strong></span> <span class='ocrx_word' id='word_1_171' title='bbox 1608 2686 1674 2739; x_wconf 90' lang='lat' dir='ltr'><strong>ad</strong></span> <span class='ocrx_word' id='word_1_172' title='bbox 1713 2684 1872 2742; x_wconf 83' lang='lat' dir='ltr'><strong>sedes</strong></span> 
     </span>
    </p>
   </div>
   <div class='ocr_carea' id='block_1_28' title="bbox 290 2774 1874 2847">
    <p class='ocr_par' dir='ltr' id='par_1_28' title="bbox 290 2774 1874 2847">
     <span class='ocr_line' id='line_1_28' title="bbox 290 2774 1874 2847; baseline 0.006 -23"><span class='ocrx_word' id='word_1_173' title='bbox 290 2777 554 2842; x_wconf 87' lang='lat' dir='ltr'><strong>ipsorum.</strong></span> <span class='ocrx_word' id='word_1_174' title='bbox 605 2774 710 2843; x_wconf 87' lang='lat' dir='ltr'><strong>Qui</strong></span> <span class='ocrx_word' id='word_1_175' title='bbox 746 2786 928 2832; x_wconf 90' lang='lat' dir='ltr'><strong>autem</strong></span> <span class='ocrx_word' id='word_1_176' title='bbox 969 2786 1295 2847; x_wconf 76' lang='lat' dir='ltr'><strong>supererant</strong></span> <span class='ocrx_word' id='word_1_177' title='bbox 1348 2778 1402 2832; x_wconf 91' lang='lat' dir='ltr'><strong>in</strong></span> <span class='ocrx_word' id='word_1_178' title='bbox 1462 2779 1586 2834; x_wconf 89' lang='lat' dir='ltr'><strong>aliis</strong></span> <span class='ocrx_word' id='word_1_179' title='bbox 1637 2780 1874 2836; x_wconf 80' lang='lat' dir='ltr'><strong>navibus</strong></span> 
     </span>
    </p>
   </div>
   <div class='ocr_carea' id='block_1_29' title="bbox 290 2865 1872 2944">
    <p class='ocr_par' dir='ltr' id='par_1_29' title="bbox 290 2865 1872 2944">
     <span class='ocr_line' id='line_1_29' title="bbox 290 2865 1872 2944; baseline 0.006 -26"><span class='ocrx_word' id='word_1_180' title='bbox 290 2865 632 2933; x_wconf 76' lang='lat' dir='ltr'><strong>Genucnses,</strong></span> <span class='ocrx_word' id='word_1_181' title='bbox 666 2872 734 2925; x_wconf 89' lang='lat' dir='ltr'><strong>ad</strong></span> <span class='ocrx_word' id='word_1_182' title='bbox 774 2873 1098 2926; x_wconf 86' lang='lat' dir='ltr'><strong>solvendum</strong></span> <span class='ocrx_word' id='word_1_183' title='bbox 1149 2882 1204 2928; x_wconf 89' lang='lat' dir='ltr'><strong>et</strong></span> <span class='ocrx_word' id='word_1_184' title='bbox 1244 2872 1349 2942; x_wconf 88' lang='lat' dir='ltr'><strong>ipsi</strong></span> <span class='ocrx_word' id='word_1_185' title='bbox 1384 2873 1872 2944; x_wconf 85' lang='lat' dir='ltr'><strong>comparabantur,</strong></span> 
     </span>
    </p>
   </div>
   <div class='ocr_carea' id='block_1_30' title="bbox 292 2961 1873 3036">
    <p class='ocr_par' dir='ltr' id='par_1_30' title="bbox 292 2961 1873 3036">
     <span class='ocr_line' id='line_1_30' title="bbox 292 2961 1873 3036; baseline 0.008 -25"><span class='ocrx_word' id='word_1_186' title='bbox 292 2961 659 3017; x_wconf 79' lang='lat' dir='ltr'><strong>nbtendentes</strong></span> <span class='ocrx_word' id='word_1_187' title='bbox 694 2965 768 3017; x_wconf 90' lang='lat' dir='ltr'><strong>ita</strong></span> <span class='ocrx_word' id='word_1_188' title='bbox 803 2964 889 3020; x_wconf 90' lang='lat' dir='ltr'><strong>sui</strong></span> <span class='ocrx_word' id='word_1_189' title='bbox 934 2966 1281 3020; x_wconf 82' lang='lat' dir='ltr'><strong>mercimonii</strong></span> <span class='ocrx_word' id='word_1_190' title='bbox 1336 2967 1583 3022; x_wconf 73' lang='lat' dir='ltr'><strong>rationes</strong></span> <span class='ocrx_word' id='word_1_191' title='bbox 1619 2981 1873 3036; x_wconf 88' lang='lat' dir='ltr'><strong>poscere.</strong></span> 
     </span>
    </p>
   </div>
   <div class='ocr_carea' id='block_1_31' title="bbox 291 3051 1895 3130">
    <p class='ocr_par' dir='ltr' id='par_1_31' title="bbox 291 3051 1895 3130">
     <span class='ocr_line' id='line_1_31' title="bbox 291 3051 1895 3130; baseline 0.006 -24"><span class='ocrx_word' id='word_1_192' title='bbox 291 3051 456 3123; x_wconf 49' lang='lat' dir='ltr'><strong>{Egre</strong></span> <span class='ocrx_word' id='word_1_193' title='bbox 481 3056 701 3109; x_wconf 88' lang='lat' dir='ltr'><strong>tandem</strong></span> <span class='ocrx_word' id='word_1_194' title='bbox 730 3056 914 3112; x_wconf 88' lang='lat' dir='ltr'><strong>multis</strong></span> <span class='ocrx_word' id='word_1_195' title='bbox 950 3060 1206 3126; x_wconf 89' lang='lat' dir='ltr'><strong>precibus</strong></span> <span class='ocrx_word' id='word_1_196' title='bbox 1235 3059 1286 3112; x_wconf 92' lang='lat' dir='ltr'><strong>in</strong></span> <span class='ocrx_word' id='word_1_197' title='bbox 1318 3073 1514 3130; x_wconf 86' lang='lat' dir='ltr'><strong>magna</strong></span> <span class='ocrx_word' id='word_1_198' title='bbox 1546 3071 1700 3128; x_wconf 87' lang='lat' dir='ltr'><strong>parte</strong></span> <span class='ocrx_word' id='word_1_199' title='bbox 1747 3075 1895 3130; x_wconf 82' lang='lat' dir='ltr'><strong>gra--</strong></span> 
     </span>
    </p>
   </div>
   <div class='ocr_carea' id='block_1_32' title="bbox 292 3146 1876 3230">
    <p class='ocr_par' dir='ltr' id='par_1_32' title="bbox 292 3146 1876 3230">
     <span class='ocr_line' id='line_1_32' title="bbox 292 3146 1876 3230; baseline 0.005 -30"><span class='ocrx_word' id='word_1_200' title='bbox 292 3147 380 3200; x_wconf 76' lang='lat' dir='ltr'><strong>tia:</strong></span> <span class='ocrx_word' id='word_1_201' title='bbox 418 3146 774 3217; x_wconf 88' lang='lat' dir='ltr'><strong>impetratum</strong></span> <span class='ocrx_word' id='word_1_202' title='bbox 811 3161 919 3217; x_wconf 85' lang='lat' dir='ltr'><strong>est,</strong></span> <span class='ocrx_word' id='word_1_203' title='bbox 961 3163 1018 3204; x_wconf 88' lang='lat' dir='ltr'><strong>ut</strong></span> <span class='ocrx_word' id='word_1_204' title='bbox 1049 3149 1174 3206; x_wconf 69' lang='lat' dir='ltr'><strong>dua:</strong></span> <span class='ocrx_word' id='word_1_205' title='bbox 1203 3166 1374 3208; x_wconf 80' lang='lat' dir='ltr'><strong>naves</strong></span> <span class='ocrx_word' id='word_1_206' title='bbox 1408 3153 1726 3230; x_wconf 72' lang='lat' dir='ltr'><strong>imperatori</strong></span> <span class='ocrx_word' id='word_1_207' title='bbox 1774 3153 1876 3208; x_wconf 90' lang='lat' dir='ltr'><strong>mi-</strong></span> 
     </span>
    </p>
   </div>
   <div class='ocr_carea' id='block_1_33' title="bbox 289 3239 1875 3314">
    <p class='ocr_par' dir='ltr' id='par_1_33' title="bbox 289 3239 1875 3314">
     <span class='ocr_line' id='line_1_33' title="bbox 289 3239 1875 3314; baseline 0.006 -23"><span class='ocrx_word' id='word_1_208' title='bbox 289 3239 528 3295; x_wconf 72' lang='lat' dir='ltr'><strong>litaturae</strong></span> <span class='ocrx_word' id='word_1_209' title='bbox 578 3251 1003 3314; x_wconf 80' lang='lat' dir='ltr'><strong>segregarentnr</strong></span> <span class='ocrx_word' id='word_1_210' title='bbox 1049 3259 1079 3298; x_wconf 90' lang='lat' dir='ltr'><strong>e</strong></span> <span class='ocrx_word' id='word_1_211' title='bbox 1119 3244 1300 3304; x_wconf 80' lang='lat' dir='ltr'><strong>classe</strong></span> <span class='ocrx_word' id='word_1_212' title='bbox 1347 3241 1585 3314; x_wconf 77' lang='lat' dir='ltr'><strong>reliqua,</strong></span> <span class='ocrx_word' id='word_1_213' title='bbox 1619 3247 1875 3302; x_wconf 79' lang='lat' dir='ltr'><strong>mercede</strong></span> 
     </span>
    </p>
   </div>
   <div class='ocr_carea' id='block_1_34' title="bbox 291 3336 1874 3409">
    <p class='ocr_par' dir='ltr' id='par_1_34' title="bbox 291 3336 1874 3409">
     <span class='ocr_line' id='line_1_34' title="bbox 291 3336 1874 3409; baseline 0.008 -28"><span class='ocrx_word' id='word_1_214' title='bbox 291 3340 446 3398; x_wconf 69' lang='lat' dir='ltr'><strong>pacta</strong></span> <span class='ocrx_word' id='word_1_215' title='bbox 483 3348 578 3387; x_wconf 82' lang='lat' dir='ltr'><strong>sex</strong></span> <span class='ocrx_word' id='word_1_216' title='bbox 618 3336 849 3389; x_wconf 82' lang='lat' dir='ltr'><strong>millium</strong></span> <span class='ocrx_word' id='word_1_217' title='bbox 905 3352 1284 3402; x_wconf 87' lang='lat' dir='ltr'><strong>nummorum,</strong></span> <span class='ocrx_word' id='word_1_218' title='bbox 1322 3337 1490 3409; x_wconf 90' lang='lat' dir='ltr'><strong>idque</strong></span> <span class='ocrx_word' id='word_1_219' title='bbox 1528 3339 1632 3395; x_wconf 83' lang='lat' dir='ltr'><strong>sub</strong></span> <span class='ocrx_word' id='word_1_220' title='bbox 1681 3339 1874 3394; x_wconf 90' lang='lat' dir='ltr'><strong>condi-</strong></span> 
     </span>
    </p>
   </div>
   <div class='ocr_carea' id='block_1_35' title="bbox 289 3427 1874 3500">
    <p class='ocr_par' dir='ltr' id='par_1_35' title="bbox 289 3427 1874 3500">
     <span class='ocr_line' id='line_1_35' title="bbox 289 3427 1874 3500; baseline 0.007 -22"><span class='ocrx_word' id='word_1_221' title='bbox 289 3432 443 3480; x_wconf 83' lang='lat' dir='ltr'><strong>tione</strong></span> <span class='ocrx_word' id='word_1_222' title='bbox 488 3427 702 3485; x_wconf 75' lang='lat' dir='ltr'><strong>diserte</strong></span> <span class='ocrx_word' id='word_1_223' title='bbox 750 3429 1008 3499; x_wconf 90' lang='lat' dir='ltr'><strong>stipulata</strong></span> <span class='ocrx_word' id='word_1_224' title='bbox 1047 3439 1098 3484; x_wconf 89' lang='lat' dir='ltr'><strong>et</strong></span> <span class='ocrx_word' id='word_1_225' title='bbox 1150 3429 1515 3500; x_wconf 76' lang='lat' dir='ltr'><strong>jurejurando</strong></span> <span class='ocrx_word' id='word_1_226' title='bbox 1566 3432 1874 3489; x_wconf 88' lang='lat' dir='ltr'><strong>inviolabili</strong></span> 
     </span>
    </p>
   </div>
   <div class='ocr_carea' id='block_1_36' title="bbox 287 3523 1872 3599">
    <p class='ocr_par' dir='ltr' id='par_1_36' title="bbox 287 3523 1872 3599">
     <span class='ocr_line' id='line_1_36' title="bbox 287 3523 1872 3599; baseline 0.006 -25"><span class='ocrx_word' id='word_1_227' title='bbox 287 3523 533 3587; x_wconf 80' lang='lat' dir='ltr'><strong>iii-mata,</strong></span> <span class='ocrx_word' id='word_1_228' title='bbox 581 3523 725 3577; x_wconf 87' lang='lat' dir='ltr'><strong>haud</strong></span> <span class='ocrx_word' id='word_1_229' title='bbox 764 3524 914 3579; x_wconf 86' lang='lat' dir='ltr'><strong>ultra</strong></span> <span class='ocrx_word' id='word_1_230' title='bbox 954 3540 1175 3581; x_wconf 86' lang='lat' dir='ltr'><strong>menses</strong></span> <span class='ocrx_word' id='word_1_231' title='bbox 1208 3526 1353 3583; x_wconf 88' lang='lat' dir='ltr'><strong>duos</strong></span> <span class='ocrx_word' id='word_1_232' title='bbox 1388 3526 1513 3583; x_wconf 90' lang='lat' dir='ltr'><strong>illas</strong></span> <span class='ocrx_word' id='word_1_233' title='bbox 1551 3528 1872 3599; x_wconf 75' lang='lat' dir='ltr'><strong>imperatori</strong></span> 
     </span>
    </p>
   </div>
   <div class='ocr_carea' id='block_1_37' title="bbox 289 3616 1877 3692">
    <p class='ocr_par' dir='ltr' id='par_1_37' title="bbox 289 3616 1877 3692">
     <span class='ocr_line' id='line_1_37' title="bbox 289 3616 1877 3692; baseline 0.006 -23"><span class='ocrx_word' id='word_1_234' title='bbox 289 3617 626 3680; x_wconf 81' lang='lat' dir='ltr'><strong>scrvituras,</strong></span> <span class='ocrx_word' id='word_1_235' title='bbox 658 3617 753 3670; x_wconf 89' lang='lat' dir='ltr'><strong>sed</strong></span> <span class='ocrx_word' id='word_1_236' title='bbox 785 3616 893 3671; x_wconf 88' lang='lat' dir='ltr'><strong>isto</strong></span> <span class='ocrx_word' id='word_1_237' title='bbox 933 3617 1179 3673; x_wconf 87' lang='lat' dir='ltr'><strong>bimestri</strong></span> <span class='ocrx_word' id='word_1_238' title='bbox 1208 3620 1477 3675; x_wconf 71' lang='lat' dir='ltr'><strong>duntaxat</strong></span> <span class='ocrx_word' id='word_1_239' title='bbox 1505 3623 1684 3692; x_wconf 89' lang='lat' dir='ltr'><strong>spatio</strong></span> <span class='ocrx_word' id='word_1_240' title='bbox 1709 3623 1877 3692; x_wconf 86' lang='lat' dir='ltr'><strong>impe-</strong></span> 
     </span>
    </p>
   </div>
   <div class='ocr_carea' id='block_1_38' title="bbox 288 3712 1873 3786">
    <p class='ocr_par' dir='ltr' id='par_1_38' title="bbox 288 3712 1873 3786">
     <span class='ocr_line' id='line_1_38' title="bbox 288 3712 1873 3786; baseline 0.007 -24"><span class='ocrx_word' id='word_1_241' title='bbox 288 3712 511 3764; x_wconf 63' lang='lat' dir='ltr'><strong>ratoriae</strong></span> <span class='ocrx_word' id='word_1_242' title='bbox 536 3712 672 3774; x_wconf 81' lang='lat' dir='ltr'><strong>istas</strong></span> <span class='ocrx_word' id='word_1_243' title='bbox 694 3719 1069 3767; x_wconf 83' lang='lat' dir='ltr'><strong>aceensendas</strong></span> <span class='ocrx_word' id='word_1_244' title='bbox 1107 3715 1297 3780; x_wconf 78' lang='lat' dir='ltr'><strong>classi,</strong></span> <span class='ocrx_word' id='word_1_245' title='bbox 1324 3718 1682 3786; x_wconf 84' lang='lat' dir='ltr'><strong>navigaturas</strong></span> <span class='ocrx_word' id='word_1_246' title='bbox 1711 3730 1765 3772; x_wconf 87' lang='lat' dir='ltr'><strong>et</strong></span> <span class='ocrx_word' id='word_1_247' title='bbox 1789 3718 1873 3773; x_wconf 90' lang='lat' dir='ltr'><strong>ci-</strong></span> 
     </span>
    </p>
   </div>
   <div class='ocr_carea' id='block_1_39' title="bbox 289 3803 1874 3874">
    <p class='ocr_par' dir='ltr' id='par_1_39' title="bbox 289 3803 1874 3874">
     <span class='ocr_line' id='line_1_39' title="bbox 289 3803 1874 3874; baseline 0.008 -21"><span class='ocrx_word' id='word_1_248' title='bbox 289 3812 372 3854; x_wconf 88' lang='lat' dir='ltr'><strong>tra</strong></span> <span class='ocrx_word' id='word_1_249' title='bbox 416 3803 807 3870; x_wconf 78' lang='lat' dir='ltr'><strong>exceptionem</strong></span> <span class='ocrx_word' id='word_1_250' title='bbox 841 3813 1180 3874; x_wconf 89' lang='lat' dir='ltr'><strong>pugnaturas</strong></span> <span class='ocrx_word' id='word_1_251' title='bbox 1214 3805 1380 3860; x_wconf 87' lang='lat' dir='ltr'><strong>ullam</strong></span> <span class='ocrx_word' id='word_1_252' title='bbox 1425 3809 1694 3866; x_wconf 87' lang='lat' dir='ltr'><strong>adversus</strong></span> <span class='ocrx_word' id='word_1_253' title='bbox 1719 3810 1874 3866; x_wconf 84' lang='lat' dir='ltr'><strong>Cate-</strong></span> 
     </span>
    </p>
   </div>
   <div class='ocr_carea' id='block_1_40' title="bbox 291 3893 1874 3973">
    <p class='ocr_par' dir='ltr' id='par_1_40' title="bbox 291 3893 1874 3973">
     <span class='ocr_line' id='line_1_40' title="bbox 291 3893 1874 3973; baseline 0.008 -27"><span class='ocrx_word' id='word_1_254' title='bbox 291 3895 449 3950; x_wconf 72' lang='lat' dir='ltr'><strong>lunos</strong></span> <span class='ocrx_word' id='word_1_255' title='bbox 503 3904 554 3949; x_wconf 91' lang='lat' dir='ltr'><strong>et</strong></span> <span class='ocrx_word' id='word_1_256' title='bbox 607 3893 985 3965; x_wconf 83' lang='lat' dir='ltr'><strong>Atnogabaros</strong></span> <span class='ocrx_word' id='word_1_257' title='bbox 1031 3897 1108 3951; x_wconf 89' lang='lat' dir='ltr'><strong>uti</strong></span> <span class='ocrx_word' id='word_1_258' title='bbox 1167 3899 1353 3954; x_wconf 84' lang='lat' dir='ltr'><strong>hostes</strong></span> <span class='ocrx_word' id='word_1_259' title='bbox 1395 3902 1749 3973; x_wconf 79' lang='lat' dir='ltr'><strong>imperatoris</strong></span> <span class='ocrx_word' id='word_1_260' title='bbox 1817 3914 1874 3960; x_wconf 90' lang='lat' dir='ltr'><strong>et</strong></span> 
     </span>
    </p>
   </div>
   <div class='ocr_carea' id='block_1_41' title="bbox 291 3984 1877 4069">
    <p class='ocr_par' dir='ltr' id='par_1_41' title="bbox 291 3984 1877 4069">
     <span class='ocr_line' id='line_1_41' title="bbox 291 3984 1877 4069; baseline 0.009 -30"><span class='ocrx_word' id='word_1_261' title='bbox 291 3984 626 4053; x_wconf 82' lang='lat' dir='ltr'><strong>periilustris</strong></span> <span class='ocrx_word' id='word_1_262' title='bbox 651 3998 877 4042; x_wconf 83' lang='lat' dir='ltr'><strong>senatus</strong></span> <span class='ocrx_word' id='word_1_263' title='bbox 906 3988 1178 4058; x_wconf 88' lang='lat' dir='ltr'><strong>ipsorum.</strong></span> <span class='ocrx_word' id='word_1_264' title='bbox 1206 3991 1458 4048; x_wconf 85' lang='lat' dir='ltr'><strong>Aliarum</strong></span> <span class='ocrx_word' id='word_1_265' title='bbox 1489 4009 1612 4064; x_wconf 75' lang='lat' dir='ltr'><strong>quae</strong></span> <span class='ocrx_word' id='word_1_266' title='bbox 1649 4011 1877 4069; x_wconf 87' lang='lat' dir='ltr'><strong>supere-</strong></span> 
     </span>
    </p>
   </div>
   <div class='ocr_carea' id='block_1_42' title="bbox 293 4085 1874 4154">
    <p class='ocr_par' dir='ltr' id='par_1_42' title="bbox 293 4085 1874 4154">
     <span class='ocr_line' id='line_1_42' title="bbox 293 4085 1874 4154; baseline 0.007 -22"><span class='ocrx_word' id='word_1_267' title='bbox 293 4088 418 4132; x_wconf 74' lang='grc' dir='ltr'>ι·;ιιιι</span> <span class='ocrx_word' id='word_1_268' title='bbox 455 4096 650 4134; x_wconf 85' lang='lat' dir='ltr'><strong>novem</strong></span> <span class='ocrx_word' id='word_1_269' title='bbox 685 4085 909 4134; x_wconf 80' lang='lat' dir='ltr'><strong>navium</strong></span> <span class='ocrx_word' id='word_1_270' title='bbox 948 4092 1195 4138; x_wconf 82' lang='lat' dir='ltr'><strong>vectores</strong></span> <span class='ocrx_word' id='word_1_271' title='bbox 1221 4085 1447 4154; x_wconf 87' lang='lat' dir='ltr'><strong>polliciti</strong></span> <span class='ocrx_word' id='word_1_272' title='bbox 1482 4098 1614 4142; x_wconf 91' lang='lat' dir='ltr'><strong>sunt</strong></span> <span class='ocrx_word' id='word_1_273' title='bbox 1665 4089 1874 4146; x_wconf 88' lang='lat' dir='ltr'><strong>substi-</strong></span> 
     </span>
    </p>
   </div>
   <div class='ocr_carea' id='block_1_43' title="bbox 293 4171 1872 4246">
    <p class='ocr_par' dir='ltr' id='par_1_43' title="bbox 293 4171 1872 4246">
     <span class='ocr_line' id='line_1_43' title="bbox 293 4171 1872 4246; baseline 0.009 -22"><span class='ocrx_word' id='word_1_274' title='bbox 293 4184 450 4227; x_wconf 85' lang='lat' dir='ltr'><strong>turos</strong></span> <span class='ocrx_word' id='word_1_275' title='bbox 481 4189 538 4226; x_wconf 83' lang='lat' dir='ltr'><strong>se</strong></span> <span class='ocrx_word' id='word_1_276' title='bbox 569 4171 638 4227; x_wconf 90' lang='lat' dir='ltr'><strong>ad</strong></span> <span class='ocrx_word' id='word_1_277' title='bbox 675 4172 793 4228; x_wconf 90' lang='lat' dir='ltr'><strong>dies</strong></span> <span class='ocrx_word' id='word_1_278' title='bbox 817 4174 1031 4244; x_wconf 86' lang='lat' dir='ltr'><strong>aliquot</strong></span> <span class='ocrx_word' id='word_1_279' title='bbox 1063 4178 1260 4246; x_wconf 87' lang='lat' dir='ltr'><strong>gratis,</strong></span> <span class='ocrx_word' id='word_1_280' title='bbox 1286 4186 1340 4233; x_wconf 90' lang='lat' dir='ltr'><strong>et</strong></span> <span class='ocrx_word' id='word_1_281' title='bbox 1371 4180 1437 4235; x_wconf 88' lang='lat' dir='ltr'><strong>ad</strong></span> <span class='ocrx_word' id='word_1_282' title='bbox 1469 4187 1739 4238; x_wconf 85' lang='lat' dir='ltr'><strong>terrorem</strong></span> <span class='ocrx_word' id='word_1_283' title='bbox 1771 4184 1872 4238; x_wconf 79' lang='lat' dir='ltr'><strong>lio-</strong></span> 
     </span>
    </p>
   </div>
   <div class='ocr_carea' id='block_1_44' title="bbox 293 4264 1871 4345">
    <p class='ocr_par' dir='ltr' id='par_1_44' title="bbox 293 4264 1871 4345">
     <span class='ocr_line' id='line_1_44' title="bbox 293 4264 1871 4345; baseline 0.008 -28"><span class='ocrx_word' id='word_1_284' title='bbox 293 4265 470 4318; x_wconf 81' lang='lat' dir='ltr'><strong>stibus</strong></span> <span class='ocrx_word' id='word_1_285' title='bbox 530 4264 911 4320; x_wconf 88' lang='lat' dir='ltr'><strong>incntiendum</strong></span> <span class='ocrx_word' id='word_1_286' title='bbox 987 4268 1226 4333; x_wconf 87' lang='lat' dir='ltr'><strong>speciem</strong></span> <span class='ocrx_word' id='word_1_287' title='bbox 1308 4272 1634 4338; x_wconf 65' lang='lat' dir='ltr'><strong>praebituros</strong></span> <span class='ocrx_word' id='word_1_288' title='bbox 1711 4277 1871 4345; x_wconf 87' lang='lat' dir='ltr'><strong>quasi</strong></span> 
     </span>
    </p>
   </div>
   <div class='ocr_carea' id='block_1_45' title="bbox 297 4355 1870 4432">
    <p class='ocr_par' dir='ltr' id='par_1_45' title="bbox 297 4355 1870 4432">
     <span class='ocr_line' id='line_1_45' title="bbox 297 4355 1870 4432; baseline 0.013 -27"><span class='ocrx_word' id='word_1_289' title='bbox 297 4355 646 4409; x_wconf 83' lang='lat' dir='ltr'><strong>militantium</strong></span> <span class='ocrx_word' id='word_1_290' title='bbox 672 4357 939 4427; x_wconf 88' lang='lat' dir='ltr'><strong>auspiciis</strong></span> <span class='ocrx_word' id='word_1_291' title='bbox 961 4359 1216 4430; x_wconf 78' lang='lat' dir='ltr'><strong>Augusti,</strong></span> <span class='ocrx_word' id='word_1_292' title='bbox 1241 4364 1376 4432; x_wconf 87' lang='lat' dir='ltr'><strong>quin</strong></span> <span class='ocrx_word' id='word_1_293' title='bbox 1400 4373 1454 4417; x_wconf 90' lang='lat' dir='ltr'><strong>et</strong></span> <span class='ocrx_word' id='word_1_294' title='bbox 1484 4365 1530 4420; x_wconf 89' lang='lat' dir='ltr'><strong>si</strong></span> <span class='ocrx_word' id='word_1_295' title='bbox 1556 4381 1617 4421; x_wconf 89' lang='lat' dir='ltr'><strong>se</strong></span> <span class='ocrx_word' id='word_1_296' title='bbox 1651 4366 1870 4424; x_wconf 90' lang='lat' dir='ltr'><strong>interim</strong></span> 
     </span>
    </p>
   </div>
   <div class='ocr_carea' id='block_1_46' title="bbox 296 4442 1874 4525">
    <p class='ocr_par' dir='ltr' id='par_1_46' title="bbox 296 4442 1874 4525">
     <span class='ocr_line' id='line_1_46' title="bbox 296 4442 1874 4525; baseline 0.009 -24"><span class='ocrx_word' id='word_1_297' title='bbox 296 4449 476 4519; x_wconf 84' lang='lat' dir='ltr'><strong>aliqua</strong></span> <span class='ocrx_word' id='word_1_298' title='bbox 512 4448 733 4504; x_wconf 78' lang='lat' dir='ltr'><strong>offerret</strong></span> <span class='ocrx_word' id='word_1_299' title='bbox 768 4442 989 4505; x_wconf 85' lang='lat' dir='ltr'><strong>occasio</strong></span> <span class='ocrx_word' id='word_1_300' title='bbox 1025 4451 1101 4506; x_wconf 88' lang='lat' dir='ltr'><strong>rei</strong></span> <span class='ocrx_word' id='word_1_301' title='bbox 1137 4450 1278 4507; x_wconf 84' lang='lat' dir='ltr'><strong>bene</strong></span> <span class='ocrx_word' id='word_1_302' title='bbox 1309 4456 1588 4525; x_wconf 68' lang='lat' dir='ltr'><strong>gerendae,</strong></span> <span class='ocrx_word' id='word_1_303' title='bbox 1637 4459 1874 4514; x_wconf 83' lang='lat' dir='ltr'><strong>collatu—</strong></span> 
     </span>
    </p>
   </div>
   <div class='ocr_carea' id='block_1_47' title="bbox 299 4543 2791 4620">
    <p class='ocr_par' dir='ltr' id='par_1_47' title="bbox 299 4543 2791 4620">
     <span class='ocr_line' id='line_1_47' title="bbox 299 4543 2791 4620; baseline 0.005 -26"><span class='ocrx_word' id='word_1_304' title='bbox 299 4557 388 4597; x_wconf 88' lang='lat' dir='ltr'><strong>ros</strong></span> <span class='ocrx_word' id='word_1_305' title='bbox 421 4557 521 4611; x_wconf 86' lang='lat' dir='ltr'><strong>pro</strong></span> <span class='ocrx_word' id='word_1_306' title='bbox 553 4543 694 4596; x_wconf 87' lang='lat' dir='ltr'><strong>virili</strong></span> <span class='ocrx_word' id='word_1_307' title='bbox 731 4557 952 4612; x_wconf 82' lang='lat' dir='ltr'><strong>cperam</strong></span> <span class='ocrx_word' id='word_1_308' title='bbox 997 4545 1334 4614; x_wconf 84' lang='lat' dir='ltr'><strong>adjuvandis</strong></span> <span class='ocrx_word' id='word_1_309' title='bbox 1379 4545 1668 4616; x_wconf 78' lang='lat' dir='ltr'><strong>Romanis,</strong></span> <span class='ocrx_word' id='word_1_310' title='bbox 1718 4554 1869 4608; x_wconf 86' lang='lat' dir='ltr'><strong>salva</strong></span> <span class='ocrx_word' id='word_1_311' title='bbox 1903 4555 1947 4609; x_wconf 87' lang='lat' dir='ltr'><strong>D</strong></span> <span class='ocrx_word' id='word_1_312' title='bbox 1979 4551 2179 4605; x_wconf 85' lang='lat' dir='ltr'><strong>bantur</strong></span> <span class='ocrx_word' id='word_1_313' title='bbox 2219 4549 2296 4604; x_wconf 89' lang='lat' dir='ltr'><strong>illi</strong></span> <span class='ocrx_word' id='word_1_314' title='bbox 2341 4549 2565 4620; x_wconf 87' lang='lat' dir='ltr'><strong>quidem</strong></span> <span class='ocrx_word' id='word_1_315' title='bbox 2624 4552 2791 4604; x_wconf 78' lang='lat' dir='ltr'><strong>noxie</strong></span> 
     </span>
    </p>
   </div>
   <div class='ocr_carea' id='block_1_48' title="bbox 299 4637 1868 4712">
    <p class='ocr_par' dir='ltr' id='par_1_48' title="bbox 299 4637 1868 4712">
     <span class='ocr_line' id='line_1_48' title="bbox 299 4637 1868 4712; baseline 0.007 -22"><span class='ocrx_word' id='word_1_316' title='bbox 299 4652 515 4706; x_wconf 79' lang='lat' dir='ltr'><strong>semper</strong></span> <span class='ocrx_word' id='word_1_317' title='bbox 551 4638 762 4704; x_wconf 85' lang='lat' dir='ltr'><strong>integra</strong></span> <span class='ocrx_word' id='word_1_318' title='bbox 804 4637 1059 4692; x_wconf 81' lang='lat' dir='ltr'><strong>libertate</strong></span> <span class='ocrx_word' id='word_1_319' title='bbox 1089 4638 1313 4708; x_wconf 88' lang='lat' dir='ltr'><strong>quando</strong></span> <span class='ocrx_word' id='word_1_320' title='bbox 1346 4642 1556 4698; x_wconf 82' lang='lat' dir='ltr'><strong>vellent</strong></span> <span class='ocrx_word' id='word_1_321' title='bbox 1606 4645 1868 4712; x_wconf 80' lang='lat' dir='ltr'><strong>abeundi,</strong></span> 
     </span>
    </p>
   </div>
   <div class='ocr_carea' id='block_1_49' title="bbox 301 4727 1876 4799">
    <p class='ocr_par' dir='ltr' id='par_1_49' title="bbox 301 4727 1876 4799">
     <span class='ocr_line' id='line_1_49' title="bbox 301 4727 1876 4799; baseline 0.008 -17"><span class='ocrx_word' id='word_1_322' title='bbox 301 4728 416 4782; x_wconf 86' lang='lat' dir='ltr'><strong>sive</strong></span> <span class='ocrx_word' id='word_1_323' title='bbox 447 4729 655 4798; x_wconf 80' lang='lat' dir='ltr'><strong>aliquid</strong></span> <span class='ocrx_word' id='word_1_324' title='bbox 686 4727 936 4783; x_wconf 79' lang='lat' dir='ltr'><strong>eiiectum</strong></span> <span class='ocrx_word' id='word_1_325' title='bbox 981 4729 1092 4799; x_wconf 83' lang='lat' dir='ltr'><strong>jam</strong></span> <span class='ocrx_word' id='word_1_326' title='bbox 1152 4744 1299 4786; x_wconf 87' lang='lat' dir='ltr'><strong>esset</strong></span> <span class='ocrx_word' id='word_1_327' title='bbox 1336 4733 1453 4789; x_wconf 88' lang='lat' dir='ltr'><strong>sive</strong></span> <span class='ocrx_word' id='word_1_328' title='bbox 1493 4749 1627 4793; x_wconf 87' lang='lat' dir='ltr'><strong>non.</strong></span> <span class='ocrx_word' id='word_1_329' title='bbox 1667 4735 1761 4791; x_wconf 86' lang='lat' dir='ltr'><strong>His</strong></span> <span class='ocrx_word' id='word_1_330' title='bbox 1792 4738 1876 4794; x_wconf 86' lang='lat' dir='ltr'><strong>sic</strong></span> 
     </span>
    </p>
   </div>
   <div class='ocr_carea' id='block_1_50' title="bbox 304 4818 1876 4897">
    <p class='ocr_par' dir='ltr' id='par_1_50' title="bbox 304 4818 1876 4897">
     <span class='ocr_line' id='line_1_50' title="bbox 304 4818 1876 4897; baseline 0.005 -17"><span class='ocrx_word' id='word_1_331' title='bbox 304 4825 599 4882; x_wconf 85' lang='lat' dir='ltr'><strong>transactis</strong></span> <span class='ocrx_word' id='word_1_332' title='bbox 635 4826 934 4895; x_wconf 89' lang='lat' dir='ltr'><strong>imperator</strong></span> <span class='ocrx_word' id='word_1_333' title='bbox 970 4833 1119 4880; x_wconf 90' lang='lat' dir='ltr'><strong>totus</strong></span> <span class='ocrx_word' id='word_1_334' title='bbox 1151 4837 1271 4880; x_wconf 87' lang='lat' dir='ltr'><strong>erat</strong></span> <span class='ocrx_word' id='word_1_335' title='bbox 1307 4818 1360 4882; x_wconf 80' lang='lat' dir='ltr'><strong>in</strong></span> <span class='ocrx_word' id='word_1_336' title='bbox 1396 4828 1750 4897; x_wconf 84' lang='lat' dir='ltr'><strong>disquirenda</strong></span> <span class='ocrx_word' id='word_1_337' title='bbox 1785 4821 1876 4888; x_wconf 81' lang='lat' dir='ltr'><strong>ra-</strong></span> 
     </span>
    </p>
   </div>
   <div class='ocr_carea' id='block_1_51' title="bbox 303 4921 1505 4991">
    <p class='ocr_par' dir='ltr' id='par_1_51' title="bbox 303 4921 1505 4991">
     <span class='ocr_line' id='line_1_51' title="bbox 303 4921 1505 4991; baseline 0.003 -16"><span class='ocrx_word' id='word_1_338' title='bbox 303 4923 449 4977; x_wconf 90' lang='lat' dir='ltr'><strong>tione</strong></span> <span class='ocrx_word' id='word_1_339' title='bbox 486 4921 733 4976; x_wconf 64' lang='lat' dir='ltr'><strong>victoria</strong></span> <span class='ocrx_word' id='word_1_340' title='bbox 755 4921 823 4975; x_wconf 90' lang='lat' dir='ltr'><strong>de</strong></span> <span class='ocrx_word' id='word_1_341' title='bbox 854 4921 1105 4977; x_wconf 82' lang='lat' dir='ltr'><strong>hOSlibus</strong></span> <span class='ocrx_word' id='word_1_342' title='bbox 1139 4926 1505 4991; x_wconf 65' lang='lat' dir='ltr'><strong>reportandae.</strong></span> 
     </span>
    </p>
   </div>
   <div class='ocr_carea' id='block_1_52' title="bbox 439 5058 1737 5133">
    <p class='ocr_par' dir='ltr' id='par_1_52' title="bbox 439 5058 1737 5133">
     <span class='ocr_line' id='line_1_52' title="bbox 439 5058 1737 5133; baseline 0.004 -19"><span class='ocrx_word' id='word_1_343' title='bbox 439 5060 528 5116; x_wconf 79' lang='lat'><strong>&#39;55.</strong></span> <span class='ocrx_word' id='word_1_344' title='bbox 566 5058 639 5113; x_wconf 84' lang='lat' dir='ltr'><strong>De</strong></span> <span class='ocrx_word' id='word_1_345' title='bbox 676 5060 935 5113; x_wconf 77' lang='lat' dir='ltr'><strong>conclusis</strong></span> <span class='ocrx_word' id='word_1_346' title='bbox 968 5061 1322 5127; x_wconf 78' lang='lat' dir='ltr'><strong>Adrianopoli</strong></span> <span class='ocrx_word' id='word_1_347' title='bbox 1359 5063 1737 5133; x_wconf 75' lang='lat' dir='ltr'><strong>Amogabaris.</strong></span> 
     </span>
    </p>
   </div>
   <div class='ocr_carea' id='block_1_53' title="bbox 370 5200 1866 5274">
    <p class='ocr_par' dir='ltr' id='par_1_53' title="bbox 370 5200 1866 5274">
     <span class='ocr_line' id='line_1_53' title="bbox 370 5200 1866 5274; baseline 0.003 -20"><span class='ocrx_word' id='word_1_348' title='bbox 370 5201 519 5256; x_wconf 89' lang='lat' dir='ltr'><strong>inter</strong></span> <span class='ocrx_word' id='word_1_349' title='bbox 550 5202 664 5255; x_wconf 66' lang='lat' dir='ltr'><strong>haec</strong></span> <span class='ocrx_word' id='word_1_350' title='bbox 700 5217 765 5256; x_wconf 91' lang='lat' dir='ltr'><strong>ne</strong></span> <span class='ocrx_word' id='word_1_351' title='bbox 793 5200 894 5270; x_wconf 87' lang='lat' dir='ltr'><strong>ipsi</strong></span> <span class='ocrx_word' id='word_1_352' title='bbox 933 5201 1154 5270; x_wconf 81' lang='lat' dir='ltr'><strong>quidem</strong></span> <span class='ocrx_word' id='word_1_353' title='bbox 1206 5203 1469 5256; x_wconf 88' lang='lat' dir='ltr'><strong>cnstoditi</strong></span> <span class='ocrx_word' id='word_1_354' title='bbox 1500 5203 1866 5274; x_wconf 85' lang='lat' dir='ltr'><strong>Adrianopoli</strong></span> 
     </span>
    </p>
   </div>
   <div class='ocr_carea' id='block_1_54' title="bbox 300 5294 1877 5364">
    <p class='ocr_par' dir='ltr' id='par_1_54' title="bbox 300 5294 1877 5364">
     <span class='ocr_line' id='line_1_54' title="bbox 300 5294 1877 5364; baseline 0.001 -13"><span class='ocrx_word' id='word_1_355' title='bbox 300 5295 544 5351; x_wconf 86' lang='lat' dir='ltr'><strong>Catelani</strong></span> <span class='ocrx_word' id='word_1_356' title='bbox 567 5294 789 5349; x_wconf 89' lang='lat' dir='ltr'><strong>circiter</strong></span> <span class='ocrx_word' id='word_1_357' title='bbox 823 5296 1125 5364; x_wconf 82' lang='lat' dir='ltr'><strong>sexaginta,</strong></span> <span class='ocrx_word' id='word_1_358' title='bbox 1162 5309 1300 5363; x_wconf 83' lang='lat' dir='ltr'><strong>quos</strong></span> <span class='ocrx_word' id='word_1_359' title='bbox 1328 5295 1624 5350; x_wconf 83' lang='lat' dir='ltr'><strong>interfeCto</strong></span> <span class='ocrx_word' id='word_1_360' title='bbox 1657 5297 1877 5352; x_wconf 63' lang='lat' dir='ltr'><strong>Caesare</strong></span> 
     </span>
    </p>
   </div>
   <div class='ocr_carea' id='block_1_55' title="bbox 301 5385 1877 5456">
    <p class='ocr_par' dir='ltr' id='par_1_55' title="bbox 301 5385 1877 5456">
     <span class='ocr_line' id='line_1_55' title="bbox 301 5385 1877 5456; baseline 0.001 -15"><span class='ocrx_word' id='word_1_361' title='bbox 301 5389 634 5443; x_wconf 83' lang='lat' dir='ltr'><strong>deditionem</strong></span> <span class='ocrx_word' id='word_1_362' title='bbox 667 5388 777 5439; x_wconf 88' lang='lat' dir='ltr'><strong>vita</strong></span> <span class='ocrx_word' id='word_1_363' title='bbox 800 5385 1329 5456; x_wconf 76' lang='lat' dir='ltr'><strong>salvajurejurandn</strong></span> <span class='ocrx_word' id='word_1_364' title='bbox 1369 5399 1561 5455; x_wconf 77' lang='lat' dir='ltr'><strong>pactos</strong></span> <span class='ocrx_word' id='word_1_365' title='bbox 1610 5389 1722 5443; x_wconf 88' lang='lat' dir='ltr'><strong>illic</strong></span> <span class='ocrx_word' id='word_1_366' title='bbox 1755 5405 1877 5445; x_wconf 87' lang='lat' dir='ltr'><strong>car-</strong></span> 
     </span>
    </p>
   </div>
   <div class='ocr_carea' id='block_1_56' title="bbox 303 5481 1876 5554">
    <p class='ocr_par' dir='ltr' id='par_1_56' title="bbox 303 5481 1876 5554">
     <span class='ocr_line' id='line_1_56' title="bbox 303 5481 1876 5554; baseline 0 -15"><span class='ocrx_word' id='word_1_367' title='bbox 303 5500 428 5540; x_wconf 86' lang='lat' dir='ltr'><strong>cere</strong></span> <span class='ocrx_word' id='word_1_368' title='bbox 475 5483 730 5538; x_wconf 89' lang='lat' dir='ltr'><strong>conditos</strong></span> <span class='ocrx_word' id='word_1_369' title='bbox 794 5481 1054 5544; x_wconf 78' lang='lat' dir='ltr'><strong>diximus,</strong></span> <span class='ocrx_word' id='word_1_370' title='bbox 1099 5488 1193 5535; x_wconf 88' lang='lat' dir='ltr'><strong>aut</strong></span> <span class='ocrx_word' id='word_1_371' title='bbox 1252 5497 1480 5551; x_wconf 83' lang='lat' dir='ltr'><strong>prorsus</strong></span> <span class='ocrx_word' id='word_1_372' title='bbox 1548 5485 1876 5554; x_wconf 84' lang='lat' dir='ltr'><strong>ignorarunt</strong></span> 
     </span>
    </p>
   </div>
   <div class='ocr_carea' id='block_1_57' title="bbox 306 5571 1876 5649">
    <p class='ocr_par' dir='ltr' id='par_1_57' title="bbox 306 5571 1876 5649">
     <span class='ocr_line' id='line_1_57' title="bbox 306 5571 1876 5649; baseline 0 -17"><span class='ocrx_word' id='word_1_373' title='bbox 306 5578 431 5649; x_wconf 88' lang='lat' dir='ltr'><strong>quid</strong></span> <span class='ocrx_word' id='word_1_374' title='bbox 466 5574 785 5645; x_wconf 83' lang='lat' dir='ltr'><strong>imperatori</strong></span> <span class='ocrx_word' id='word_1_375' title='bbox 819 5571 979 5644; x_wconf 79' lang='lat'><strong>555</strong></span> <span class='ocrx_word' id='word_1_376' title='bbox 1023 5583 1218 5629; x_wconf 85' lang='lat' dir='ltr'><strong>contra</strong></span> <span class='ocrx_word' id='word_1_377' title='bbox 1257 5592 1415 5631; x_wconf 87' lang='lat' dir='ltr'><strong>suam</strong></span> <span class='ocrx_word' id='word_1_378' title='bbox 1453 5579 1698 5646; x_wconf 89' lang='lat' dir='ltr'><strong>ipsorum</strong></span> <span class='ocrx_word' id='word_1_379' title='bbox 1741 5593 1876 5648; x_wconf 86' lang='lat' dir='ltr'><strong>gen-</strong></span> 
     </span>
    </p>
   </div>
   <div class='ocr_carea' id='block_1_58' title="bbox 308 5659 1874 5741">
    <p class='ocr_par' dir='ltr' id='par_1_58' title="bbox 308 5659 1874 5741">
     <span class='ocr_line' id='line_1_58' title="bbox 308 5659 1874 5741; baseline 0.001 -15"><span class='ocrx_word' id='word_1_380' title='bbox 308 5682 418 5728; x_wconf 80' lang='lat' dir='ltr'><strong>tem</strong></span> <span class='ocrx_word' id='word_1_381' title='bbox 458 5659 725 5741; x_wconf 83' lang='lat' dir='ltr'><strong>pugnanti</strong></span> <span class='ocrx_word' id='word_1_382' title='bbox 762 5669 1073 5730; x_wconf 85' lang='lat' dir='ltr'><strong>accidisset,</strong></span> <span class='ocrx_word' id='word_1_383' title='bbox 1109 5679 1288 5723; x_wconf 88' lang='lat' dir='ltr'><strong>antea</strong></span> <span class='ocrx_word' id='word_1_384' title='bbox 1328 5672 1404 5723; x_wconf 91' lang='lat' dir='ltr'><strong>uti</strong></span> <span class='ocrx_word' id='word_1_385' title='bbox 1441 5673 1635 5725; x_wconf 85' lang='lat' dir='ltr'><strong>notitia</strong></span> <span class='ocrx_word' id='word_1_386' title='bbox 1673 5672 1739 5726; x_wconf 82' lang='lat' dir='ltr'><strong>ad</strong></span> <span class='ocrx_word' id='word_1_387' title='bbox 1768 5675 1874 5729; x_wconf 87' lang='lat' dir='ltr'><strong>sibi</strong></span> 
     </span>
    </p>
   </div>
   <div class='ocr_carea' id='block_1_59' title="bbox 309 5759 1873 5834">
    <p class='ocr_par' dir='ltr' id='par_1_59' title="bbox 309 5759 1873 5834">
     <span class='ocr_line' id='line_1_59' title="bbox 309 5759 1873 5834; baseline 0.003 -17"><span class='ocrx_word' id='word_1_388' title='bbox 309 5775 644 5834; x_wconf 88' lang='lat' dir='ltr'><strong>quoqueper</strong></span> <span class='ocrx_word' id='word_1_389' title='bbox 677 5776 738 5814; x_wconf 89' lang='lat' dir='ltr'><strong>se</strong></span> <span class='ocrx_word' id='word_1_390' title='bbox 795 5759 1192 5815; x_wconf 89' lang='lat' dir='ltr'><strong>consulendum</strong></span> <span class='ocrx_word' id='word_1_391' title='bbox 1257 5762 1565 5832; x_wconf 76' lang='lat' dir='ltr'><strong>negiescre.</strong></span> <span class='ocrx_word' id='word_1_392' title='bbox 1604 5764 1873 5833; x_wconf 81' lang='lat' dir='ltr'><strong>siquidem</strong></span> 
     </span>
    </p>
   </div>
   <div class='ocr_carea' id='block_1_60' title="bbox 311 5853 1920 5930">
    <p class='ocr_par' dir='ltr' id='par_1_60' title="bbox 311 5853 1920 5930">
     <span class='ocr_line' id='line_1_60' title="bbox 311 5853 1920 5930; baseline 0 -18"><span class='ocrx_word' id='word_1_393' title='bbox 311 5873 430 5915; x_wconf 88' lang='lat' dir='ltr'><strong>cum</strong></span> <span class='ocrx_word' id='word_1_394' title='bbox 463 5860 604 5910; x_wconf 88' lang='lat' dir='ltr'><strong>lama</strong></span> <span class='ocrx_word' id='word_1_395' title='bbox 643 5853 754 5907; x_wconf 80' lang='lat' dir='ltr'><strong>late</strong></span> <span class='ocrx_word' id='word_1_396' title='bbox 811 5869 1119 5924; x_wconf 72' lang='lat' dir='ltr'><strong>per-vagans</strong></span> <span class='ocrx_word' id='word_1_397' title='bbox 1161 5854 1408 5910; x_wconf 83' lang='lat' dir='ltr'><strong>lusorum</strong></span> <span class='ocrx_word' id='word_1_398' title='bbox 1448 5856 1874 5930; x_wconf 74' lang='lat' dir='ltr'><strong>fugatorumque</strong></span> <span class='ocrx_word' id='word_1_399' title='bbox 1916 5909 1920 5912; x_wconf 32' lang='grc' dir='ltr'><strong>λ</strong></span> 
     </span>
    </p>
   </div>
   <div class='ocr_carea' id='block_1_61' title="bbox 1969 536 3556 613">
    <p class='ocr_par' dir='ltr' id='par_1_61' title="bbox 1969 536 3556 613">
     <span class='ocr_line' id='line_1_61' title="bbox 1969 536 3556 613; baseline 0.004 -24"><span class='ocrx_word' id='word_1_400' title='bbox 1969 539 2030 590; x_wconf 83' lang='grc' dir='ltr'>τὸ</span> <span class='ocrx_word' id='word_1_401' title='bbox 2061 537 2192 608; x_wconf 81' lang='grc' dir='ltr'>περὶ</span> <span class='ocrx_word' id='word_1_402' title='bbox 2227 539 2316 591; x_wconf 82' lang='grc' dir='ltr'>τὸν</span> <span class='ocrx_word' id='word_1_403' title='bbox 2349 536 2576 608; x_wconf 82' lang='grc' dir='ltr'>βασιλέα</span> <span class='ocrx_word' id='word_1_404' title='bbox 2603 537 2916 593; x_wconf 68' lang='grc' dir='ltr'>ἀνάπυστον</span> <span class='ocrx_word' id='word_1_405' title='bbox 2945 541 3165 609; x_wconf 77' lang='grc' dir='ltr'>γεγονὸς</span> <span class='ocrx_word' id='word_1_406' title='bbox 3193 539 3256 594; x_wconf 80' lang='grc' dir='ltr'>τὸ</span> <span class='ocrx_word' id='word_1_407' title='bbox 3291 542 3556 613; x_wconf 75' lang='grc' dir='ltr'>παράπαν</span> 
     </span>
    </p>
   </div>
   <div class='ocr_carea' id='block_1_62' title="bbox 1971 630 3557 705">
    <p class='ocr_par' dir='ltr' id='par_1_62' title="bbox 1971 630 3557 705">
     <span class='ocr_line' id='line_1_62' title="bbox 1971 630 3557 705; baseline 0.004 -22"><span class='ocrx_word' id='word_1_408' title='bbox 1971 630 2227 700; x_wconf 74' lang='grc' dir='ltr'>ἠμέλουν,</span> <span class='ocrx_word' id='word_1_409' title='bbox 2258 630 2399 685; x_wconf 79' lang='grc' dir='ltr'>ἀλλὰ</span> <span class='ocrx_word' id='word_1_410' title='bbox 2429 631 2639 702; x_wconf 81' lang='grc' dir='ltr'>-φήμης</span> <span class='ocrx_word' id='word_1_411' title='bbox 2687 630 3026 702; x_wconf 78' lang='grc' dir='ltr'>διαδοθείσης</span> <span class='ocrx_word' id='word_1_412' title='bbox 3056 636 3133 698; x_wconf 84' lang='grc' dir='ltr'>ὼς</span> <span class='ocrx_word' id='word_1_413' title='bbox 3181 632 3323 688; x_wconf 83' lang='grc' dir='ltr'>κατὰ</span> <span class='ocrx_word' id='word_1_414' title='bbox 3353 633 3557 705; x_wconf 86' lang='grc' dir='ltr'>κράτος</span> 
     </span>
    </p>
   </div>
   <div class='ocr_carea' id='block_1_63' title="bbox 1969 721 3557 796">
    <p class='ocr_par' dir='ltr' id='par_1_63' title="bbox 1969 721 3557 796">
     <span class='ocr_line' id='line_1_63' title="bbox 1969 721 3557 796; baseline 0.004 -21"><span class='ocrx_word' id='word_1_415' title='bbox 1969 721 2318 792; x_wconf 75' lang='grc' dir='ltr'>ἡττηθέντων</span> <span class='ocrx_word' id='word_1_416' title='bbox 2345 723 2454 777; x_wconf 85' lang='grc' dir='ltr'>τῶν</span> <span class='ocrx_word' id='word_1_417' title='bbox 2487 721 2772 796; x_wconf 81' lang='grc' dir='ltr'>ἡμετέρων</span> <span class='ocrx_word' id='word_1_418' title='bbox 2802 724 2896 777; x_wconf 73' lang='grc' dir='ltr'>καὶ</span> <span class='ocrx_word' id='word_1_419' title='bbox 2926 726 2975 777; x_wconf 78' lang='grc' dir='ltr'>οἱ</span> <span class='ocrx_word' id='word_1_420' title='bbox 3005 725 3117 778; x_wconf 81' lang='grc' dir='ltr'><strong>¹τοῦ</strong></span> <span class='ocrx_word' id='word_1_421' title='bbox 3147 726 3342 794; x_wconf 84' lang='grc' dir='ltr'>γένους</span> <span class='ocrx_word' id='word_1_422' title='bbox 3373 726 3557 783; x_wconf 81' lang='grc' dir='ltr'>αὐτῶν</span> 
     </span>
    </p>
   </div>
   <div class='ocr_carea' id='block_1_64' title="bbox 1975 814 3558 890">
    <p class='ocr_par' dir='ltr' id='par_1_64' title="bbox 1975 814 3558 890">
     <span class='ocr_line' id='line_1_64' title="bbox 1975 814 3558 890; baseline 0.003 -23"><span class='ocrx_word' id='word_1_423' title='bbox 1975 814 2138 883; x_wconf 83' lang='grc' dir='ltr'>μέχρι</span> <span class='ocrx_word' id='word_1_424' title='bbox 2170 815 2266 870; x_wconf 81' lang='grc' dir='ltr'>καὶ</span> <span class='ocrx_word' id='word_1_425' title='bbox 2316 815 2498 869; x_wconf 78' lang='grc' dir='ltr'>αὐτῶν</span> <span class='ocrx_word' id='word_1_426' title='bbox 2527 816 3024 889; x_wconf 57' lang='grc' dir='ltr'>ῑασικ,,ἀρὴξοντες</span> <span class='ocrx_word' id='word_1_427' title='bbox 3072 819 3246 888; x_wconf 77' lang='grc' dir='ltr'>σφίσι,</span> <span class='ocrx_word' id='word_1_428' title='bbox 3294 820 3558 890; x_wconf 72' lang='grc' dir='ltr'>ῥήξαντες</span> 
     </span>
    </p>
   </div>
   <div class='ocr_carea' id='block_1_65' title="bbox 1969 907 3555 982">
    <p class='ocr_par' dir='ltr' id='par_1_65' title="bbox 1969 907 3555 982">
     <span class='ocr_line' id='line_1_65' title="bbox 1969 907 3555 982; baseline 0.003 -22"><span class='ocrx_word' id='word_1_429' title='bbox 1969 907 2039 961; x_wconf 82' lang='grc' dir='ltr'><strong>τά</strong></span> <span class='ocrx_word' id='word_1_430' title='bbox 2068 908 2267 980; x_wconf 79' lang='grc' dir='ltr'>δεσμά,</span> <span class='ocrx_word' id='word_1_431' title='bbox 2319 910 2443 962; x_wconf 74' lang='grc' dir='ltr'>ἐπεὶ</span> <span class='ocrx_word' id='word_1_432' title='bbox 2475 911 2846 980; x_wconf 80' lang='grc' dir='ltr'>ἐκφυγγάνειν</span> <span class='ocrx_word' id='word_1_433' title='bbox 2878 911 2980 964; x_wconf 83' lang='grc' dir='ltr'>οὐκ</span> <span class='ocrx_word' id='word_1_434' title='bbox 3011 908 3157 982; x_wconf 82' lang='grc' dir='ltr'>εἶχον</span> <span class='ocrx_word' id='word_1_435' title='bbox 3204 912 3555 966; x_wconf 77' lang='grc' dir='ltr'>δυσανοίκτου</span> 
     </span>
    </p>
   </div>
   <div class='ocr_carea' id='block_1_66' title="bbox 1969 1001 3556 1077">
    <p class='ocr_par' dir='ltr' id='par_1_66' title="bbox 1969 1001 3556 1077">
     <span class='ocr_line' id='line_1_66' title="bbox 1969 1001 3556 1077; baseline 0.002 -23"><span class='ocrx_word' id='word_1_436' title='bbox 1969 1002 2123 1068; x_wconf 72' lang='grc' dir='ltr'>δντος</span> <span class='ocrx_word' id='word_1_437' title='bbox 2174 1002 2269 1056; x_wconf 85' lang='grc' dir='ltr'><strong>τοῦ</strong></span> <span class='ocrx_word' id='word_1_438' title='bbox 2321 1003 2534 1074; x_wconf 84' lang='grc' dir='ltr'>πύργου</span> <span class='ocrx_word' id='word_1_439' title='bbox 2587 1001 2676 1059; x_wconf 53' lang='lat' dir='ltr'><strong>ivi:</strong></span> <span class='ocrx_word' id='word_1_440' title='bbox 2716 1006 2812 1058; x_wconf 72' lang='grc' dir='ltr'>καὶ</span> <span class='ocrx_word' id='word_1_441' title='bbox 2846 1003 3260 1077; x_wconf 84' lang='grc' dir='ltr'>ἐγκαθίδρυντο,</span> <span class='ocrx_word' id='word_1_442' title='bbox 3291 1002 3404 1061; x_wconf 73' lang='grc' dir='ltr'>σνω</span> <span class='ocrx_word' id='word_1_443' title='bbox 3454 1021 3556 1058; x_wconf 87' lang='grc' dir='ltr'><strong>που</strong></span> 
     </span>
    </p>
   </div>
   <div class='ocr_carea' id='block_1_67' title="bbox 1971 1093 3560 1174">
    <p class='ocr_par' dir='ltr' id='par_1_67' title="bbox 1971 1093 3560 1174">
     <span class='ocr_line' id='line_1_67' title="bbox 1971 1093 3560 1174; baseline 0.003 -28"><span class='ocrx_word' id='word_1_444' title='bbox 1971 1094 2349 1167; x_wconf 67' lang='grc' dir='ltr'>άνερῤηφότες</span> <span class='ocrx_word' id='word_1_445' title='bbox 2391 1095 2532 1150; x_wconf 79' lang='grc' dir='ltr'>κατὰ</span> <span class='ocrx_word' id='word_1_446' title='bbox 2563 1095 2625 1150; x_wconf 78' lang='grc' dir='ltr'>τὸ</span> <span class='ocrx_word' id='word_1_447' title='bbox 2661 1093 2932 1174; x_wconf 75' lang='grc' dir='ltr'>ὕπαιθρον</span> <span class='ocrx_word' id='word_1_448' title='bbox 2962 1096 3175 1151; x_wconf 81' lang='grc' dir='ltr'>ἐκεῖθεν</span> <span class='ocrx_word' id='word_1_449' title='bbox 3209 1096 3560 1167; x_wconf 79' lang='grc' dir='ltr'>παρακειμέ-</span> 
     </span>
    </p>
   </div>
   <div class='ocr_carea' id='block_1_68' title="bbox 1970 1187 3557 1260">
    <p class='ocr_par' dir='ltr' id='par_1_68' title="bbox 1970 1187 3557 1260">
     <span class='ocr_line' id='line_1_68' title="bbox 1970 1187 3557 1260; baseline 0.001 -20"><span class='ocrx_word' id='word_1_450' title='bbox 1970 1204 2092 1248; x_wconf 72' lang='grc' dir='ltr'>ναις</span> <span class='ocrx_word' id='word_1_451' title='bbox 2120 1187 2352 1257; x_wconf 75' lang='grc' dir='ltr'>πέτραις</span> <span class='ocrx_word' id='word_1_452' title='bbox 2381 1187 2801 1260; x_wconf 74' lang='grc' dir='ltr'>ἠκροΰολίζοντο</span> <span class='ocrx_word' id='word_1_453' title='bbox 2836 1189 2933 1243; x_wconf 61' lang='grc' dir='ltr'><strong>καλ⁸</strong></span> <span class='ocrx_word' id='word_1_454' title='bbox 2964 1193 3091 1253; x_wconf 76' lang='grc' dir='ltr'>τοὺς</span> <span class='ocrx_word' id='word_1_455' title='bbox 3123 1188 3377 1252; x_wconf 72' lang='grc' dir='ltr'>ἐπιόντας</span> <span class='ocrx_word' id='word_1_456' title='bbox 3408 1187 3557 1259; x_wconf 78' lang='grc' dir='ltr'><strong>ἠμύ-</strong></span> 
     </span>
    </p>
   </div>
   <div class='ocr_carea' id='block_1_69' title="bbox 1971 1280 3555 1351">
    <p class='ocr_par' dir='ltr' id='par_1_69' title="bbox 1971 1280 3555 1351">
     <span class='ocr_line' id='line_1_69' title="bbox 1971 1280 3555 1351; baseline 0.004 -21"><span class='ocrx_word' id='word_1_457' title='bbox 1971 1295 2143 1341; x_wconf 81' lang='grc' dir='ltr'>νοντο,</span> <span class='ocrx_word' id='word_1_458' title='bbox 2203 1281 2568 1350; x_wconf 80' lang='grc' dir='ltr'>σκοπούμενοι</span> <span class='ocrx_word' id='word_1_459' title='bbox 2622 1280 2993 1335; x_wconf 79' lang='grc' dir='ltr'>καταπίπτειν</span> <span class='ocrx_word' id='word_1_460' title='bbox 3047 1280 3166 1351; x_wconf 86' lang='grc' dir='ltr'>μετ’</span> <span class='ocrx_word' id='word_1_461' title='bbox 3229 1282 3555 1347; x_wconf 80' lang='grc' dir='ltr'>ἀσφαλείας.</span> 
     </span>
    </p>
   </div>
   <div class='ocr_carea' id='block_1_70' title="bbox 1984 1371 3558 1446">
    <p class='ocr_par' dir='ltr' id='par_1_70' title="bbox 1984 1371 3558 1446">
     <span class='ocr_line' id='line_1_70' title="bbox 1984 1371 3558 1446; baseline 0.001 -21"><span class='ocrx_word' id='word_1_462' title='bbox 1984 1371 2126 1425; x_wconf 73' lang='grc' dir='ltr'>Ἀλλ’</span> <span class='ocrx_word' id='word_1_463' title='bbox 2164 1373 2264 1425; x_wconf 74' lang='grc' dir='ltr'>οὐκ</span> <span class='ocrx_word' id='word_1_464' title='bbox 2290 1372 2487 1443; x_wconf 76' lang='grc' dir='ltr'>ήνυτον</span> <span class='ocrx_word' id='word_1_465' title='bbox 2525 1374 2585 1426; x_wconf 84' lang='grc' dir='ltr'>τὸ</span> <span class='ocrx_word' id='word_1_466' title='bbox 2627 1375 2912 1445; x_wconf 83' lang='grc' dir='ltr'>παράπαν,</span> <span class='ocrx_word' id='word_1_467' title='bbox 2952 1374 3061 1429; x_wconf 82' lang='grc' dir='ltr'>τῶν</span> <span class='ocrx_word' id='word_1_468' title='bbox 3090 1373 3325 1427; x_wconf 81' lang='grc' dir='ltr'>πολιτῶν</span> <span class='ocrx_word' id='word_1_469' title='bbox 3368 1374 3558 1446; x_wconf 73' lang='grc' dir='ltr'>ἐκείνῃ</span> 
     </span>
    </p>
   </div>
   <div class='ocr_carea' id='block_1_71' title="bbox 1971 1468 3559 1539">
    <p class='ocr_par' dir='ltr' id='par_1_71' title="bbox 1971 1468 3559 1539">
     <span class='ocr_line' id='line_1_71' title="bbox 1971 1468 3559 1539; baseline 0.001 -21"><span class='ocrx_word' id='word_1_470' title='bbox 1971 1483 2048 1537; x_wconf 85' lang='grc' dir='ltr'><strong>πη</strong></span> <span class='ocrx_word' id='word_1_471' title='bbox 2102 1468 2496 1538; x_wconf 85' lang='grc' dir='ltr'>περιστάντων.</span> <span class='ocrx_word' id='word_1_472' title='bbox 2533 1468 2695 1534; x_wconf 85' lang='grc' dir='ltr'>Ὅθεν</span> <span class='ocrx_word' id='word_1_473' title='bbox 2744 1469 2839 1522; x_wconf 76' lang='grc' dir='ltr'>καὶ</span> <span class='ocrx_word' id='word_1_474' title='bbox 2883 1468 3081 1535; x_wconf 80' lang='grc' dir='ltr'>ὀλίγων</span> <span class='ocrx_word' id='word_1_475' title='bbox 3131 1469 3559 1539; x_wconf 72' lang='grc' dir='ltr'>φυγομσχησάν-</span> 
     </span>
    </p>
   </div>
   <div class='ocr_carea' id='block_1_72' title="bbox 1972 1557 3560 1633">
    <p class='ocr_par' dir='ltr' id='par_1_72' title="bbox 1972 1557 3560 1633">
     <span class='ocr_line' id='line_1_72' title="bbox 1972 1557 3560 1633; baseline 0.002 -21"><span class='ocrx_word' id='word_1_476' title='bbox 1972 1576 2079 1612; x_wconf 87' lang='grc' dir='ltr'><strong>των</strong></span> <span class='ocrx_word' id='word_1_477' title='bbox 2109 1557 2205 1612; x_wconf 82' lang='grc' dir='ltr'>καὶ</span> <span class='ocrx_word' id='word_1_478' title='bbox 2245 1558 2475 1624; x_wconf 78' lang='grc' dir='ltr'>ἑαυτοὺς</span> <span class='ocrx_word' id='word_1_479' title='bbox 2520 1559 2896 1632; x_wconf 85' lang='grc' dir='ltr'>παραδόντων,</span> <span class='ocrx_word' id='word_1_480' title='bbox 2937 1563 2984 1615; x_wconf 84' lang='grc' dir='ltr'>οἱ</span> <span class='ocrx_word' id='word_1_481' title='bbox 3035 1562 3215 1616; x_wconf 80' lang='grc' dir='ltr'>λοιποὶ</span> <span class='ocrx_word' id='word_1_482' title='bbox 3266 1562 3426 1633; x_wconf 78' lang='grc' dir='ltr'>μέχρι</span> <span class='ocrx_word' id='word_1_483' title='bbox 3462 1565 3560 1616; x_wconf 79' lang='grc' dir='ltr'>καὶ</span> 
     </span>
    </p>
   </div>
   <div class='ocr_carea' id='block_1_73' title="bbox 1972 1650 3560 1726">
    <p class='ocr_par' dir='ltr' id='par_1_73' title="bbox 1972 1650 3560 1726">
     <span class='ocr_line' id='line_1_73' title="bbox 1972 1650 3560 1726; baseline 0.003 -22"><span class='ocrx_word' id='word_1_484' title='bbox 1972 1651 2138 1706; x_wconf 74' lang='grc' dir='ltr'>αὑτοῦ</span> <span class='ocrx_word' id='word_1_485' title='bbox 2174 1650 2410 1706; x_wconf 82' lang='grc' dir='ltr'>θανάτου</span> <span class='ocrx_word' id='word_1_486' title='bbox 2442 1653 2832 1724; x_wconf 74' lang='grc' dir='ltr'>ἐνεργέστερον</span> <span class='ocrx_word' id='word_1_487' title='bbox 2869 1655 3174 1725; x_wconf 75' lang='grc' dir='ltr'>ἐπολέμουν</span> <span class='ocrx_word' id='word_1_488' title='bbox 3205 1655 3299 1710; x_wconf 79' lang='grc' dir='ltr'>καὶ</span> <span class='ocrx_word' id='word_1_489' title='bbox 3338 1655 3560 1726; x_wconf 81' lang='grc' dir='ltr'>βάλλον-</span> 
     </span>
    </p>
   </div>
   <div class='ocr_carea' id='block_1_74' title="bbox 1973 1745 3559 1820">
    <p class='ocr_par' dir='ltr' id='par_1_74' title="bbox 1973 1745 3559 1820">
     <span class='ocr_line' id='line_1_74' title="bbox 1973 1745 3559 1820; baseline 0.003 -23"><span class='ocrx_word' id='word_1_490' title='bbox 1973 1761 2064 1809; x_wconf 78' lang='grc' dir='ltr'><strong>τες</strong></span> <span class='ocrx_word' id='word_1_491' title='bbox 2096 1745 2512 1816; x_wconf 81' lang='grc' dir='ltr'>ἐτιτρώσκοντο.</span> <span class='ocrx_word' id='word_1_492' title='bbox 2563 1747 2733 1810; x_wconf 87' lang='grc' dir='ltr'>Τέλος</span> <span class='ocrx_word' id='word_1_493' title='bbox 2765 1746 2898 1816; x_wconf 82' lang='grc' dir='ltr'>ῦλην</span> <span class='ocrx_word' id='word_1_494' title='bbox 2947 1747 3298 1820; x_wconf 47' lang='grc' dir='ltr'>παντοδαπῷ</span> <span class='ocrx_word' id='word_1_495' title='bbox 3344 1763 3559 1819; x_wconf 80' lang='grc' dir='ltr'>συμφο-</span> 
     </span>
    </p>
   </div>
   <div class='ocr_carea' id='block_1_75' title="bbox 1978 1839 3558 1913">
    <p class='ocr_par' dir='ltr' id='par_1_75' title="bbox 1978 1839 3558 1913">
     <span class='ocr_line' id='line_1_75' title="bbox 1978 1839 3558 1913; baseline 0 -19"><span class='ocrx_word' id='word_1_496' title='bbox 1978 1841 2244 1913; x_wconf 79' lang='grc' dir='ltr'>ρήσαντες</span> <span class='ocrx_word' id='word_1_497' title='bbox 2281 1840 2332 1894; x_wconf 79' lang='grc' dir='ltr'><strong>οι</strong></span> <span class='ocrx_word' id='word_1_498' title='bbox 2380 1840 2594 1906; x_wconf 76' lang='grc' dir='ltr'>πολῖται</span> <span class='ocrx_word' id='word_1_499' title='bbox 2628 1839 2741 1912; x_wconf 74' lang='grc' dir='ltr'><strong>πῦρ</strong></span> <span class='ocrx_word' id='word_1_500' title='bbox 2776 1841 2984 1896; x_wconf 78' lang='grc' dir='ltr'>ἐνιᾶσιν</span> <span class='ocrx_word' id='word_1_501' title='bbox 3014 1842 3089 1905; x_wconf 85' lang='grc' dir='ltr'><strong>ὡς</strong></span> <span class='ocrx_word' id='word_1_502' title='bbox 3131 1841 3558 1911; x_wconf 77' lang='grc' dir='ltr'>καταφλέξοντες</span> 
     </span>
    </p>
   </div>
   <div class='ocr_carea' id='block_1_76' title="bbox 1973 1930 3561 2008">
    <p class='ocr_par' dir='ltr' id='par_1_76' title="bbox 1973 1930 3561 2008">
     <span class='ocr_line' id='line_1_76' title="bbox 1973 1930 3561 2008; baseline 0.001 -21"><span class='ocrx_word' id='word_1_503' title='bbox 1973 1933 2068 1987; x_wconf 73' lang='grc' dir='ltr'>καὶ</span> <span class='ocrx_word' id='word_1_504' title='bbox 2098 1930 2308 2003; x_wconf 80' lang='grc' dir='ltr'>πύργον</span> <span class='ocrx_word' id='word_1_505' title='bbox 2356 1931 2609 2000; x_wconf 72' lang='grc' dir='ltr'>καὶτοὺς</span> <span class='ocrx_word' id='word_1_506' title='bbox 2657 1934 2716 1988; x_wconf 76' lang='grc' dir='ltr'><strong>ἐν</strong></span> <span class='ocrx_word' id='word_1_507' title='bbox 2761 1933 2957 2006; x_wconf 84' lang='grc' dir='ltr'>τούτῳ.</span> <span class='ocrx_word' id='word_1_508' title='bbox 2986 1936 3096 1989; x_wconf 72' lang='grc' dir='ltr'>Καὶ</span> <span class='ocrx_word' id='word_1_509' title='bbox 3149 1935 3210 1989; x_wconf 80' lang='grc' dir='ltr'>τὸ</span> <span class='ocrx_word' id='word_1_510' title='bbox 3259 1937 3358 2008; x_wconf 84' lang='grc' dir='ltr'>μὲν</span> <span class='ocrx_word' id='word_1_511' title='bbox 3394 1934 3561 2008; x_wconf 72' lang='grc' dir='ltr'>ᾔρετο</span> 
     </span>
    </p>
   </div>
   <div class='ocr_carea' id='block_1_77' title="bbox 1975 2023 3558 2099">
    <p class='ocr_par' dir='ltr' id='par_1_77' title="bbox 1975 2023 3558 2099">
     <span class='ocr_line' id='line_1_77' title="bbox 1975 2023 3558 2099; baseline 0.004 -23"><span class='ocrx_word' id='word_1_512' title='bbox 1975 2023 2143 2094; x_wconf 88' lang='grc' dir='ltr'>μέγα,</span> <span class='ocrx_word' id='word_1_513' title='bbox 2185 2024 2234 2076; x_wconf 85' lang='lat' dir='ltr'><strong>oi</strong></span> <span class='ocrx_word' id='word_1_514' title='bbox 2268 2023 2324 2077; x_wconf 81' lang='grc' dir='ltr'><strong>δέ</strong></span> <span class='ocrx_word' id='word_1_515' title='bbox 2350 2027 2415 2094; x_wconf 78' lang='grc' dir='ltr'>τῇ</span> <span class='ocrx_word' id='word_1_516' title='bbox 2446 2025 2607 2095; x_wconf 76' lang='grc' dir='ltr'>φλογὶ</span> <span class='ocrx_word' id='word_1_517' title='bbox 2640 2023 3009 2098; x_wconf 78' lang='grc' dir='ltr'>ἐνειλούμενοι</span> <span class='ocrx_word' id='word_1_518' title='bbox 3033 2027 3149 2081; x_wconf 80' lang='grc' dir='ltr'>οὐδ’</span> <span class='ocrx_word' id='word_1_519' title='bbox 3173 2028 3230 2091; x_wconf 82' lang='grc' dir='ltr'><strong>ἐς</strong></span> <span class='ocrx_word' id='word_1_520' title='bbox 3265 2026 3440 2099; x_wconf 76' lang='grc' dir='ltr'>βραχὺ</span> <span class='ocrx_word' id='word_1_521' title='bbox 3461 2024 3558 2082; x_wconf 84' lang='grc' dir='ltr'><strong>τοῦ</strong></span> 
     </span>
    </p>
   </div>
   <div class='ocr_carea' id='block_1_78' title="bbox 1973 2117 3562 2194">
    <p class='ocr_par' dir='ltr' id='par_1_78' title="bbox 1973 2117 3562 2194">
     <span class='ocr_line' id='line_1_78' title="bbox 1973 2117 3562 2194; baseline 0.004 -24"><span class='ocrx_word' id='word_1_522' title='bbox 1973 2117 2239 2189; x_wconf 81' lang='grc' dir='ltr'>εὐτόλμου</span> <span class='ocrx_word' id='word_1_523' title='bbox 2275 2118 2680 2188; x_wconf 81' lang='grc' dir='ltr'>καθυφείκεσαν</span> <span class='ocrx_word' id='word_1_524' title='bbox 2709 2119 2974 2190; x_wconf 79' lang='grc' dir='ltr'>λήματος,</span> <span class='ocrx_word' id='word_1_525' title='bbox 2995 2121 3133 2176; x_wconf 80' lang='grc' dir='ltr'>ἀλλὰ</span> <span class='ocrx_word' id='word_1_526' title='bbox 3160 2121 3374 2194; x_wconf 86' lang='grc' dir='ltr'>πρῶτον</span> <span class='ocrx_word' id='word_1_527' title='bbox 3405 2138 3562 2193; x_wconf 76' lang='grc' dir='ltr'>περι-</span> 
     </span>
    </p>
   </div>
   <div class='ocr_carea' id='block_1_79' title="bbox 1971 2210 3563 2288">
    <p class='ocr_par' dir='ltr' id='par_1_79' title="bbox 1971 2210 3563 2288">
     <span class='ocr_line' id='line_1_79' title="bbox 1971 2210 3563 2288; baseline 0.001 -23"><span class='ocrx_word' id='word_1_528' title='bbox 1971 2210 2220 2279; x_wconf 86' lang='grc' dir='ltr'>δυόμενοι</span> <span class='ocrx_word' id='word_1_529' title='bbox 2261 2213 2514 2283; x_wconf 81' lang='grc' dir='ltr'>ἐσθῆτας,</span> <span class='ocrx_word' id='word_1_530' title='bbox 2569 2214 2713 2269; x_wconf 78' lang='grc' dir='ltr'>κατὰ</span> <span class='ocrx_word' id='word_1_531' title='bbox 2766 2215 2940 2283; x_wconf 78' lang='grc' dir='ltr'>πυρὸς</span> <span class='ocrx_word' id='word_1_532' title='bbox 2994 2213 3302 2288; x_wconf 86' lang='grc' dir='ltr'>βάλλοντες,</span> <span class='ocrx_word' id='word_1_533' title='bbox 3350 2216 3409 2268; x_wconf 85' lang='grc' dir='ltr'>τὸ</span> <span class='ocrx_word' id='word_1_534' title='bbox 3445 2213 3563 2287; x_wconf 87' lang='grc' dir='ltr'><strong>πῦρ</strong></span> 
     </span>
    </p>
   </div>
   <div class='ocr_carea' id='block_1_80' title="bbox 1972 2299 3560 2384">
    <p class='ocr_par' dir='ltr' id='par_1_80' title="bbox 1972 2299 3560 2384">
     <span class='ocr_line' id='line_1_80' title="bbox 1972 2299 3560 2384; baseline 0.004 -26"><span class='ocrx_word' id='word_1_535' title='bbox 1972 2299 2084 2375; x_wconf 81' lang='grc' dir='ltr'>οἷον</span> <span class='ocrx_word' id='word_1_536' title='bbox 2131 2305 2424 2378; x_wconf 79' lang='grc' dir='ltr'>ἠμύνοντο,</span> <span class='ocrx_word' id='word_1_537' title='bbox 2471 2307 2664 2362; x_wconf 77' lang='grc' dir='ltr'>ἔπειτα</span> <span class='ocrx_word' id='word_1_538' title='bbox 2714 2309 2839 2363; x_wconf 86' lang='grc' dir='ltr'>κατ’</span> <span class='ocrx_word' id='word_1_539' title='bbox 2884 2309 3066 2378; x_wconf 82' lang='grc' dir='ltr'>ὀλίγον</span> <span class='ocrx_word' id='word_1_540' title='bbox 3125 2309 3560 2384; x_wconf 78' lang='grc' dir='ltr'>κραταιουμένου</span> 
     </span>
    </p>
   </div>
   <div class='ocr_carea' id='block_1_81' title="bbox 1973 2398 3559 2476">
    <p class='ocr_par' dir='ltr' id='par_1_81' title="bbox 1973 2398 3559 2476">
     <span class='ocr_line' id='line_1_81' title="bbox 1973 2398 3559 2476; baseline 0.003 -24"><span class='ocrx_word' id='word_1_541' title='bbox 1973 2398 2070 2453; x_wconf 83' lang='grc' dir='ltr'><strong>τοῦ</strong></span> <span class='ocrx_word' id='word_1_542' title='bbox 2103 2401 2393 2470; x_wconf 76' lang='grc' dir='ltr'>φλέγοντος</span> <span class='ocrx_word' id='word_1_543' title='bbox 2443 2403 2802 2476; x_wconf 80' lang='grc' dir='ltr'>ἀνηλίσκοντο</span> <span class='ocrx_word' id='word_1_544' title='bbox 2833 2405 2890 2471; x_wconf 76' lang='grc' dir='ltr'><strong>ἐς</strong></span> <span class='ocrx_word' id='word_1_545' title='bbox 2926 2407 3058 2461; x_wconf 83' lang='grc' dir='ltr'>αὐτὸ</span> <span class='ocrx_word' id='word_1_546' title='bbox 3093 2406 3377 2476; x_wconf 82' lang='grc' dir='ltr'>πηδῶντες</span> <span class='ocrx_word' id='word_1_547' title='bbox 3402 2403 3559 2459; x_wconf 73' lang='grc' dir='ltr'>ἐκόνι-</span> 
     </span>
    </p>
   </div>
   <div class='ocr_carea' id='block_1_82' title="bbox 1973 2474 3561 2571">
    <p class='ocr_par' dir='ltr' id='par_1_82' title="bbox 1973 2474 3561 2571">
     <span class='ocr_line' id='line_1_82' title="bbox 1973 2474 3561 2571; baseline 0.003 -23"><span class='ocrx_word' id='word_1_548' title='bbox 1973 2510 2086 2560; x_wconf 86' lang='grc' dir='ltr'>τες,</span> <span class='ocrx_word' id='word_1_549' title='bbox 2123 2494 2425 2567; x_wconf 78' lang='grc' dir='ltr'>φιλήμασιν</span> <span class='ocrx_word' id='word_1_550' title='bbox 2467 2497 2728 2569; x_wconf 77' lang='grc' dir='ltr'>ἀλλήλους</span> <span class='ocrx_word' id='word_1_551' title='bbox 2749 2474 3169 2571; x_wconf 54' lang='grc' dir='ltr'>’ἀφοσιούμενοι</span> <span class='ocrx_word' id='word_1_552' title='bbox 3195 2501 3290 2553; x_wconf 75' lang='grc' dir='ltr'>καὶ</span> <span class='ocrx_word' id='word_1_553' title='bbox 3323 2485 3561 2571; x_wconf 37' lang='grc' dir='ltr'>’σταυρῷ</span> 
     </span>
    </p>
   </div>
   <div class='ocr_carea' id='block_1_83' title="bbox 1979 2677 3575 2756">
    <p class='ocr_par' dir='ltr' id='par_1_83' title="bbox 1979 2677 3575 2756">
     <span class='ocr_line' id='line_1_83' title="bbox 1979 2677 3575 2756; baseline 0.003 -24"><span class='ocrx_word' id='word_1_554' title='bbox 1979 2691 2178 2748; x_wconf 85' lang='lat' dir='ltr'><strong>magno</strong></span> <span class='ocrx_word' id='word_1_555' title='bbox 2208 2679 2396 2749; x_wconf 68' lang='lat' dir='ltr'><strong>praelia</strong></span> <span class='ocrx_word' id='word_1_556' title='bbox 2438 2677 2812 2734; x_wconf 79' lang='lat' dir='ltr'><strong>Romanorum</strong></span> <span class='ocrx_word' id='word_1_557' title='bbox 2838 2695 2868 2733; x_wconf 90' lang='lat' dir='ltr'><strong>a</strong></span> <span class='ocrx_word' id='word_1_558' title='bbox 2901 2679 3018 2735; x_wconf 81' lang='lat' dir='ltr'><strong>suis</strong></span> <span class='ocrx_word' id='word_1_559' title='bbox 3051 2680 3453 2736; x_wconf 88' lang='lat' dir='ltr'><strong>contribulibns</strong></span> <span class='ocrx_word' id='word_1_560' title='bbox 3487 2681 3575 2756; x_wconf 88' lang='lat' dir='ltr'><strong>ad</strong></span> 
     </span>
    </p>
   </div>
   <div class='ocr_carea' id='block_1_84' title="bbox 1977 2769 3558 2841">
    <p class='ocr_par' dir='ltr' id='par_1_84' title="bbox 1977 2769 3558 2841">
     <span class='ocr_line' id='line_1_84' title="bbox 1977 2769 3558 2841; baseline 0.003 -14"><span class='ocrx_word' id='word_1_561' title='bbox 1977 2769 2129 2841; x_wconf 84' lang='lat' dir='ltr'><strong>ipsos</strong></span> <span class='ocrx_word' id='word_1_562' title='bbox 2163 2786 2387 2841; x_wconf 89' lang='lat' dir='ltr'><strong>quoque</strong></span> <span class='ocrx_word' id='word_1_563' title='bbox 2433 2772 2800 2841; x_wconf 87' lang='lat' dir='ltr'><strong>pervenisset,</strong></span> <span class='ocrx_word' id='word_1_564' title='bbox 2835 2771 3068 2827; x_wconf 76' lang='lat' dir='ltr'><strong>audacia</strong></span> <span class='ocrx_word' id='word_1_565' title='bbox 3108 2773 3403 2828; x_wconf 89' lang='lat' dir='ltr'><strong>confestim</strong></span> <span class='ocrx_word' id='word_1_566' title='bbox 3436 2774 3558 2832; x_wconf 88' lang='lat' dir='ltr'><strong>inde</strong></span> 
     </span>
    </p>
   </div>
   <div class='ocr_carea' id='block_1_85' title="bbox 1977 2865 3557 2939">
    <p class='ocr_par' dir='ltr' id='par_1_85' title="bbox 1977 2865 3557 2939">
     <span class='ocr_line' id='line_1_85' title="bbox 1977 2865 3557 2939; baseline 0.003 -19"><span class='ocrx_word' id='word_1_567' title='bbox 1977 2875 2194 2935; x_wconf 89' lang='lat' dir='ltr'><strong>sumpta</strong></span> <span class='ocrx_word' id='word_1_568' title='bbox 2230 2880 2328 2939; x_wconf 82' lang='lat' dir='ltr'><strong>sua</strong></span> <span class='ocrx_word' id='word_1_569' title='bbox 2367 2865 2602 2934; x_wconf 89' lang='lat' dir='ltr'><strong>primum</strong></span> <span class='ocrx_word' id='word_1_570' title='bbox 2634 2867 2735 2935; x_wconf 87' lang='lat' dir='ltr'><strong>ipsi</strong></span> <span class='ocrx_word' id='word_1_571' title='bbox 2766 2866 2988 2920; x_wconf 86' lang='lat' dir='ltr'><strong>vincula</strong></span> <span class='ocrx_word' id='word_1_572' title='bbox 3027 2882 3246 2936; x_wconf 88' lang='lat' dir='ltr'><strong>rupere.</strong></span> <span class='ocrx_word' id='word_1_573' title='bbox 3283 2865 3557 2934; x_wconf 84' lang='lat' dir='ltr'><strong>Quoniam</strong></span> 
     </span>
    </p>
   </div>
   <div class='ocr_carea' id='block_1_86' title="bbox 1979 2957 3555 3031">
    <p class='ocr_par' dir='ltr' id='par_1_86' title="bbox 1979 2957 3555 3031">
     <span class='ocr_line' id='line_1_86' title="bbox 1979 2957 3555 3031; baseline 0.002 -18"><span class='ocrx_word' id='word_1_574' title='bbox 1979 2969 2160 3015; x_wconf 86' lang='lat' dir='ltr'><strong>autem</strong></span> <span class='ocrx_word' id='word_1_575' title='bbox 2198 2976 2264 3014; x_wconf 88' lang='lat' dir='ltr'><strong>ne</strong></span> <span class='ocrx_word' id='word_1_576' title='bbox 2306 2960 2386 3013; x_wconf 88' lang='lat' dir='ltr'><strong>sic</strong></span> <span class='ocrx_word' id='word_1_577' title='bbox 2413 2959 2633 3030; x_wconf 88' lang='lat' dir='ltr'><strong>quidem</strong></span> <span class='ocrx_word' id='word_1_578' title='bbox 2667 2957 2920 3031; x_wconf 78' lang='lat' dir='ltr'><strong>eﬁugere-</strong></span> <span class='ocrx_word' id='word_1_579' title='bbox 2953 2959 3230 3025; x_wconf 77' lang='lat' dir='ltr'><strong>valebant,</strong></span> <span class='ocrx_word' id='word_1_580' title='bbox 3283 2971 3435 3018; x_wconf 89' lang='lat' dir='ltr'><strong>turre</strong></span> <span class='ocrx_word' id='word_1_581' title='bbox 3473 2962 3555 3017; x_wconf 83' lang='lat' dir='ltr'><strong>in-</strong></span> 
     </span>
    </p>
   </div>
   <div class='ocr_carea' id='block_1_87' title="bbox 1977 3053 3557 3126">
    <p class='ocr_par' dir='ltr' id='par_1_87' title="bbox 1977 3053 3557 3126">
     <span class='ocr_line' id='line_1_87' title="bbox 1977 3053 3557 3126; baseline 0.002 -19"><span class='ocrx_word' id='word_1_582' title='bbox 1977 3061 2063 3108; x_wconf 89' lang='lat' dir='ltr'><strong>tra</strong></span> <span class='ocrx_word' id='word_1_583' title='bbox 2089 3069 2254 3121; x_wconf 88' lang='lat' dir='ltr'><strong>quam</strong></span> <span class='ocrx_word' id='word_1_584' title='bbox 2281 3062 2440 3108; x_wconf 87' lang='lat' dir='ltr'><strong>erant</strong></span> <span class='ocrx_word' id='word_1_585' title='bbox 2461 3053 2638 3108; x_wconf 88' lang='lat' dir='ltr'><strong>clausi</strong></span> <span class='ocrx_word' id='word_1_586' title='bbox 2664 3068 2790 3108; x_wconf 79' lang='lat' dir='ltr'><strong>cum</strong></span> <span class='ocrx_word' id='word_1_587' title='bbox 2822 3053 2994 3109; x_wconf 90' lang='lat' dir='ltr'><strong>muris</strong></span> <span class='ocrx_word' id='word_1_588' title='bbox 3020 3054 3343 3110; x_wconf 87' lang='lat' dir='ltr'><strong>solidissimi</strong></span> <span class='ocrx_word' id='word_1_589' title='bbox 3379 3056 3557 3126; x_wconf 87' lang='lat' dir='ltr'><strong>operis</strong></span> 
     </span>
    </p>
   </div>
   <div class='ocr_carea' id='block_1_88' title="bbox 1977 3140 3560 3218">
    <p class='ocr_par' dir='ltr' id='par_1_88' title="bbox 1977 3140 3560 3218">
     <span class='ocr_line' id='line_1_88' title="bbox 1977 3140 3560 3218; baseline 0.001 -16"><span class='ocrx_word' id='word_1_590' title='bbox 1977 3163 2082 3202; x_wconf 90' lang='lat' dir='ltr'><strong>nec</strong></span> <span class='ocrx_word' id='word_1_591' title='bbox 2113 3147 2327 3218; x_wconf 81' lang='lat' dir='ltr'><strong>eﬂringi</strong></span> <span class='ocrx_word' id='word_1_592' title='bbox 2361 3162 2526 3201; x_wconf 89' lang='lat' dir='ltr'><strong>manu</strong></span> <span class='ocrx_word' id='word_1_593' title='bbox 2555 3141 2557 3144; x_wconf 69' lang='grc'><em>’</em></span> <span class='ocrx_word' id='word_1_594' title='bbox 2590 3140 2873 3212; x_wconf 75' lang='lat' dir='ltr'><strong>incilibus,</strong></span> <span class='ocrx_word' id='word_1_595' title='bbox 2919 3159 3031 3201; x_wconf 90' lang='lat' dir='ltr'><strong>tum</strong></span> <span class='ocrx_word' id='word_1_596' title='bbox 3080 3148 3254 3203; x_wconf 83' lang='lat' dir='ltr'><strong>valvis</strong></span> <span class='ocrx_word' id='word_1_597' title='bbox 3313 3151 3560 3204; x_wconf 84' lang='lat' dir='ltr'><strong>securis-</strong></span> 
     </span>
    </p>
   </div>
   <div class='ocr_carea' id='block_1_89' title="bbox 1983 3240 3558 3314">
    <p class='ocr_par' dir='ltr' id='par_1_89' title="bbox 1983 3240 3558 3314">
     <span class='ocr_line' id='line_1_89' title="bbox 1983 3240 3558 3314; baseline 0 -16"><span class='ocrx_word' id='word_1_598' title='bbox 1983 3244 2122 3298; x_wconf 89' lang='lat' dir='ltr'><strong>sime</strong></span> <span class='ocrx_word' id='word_1_599' title='bbox 2183 3240 2485 3296; x_wconf 89' lang='lat' dir='ltr'><strong>obstructis</strong></span> <span class='ocrx_word' id='word_1_600' title='bbox 2542 3240 2976 3296; x_wconf 83' lang='lat' dir='ltr'><strong>ineluctabiliter</strong></span> <span class='ocrx_word' id='word_1_601' title='bbox 3037 3242 3244 3296; x_wconf 85' lang='lat' dir='ltr'><strong>exitum</strong></span> <span class='ocrx_word' id='word_1_602' title='bbox 3299 3252 3558 3314; x_wconf 76' lang='lat' dir='ltr'><strong>negante,</strong></span> 
     </span>
    </p>
   </div>
   <div class='ocr_carea' id='block_1_90' title="bbox 1983 3333 3562 3406">
    <p class='ocr_par' dir='ltr' id='par_1_90' title="bbox 1983 3333 3562 3406">
     <span class='ocr_line' id='line_1_90' title="bbox 1983 3333 3562 3406; baseline -0.001 -15"><span class='ocrx_word' id='word_1_603' title='bbox 1983 3345 2238 3406; x_wconf 87' lang='lat' dir='ltr'><strong>snperato</strong></span> <span class='ocrx_word' id='word_1_604' title='bbox 2273 3335 2396 3406; x_wconf 82' lang='lat' dir='ltr'><strong>ejus</strong></span> <span class='ocrx_word' id='word_1_605' title='bbox 2429 3333 2678 3404; x_wconf 82' lang='lat' dir='ltr'><strong>fastigio,</strong></span> <span class='ocrx_word' id='word_1_606' title='bbox 2715 3335 2809 3390; x_wconf 86' lang='lat' dir='ltr'><strong>tibi</strong></span> <span class='ocrx_word' id='word_1_607' title='bbox 2840 3335 3128 3392; x_wconf 87' lang='lat' dir='ltr'><strong>subdivale</strong></span> <span class='ocrx_word' id='word_1_608' title='bbox 3179 3337 3401 3405; x_wconf 86' lang='lat' dir='ltr'><strong>patebat</strong></span> <span class='ocrx_word' id='word_1_609' title='bbox 3431 3349 3562 3405; x_wconf 82' lang='lat' dir='ltr'><strong>spa-</strong></span> 
     </span>
    </p>
   </div>
   <div class='ocr_carea' id='block_1_91' title="bbox 1983 3427 3557 3500">
    <p class='ocr_par' dir='ltr' id='par_1_91' title="bbox 1983 3427 3557 3500">
     <span class='ocr_line' id='line_1_91' title="bbox 1983 3427 3557 3500; baseline 0.001 -18"><span class='ocrx_word' id='word_1_610' title='bbox 1983 3429 2143 3495; x_wconf 89' lang='lat' dir='ltr'><strong>tium,</strong></span> <span class='ocrx_word' id='word_1_611' title='bbox 2179 3427 2304 3484; x_wconf 90' lang='lat' dir='ltr'><strong>inde</strong></span> <span class='ocrx_word' id='word_1_612' title='bbox 2331 3435 2580 3500; x_wconf 85' lang='lat' dir='ltr'><strong>repertas</strong></span> <span class='ocrx_word' id='word_1_613' title='bbox 2608 3427 2720 3483; x_wconf 92' lang='lat' dir='ltr'><strong>illic</strong></span> <span class='ocrx_word' id='word_1_614' title='bbox 2773 3437 2959 3499; x_wconf 80' lang='lat' dir='ltr'><strong>petras</strong></span> <span class='ocrx_word' id='word_1_615' title='bbox 2987 3428 3041 3482; x_wconf 91' lang='lat' dir='ltr'><strong>in</strong></span> <span class='ocrx_word' id='word_1_616' title='bbox 3082 3437 3307 3483; x_wconf 88' lang='lat' dir='ltr'><strong>nostros</strong></span> <span class='ocrx_word' id='word_1_617' title='bbox 3334 3429 3557 3498; x_wconf 83' lang='lat' dir='ltr'><strong>dejicie-</strong></span> 
     </span>
    </p>
   </div>
   <div class='ocr_carea' id='block_1_92' title="bbox 1983 3523 3562 3592">
    <p class='ocr_par' dir='ltr' id='par_1_92' title="bbox 1983 3523 3562 3592">
     <span class='ocr_line' id='line_1_92' title="bbox 1983 3523 3562 3592; baseline -0.002 -13"><span class='ocrx_word' id='word_1_618' title='bbox 1983 3523 2139 3589; x_wconf 88' lang='lat' dir='ltr'><strong>bant,</strong></span> <span class='ocrx_word' id='word_1_619' title='bbox 2173 3523 2255 3578; x_wconf 89' lang='lat' dir='ltr'><strong>sic</strong></span> <span class='ocrx_word' id='word_1_620' title='bbox 2288 3527 2575 3579; x_wconf 85' lang='lat' dir='ltr'><strong>studentes</strong></span> <span class='ocrx_word' id='word_1_621' title='bbox 2601 3532 2931 3592; x_wconf 62' lang='lat' dir='ltr'><strong>praevertere</strong></span> <span class='ocrx_word' id='word_1_622' title='bbox 2961 3537 3030 3577; x_wconf 88' lang='lat' dir='ltr'><strong>ne</strong></span> <span class='ocrx_word' id='word_1_623' title='bbox 3072 3523 3372 3577; x_wconf 84' lang='lat' dir='ltr'><strong>descensus</strong></span> <span class='ocrx_word' id='word_1_624' title='bbox 3399 3537 3467 3578; x_wconf 76' lang='lat' dir='ltr'><strong>ex</strong></span> <span class='ocrx_word' id='word_1_625' title='bbox 3497 3535 3562 3576; x_wconf 89' lang='lat' dir='ltr'><strong>eo</strong></span> 
     </span>
    </p>
   </div>
   <div class='ocr_carea' id='block_1_93' title="bbox 1985 3611 3564 3686">
    <p class='ocr_par' dir='ltr' id='par_1_93' title="bbox 1985 3611 3564 3686">
     <span class='ocr_line' id='line_1_93' title="bbox 1985 3611 3564 3686; baseline -0.001 -18"><span class='ocrx_word' id='word_1_626' title='bbox 1985 3615 2106 3669; x_wconf 84' lang='lat' dir='ltr'><strong>loco</strong></span> <span class='ocrx_word' id='word_1_627' title='bbox 2162 3614 2439 3685; x_wconf 88' lang='lat' dir='ltr'><strong>ipsorum,</strong></span> <span class='ocrx_word' id='word_1_628' title='bbox 2499 3613 2554 3668; x_wconf 90' lang='lat' dir='ltr'><strong>in</strong></span> <span class='ocrx_word' id='word_1_629' title='bbox 2603 3628 2715 3683; x_wconf 92' lang='lat' dir='ltr'><strong>quo</strong></span> <span class='ocrx_word' id='word_1_630' title='bbox 2764 3629 2928 3686; x_wconf 89' lang='lat' dir='ltr'><strong>quam</strong></span> <span class='ocrx_word' id='word_1_631' title='bbox 2974 3612 3332 3670; x_wconf 88' lang='lat' dir='ltr'><strong>sccnrissime</strong></span> <span class='ocrx_word' id='word_1_632' title='bbox 3371 3611 3564 3667; x_wconf 88' lang='lat' dir='ltr'><strong>liceret</strong></span> 
     </span>
    </p>
   </div>
   <div class='ocr_carea' id='block_1_94' title="bbox 1985 3706 3561 3777">
    <p class='ocr_par' dir='ltr' id='par_1_94' title="bbox 1985 3706 3561 3777">
     <span class='ocr_line' id='line_1_94' title="bbox 1985 3706 3561 3777; baseline -0.002 -16"><span class='ocrx_word' id='word_1_633' title='bbox 1985 3708 2308 3762; x_wconf 76' lang='lat' dir='ltr'><strong>atlornando</strong></span> <span class='ocrx_word' id='word_1_634' title='bbox 2342 3706 2568 3762; x_wconf 86' lang='lat' dir='ltr'><strong>interim</strong></span> <span class='ocrx_word' id='word_1_635' title='bbox 2607 3707 2884 3763; x_wconf 88' lang='lat' dir='ltr'><strong>industria</strong></span> <span class='ocrx_word' id='word_1_636' title='bbox 2918 3723 3114 3777; x_wconf 84' lang='lat' dir='ltr'><strong>magna</strong></span> <span class='ocrx_word' id='word_1_637' title='bbox 3144 3706 3493 3774; x_wconf 81' lang='lat' dir='ltr'><strong>satagebant,</strong></span> <span class='ocrx_word' id='word_1_638' title='bbox 3529 3719 3561 3758; x_wconf 84' lang='lat' dir='ltr'><strong>a</strong></span> 
     </span>
    </p>
   </div>
   <div class='ocr_carea' id='block_1_95' title="bbox 1981 3797 3560 3871">
    <p class='ocr_par' dir='ltr' id='par_1_95' title="bbox 1981 3797 3560 3871">
     <span class='ocr_line' id='line_1_95' title="bbox 1981 3797 3560 3871; baseline 0 -18"><span class='ocrx_word' id='word_1_639' title='bbox 1981 3800 2305 3856; x_wconf 83' lang='lat' dir='ltr'><strong>custodibus</strong></span> <span class='ocrx_word' id='word_1_640' title='bbox 2372 3800 2590 3856; x_wconf 88' lang='lat' dir='ltr'><strong>inferne</strong></span> <span class='ocrx_word' id='word_1_641' title='bbox 2650 3799 3090 3871; x_wconf 87' lang='lat' dir='ltr'><strong>repugnantibus</strong></span> <span class='ocrx_word' id='word_1_642' title='bbox 3147 3797 3560 3869; x_wconf 88' lang='lat' dir='ltr'><strong>prohiberetur.</strong></span> 
     </span>
    </p>
   </div>
   <div class='ocr_carea' id='block_1_96' title="bbox 1982 3892 3565 3964">
    <p class='ocr_par' dir='ltr' id='par_1_96' title="bbox 1982 3892 3565 3964">
     <span class='ocr_line' id='line_1_96' title="bbox 1982 3892 3565 3964; baseline -0.001 -15"><span class='ocrx_word' id='word_1_643' title='bbox 1982 3892 2188 3950; x_wconf 76' lang='lat' dir='ltr'><strong>Verum</strong></span> <span class='ocrx_word' id='word_1_644' title='bbox 2218 3893 2737 3964; x_wconf 83' lang='lat' dir='ltr'><strong>Adrianopolitanis</strong></span> <span class='ocrx_word' id='word_1_645' title='bbox 2770 3894 2836 3948; x_wconf 85' lang='lat' dir='ltr'><strong>ad</strong></span> <span class='ocrx_word' id='word_1_646' title='bbox 2865 3895 3163 3948; x_wconf 90' lang='lat' dir='ltr'><strong>tumultum</strong></span> <span class='ocrx_word' id='word_1_647' title='bbox 3219 3894 3565 3958; x_wconf 78' lang='lat' dir='ltr'><strong>accurrenti-</strong></span> 
     </span>
    </p>
   </div>
   <div class='ocr_carea' id='block_1_97' title="bbox 1981 3987 3564 4061">
    <p class='ocr_par' dir='ltr' id='par_1_97' title="bbox 1981 3987 3564 4061">
     <span class='ocr_line' id='line_1_97' title="bbox 1981 3987 3564 4061; baseline -0.003 -14"><span class='ocrx_word' id='word_1_648' title='bbox 1981 3993 2086 4047; x_wconf 85' lang='lat' dir='ltr'><strong>bus</strong></span> <span class='ocrx_word' id='word_1_649' title='bbox 2108 3989 2546 4061; x_wconf 81' lang='lat' dir='ltr'><strong>juvantibusque</strong></span> <span class='ocrx_word' id='word_1_650' title='bbox 2570 3990 2854 4055; x_wconf 87' lang='lat' dir='ltr'><strong>custodes,</strong></span> <span class='ocrx_word' id='word_1_651' title='bbox 2885 4004 3076 4060; x_wconf 88' lang='lat' dir='ltr'><strong>parum</strong></span> <span class='ocrx_word' id='word_1_652' title='bbox 3117 3987 3254 4056; x_wconf 89' lang='lat' dir='ltr'><strong>ipsis</strong></span> <span class='ocrx_word' id='word_1_653' title='bbox 3301 4001 3434 4047; x_wconf 74' lang='lat' dir='ltr'><strong>Suus</strong></span> <span class='ocrx_word' id='word_1_654' title='bbox 3465 3997 3564 4042; x_wconf 89' lang='lat' dir='ltr'><strong>aut</strong></span> 
     </span>
    </p>
   </div>
   <div class='ocr_carea' id='block_1_98' title="bbox 1984 4080 3566 4155">
    <p class='ocr_par' dir='ltr' id='par_1_98' title="bbox 1984 4080 3566 4155">
     <span class='ocr_line' id='line_1_98' title="bbox 1984 4080 3566 4155; baseline -0.003 -16"><span class='ocrx_word' id='word_1_655' title='bbox 1984 4098 2214 4155; x_wconf 84' lang='lat' dir='ltr'><strong>prorsus</strong></span> <span class='ocrx_word' id='word_1_656' title='bbox 2276 4082 2425 4138; x_wconf 87' lang='lat' dir='ltr'><strong>.nibll</strong></span> <span class='ocrx_word' id='word_1_657' title='bbox 2483 4083 2870 4154; x_wconf 84' lang='lat' dir='ltr'><strong>quantuslibct</strong></span> <span class='ocrx_word' id='word_1_658' title='bbox 2925 4092 3162 4136; x_wconf 87' lang='lat' dir='ltr'><strong>conatus</strong></span> <span class='ocrx_word' id='word_1_659' title='bbox 3214 4080 3566 4152; x_wconf 51' lang='lat' dir='ltr'><strong>proﬁciebat‘</strong></span> 
     </span>
    </p>
   </div>
   <div class='ocr_carea' id='block_1_99' title="bbox 1985 4174 3565 4249">
    <p class='ocr_par' dir='ltr' id='par_1_99' title="bbox 1985 4174 3565 4249">
     <span class='ocr_line' id='line_1_99' title="bbox 1985 4174 3565 4249; baseline -0.003 -14"><span class='ocrx_word' id='word_1_660' title='bbox 1985 4177 2142 4235; x_wconf 87' lang='lat' dir='ltr'><strong>Unde</strong></span> <span class='ocrx_word' id='word_1_661' title='bbox 2170 4178 2358 4249; x_wconf 88' lang='lat' dir='ltr'><strong>paucis</strong></span> <span class='ocrx_word' id='word_1_662' title='bbox 2395 4177 2491 4248; x_wconf 88' lang='lat' dir='ltr'><strong>qui</strong></span> <span class='ocrx_word' id='word_1_663' title='bbox 2525 4179 2748 4234; x_wconf 83' lang='lat' dir='ltr'><strong>demissi</strong></span> <span class='ocrx_word' id='word_1_664' title='bbox 2799 4193 2862 4232; x_wconf 82' lang='lat' dir='ltr'><strong>ex</strong></span> <span class='ocrx_word' id='word_1_665' title='bbox 2904 4179 3016 4231; x_wconf 88' lang='lat' dir='ltr'><strong>alto</strong></span> <span class='ocrx_word' id='word_1_666' title='bbox 3048 4175 3281 4240; x_wconf 80' lang='lat' dir='ltr'><strong>frustra,</strong></span> <span class='ocrx_word' id='word_1_667' title='bbox 3321 4174 3565 4244; x_wconf 78' lang='lat' dir='ltr'><strong>undique</strong></span> 
     </span>
    </p>
   </div>
   <div class='ocr_carea' id='block_1_100' title="bbox 1982 4269 3563 4342">
    <p class='ocr_par' dir='ltr' id='par_1_100' title="bbox 1982 4269 3563 4342">
     <span class='ocr_line' id='line_1_100' title="bbox 1982 4269 3563 4342; baseline -0.001 -14"><span class='ocrx_word' id='word_1_668' title='bbox 1982 4272 2194 4337; x_wconf 86' lang='lat' dir='ltr'><strong>ambiti,</strong></span> <span class='ocrx_word' id='word_1_669' title='bbox 2229 4271 2416 4342; x_wconf 85' lang='lat' dir='ltr'><strong>fugere</strong></span> <span class='ocrx_word' id='word_1_670' title='bbox 2443 4270 2872 4335; x_wconf 80' lang='lat' dir='ltr'><strong>contenderant.</strong></span> <span class='ocrx_word' id='word_1_671' title='bbox 2926 4270 3169 4339; x_wconf 86' lang='lat' dir='ltr'><strong>denique</strong></span> <span class='ocrx_word' id='word_1_672' title='bbox 3204 4285 3327 4327; x_wconf 89' lang='lat' dir='ltr'><strong>sese</strong></span> <span class='ocrx_word' id='word_1_673' title='bbox 3361 4269 3563 4327; x_wconf 87' lang='lat' dir='ltr'><strong>dedere</strong></span> 
     </span>
    </p>
   </div>
   <div class='ocr_carea' id='block_1_101' title="bbox 1982 4362 3565 4434">
    <p class='ocr_par' dir='ltr' id='par_1_101' title="bbox 1982 4362 3565 4434">
     <span class='ocr_line' id='line_1_101' title="bbox 1982 4362 3565 4434; baseline 0.001 -15"><span class='ocrx_word' id='word_1_674' title='bbox 1982 4363 2214 4428; x_wconf 84' lang='lat' dir='ltr'><strong>coactis,</strong></span> <span class='ocrx_word' id='word_1_675' title='bbox 2267 4362 2463 4434; x_wconf 90' lang='lat' dir='ltr'><strong>reliqui</strong></span> <span class='ocrx_word' id='word_1_676' title='bbox 2520 4378 2764 4434; x_wconf 87' lang='lat' dir='ltr'><strong>pugnare</strong></span> <span class='ocrx_word' id='word_1_677' title='bbox 2806 4380 2985 4433; x_wconf 87' lang='lat' dir='ltr'><strong>usque</strong></span> <span class='ocrx_word' id='word_1_678' title='bbox 3036 4364 3102 4418; x_wconf 91' lang='lat' dir='ltr'><strong>ad</strong></span> <span class='ocrx_word' id='word_1_679' title='bbox 3167 4375 3418 4430; x_wconf 89' lang='lat' dir='ltr'><strong>mortem,</strong></span> <span class='ocrx_word' id='word_1_680' title='bbox 3453 4379 3565 4434; x_wconf 82' lang='lat' dir='ltr'><strong>qua</strong></span> 
     </span>
    </p>
   </div>
   <div class='ocr_carea' id='block_1_102' title="bbox 1982 4455 3566 4529">
    <p class='ocr_par' dir='ltr' id='par_1_102' title="bbox 1982 4455 3566 4529">
     <span class='ocr_line' id='line_1_102' title="bbox 1982 4455 3566 4529; baseline 0 -15"><span class='ocrx_word' id='word_1_681' title='bbox 1982 4457 2165 4514; x_wconf 88' lang='lat' dir='ltr'><strong>solent</strong></span> <span class='ocrx_word' id='word_1_682' title='bbox 2215 4455 2491 4529; x_wconf 85' lang='lat' dir='ltr'><strong>desperati</strong></span> <span class='ocrx_word' id='word_1_683' title='bbox 2539 4455 2765 4525; x_wconf 81' lang='lat' dir='ltr'><strong>ferocia,</strong></span> <span class='ocrx_word' id='word_1_684' title='bbox 2819 4470 3200 4529; x_wconf 87' lang='lat' dir='ltr'><strong>perrexerunt.</strong></span> <span class='ocrx_word' id='word_1_685' title='bbox 3243 4459 3310 4514; x_wconf 87' lang='lat' dir='ltr'><strong>Et</strong></span> <span class='ocrx_word' id='word_1_686' title='bbox 3351 4460 3566 4529; x_wconf 85' lang='lat' dir='ltr'><strong>jacula-</strong></span> 
     </span>
    </p>
   </div>
   <div class='ocr_carea' id='block_1_103' title="bbox 2845 4548 3565 4621">
    <p class='ocr_par' dir='ltr' id='par_1_103' title="bbox 2845 4548 3565 4621">
     <span class='ocr_line' id='line_1_103' title="bbox 2845 4548 3565 4621; baseline 0 -17"><span class='ocrx_word' id='word_1_687' title='bbox 2845 4568 2858 4604; x_wconf 90' lang='lat'><strong>:</strong></span> <span class='ocrx_word' id='word_1_688' title='bbox 2915 4561 3177 4605; x_wconf 66' lang='lat' dir='ltr'><strong>cartorum</strong></span> <span class='ocrx_word' id='word_1_689' title='bbox 3233 4548 3475 4621; x_wconf 85' lang='lat' dir='ltr'><strong>undique</strong></span> <span class='ocrx_word' id='word_1_690' title='bbox 3507 4557 3565 4604; x_wconf 85' lang='lat' dir='ltr'><strong>et</strong></span> 
     </span>
    </p>
   </div>
   <div class='ocr_carea' id='block_1_104' title="bbox 1985 4642 3565 4714">
    <p class='ocr_par' dir='ltr' id='par_1_104' title="bbox 1985 4642 3565 4714">
     <span class='ocr_line' id='line_1_104' title="bbox 1985 4642 3565 4714; baseline 0.002 -18"><span class='ocrx_word' id='word_1_691' title='bbox 1985 4644 2088 4710; x_wconf 87' lang='lat' dir='ltr'><strong>ipsi</strong></span> <span class='ocrx_word' id='word_1_692' title='bbox 2123 4642 2250 4698; x_wconf 88' lang='lat' dir='ltr'><strong>telis</strong></span> <span class='ocrx_word' id='word_1_693' title='bbox 2301 4643 2526 4714; x_wconf 87' lang='lat' dir='ltr'><strong>appetiti</strong></span> <span class='ocrx_word' id='word_1_694' title='bbox 2589 4645 3050 4699; x_wconf 88' lang='lat' dir='ltr'><strong>vulnerabantur.</strong></span> <span class='ocrx_word' id='word_1_695' title='bbox 3117 4643 3454 4700; x_wconf 85' lang='lat' dir='ltr'><strong>Procedente</strong></span> <span class='ocrx_word' id='word_1_696' title='bbox 3507 4643 3565 4699; x_wconf 90' lang='lat' dir='ltr'><strong>in</strong></span> 
     </span>
    </p>
   </div>
   <div class='ocr_carea' id='block_1_105' title="bbox 1987 4737 3566 4808">
    <p class='ocr_par' dir='ltr' id='par_1_105' title="bbox 1987 4737 3566 4808">
     <span class='ocr_line' id='line_1_105' title="bbox 1987 4737 3566 4808; baseline 0.001 -17"><span class='ocrx_word' id='word_1_697' title='bbox 1987 4737 2562 4808; x_wconf 83' lang='lat' dir='ltr'><strong>longumcertamine,</strong></span> <span class='ocrx_word' id='word_1_698' title='bbox 2605 4740 2821 4808; x_wconf 72' lang='grc' dir='ltr'>ρει-ιωεί</span> <span class='ocrx_word' id='word_1_699' title='bbox 2859 4753 3028 4793; x_wconf 86' lang='lat' dir='ltr'><strong>morae</strong></span> <span class='ocrx_word' id='word_1_700' title='bbox 3056 4740 3209 4796; x_wconf 85' lang='lat' dir='ltr'><strong>cives</strong></span> <span class='ocrx_word' id='word_1_701' title='bbox 3255 4748 3409 4794; x_wconf 86' lang='lat' dir='ltr'><strong>strue</strong></span> <span class='ocrx_word' id='word_1_702' title='bbox 3450 4738 3566 4794; x_wconf 84' lang='lat' dir='ltr'><strong>cir-</strong></span> 
     </span>
    </p>
   </div>
   <div class='ocr_carea' id='block_1_106' title="bbox 1987 4831 3563 4903">
    <p class='ocr_par' dir='ltr' id='par_1_106' title="bbox 1987 4831 3563 4903">
     <span class='ocr_line' id='line_1_106' title="bbox 1987 4831 3563 4903; baseline 0.001 -18"><span class='ocrx_word' id='word_1_703' title='bbox 1987 4847 2113 4886; x_wconf 90' lang='lat' dir='ltr'><strong>cum</strong></span> <span class='ocrx_word' id='word_1_704' title='bbox 2145 4832 2388 4900; x_wconf 90' lang='lat' dir='ltr'><strong>undique</strong></span> <span class='ocrx_word' id='word_1_705' title='bbox 2425 4831 2668 4886; x_wconf 81' lang='lat' dir='ltr'><strong>materiae</strong></span> <span class='ocrx_word' id='word_1_706' title='bbox 2717 4842 2982 4902; x_wconf 81' lang='lat' dir='ltr'><strong>congesta</strong></span> <span class='ocrx_word' id='word_1_707' title='bbox 3013 4833 3191 4902; x_wconf 80' lang='lat' dir='ltr'><strong>ignem</strong></span> <span class='ocrx_word' id='word_1_708' title='bbox 3236 4833 3563 4903; x_wconf 79' lang='lat' dir='ltr'><strong>subjiciunt,</strong></span> 
     </span>
    </p>
   </div>
   <div class='ocr_carea' id='block_1_107' title="bbox 1985 4921 3568 4981">
    <p class='ocr_par' dir='ltr' id='par_1_107' title="bbox 1985 4921 3568 4981">
     <span class='ocr_line' id='line_1_107' title="bbox 1985 4921 3568 4981; baseline -0.003 -1"><span class='ocrx_word' id='word_1_709' title='bbox 1985 4936 2043 4981; x_wconf 92' lang='lat' dir='ltr'><strong>ut</strong></span> <span class='ocrx_word' id='word_1_710' title='bbox 2073 4926 2266 4979; x_wconf 87' lang='lat' dir='ltr'><strong>turrim</strong></span> <span class='ocrx_word' id='word_1_711' title='bbox 2300 4926 2464 4979; x_wconf 88' lang='lat' dir='ltr'><strong>simul</strong></span> <span class='ocrx_word' id='word_1_712' title='bbox 2493 4940 2622 4978; x_wconf 90' lang='lat' dir='ltr'><strong>cum</strong></span> <span class='ocrx_word' id='word_1_713' title='bbox 2650 4939 2712 4979; x_wconf 88' lang='lat' dir='ltr'><strong>ea</strong></span> <span class='ocrx_word' id='word_1_714' title='bbox 2739 4925 2972 4980; x_wconf 88' lang='lat' dir='ltr'><strong>inclusis</strong></span> <span class='ocrx_word' id='word_1_715' title='bbox 3001 4923 3368 4979; x_wconf 87' lang='lat' dir='ltr'><strong>combusturi.</strong></span> <span class='ocrx_word' id='word_1_716' title='bbox 3396 4921 3568 4978; x_wconf 76' lang='lat' dir='ltr'><strong>Exar-</strong></span> 
     </span>
    </p>
   </div>
   <div class='ocr_carea' id='block_1_108' title="bbox 1980 5016 3567 5088">
    <p class='ocr_par' dir='ltr' id='par_1_108' title="bbox 1980 5016 3567 5088">
     <span class='ocr_line' id='line_1_108' title="bbox 1980 5016 3567 5088; baseline -0.002 -13"><span class='ocrx_word' id='word_1_717' title='bbox 1980 5019 2052 5075; x_wconf 88' lang='lat' dir='ltr'><strong>sit</strong></span> <span class='ocrx_word' id='word_1_718' title='bbox 2113 5020 2457 5074; x_wconf 89' lang='lat' dir='ltr'><strong>luculentum</strong></span> <span class='ocrx_word' id='word_1_719' title='bbox 2525 5017 2873 5086; x_wconf 86' lang='lat' dir='ltr'><strong>incendium,</strong></span> <span class='ocrx_word' id='word_1_720' title='bbox 2941 5018 3105 5088; x_wconf 82' lang='lat' dir='ltr'><strong>cujus</strong></span> <span class='ocrx_word' id='word_1_721' title='bbox 3161 5016 3390 5070; x_wconf 81' lang='lat' dir='ltr'><strong>involuti</strong></span> <span class='ocrx_word' id='word_1_722' title='bbox 3437 5016 3567 5072; x_wconf 85' lang='lat' dir='ltr'><strong>licet</strong></span> 
     </span>
    </p>
   </div>
   <div class='ocr_carea' id='block_1_109' title="bbox 1981 5110 3563 5185">
    <p class='ocr_par' dir='ltr' id='par_1_109' title="bbox 1981 5110 3563 5185">
     <span class='ocr_line' id='line_1_109' title="bbox 1981 5110 3563 5185; baseline -0.002 -17"><span class='ocrx_word' id='word_1_723' title='bbox 1981 5113 2212 5170; x_wconf 82' lang='lat' dir='ltr'><strong>ﬂammis</strong></span> <span class='ocrx_word' id='word_1_724' title='bbox 2265 5113 2618 5185; x_wconf 82' lang='lat' dir='ltr'><strong>Amogabari,</strong></span> <span class='ocrx_word' id='word_1_725' title='bbox 2651 5128 2719 5166; x_wconf 90' lang='lat' dir='ltr'><strong>ne</strong></span> <span class='ocrx_word' id='word_1_726' title='bbox 2759 5112 2843 5166; x_wconf 88' lang='lat' dir='ltr'><strong>vel</strong></span> <span class='ocrx_word' id='word_1_727' title='bbox 2898 5112 3187 5165; x_wconf 87' lang='lat' dir='ltr'><strong>minimum</strong></span> <span class='ocrx_word' id='word_1_728' title='bbox 3222 5111 3442 5176; x_wconf 78' lang='lat' dir='ltr'><strong>quidem</strong></span> <span class='ocrx_word' id='word_1_729' title='bbox 3495 5110 3563 5165; x_wconf 88' lang='lat' dir='ltr'><strong>de</strong></span> 
     </span>
    </p>
   </div>
   <div class='ocr_carea' id='block_1_110' title="bbox 1987 5202 3564 5280">
    <p class='ocr_par' dir='ltr' id='par_1_110' title="bbox 1987 5202 3564 5280">
     <span class='ocr_line' id='line_1_110' title="bbox 1987 5202 3564 5280; baseline -0.002 -22"><span class='ocrx_word' id='word_1_730' title='bbox 1987 5225 2251 5280; x_wconf 70' lang='lat' dir='ltr'><strong>generosa</strong></span> <span class='ocrx_word' id='word_1_731' title='bbox 2299 5207 2575 5280; x_wconf 79' lang='lat' dir='ltr'><strong>pugnandi</strong></span> <span class='ocrx_word' id='word_1_732' title='bbox 2631 5205 2861 5260; x_wconf 85' lang='lat' dir='ltr'><strong>audacia</strong></span> <span class='ocrx_word' id='word_1_733' title='bbox 2906 5204 3192 5266; x_wconf 88' lang='lat' dir='ltr'><strong>remisere,</strong></span> <span class='ocrx_word' id='word_1_734' title='bbox 3226 5203 3318 5258; x_wconf 81' lang='lat' dir='ltr'><strong>sed</strong></span> <span class='ocrx_word' id='word_1_735' title='bbox 3355 5202 3564 5271; x_wconf 87' lang='lat' dir='ltr'><strong>princi-</strong></span> 
     </span>
    </p>
   </div>
   <div class='ocr_carea' id='block_1_111' title="bbox 1986 5295 3565 5374">
    <p class='ocr_par' dir='ltr' id='par_1_111' title="bbox 1986 5295 3565 5374">
     <span class='ocr_line' id='line_1_111' title="bbox 1986 5295 3565 5374; baseline -0.005 -18"><span class='ocrx_word' id='word_1_736' title='bbox 1986 5304 2075 5374; x_wconf 91' lang='lat' dir='ltr'><strong>pio</strong></span> <span class='ocrx_word' id='word_1_737' title='bbox 2107 5303 2324 5373; x_wconf 87' lang='lat' dir='ltr'><strong>quidem</strong></span> <span class='ocrx_word' id='word_1_738' title='bbox 2358 5308 2626 5356; x_wconf 66' lang='lat' dir='ltr'><strong>enitentes</strong></span> <span class='ocrx_word' id='word_1_739' title='bbox 2677 5315 2736 5353; x_wconf 89' lang='lat' dir='ltr'><strong>se</strong></span> <span class='ocrx_word' id='word_1_740' title='bbox 2775 5297 3020 5352; x_wconf 86' lang='lat' dir='ltr'><strong>vestibus</strong></span> <span class='ocrx_word' id='word_1_741' title='bbox 3053 5311 3148 5352; x_wconf 85' lang='lat' dir='ltr'><strong>eas</strong></span> <span class='ocrx_word' id='word_1_742' title='bbox 3180 5297 3233 5350; x_wconf 92' lang='lat' dir='ltr'><strong>in</strong></span> <span class='ocrx_word' id='word_1_743' title='bbox 3269 5296 3446 5365; x_wconf 82' lang='lat' dir='ltr'><strong>ignem</strong></span> <span class='ocrx_word' id='word_1_744' title='bbox 3480 5295 3565 5349; x_wconf 92' lang='lat' dir='ltr'><strong>in-</strong></span> 
     </span>
    </p>
   </div>
   <div class='ocr_carea' id='block_1_112' title="bbox 1984 5388 3563 5466">
    <p class='ocr_par' dir='ltr' id='par_1_112' title="bbox 1984 5388 3563 5466">
     <span class='ocr_line' id='line_1_112' title="bbox 1984 5388 3563 5466; baseline -0.003 -18"><span class='ocrx_word' id='word_1_745' title='bbox 1984 5392 2325 5466; x_wconf 85' lang='lat' dir='ltr'><strong>dignabundi</strong></span> <span class='ocrx_word' id='word_1_746' title='bbox 2385 5407 2447 5446; x_wconf 87' lang='lat' dir='ltr'><strong>ac</strong></span> <span class='ocrx_word' id='word_1_747' title='bbox 2513 5392 2661 5445; x_wconf 86' lang='lat' dir='ltr'><strong>velut</strong></span> <span class='ocrx_word' id='word_1_748' title='bbox 2712 5389 2987 5444; x_wconf 84' lang='lat' dir='ltr'><strong>flammam</strong></span> <span class='ocrx_word' id='word_1_749' title='bbox 3065 5388 3229 5444; x_wconf 89' lang='lat' dir='ltr'><strong>ferire</strong></span> <span class='ocrx_word' id='word_1_750' title='bbox 3273 5389 3563 5443; x_wconf 85' lang='lat' dir='ltr'><strong>studentes</strong></span> 
     </span>
    </p>
   </div>
   <div class='ocr_carea' id='block_1_113' title="bbox 1980 5482 3565 5553">
    <p class='ocr_par' dir='ltr' id='par_1_113' title="bbox 1980 5482 3565 5553">
     <span class='ocr_line' id='line_1_113' title="bbox 1980 5482 3565 5553; baseline 0 -17"><span class='ocrx_word' id='word_1_751' title='bbox 1980 5483 2282 5553; x_wconf 84' lang='lat' dir='ltr'><strong>jaciebant,</strong></span> <span class='ocrx_word' id='word_1_752' title='bbox 2319 5483 2522 5539; x_wconf 86' lang='lat' dir='ltr'><strong>deinde</strong></span> <span class='ocrx_word' id='word_1_753' title='bbox 2570 5482 2834 5553; x_wconf 88' lang='lat' dir='ltr'><strong>paulatim</strong></span> <span class='ocrx_word' id='word_1_754' title='bbox 2874 5492 3010 5537; x_wconf 83' lang='lat' dir='ltr'><strong>aestu</strong></span> <span class='ocrx_word' id='word_1_755' title='bbox 3059 5497 3119 5537; x_wconf 88' lang='lat' dir='ltr'><strong>se</strong></span> <span class='ocrx_word' id='word_1_756' title='bbox 3166 5482 3565 5537; x_wconf 84' lang='lat' dir='ltr'><strong>corroborante</strong></span> 
     </span>
    </p>
   </div>
   <div class='ocr_carea' id='block_1_114' title="bbox 1988 5575 3564 5649">
    <p class='ocr_par' dir='ltr' id='par_1_114' title="bbox 1988 5575 3564 5649">
     <span class='ocr_line' id='line_1_114' title="bbox 1988 5575 3564 5649; baseline -0.003 -16"><span class='ocrx_word' id='word_1_757' title='bbox 1988 5579 2480 5644; x_wconf 83' lang='lat' dir='ltr'><strong>consumebantur,</strong></span> <span class='ocrx_word' id='word_1_758' title='bbox 2520 5577 2666 5633; x_wconf 90' lang='lat' dir='ltr'><strong>ultro</strong></span> <span class='ocrx_word' id='word_1_759' title='bbox 2701 5579 2756 5634; x_wconf 92' lang='lat' dir='ltr'><strong>in</strong></span> <span class='ocrx_word' id='word_1_760' title='bbox 2800 5579 2995 5649; x_wconf 86' lang='lat' dir='ltr'><strong>globos</strong></span> <span class='ocrx_word' id='word_1_761' title='bbox 3037 5575 3382 5632; x_wconf 79' lang='lat' dir='ltr'><strong>ﬂammarum</strong></span> <span class='ocrx_word' id='word_1_762' title='bbox 3427 5575 3564 5630; x_wconf 84' lang='lat' dir='ltr'><strong>insi-</strong></span> 
     </span>
    </p>
   </div>
   <div class='ocr_carea' id='block_1_115' title="bbox 1990 5671 3562 5743">
    <p class='ocr_par' dir='ltr' id='par_1_115' title="bbox 1990 5671 3562 5743">
     <span class='ocr_line' id='line_1_115' title="bbox 1990 5671 3562 5743; baseline -0.001 -17"><span class='ocrx_word' id='word_1_763' title='bbox 1990 5673 2206 5738; x_wconf 88' lang='lat' dir='ltr'><strong>lientes,</strong></span> <span class='ocrx_word' id='word_1_764' title='bbox 2241 5682 2530 5743; x_wconf 86' lang='lat' dir='ltr'><strong>postquam</strong></span> <span class='ocrx_word' id='word_1_765' title='bbox 2558 5673 2764 5726; x_wconf 90' lang='lat' dir='ltr'><strong>mutuis</strong></span> <span class='ocrx_word' id='word_1_766' title='bbox 2794 5672 2898 5726; x_wconf 91' lang='lat' dir='ltr'><strong>sibi</strong></span> <span class='ocrx_word' id='word_1_767' title='bbox 2947 5672 3124 5726; x_wconf 91' lang='lat' dir='ltr'><strong>oculis</strong></span> <span class='ocrx_word' id='word_1_768' title='bbox 3158 5672 3276 5726; x_wconf 85' lang='lat' dir='ltr'><strong>vale</strong></span> <span class='ocrx_word' id='word_1_769' title='bbox 3306 5671 3562 5724; x_wconf 82' lang='lat' dir='ltr'><strong>dixerant</strong></span> 
     </span>
    </p>
   </div>
   <div class='ocr_carea' id='block_1_116' title="bbox 1986 5761 3562 5840">
    <p class='ocr_par' dir='ltr' id='par_1_116' title="bbox 1986 5761 3562 5840">
     <span class='ocr_line' id='line_1_116' title="bbox 1986 5761 3562 5840; baseline -0.003 -18"><span class='ocrx_word' id='word_1_770' title='bbox 1986 5779 2040 5822; x_wconf 86' lang='lat' dir='ltr'><strong>et</strong></span> <span class='ocrx_word' id='word_1_771' title='bbox 2065 5769 2222 5840; x_wconf 85' lang='lat' dir='ltr'><strong>signo</strong></span> <span class='ocrx_word' id='word_1_772' title='bbox 2249 5769 2431 5824; x_wconf 88' lang='lat' dir='ltr'><strong>crucis</strong></span> <span class='ocrx_word' id='word_1_773' title='bbox 2453 5761 2618 5822; x_wconf 64' lang='lat' dir='ltr'><strong>manu</strong></span> <span class='ocrx_word' id='word_1_774' title='bbox 2644 5767 2878 5822; x_wconf 89' lang='lat' dir='ltr'><strong>formato</strong></span> <span class='ocrx_word' id='word_1_775' title='bbox 2902 5782 3020 5822; x_wconf 87' lang='lat' dir='ltr'><strong>sese</strong></span> <span class='ocrx_word' id='word_1_776' title='bbox 3048 5767 3415 5821; x_wconf 78' lang='lat' dir='ltr'><strong>muniveram.</strong></span> <span class='ocrx_word' id='word_1_777' title='bbox 3445 5765 3562 5819; x_wconf 85' lang='lat' dir='ltr'><strong>Dun</strong></span> 
     </span>
    </p>
   </div>
   <div class='ocr_carea' id='block_1_117' title="bbox 1987 5858 3565 5934">
    <p class='ocr_par' dir='ltr' id='par_1_117' title="bbox 1987 5858 3565 5934">
     <span class='ocr_line' id='line_1_117' title="bbox 1987 5858 3565 5934; baseline -0.001 -19"><span class='ocrx_word' id='word_1_778' title='bbox 1987 5862 2126 5916; x_wconf 88' lang='lat' dir='ltr'><strong>inter</strong></span> <span class='ocrx_word' id='word_1_779' title='bbox 2165 5863 2263 5918; x_wconf 86' lang='lat' dir='ltr'><strong>hos</strong></span> <span class='ocrx_word' id='word_1_780' title='bbox 2317 5860 2569 5934; x_wconf 86' lang='lat' dir='ltr'><strong>juvenes,</strong></span> <span class='ocrx_word' id='word_1_781' title='bbox 2618 5870 2672 5919; x_wconf 81' lang='lat' dir='ltr'><strong>et</strong></span> <span class='ocrx_word' id='word_1_782' title='bbox 2712 5861 2983 5934; x_wconf 85' lang='lat' dir='ltr'><strong>sanguine</strong></span> <span class='ocrx_word' id='word_1_783' title='bbox 3042 5861 3243 5918; x_wconf 87' lang='lat' dir='ltr'><strong>fratres</strong></span> <span class='ocrx_word' id='word_1_784' title='bbox 3291 5870 3348 5916; x_wconf 91' lang='lat' dir='ltr'><strong>et</strong></span> <span class='ocrx_word' id='word_1_785' title='bbox 3400 5858 3565 5934; x_wconf 72' lang='lat'><strong>556</strong></span> 
     </span>
    </p>
   </div>
  </div>
