4066 6286
272 350 377 421 540

1154 354 1254 415 DE
1296 349 1729 415 ANDRONICO
1762 344 2220 414 PALIEOLOGO
2260 349 2404 412 LIB.
2452 351 2579 412 VII.

3400 348 3510 421 650

269 465 597 519 Κατελάνων
627 465 879 536 αἴσθησιν
911 464 1064 539 ἠξίου
1102 470 1229 539 περὶ
1264 466 1530 533 σπονδῶν,
1564 465 1641 529 ὡς
1675 464 1831 520 αὐτό·
1862 470 1907 524 Α
1934 462 2030 518 τοῦ
2050 463 2236 519 λαϐεῖν
2258 463 2434 520 θέλειν
2462 465 2562 530 τὰς
2585 463 2849 535 συζύγους
2869 466 3005 531 ,τοὺς
3031 465 3501 538 Τουρκοπούλους,

269 561 359 614 θεν
396 561 793 631 ἀποστατήσων
845 544 1281 633 Ἆμογαϐἀρων,
1327 562 1423 616 καὶ⁸
1448 562 1549 614 ὅσα
1579 561 1690 622 τοῖς
1737 557 1833 612 τοῦ

269 651 531 721 βασιλέως
586 651 825 706 συνοίσει
874 653 1169 724 πράγμασι
1203 651 1343 706 κατά
1377 652 1440 706 τὸ
1479 651 1731 713 δυνατὸν,
1757 649 1833 713 ὡς

266 744 404 816 ἔχει,
440 744 899 814 διαπραξόμενος,
927 744 960 817 ἦ
984 744 1113 815 γοῦν
1151 745 1341 799 αὐτόθι
1374 744 1573 814 μένων,
1603 745 1654 798 sl
1673 744 1835 799 δυναν

264 838 354 890 τὸν
374 832 465 908 ἦν,
494 837 529 909 ἢ
556 837 651 890 καὶ
682 840 775 891 ἐπὶ
802 840 918 900 τοῖς
944 837 1244 910 ἀντιπέραν
1270 838 1367 892 σὺν
1392 836 1508 908 ίδίῳ
1534 834 1652 908 λαῷ
1677 836 1832 904 γενό-

267 945 447 1001 μενος.
482 928 752 993 Βασιλεὺς
803 928 861 983 δὲ
887 928 995 984 τῶν
1027 929 1220 983 δεινῶν
1261 926 1533 999 ὁσημέραι
1565 926 1837 998 πληθυνθ-

266 1022 446 1091 μένων
503 1022 599 1075 καὶ
658 1024 735 1095 μὴ
768 1021 982 1077 ὶὼντων
1014 1022 1142 1079 ἀλλο
1192 1039 1245 1076 τι
1301 1020 1657 1093 βουλεύεσθαι
1701 1021 1733 1092 ἢ
1774 1020 1836 1074 τὸ

263 1114 433 1188 χείρω
456 1115 631 1168 ποιεῖν
663 1114 733 1168 τά
764 1115 873 1169 τῶν
895 1114 1107 1187 ἐχθρῶν
1130 1113 1273 1170 κατά
1306 1130 1429 1169 τινα
1456 1113 1673 1167 σύνεσιν
1706 1114 1837 1187 (ἄλυ-

262 1206 369 1270 λως
398 1205 509 1278 γὰρ
560 1204 945 1277 ἀντιπράττειν
1014 1208 1112 1262 καὶ
1143 1207 1405 1273 πολεμεῖν
1430 1206 1541 1261 οὐδ’
1567 1206 1704 1270 ὅλως
1727 1201 1835 1277 ἦν)

262 1297 520 1368 ἀσμένως
568 1300 825 1372 προσίετο
870 1301 973 1369 τὴν
1006 1300 1329 1373 πρεσϐείαν,
1362 1300 1460 1355 καὶ
1487 1300 1835 1371 ἀντιπέμψας

265 1394 354 1447 διά
376 1410 522 1458 τινος
557 1394 795 1465 Πέρσου,
836 1392 912 1465 μὴ
937 1394 1221 1463 φωραθείη
1248 1394 1408 1463 δῆθεν
1434 1393 1494 1446 rb
1519 1392 1835 1463 μελετώμε-

266 1502 377 1553 νον,
404 1483 589 1540 δοῦναι
626 1486 725 1556 μὲν
755 1487 834 1549 εἰς
869 1487 1109 1553 γυναῖκα
1140 1487 1201 1539 τὸ
1228 1486 1323 1539 τοῦ
1353 1483 1588 1538 παλαιοῦ
1626 1484 1836 1538 ἐκείνου

266 1579 457 1648 Μελὴκ
515 1578 810 1650 θυγάτριον
869 1577 947 1650 τῷ
1012 1578 1308 1650 Περσάρχῃ
1366 1576 1833 1646 καθυπισχνεῦτο,

266 1673 529 1743 παρέχειν
550 1670 606 1724 δὲ
638 1670 739 1725 ὅσα
770 1687 829 1724 τε
855 1669 999 1725 κατὰ
1032 1670 1236 1741 προῖκα
1262 1669 1358 1723 καὶ
1390 1669 1488 1722 ὅσα
1521 1669 1639 1722 κατ’
1667 1667 1834 1739 ἀλλην

264 1763 577 1833 φιλοτιμίαν
614 1764 679 1817 τὰ
716 1763 896 1819 ίκανά.
938 1762 1102 1816 Ἀλλά
1124 1762 1329 1816 τούτων
1370 1762 1644 1832 ὁσημέραι
1682 1762 1836 1830 διαγ-

263 1831 628 1926 γελλομένιον,
655 1856 778 1910 καθ’
801 1855 1127 1926 ὑποσχέσεις
1157 1853 1250 1909 τοῦ
1281 1854 1379 1910 καῖ
1401 1831 1558 1917 αὖθις
1585 1870 1835 1924 προσχω·
1866 1831 1909 1887 Β

266 1950 382 2017 ρεῐν
406 1950 537 2011 τοὺς
567 1947 1057 2017 ἀποστατήσαντας
1086 1944 1536 2016 Τουρκοπούλους
1578 1945 1740 1998 αὑτοῦ
1769 1960 1834 2013 γε

266 2041 740 2111 συμπράττοντος,
792 2040 839 2092 εί
871 2041 1034 2109 μόνον
1082 2039 1389 2109 πέμποιντο
1412 2037 1469 2090 αί
1495 2035 1704 2090 τούτων
1735 2051 1834 2103 γυ*

263 2134 476 2195 ναῖκες,
526 2130 668 2195 πλὴν
703 2129 820 2201 μετ’
868 2128 1171 2201 ἀσφαλείας
1204 2126 1297 2182 τοῦ
1333 2130 1407 2199 μή
1433 2144 1487 2181 τι
1517 2126 1836 2197 παραϐῆναι

266 2227 389 2283 κατ’
424 2225 646 2294 ἀπάτην
678 2223 788 2278 τῶν
816 2224 1220 2293 συγκειμένων,
1250 2221 1325 2285 ὠς
1355 2218 1488 2289 To'w
1514 2218 1665 2273 ταῦτ’
1693 2216 1837 2290 ᾠκο·

266 2316 501 2386 νόμηντο
522 2316 617 2368 καὶ
641 2315 744 2386 ήδη
786 2314 1122 2382 ἐπέμποντο,
1174 2314 1427 2383 φωρᾶται
1456 2312 1570 2374 τοῖς
1592 2308 1838 2379 ’Δμογα-

265 2407 459 2478 ϐἀροις
499 2408 560 2461 τὸ
592 2408 803 2478 δρᾶμα,
845 2407 942 2460 καὶ
976 2405 1345 2477 Ῥομοφόρτος
1370 2402 1464 2458 τδν
1509 2402 1838 2473 Περσάρχην

266 2500 346 2565 είς
368 2502 552 2570 κρίσιν
581 2499 724 2566 ἄγει,
753 2497 848 2554 καὶ⁵
875 2499 992 2553 ὅσοι
1038 2495 1413 2567 συνεμελέτιεν
1460 2491 1612 2565 αὐτῷ
1636 2492 1707 2546 τὰ
1738 2493 1838 2563 τῆς

265 2594 711 2663 άποστατήσεως.
772 2593 898 2657 Τοῖς
940 2592 997 2646 δὶ
1031 2591 1108 2661 μὴ
1133 2590 1351 2662 ἔχουσιν
1384 2587 1522 2653 δλως
1548 2585 1840 2654 ἀπολογετς

268 2686 415 2750 σθαι,
445 2685 504 2741 ἓν
525 2687 606 2750 είς
630 2684 925 2755 ἀπολογίαν
955 2681 1326 2757 προύτείνετο,
1346 2678 1407 2733 τὸ
1437 2678 1655 2757 ἀπατᾷν
1698 2675 1841 2746 ὑπὲρ

265 2881 391 2923 enm
416 2879 483 2921 co
509 2864 648 2919 inire
674 2864 1006 2920 admitteret.
1043 2859 1321 2917 Oll‘erebat
1347 2856 1529 2913 autem
1570 2873 1630 2913 se
1655 2858 1839 2915 statim

266 2957 591 3013 relicturum
624 2955 1087 3026 Amogabamrnm
1139 2962 1342 3026 partes.
1388 2963 1443 3010 et
1467 2952 1730 3026 quidquid
1772 2955 1839 3006 ad

266 3066 359 3108 res
395 3052 449 3105 et
480 3049 719 3105 rationes
780 3048 1125 3119 imperatoris
1178 3048 1436 3118 expedire
1491 3047 1838 3116 intelligeret,

269 3156 370 3210 pro
410 3141 557 3196 virili
588 3145 862 3203 acturum,
883 3139 997 3195 sive
1040 3141 1150 3194 illic
1182 3139 1269 3194 ubi
1296 3148 1436 3205 erat,
1470 3139 1514 3193 si
1548 3139 1663 3193 ﬁeri
1716 3152 1840 3207 pos-

265 3241 370 3290 set.
402 3230 766 3300 persistendo,
800 3230 912 3285 sive
948 3229 1002 3283 in
1028 3230 1313 3284 adversam
1359 3244 1482 3282 cum
1522 3227 1638 3282 suis
1669 3228 1841 3295 copiis

268 3320 682 3380 transl‘retando
716 3320 1106 3375 continentem.
1132 3318 1228 3373 llis
1259 3320 1559 3387 imperator
1611 3316 1841 3383 auditis,

267 3423 539 3485 reputans
566 3411 724 3467 malis
753 3411 999 3481 quotidie
1022 3408 1526 3481 ingravescentibus
1549 3424 1657 3464 non
1679 3408 1837 3463 aliam

262 3508 487 3563 aliunde
509 3520 659 3576 spem
720 3503 949 3559 remedii
984 3503 1220 3563 ostendi.
1283 3502 1505 3572 quando
1563 3501 1842 3561 exhausta:

260 3614 395 3668 Opes
421 3597 639 3668 imperii
698 3595 1011 3651 faettltatem
1072 3595 1343 3661 negabant
1388 3592 1521 3664 justi
1571 3594 1842 3648 exercitus

263 3694 566 3751 rebellibus
596 3690 929 3762 opponendi,
963 3704 1125 3758 quam
1160 3703 1187 3743 a
1237 3686 1606 3756 procuranda,
1657 3686 1704 3743 si
1732 3702 1842 3757 qua

261 3795 452 3859 posset
508 3794 627 3839 arte
675 3782 893 3846 conﬁci,
940 3780 1316 3835 debilitatione
1358 3789 1522 3847 atque
1579 3778 1840 3833 imminu-

261 3881 414 3934 tion'e
454 3875 714 3947 potentia:
746 3873 981 3937 hostilis,
1043 3872 1373 3943 perlibenter
1434 3872 1645 3940 excepit
1696 3871 1844 3940 legar

261 3972 492 4030 tionem,
521 3976 575 4022 et
615 3969 844 4022 remisso
883 3964 949 4019 ad
983 3964 1254 4019 Melecum
1288 3963 1455 4018 Persa
1496 3964 1730 4030 quodam
1776 3963 1841 4015 li-

264 4063 355 4125 do,
392 4071 453 4114 ut
485 4074 574 4113 res
604 4058 775 4112 tutius
820 4058 1033 4117 lateret,
1085 4053 1335 4124 promisit
1359 4068 1419 4107 se
1480 4053 1553 4108 illi
1582 4054 1839 4107 daturum

265 4152 319 4206 in
352 4166 577 4206 uxorem
607 4148 927 4219 antiquioris
961 4147 1105 4202 illius
1146 4144 1331 4201 Meleci
1363 4144 1552 4209 ﬁliam,
1581 4145 1838 4216 adjectu—

267 4228 499 4312 rnmque
522 4245 702 4299 dotem
730 4240 985 4311 amplam,
1011 4254 1110 4294 nec
1133 4239 1184 4292 in
1212 4238 1445 4303 caeteris,
1468 4238 1845 4306 quotiesioret

265 4355 401 4407 opus
448 4349 543 4392 aut
586 4337 702 4405 ipse
746 4332 815 4387 ad
851 4346 1004 4387 suam
1043 4329 1463 4386 muniﬁcentiam
1518 4328 1841 4399 appellaret,

265 4442 615 4502 negaturum.
651 4426 715 4481 Et
745 4424 1072 4495 procedebat-
1125 4420 1357 4479 feliciter
1414 4422 1662 4477 tractatio
1711 4422 1842 4475 mis-

1937 557 2088 628 Πλὴν
2112 558 2503 627 ὑπονοηθέντες
2539 558 2789 614 ἐντεῦθεν
2815 559 2917 625 τὰς
2950 554 3029 625 είς
3061 560 3260 625 αὐτοὺς
3297 560 3507 635 πληρο-

1937 650 2134 721 φορίας
2188 649 2296 703 τῶν
2366 651 2764 722 ’Δμογαϐάρων
2809 652 3067 708 ἀπέλυον.
3124 652 3290 707 Ὅθεν
3326 654 3421 708 καὶ
3449 653 3507 719 ἐξ

1935 744 2103 815 αὐτῆς
2129 745 2433 817 ἀντιπερᾷν
2461 746 2777 816 ἐγνώκεσαν
2806 746 2897 801 τὸν
2941 745 3293 817 Περσάρχην.
3342 745 3508 801 Αὐτοὶ

1934 837 1990 889 δὲ
2011 837 2154 891 κατὰ
2188 836 2271 910 [Ρ.
2296 837 2424 910 414]
2455 839 2627 893 νώτου
2657 838 2904 903 λιπόντες
2936 839 3063 902 τοὺς
3108 841 3347 909 Πέρσας,
3374 840 3507 907 περί

1938 946 2039 983 που
2070 928 2136 982 τὰ
2165 928 2264 1000 τῆς
2284 929 2540 985 Μαδύτου
2575 931 2741 1002 μέρη.
2766 930 2919 985 ἔνθεν
2953 932 3053 1004 μὲν
3083 933 3205 996 ταῖς
3230 933 3362 1002 παρ’
3406 933 3508 993 αὑ-

1934 1022 2045 1085 τοῖς
2075 1023 2326 1094 τριήρεσι
2347 1022 2624 1094 χρώμενοι
2646 1024 2706 1077 τὸ
2739 1024 3049 1096 προστυχδν
3076 1025 3356 1096 ἐληΐζοντο
3374 1026 3502 1097 τρό·

1936 1129 2039 1166 πον
2074 1115 2347 1184 πειρατῶν
2375 1116 2513 1168 κατὰ
2541 1115 2837 1180 θάλασσαν,
2881 1118 3024 1171 κατὰ
3053 1117 3109 1172 δὲ
3149 1116 3322 1189 ξηρὰν
3357 1119 3509 1171 ἔθεον

1938 1205 2284 1275 παμπληθεὶ,
2342 1209 2440 1260 καὶ
2488 1208 2847 1279 προσδόκιμοι
2884 1205 3025 1279 ἦσαν
3054 1210 3383 1281 προσϐαλεῖν
3414 1214 3507 1265 καὶ

1938 1298 2090 1351 πόλει
2111 1313 2129 1330 ο
2162 1300 2551 1368 προσετόλμων
2579 1302 2637 1354 δὲ
2662 1304 2755 1355 καὶ
2782 1303 2918 1371 πρὸς
2953 1303 3179 1373 βασιλέα
3206 1304 3509 1375 πρεσϐείαν

1940 1392 2202 1460 πέμπειν,
2232 1393 2326 1445 καὶ
2364 1393 2548 1459 ἀξιοῦν
2576 1394 2779 1450 διδόναι
2820 1396 2918 1466 μὲν
2949 1398 3074 1461 τοὺς
3106 1398 3355 1465 μισθοὺς,
3386 1417 3510 1453 συν-

1936 1481 2195 1536 ωνεῖσθαι
2232 1484 2288 1538 δὲ
2346 1488 2441 1539 καὶ
2493 1488 2562 1539 τὰ
2613 1486 3003 1555 σκυλευθέντα,
3059 1490 3155 1542 xa‘t
3210 1488 3351 1544 οὕτω
3389 1491 3508 1561 μετ’

1937 1574 2158 1641 εἰρήνης
2187 1573 2283 1627 ἐπὶ
2311 1574 2457 1644 νηῶν
2487 1577 2733 1646 πέμπειν
2762 1577 2959 1641 αὐτοὺς
2987 1580 3065 1641 είς
3089 1580 3158 1632 τὰ
3191 1580 3320 1636 ίδια.
3357 1582 3509 1635 Ἐπεὶ

1914 1664 1991 1719 δὲ
2017 1665 2170 1719 ταῦτ’
2220 1667 2324 1720 οὐκ
2372 1666 2615 1738 ἐχώρουν
2666 1669 2938 1738 γίνεσθαι,
2975 1670 3236 1743 ἄπρακτα
3267 1674 3335 1728 τὰ
3390 1676 3508 1746 τῇδ’

1934 1755 2096 1832 ἦσαν,
2137 1760 2327 1831 μόναις
2356 1762 2413 1817 δὲ
2442 1765 2565 1828 ταῖς
2599 1764 2733 1835 πρὸς
2778 1765 2913 1820 Θεὸν
2938 1831 2943 1837 ε
2967 1768 3227 1834 ίκετείαις
3280 1770 3510 1841 ἧλπιζον

1938 1850 2234 1917 σώζεσθαι,
2280 1852 2348 1917 ἃς
2402 1855 2604 1926 συχνὰς
2647 1858 2675 1909 ὀ
2712 1860 3135 1929 πατριαρχιύων
3190 1862 3512 1932 παμπληθεῖ.

1935 1943 2310 2014 διεπράττετο.
2369 1946 2519 2011 Τέως
2553 1946 2614 2001 δὲ
2647 1949 2739 2002 καὶ
2778 1948 2838 2001 τὸ
2865 1949 2959 2025 τοῦ
3014 1952 3315 2019 Κοσμιδίου
3348 1955 3514 2024 tapeti.

1938 2049 2075 2103 ριον,
2104 2033 2355 2088 δεδιότων
2406 2037 2481 2108 μὴ
2531 2037 2853 2101 ἐπιστάντες
2890 2039 3271 2109 κατάσχοιντο.
3312 2040 3377 2094 ἐκ
3412 2039 3512 2109 μὲ-

1940 2139 2064 2189 ρους
2081 2124 2440 2204 κατήρειπτο,
2464 2125 2558 2178 καὶ
2589 2124 2803 2190 ξενικὰς
2824 2126 3083 2197 δυνάμεις
3105 2128 3168 2182 ἐκ
3183 2130 3231 2183 τ’
3259 2129 3512 2203 Ἰϐηρίας

1940 2212 2141 2283 (κάκεῖ
2176 2214 2286 2286 γὰρ
2339 2213 2688 2270 ἀποστέλλων
2737 2215 2990 2286 βασιλεὺς
3024 2219 3154 2289 περὶ
3186 2221 3510 2291 συμμαχίας

1938 2302 2126 2374 ἠξίου)
2153 2304 2216 2359 εκ
2263 2322 2324 2359 τε
2350 2305 2614 2370 Γεννούας
2658 2305 3041 2379 ἀπεξεδέχετο.
3087 2311 3221 2363 Οὐδὲ
3252 2312 3358 2383 γὰρ
3388 2313 3513 2366 οὐδὲ

1937 2396 2005 2450 τὰ
2038 2397 2195 2461 ivro;
2239 2397 2456 2467 ἐσάπαξ
2505 2399 2763 2469 ἀσφαλῶς
2808 2395 2957 2472 εἶχον
2986 2402 3065 2473 τῷ
3102 2403 3335 2473 βασιλεῖ,
3393 2406 3512 2459 ἀλλ’

1938 2490 2091 2544 ἔνθεν
2124 2489 2224 2561 μέν
2251 2507 2335 2553 τις
2364 2490 2475 2546 τῶν
2504 2492 2821 2565 ιπιρῤἡτων
2853 2494 2919 2547 ὲκ
2950 2492 3178 2559 δύσεως,
3212 2495 3514 2566 ἱερωσύνης

1942 2585 2306 2656 περικτάσθαι
2337 2585 2497 2651 δόξας
2527 2585 2749 2656 ἀξίωμα
2777 2589 2869 2641 καὶ
2894 2585 3003 2657 πρὸ
3030 2589 3239 2659 χρόνων
3264 2607 3518 2662 προσχωτ

1943 2681 2114 2757 ρήσας
2144 2677 2352 2739 ἐκεῖθεν
2379 2677 2457 2751 τῷ
2493 2678 2726 2753 βασιλεῖ,
2761 2680 2789 2734 ὀ
2817 2679 3059 2753 τοιοῦτος
3082 2681 3293 2761 Δριμὺς
3320 2681 3518 2743 coam.

1943 2861 2221 2917 retrahere
2282 2874 2481 2915 uxores
2535 2856 2990 2929 'l'n‘rcopulorum.
3069 2856 3256 2915 Fidem
3304 2858 3517 2921 invenit

1942 2951 2084 3023 apud
2118 2950 2488 3021 Amogabaros
2520 2950 2821 3020 plausibilis
2873 2952 3174 3005 excusatio.
3229 2950 3407 3019 Atque
3440 2951 3515 3012 ita

1944 3046 2143 3111 magno
2168 3041 2409 3096 defuncti
2438 3042 2685 3112 periculo
2713 3041 3007 3112 coniurati,
3055 3042 3368 3098 l‘ersarchae
3394 3042 3518 3100 Me.

1944 3135 2064 3190 leco
2116 3143 2503 3204 persuaserunt
2571 3134 2811 3189 velocem
2872 3135 2925 3189 in
2960 3134 3146 3191 Asiam
3209 3134 3516 3203 trajectum,

1942 3240 2101 3297 quem
2136 3226 2182 3281 is
2211 3214 2349 3281 clam
2376 3226 2763 3283 administrare
2808 3242 2873 3283 eo
2922 3227 3261 3283 commodius
3315 3230 3512 3297 potuit,

1941 3322 2083 3389 quod
2113 3320 2268 3389 quasi
2290 3319 2463 3375 soluti
2487 3318 2600 3389 jam
2621 3333 2751 3374 cura
2790 3320 3056 3384 Catelani,
3083 3318 3264 3375 Persis
3294 3334 3322 3372 a
3359 3330 3517 3389 tergo

1942 3412 2147 3468 relictis
2177 3412 2321 3467 circa
2354 3421 2533 3483 partes
2563 3411 2787 3485 Madyti,
2816 3414 2945 3469 hinc
3004 3413 3218 3483 quidem
3279 3414 3518 3468 triremi.

1942 3504 2045 3560 bus
2094 3505 2410 3561 conscensis
2469 3519 2619 3559 mare
2682 3505 3080 3561 latrocinantes
3161 3503 3516 3571 infestabant,

1943 3598 2067 3651 inde
2130 3606 2306 3652 autem
2354 3600 2704 3654 terrestribus
2762 3599 2932 3667 copiis
2995 3599 3100 3654 late
3164 3599 3514 3667 praedabundi

1944 3690 2193 3759 regiones
2223 3690 2596 3753 incursabant,
2649 3689 2748 3759 ipsi
2790 3703 3009 3760 quoque
3049 3689 3167 3745 urbi
3216 3688 3513 3751 formidati.

1945 3784 2107 3836 anxia
2143 3797 2332 3836 eorum
2399 3782 2809 3851 exspectatione
2871 3781 3139 3845 sollicitae,
3192 3783 3409 3852 quando
3461 3794 3519 3837 ct

1944 3876 2059 3930 ausi
2096 3886 2218 3930 sunt
2250 3889 2391 3929 nova
2419 3876 2799 3943 imperatorem
2851 3875 3116 3945 legatione
3155 3876 3387 3944 superbe
3423 3876 3544 3937 ιιι-Δ

1943 3983 2184 4030 cessere,
2210 3983 2312 4037 qua
2342 3967 2599 4036 petebant
2624 3967 2759 4022 solvi
2792 3967 2896 4022 sibi
2930 3967 3090 4039 plane
3128 3969 3395 4037 stipendia
3429 3981 3517 4020 re-

1945 4068 2028 4112 tro
2055 4057 2257 4122 debita,
2289 4068 2398 4110 tum
2445 4072 2564 4126 quae
2614 4066 2769 4125 rapta
2807 4060 2860 4111 in
2921 4058 3170 4112 manibus
3230 4056 3516 4121 haberent.

1944 4150 2050 4203 alia
2074 4148 2313 4219 ipsorum
2336 4148 2601 4203 arbitratu
2641 4148 2872 4203 taxanda
2921 4148 3145 4217 pecunia
3191 4149 3417 4217 redimi;
3450 4151 3515 4205 iis

1945 4243 2176 4310 peractis
2211 4241 2435 4308 praeberi
2490 4242 2592 4296 sibi
2636 4241 2702 4295 ab
2754 4242 3082 4310 imperatore
3124 4256 3309 4307 naves,
3348 4251 3406 4296 et
3435 4244 3515 4295 sic

1944 4345 2069 4387 cum
2105 4332 2310 4400 pacein
2350 4331 2581 4397 patriam
2630 4330 2858 4389 remitti.
2914 4330 3117 4391 Nihaac
3168 4331 3379 4395 ﬁerent,
3433 4334 3517 4384 in-

1947 4424 2283 4478 ternecinum
2304 4423 2368 4475 ad
2383 4430 2682 4476 extremum
2712 4420 3107 4477 denuntiabant
3134 4422 3351 4479 bellum.
3391 4423 3519 4478 "me

265 4525 337 4579 sis
367 4523 513 4579 ultro
546 4520 791 4588 citroque
822 4515 1063 4588 quotidie
1088 4516 1558 4579 commeantibus;
1602 4528 1831 4583 quorum
1862 4526 1915 4585 Ῑ)
1944 4532 2064 4571 cum
2113 4515 2321 4572 admitti
2381 4515 2527 4568 nullo
2554 4515 2713 4568 modo
2743 4526 2983 4585 possent,
3013 4515 3190 4585 palam
3220 4529 3338 4573 erat
3381 4532 3519 4571 cun?

264 4617 487 4686 quidam
524 4629 553 4665 a
596 4611 795 4665 «.‘lleleco
848 4608 1114 4665 nuntiavit
1150 4608 1251 4677 ipsi
1305 4606 1473 4661 videri
1506 4622 1667 4676 posse
1702 4606 1845 4660 Tur-

263 4708 492 4778 cnpnlos
528 4719 557 4758 a
592 4705 850 4759 societate
890 4699 1269 4755 Catelanorum
1327 4699 1575 4754 abscindi
1611 4708 1663 4752 et
1722 4699 1846 4752 dato

1950 4611 2051 4664 ctis
2086 4624 2236 4679 spem
2265 4609 2637 4663 conventionis
2662 4608 2861 4662 nullam
2890 4623 3196 4676 superesse.
3230 4610 3407 4677 Quare
3461 4614 3513 4665 in

1947 4703 2062 4755 sola
2094 4699 2289 4756 ﬁducia
2323 4699 2492 4755 divini
2540 4699 2727 4753 auxilii
2758 4700 3040 4768 precibus
3075 4703 3334 4757 exorandi
3371 4701 3520 4758 salu-

265 4803 468 4855 idoneo
508 4798 630 4853 ﬁdei
662 4798 889 4868 pignore
951 4794 1214 4850 Romanis
1270 4794 1575 4859 conciliari,
1633 4792 1677 4846 si
1734 4808 1847 4849 sua:
1951 4793 2022 4847 tis
2053 4791 2279 4859 publicae
2327 4789 2557 4846 facultas
2592 4801 2647 4845 et
2681 4792 2823 4846 ratio
2848 4792 3136 4861 pendebat,
3165 4793 3309 4847 haud
3362 4797 3515 4864 segni

263 4892 400 4961 ipsis
421 4889 701 4947 mulieres,
740 4901 877 4957 quas
936 4895 1126 4955 captas
1177 4885 1244 4938 ab
1290 4882 1477 4938 Alanis
1527 4884 1841 4951 imperatori

261 4983 475 5039 deditas
512 4980 725 5050 dictum
758 4986 861 5045 est,
920 4977 987 5032 ab
1019 4978 1124 5032 hoc
1164 4978 1268 5031 illis
1323 4977 1697 5029 redderentur.
1744 4974 1841 5029 ll:s

263 5078 426 5133 facile
456 5086 726 5131 annuente
745 5072 988 5139 Angusto
1011 5081 1063 5126 et
1122 5070 1437 5125 mulieribus
1477 5071 1587 5137 jam
1634 5068 1837 5133 missis,

263 5167 690 5239 deprehenditur
706 5163 775 5220 ab
800 5162 1155 5230 Amogabaris
1184 5176 1380 5216 arcana
1406 5160 1631 5216 molitio.
1660 5159 1841 5225 Quare

263 5262 616 5319 Bomofortns
672 5259 738 5313 ad
774 5257 1041 5329 judicium
1074 5255 1429 5310 Persarchain
1487 5255 1644 5317 citat,
1676 5251 1837 5324 592

263 5371 468 5426 eosque
512 5369 597 5408 om
615 5368 709 5408 nes
759 5366 893 5421 quos
927 5349 1252 5404 defectionis
1316 5363 1436 5402 cum
1494 5362 1559 5402 eo
1589 5348 1839 5417 tegitatte

267 5449 509 5519 snSpicio
535 5444 902 5515 centingebat.
957 5441 1051 5497 llis
1101 5455 1324 5496 causam
1360 5439 1653 5503 difﬁcilem,
1688 5440 1835 5494 exitu

264 5558 397 5597 sane
427 5538 677 5609 ancipiti,
705 5535 1011 5591 dicentibus
1041 5549 1164 5587 cum
1207 5549 1313 5586 non
1342 5541 1653 5586 occurreret
1704 5532 1836 5600 quid

264 5634 409 5689 aliud
450 5628 817 5685 verisimiliter
886 5626 1209 5695 allegarent,
1278 5625 1333 5677 in
1356 5640 1420 5678 co
1444 5629 1838 5677 consenserunt

268 5738 323 5778 nt
356 5724 691 5783 affirmarent
717 5734 821 5773 nou
852 5732 977 5772 vere
1035 5716 1267 5771 deﬁcere
1324 5730 1383 5769 se
1424 5716 1678 5778 voluisse,
1742 5715 1835 5769 sed

266 5815 585 5875 Ostentanda
640 5812 773 5867 falso
802 5811 920 5879 ejus
957 5811 1034 5864 rei
1089 5810 1361 5863 Vulttnlale
1404 5807 1470 5863 ab
1506 5807 1834 5876 imperatore

545 5913 813 5981 Petam»
865 5910 976 5976 Gtt.
1026 5906 1280 5979 CXLIV.

1946 4886 2032 4936 ad'
2068 4884 2115 4937 id
2161 4884 2397 4938 ofﬁcium
2453 4883 2785 4951 patriarcha,
2867 4885 2960 4953 qui
3015 4884 3271 4941 maximis
3321 4890 3517 4941 crebro

1946 4978 2311 5033 coovemibus
2346 4978 2535 5033 solitas
2566 4993 2693 5033 suas
2741 4978 2954 5031 litanias
2990 4980 3239 5034 iterabat.
3291 4980 3513 5035 Interim

1944 5077 2123 5125 autem
2164 5072 2320 5139 periti
2378 5086 2558 5126 rerum
2611 5072 2947 5137 bellicarum,
3007 5081 3063 5125 ut
3097 5071 3308 5127 defendi
3376 5064 3510 5127 satis

1944 5174 2126 5233 posset
2158 5178 2257 5217 erx
2291 5162 2562 5218 Cosmodii
2594 5172 2860 5227 verentes,
2927 5164 3101 5220 deseri
3142 5173 3196 5219 et
3236 5180 3298 5220 ex
3360 5174 3516 5231 parte

1944 5253 2182 5307 sobt'erti
2216 5268 2458 5307 suasere.
2490 5253 2791 5322 Imperator
2841 5264 3018 5311 autem
3055 5256 3239 5323 copias
3289 5257 3516 5309 auxilia-

1944 5360 2031 5398 res
2068 5360 2131 5397 ex
2161 5344 2330 5399 Iberia
2357 5354 2410 5398 et
2437 5344 2502 5399 ab
2539 5346 2672 5400 urbe
2731 5345 2942 5410 Genua,
3000 5349 3141 5401 unde
3172 5359 3513 5416 poposcerat,

1942 5440 2293 5505 exspectabat
2326 5453 2389 5490 eo
2417 5439 2689 5506 cupidius,
2722 5455 2833 5510 quo
2866 5456 2931 5494 ne
2964 5440 3229 5498 interiora
3292 5442 3513 5511 quidem

1940 5529 2090 5583 urbis
2114 5528 2272 5600 593
2306 5539 2387 5584 sat
2430 5529 2534 5585 sibi
2565 5542 2677 5584 tnta
2723 5535 2988 5595 sentiebat
3020 5544 3238 5604 propter
3280 5536 3515 5590 subodo-

1940 5633 2088 5676 ratas
2116 5623 2473 5689 quorumdam
2505 5625 2927 5682 machinationes
2950 5628 3308 5696 proditorum.
3343 5627 3516 5689 Nimis

1942 5715 2295 5785 rnmqnidam
2330 5727 2684 5782 cognomento
2737 5718 2970 5793 Driniys,
3021 5721 3113 5790 qui
3163 5722 3290 5793 olim
3358 5722 3516 5786 fama;

1941 5822 2128 5878 parum
2162 5814 2311 5864 home
2346 5809 2547 5865 dudum
2577 5826 2641 5865 ex
2678 5790 2918 5868 Occiduo
2970 5823 3147 5869 tractu
3185 5790 3250 5869 ad
3284 5815 3517 5886 impera,

3034 5912 3107 5983 21
