4066 6286
269 408 377 475 653

264 525 398 592 μηδὲ
434 539 539 592 γαρ
586 523 664 586 εἰς

261 616 360 684 τὴν
410 618 636 686 πρᾶξιν,
685 618 800 670 ἀλλ’
834 619 1084 690 ἀνάγκην
1113 615 1252 674 εἶναι
1286 623 1528 692 μεγάλου
1559 623 1705 685 τινὸς
1733 622 1842 675 τῶν

262 710 380 762 κατ’
425 709 835 782 Ἃλεξάνδρειαν
874 713 970 766 καὶ
1024 714 1216 784 ἱκανὴν
1249 700 1575 783 συγγένειαν
1626 715 1843 786 ἔχοντος

262 803 566 876 ζητηθῆναι
593 808 685 860 τὸν
720 807 881 876 φόνον
913 808 1104 862 τούτου
1130 810 1236 864 ἀπὸ
1257 811 1364 865 τῶν
1395 811 1512 865 ἐκεῖ
1552 812 1843 880 καταιρόν-

260 916 370 952 των
397 901 500 969 τῆς
530 899 709 953 αὐτῶν
739 900 966 972 φύτλης,
1001 903 1050 955 οἳ
1071 902 1136 974 δὴ
1165 905 1303 956 κατὰ
1328 905 1514 974 χρείαν
1539 905 1843 974 ὲμπορείας

260 995 374 1056 τοῖς
426 995 548 1046 κατ’
598 995 874 1061 Αἴγυπτον
943 997 1131 1058 τόποις
1194 996 1519 1065 ἐφίστασθαι
1569 997 1838 1065 μέλλοιεν.

264 1085 428 1139 Ταῦτ’
460 1087 630 1140 εἰπὼν
667 1089 813 1152 ἔδοξε
870 1089 1116 1157 πιθανὸς,
1147 1092 1241 1144 καὶ
1271 1092 1330 1145 τὸ
1369 1093 1643 1162 χείριστον
1668 1095 1843 1146 ἐκεῖνο

265 1185 490 1252 σκέμμα
533 1187 607 1246 ὼς
666 1185 910 1254 ἀράχνης
965 1186 1109 1248 ἱστὸς
1160 1186 1421 1245 διελύετο.
1468 1187 1703 1258 Διωρίαν
1750 1185 1844 1244 οὖν

262 1277 490 1348 ἡμερῶν
519 1278 596 1348 τῷ
627 1280 944 1350 πατριάρχῃ
977 1279 1185 1332 διδοῦσι
1229 1281 1330 1350 τῆς
1367 1280 1552 1350 χώρας
1583 1282 1841 1350 ἐξελθεῖν,

266 1371 385 1442 μεθ’
408 1371 475 1434 ἃς
502 1373 550 1423 εί
569 1373 863 1441 ἐπιμείνοι,
887 1371 1138 1445 δέχεσθαι
1155 1374 1244 1428 τὸν
1269 1375 1515 1428 κίνδυνον
1542 1376 1841 1432 ἐδικαίουν.

272 1466 362 1529 Ὠς
391 1465 436 1520 δ’
491 1465 644 1520 οὐδὲν
685 1465 953 1536 ύῳίστατο
1003 1466 1123 1523 οὐδὲ
1149 1467 1255 1539 τὴν
1299 1468 1504 1538 ἐγγύην
1535 1466 1728 1534 ἐδίδου,
1761 1468 1840 1532 είς

263 1559 392 1613 δέκα
417 1560 597 1625 πάσας
626 1560 727 1622 τὰς
753 1561 964 1632 ἡμέρας
1001 1561 1336 1630 περιιστῶσι
1368 1563 1464 1615 καὶ
1487 1559 1841 1615 ἀπολύουσιν.

265 1649 351 1722 [Ρ.
381 1651 512 1724 HG]
576 1652 716 1706 Ἀλλ’
777 1653 952 1718 οὓτως
982 1653 1209 1708 ἀλύουσι
1261 1654 1496 1719 τούτοις,
1549 1653 1672 1706 ἐπεὶ
1706 1653 1844 1722 πρὸς

263 1747 382 1806 ταῖς
439 1746 661 1813 Θήϐαις.
692 1741 857 1816 ἦσαν,
910 1745 1100 1814 μαθὼν
1145 1748 1174 1801 ό
1219 1745 1311 1800 τοῦ
1334 1747 1500 1800 τόπου
1534 1745 1719 1818 ἄρχων
1746 1745 1842 1799 καὶ

1162 415 1264 476 DE
1302 413 1751 478 ANDRONICO
1787 413 2252 476 PALzEOLOGO
2293 417 2438 480 LIB.
2486 417 2617 480 νιι.

724 525 969 578 συνοῖσον
1003 525 1080 596 τῷ
1113 528 1262 595 γένει
1307 530 1516 583 τούτων
1579 527 1835 598 γενέσθαι
1870 531 1919 589 Α
1946 525 2385 600 ὑποδεξαμένων.
2425 532 2592 602 Ἡμῖν
2617 530 2662 584 δ’
2691 529 2892 600 ἐφεξῆς
2921 530 3111 585 ἐκτέον
3139 533 3236 602 τῆς
3258 536 3522 610 ἱστορίας,

3421 413 3526 483 εει

2180 667 2263 733 ιζ’.
2301 672 2438 740 Περὶ
2468 673 2576 726 τοῦ
2595 672 2872 744 μοναχοῦ
2914 673 3278 744 Ἶλαρίωνος.

2017 810 2264 880 Μοναχός
2310 828 2393 875 τις
2439 812 2705 884 Ἰλαρίων,
2735 815 2854 878 νέος
2904 815 2980 869 ὣν
3002 817 3098 870 καὶ
3123 818 3263 871 κατᾶ
3290 819 3388 892 τὴν
3425 820 3524 892 τῆς

1945 903 2320 973 Περιὸλέπτου
2381 906 2551 975 μονὴν
2599 907 2870 972 ἐνασκῶν,
2905 909 3028 962 ἐπεὶ
3073 911 3195 964 κατ’
3229 908 3527 984 Ἐλεγμοὺς

1945 997 2188 1065 ἐγεγόνει
2237 987 2519 1069 πεμφθεὶς
2559 1001 2650 1054 ἐπὶ
2700 1004 2821 1064 ταῖς
2847 999 2946 1071 τῆς
2976 1004 3148 1074 μονῆς
3180 1008 3398 1076 χρείαις

1948 1089 2055 1158 γὰρ
2083 1089 2142 1142 τὸ
2175 1090 2363 1160 κτῆμα
2406 1094 2517 1156 τοῖς
2539 1091 2768 1146 ἐκείνων
2806 1095 3081 1166 μετοχίοις
3103 1098 3367 1167 ἁρμόζον)
3393 1103 3520 1171 ὀοηο

1951 1184 2114 1257 μέραι
2142 1201 2200 1236 τε
2229 1183 2328 1247 τὰς
2364 1185 2572 1238 ἐκεῖθεν
2593 1188 2955 1255 ἐκστρατείας
2994 1189 3142 1260 ἐώρα
3179 1193 3426 1263 Περσῶν,
3450 1198 3525 1260 ὡς

1950 1277 2128 1332 πάντα.
2161 1278 2260 1347 μὲν
2295 1279 2365 1333 τὰ
2405 1279 2525 1333 ἐκεῖ
2555 1281 2865 1350 ληίζεσθαι,
2918 1284 3158 1357 ἐπιχρᾷν
3192 1287 3249 1340 δὲ
3275 1288 3370 1342 καὶ
3417 1294 3527 1354 τοῖς

1947 1368 2070 1421 κατ’
2109 1369 2424 1440 Ἐλεγμοὺς,
2459 1373 2552 1426 καὶ
2585 1372 2884 1443 τολμητίας
2911 1373 2987 1428 ὢν
3013 1376 3189 1440 ἄλλως
3216 1381 3311 1432 καὶ
3335 1381 3528 1446 ἐμπει-

1951 1463 2095 1530 ρίαις
2126 1460 2450 1533 πολεμικαῖς
2481 1463 2581 1516 οὐκ
2629 1466 2875 1537 ἀπᾴδων,
2908 1466 3000 1521 τὸν
3032 1471 3527 1540 ἐκεῖσεσυλλέγων

1947 1553 2074 1607 λαἰν
2128 1555 2220 1608 καὶ
2273 1547 2628 1625 προσϐάλλων
2675 1560 2785 1622 τοῖς
2836 1559 3052 1614 ἐπιοῦσι
3087 1562 3303 1632 Πέρσας
3339 1567 3529 1630 κακῶς

1946 1644 2167 1698 διετίθει
2194 1646 2289 1700 καὶ
2326 1648 2418 1701 τὸν
2447 1650 2616 1704 τόπον
2646 1650 2947 1724 πολυωρῶν
2976 1655 3078 1710 οὐκ
3107 1643 3276 1712 ἀνίει.
3325 1660 3468 1714 Ἀλλ’
3490 1663 3526 1733 η

1948 1739 2194 1794 πολιτεία
2245 1742 2409 1808 εὐθὺς
2462 1743 2550 1797 καὶ
2612 1745 3000 1827 ήόφειλομένη
3057 1752 3328 1827 σεμνότης
3372 1755 3526 1825 καὶὴ

264 1836 443 1905 μέγας
473 1835 647 1901 οὕτως
691 1837 1066 1908 φημιζόμενος
1119 1836 1312 1907 κύριος
1340 1837 1509 1891 κακὸν
1536 1838 1844 1906 ἁπάντημα
1877 1882 1920 1938 Β
1948 1834 2070 1888 κατ’
2105 1836 2308 1906 ἀρετήν
2355 1836 2406 1891 oi
2438 1839 2604 1910 κυρία
2629 1826 2722 1894 ’καὶ
2771 1841 3011 1913 μόνωσις
3049 1826 3265 1915 πρῶτον
3302 1848 3403 1918 μὲν
3433 1849 3528 1903 τὸν

261 1929 510 1997 γίνεταιο
563 1926 857 1998 κατασχὼν
914 1929 1022 2000 γὰρ
1055 1928 1300 1999 εἱρκταῖς
1348 1929 1687 1998 παραδίδωσι
1723 1930 1844 1992 ταῖς

264 2019 743 2089 ἁσφαλεστάταις,
777 2019 874 2074 καὶ
930 2020 1099 2088 τιμῆς
1162 2019 1438 2092 δισχιλίων
1482 2019 1845 2091 ’νομισμάτων

263 2115 524 2188 ἠϐούλετο
553 2114 876 2170 ἀποδόσθαι.
922 2115 1192 2184 Ὕστερον
1214 2114 1270 2167 δὲ
1309 2113 1450 2185 μετὰ
1475 2113 1668 2184 καιρὸν
1707 2129 1843 2183 χρη-

263 2211 427 2280 σίμου
454 2208 718 2277 φανέντος
747 2207 839 2261 τοῦ
879 2209 1224 2280 πατριάρχου
1255 2208 1334 2279 τῷ
1356 2208 1646 2278 κατέχοντι
1679 2194 1846 2277 νοση-

261 2301 562 2371 λευομένῳ,
619 2299 906 2373 ἐλευθερία
967 2303 1082 2363 τοῖς
1133 2299 1557 2362 κατακλείστοις
1605 2297 1839 2353 δίδοται.

261 2401 369 2453 Καὶ
398 2401 528 2467 περὶ
554 2397 646 2451 τὸν
693 2397 964 2466 Ἀλμυρὸν
993 2395 1280 2466 δεχθέντες
1310 2395 1428 2452 ἐκεῖ
1459 2410 1560 2447 που
1585 2393 1682 2448 καὶ
1711 2411 1847 2447 κατ.

260 2495 549 2564 εσκήνουν,
603 2490 849 2562 εὐμενῶς
900 2489 1010 2544 τῶν
1053 2488 1147 2543 τοῦ
1179 2489 1346 2543 τόπου
1382 2489 1591 2560 κυρίων
1646 2488 1846 2552 αὐτοὺς

264 2677 526 2747 dogmate
553 2673 734 2729 dicere
763 2687 916 2727 suam
963 2670 1208 2726 deberet.
1248 2671 1386 2740 Ergo
1412 2669 1485 2724 illi
1517 2671 1582 2724 ad
1618 2671 1845 2727 omnbu-

260 2774 512 2834 rendum,
542 2771 617 2822 uti
649 2771 1022 2835 decreverant,
1060 2782 1400 2826 recusantem
1434 2769 1596 2840 595
1621 2785 1846 2840 respon-

262 2866 393 2920 dere
421 2864 776 2931 accingebant
802 2861 917 2931 jam
961 2877 1116 2927 sese;
1178 2861 1650 2932 perfecissentque
1701 2863 1843 2931 quod

262 2957 695 3019 destinaverant,
726 2955 830 3010 nisi
864 2956 1082 3025 quidam
1110 2955 1162 3010 in
1197 2956 1377 3010 medio
1440 2965 1596 3011 stans
1649 2956 1844 3011 admo-

264 3050 472 3104 nuisset
537 3051 858 3103 damnosum
904 3049 1144 3118 idipsis
1197 3059 1251 3104 et
1304 3048 1842 3129 universop’psorum

261 3141 446 3209 generi
480 3139 680 3194 factum
721 3140 891 3194 videri
927 3139 1062 3195 fore.
1106 3138 1239 3194 Nam
1284 3142 1556 3194 hominem
1593 3141 1684 3209 qui
1718 3139 1842 3195 Ale-

1948 1927 2112 1982 αὐτοῦ
2153 1928 2586 2007 καθηγούμενον,
2624 1928 2918 2004 μετέπειτα
2948 1936 3006 1990 δὲ
3041 1938 3138 1991 κο)⁹
3177 1942 3526 2015 πατριάρχην

1948 2021 2127 2076 πείθει
2154 2022 2395 2092 μαθόντα
2423 2026 2705 2097 ἐμϐριθῶς
2732 2027 2825 2083 καὶ
2847 2029 2914 2082 δι’
2944 2031 3372 2103 ἐπιτιμημάτων
3399 2051 3529 2103 σφο-

1946 2115 2090 2185 δρῶν
2123 2116 2410 2187 ἀπείργειν
2428 2120 2527 2186 τῆς
2559 2120 2757 2193 πείρας
2788 2122 2879 2175 τὸν
2929 2128 3184 2195 μοναχόν.
3233 2127 3371 2179 Ἀλλ’
3403 2130 3527 2183 ἐπεὶ

1949 2209 2045 2264 καὶ
2089 2212 2402 2280 προστιμᾷν
2454 2212 2701 2266 ἐδέδοκτο
2729 2216 2840 2275 τοῖς
2889 2218 3166 2286 μεγίστοις
3195 2218 3284 2273 διὰ
3316 2220 3375 2274 τὸ
3405 2222 3529 2274 τόλ-

1952 2294 2138 2372 μημαέ
2173 2303 2573 2370 γνοὺςὲκείνος
2603 2305 2813 2375 βασιλεῖ
2846 2311 3189 2382 προστρέχει.
3243 2313 3302 2366 Ὀ
3337 2312 3392 2366 δὲ
3430 2313 3527 2369 καὶ

1947 2391 2162 2463 δέχεται
2194 2395 2287 2447 καὶ
2320 2395 2388 2448 τὰ
2419 2396 2540 2448 καθ’
2577 2399 2770 2452 ἑαυτὸν
2814 2401 3170 2474 διακυϐερνᾷ,
3208 2407 3266 2458 οὐ
3309 2406 3415 2478 μὴν
3467 2407 3528 2460 δὲ

1949 2489 2043 2542 καὶ
2072 2487 2166 2541 τὸν
2193 2490 2544 2562 πατριάρχην
2571 2493 2765 2565 ἐκείνῳ
2790 2491 2878 2567 [Ρ.
2914 2495 3042 2570 417]
3074 2497 3222 2569 εἶχεν
3250 2500 3530 2574 ἐξευμενί-

1947 2671 2340 2740 pet-libentibus
2374 2673 2619 2730 locorum
2658 2675 3040 2734 dotninis.Sed
3082 2679 3134 2734 in
3157 2683 3342 2737 orbem
3375 2684 3531 2740 dein-

1947 2773 2072 2828 ceps
2104 2762 2258 2816 nobis
2287 2762 2523 2816 historia:
2552 2776 2749 2819 nostra:
2782 2767 3114 2823 redeundum
3142 2781 3244 2825 est.

2325 2896 2410 2952 17.
2455 2895 2532 2950 De
2568 2899 2817 2953 monacho
2849 2899 3148 2958 Hilarione.

2017 3031 2180 3104 596
2214 3033 2510 3090 Monachus
2538 3037 2754 3106 quidam
2794 3039 3036 3095 Hilarion
3069 3026 3314 3099 ﬂorentis
3351 3049 3527 3107 relatis

1945 3124 1998 3179 in
2053 3126 2377 3195 Peribleptte
2405 3131 2740 3185 monasterio
2787 3133 2953 3186 vitam
2983 3135 3298 3204 religiosam
3322 3143 3529 3195 excrci-

216 3287 223 3295 ,
263 3234 511 3288 xandrlm
539 3232 734 3287 fuisset
769 3234 821 3287 in
863 3234 1280 3302 patriarchalem
1313 3245 1596 3304 promotus
1634 3236 1838 3300 sedem,

1950 3226 2233 3283 tans,cum
2259 3224 2456 3278 missus
2501 3221 2760 3293 Elegmos
2823 3241 3016 3281 versus
3054 3229 3118 3282 ad
3152 3232 3389 3284 curanda
3416 3234 3528 3291 illic

262 3335 692 3383 consentaneum
724 3341 846 3380 esse
871 3341 939 3381 ex
977 3341 1167 3395 magna
1209 3327 1315 3380 illic
1344 3337 1398 3380 et
1423 3339 1640 3396 potente
1663 3340 1840 3382 ortum

259 3421 502 3486 familia;
551 3421 691 3473 unde
729 3435 835 3473 non
876 3429 1023 3473 esset
1065 3419 1417 3474 dubitandum
1460 3421 1586 3487 quin
1624 3433 1717 3473 aut
1747 3437 1842 3474 sua

256 3525 454 3581 sponte
487 3522 585 3565 aut
621 3511 880 3565 concitati
938 3526 966 3565 a
997 3511 1097 3564 viri
1138 3513 1387 3581 cognatis
1449 3511 1845 3580 perillustribus

237 3589 638 3667 Alexandrini,
673 3616 779 3659 tam
813 3603 1088 3659 crudelem
1134 3605 1218 3660 sui
1266 3605 1593 3674 patriarchae
1657 3621 1842 3659 necem

256 3698 401 3754 male
430 3685 728 3753 multandis
780 3700 899 3769 ejus
933 3699 1248 3753 auctoribus
1300 3714 1508 3752 summa
1566 3699 1615 3752 vi
1656 3698 1841 3752 ulcisci

239 3791 798 3860 conarentur,cujus
840 3791 914 3843 rei
948 3800 1042 3843 aut
1072 3794 1395 3844 damnorum
1436 3788 1622 3843 saltem
1658 3791 1847 3859 ingen-

256 3883 395 3938 tium
438 3879 846 3936 Eubmensibus
882 3879 1292 3935 inferendorum
1328 3882 1544 3936 occasio
1578 3881 1708 3948 ipsis
1752 3881 1845 3934 de-

254 3990 379 4030 esse
403 3991 521 4029 non
543 3983 750 4045 posset,
783 3973 1218 4029 nundinantibus
1244 3974 1329 4028 his
1360 3973 1674 4051 frequenter
1695 3989 1846 4028 enm-

257 4069 588 4122 merciorum
619 4081 784 4121 causa
821 4068 966 4121 circa
1015 4078 1209 4138 portus
1260 4076 1314 4121 et
1365 4068 1546 4122 littora
1598 4064 1838 4138 Egypti.

253 4157 382 4223 Haec
417 4159 505 4212 ille
528 4159 714 4216 dicens
740 4170 890 4214 recte
956 4175 1180 4214 monere
1215 4159 1361 4215 visus
1409 4169 1512 4225 est,
1562 4169 1842 4229 totquue

217 4252 220 4254 ⁷
253 4250 385 4307 illud
411 4252 684 4307 turbidum
719 4253 1004 4307 consilium
1042 4262 1318 4307 momento
1369 4261 1456 4306 est
1511 4253 1685 4306 instar
1724 4253 1842 4308 tela:

254 4361 474 4401 aranea:
509 4346 818 4414 disjectum.
855 4346 1102 4413 bpatium
1140 4361 1270 4414 ergo
1315 4345 1524 4400 dierum
1566 4356 1838 4400 certorum

255 4442 584 4509 patriarchae
616 4439 904 4502 detiniuut,
935 4441 1072 4492 intra
1099 4439 1240 4504 quod
1264 4438 1366 4490 nisi
1413 4454 1443 4493 e
1474 4439 1637 4494 terris
1677 4439 1842 4494 ditio-

253 4538 336 4590 nis
361 4536 605 4603 lpsorum
635 4537 942 4597 excederet,
978 4547 1078 4586 suo
1115 4531 1357 4600 periculo
1390 4530 1458 4584 ibi
1497 4543 1833 4586 moraturum

253 4630 621 4694 declararunt,
661 4642 758 4681 nec
783 4627 880 4689 illi,
904 4627 1007 4680 nisi
1035 4627 1198 4680 vades
1217 4625 1373 4681 daret
1404 4626 1650 4690 idoneos,
1689 4628 1836 4681 inco-

253 4719 562 4774 lumitatem
606 4725 868 4788 praestare
911 4719 1293 4789 magistratus.
1329 4721 1401 4776 Ita
1432 4722 1544 4788 ille,
1579 4726 1710 4780 nihil
1745 4743 1835 4780 co-

256 4823 419 4865 natus
447 4818 636 4863 contra
666 4810 922 4879 excipere
950 4822 1046 4866 aut
1079 4812 1130 4866 itt
1159 4815 1549 4883 conquirendis
1612 4817 1834 4887 lidejus-

253 4905 475 4959 scribus
499 4916 769 4972 satagere,
805 4916 921 4969 post
959 4905 1146 4959 decem
1177 4907 1311 4969 dies,
1356 4909 1406 4962 in
1432 4923 1569 4979 quas
1615 4912 1713 4980 ipsi
1749 4928 1838 4967 so-

251 4999 330 5054 las
353 4997 760 5052 eratvsecuritas
791 4983 1088 5064 promiSsa,
1110 5000 1276 5054 solvit
1309 5002 1534 5058 Etzbcea.
1573 5005 1840 5076 Deinceps

250 5091 430 5147 eidem
459 5090 862 5158 comitibusque
900 5091 1018 5160 ejus
1064 5108 1158 5160 per
1191 5093 1312 5148 illas
1348 5109 1476 5149 oras
1509 5099 1838 5167 vagantibus

252 5183 487 5254 contigit
527 5180 742 5237 Thebas
769 5183 942 5256 adire,
994 5201 1185 5254 titaguo
1225 5185 1462 5254 ipsorum
1517 5189 1834 5246 infortunio.

252 5277 389 5331 Nam
414 5277 516 5332 loci
549 5277 825 5347 princeps,
853 5277 1010 5348 vulgo
1049 5279 1226 5333 dictus
1281 5294 1506 5350 magnus
1562 5283 1830 5351 dominus,

252 5368 620 5424 securissima:
649 5381 873 5425 cunctos
895 5371 1124 5426 traditos
1171 5373 1434 5428 custodia:
1481 5374 1836 5430 dimissurum

254 5476 314 5514 se
342 5459 570 5530 negabat
610 5461 711 5516 nisi
739 5477 1090 5516 nummorum
1139 5464 1303 5517 duum
1362 5464 1590 5524 millium
1651 5482 1835 5533 perso-

243 5552 366 5610 luto
399 5555 593 5623 pretio.
632 5553 880 5609 Tandem
937 5565 1114 5609 tamen
1168 5573 1288 5609 cutn
1349 5555 1486 5610 forte
1547 5559 1835 5614 accidisset

250 5646 538 5714 aegrotanti
582 5661 775 5712 magno
803 5646 1022 5701 domino
1055 5648 1238 5702 nescio
1271 5649 1400 5716 quid
1431 5649 1576 5703 utilis
1614 5650 1773 5706 omcii
1800 5667 1829 5705 a

255 5740 567 5805 patriarcha
611 5741 881 5808 exhiberi,
917 5742 1147 5799 libertas
1212 5745 1514 5798 carceralis
1568 5743 1690 5798 data
1723 5757 1826 5813 est,

257 5833 310 5888 in
356 5835 604 5905 digressu
638 5836 765 5891 hinc
796 5837 1041 5907 exceptis
1069 5835 1138 5892 ab
1170 5837 1368 5892 accolis
1397 5836 1630 5910 Almyri,
1662 5856 1828 5908 prope

255 5944 417 6001 quem
459 5939 510 5987 et
572 5929 671 6002 ipsi
731 5931 1129 5988 amnemdxis
1176 5932 1430 5989 tentoriis
1483 5943 1822 6002 manserunt,

1951 3314 2053 3367 sita
2102 3313 2402 3384 hospitium
2452 3325 2503 3371 et
2540 3317 2743 3388 praedia
2794 3315 2970 3388 adjus
3018 3323 3180 3376 modo
3241 3330 3525 3383 memorati

1949 3408 2187 3464 cmnobii
2216 3410 2570 3476 pertinentia,
2611 3411 2819 3466 videret
2855 3413 2980 3468 inde
3013 3415 3098 3468 uri
3132 3417 3374 3484 quotidie
3411 3435 3529 3474 οιιιο

1950 3502 2036 3554 nia
2098 3500 2504 3558 incursionibus
2560 3502 2878 3569 Persarum,
2933 3495 3285 3577 aspirareque
3324 3512 3526 3567 inuitos

1947 3591 2220 3650 Barbaros
2257 3608 2426 3664 usque
2461 3596 2524 3649 ad
2569 3582 2811 3654 citimam
2846 3599 3105 3654 viciniam
3145 3602 3328 3672 Oppidi
3365 3604 3527 3672 Elego

1950 3692 2187 3752 morum,
2214 3690 2435 3759 juvenis
2463 3701 2623 3745 atate
2649 3691 2824 3754 ferox,
2857 3695 3031 3748 audax
3065 3695 3264 3759 indole,
3289 3712 3386 3751 nec
3425 3701 3525 3750 tui-

1948 3781 2227 3849 litaribus,
2278 3784 2322 3838 si
2349 3784 2617 3840 adfuisset
2647 3786 2940 3854 institutio,
2995 3789 3364 3847 {unctionibus
3404 3792 3527 3847 ine-

1947 3884 2096 3943 plus,
2156 3875 2380 3932 collecta
2409 3878 2791 3949 indigenarum
2845 3895 3005 3934 manu
3037 3894 3230 3937 secure
3263 3899 3522 3950 grassan-

1951 3976 2031 4020 tes
2054 3982 2342 4038 aggressus
2370 3969 2570 4026 I‘ersas
2594 3973 2732 4026 male
2757 3971 2879 4028 illos
2903 3974 3218 4042 plerumque
3238 3976 3522 4041 multabat,

1945 4059 2132 4128 sicque
2165 4060 2344 4114 locum
2374 4060 2668 4116 defendens
2704 4062 2968 4117 intactum
3001 4063 3211 4133 injuriis
3238 4067 3524 4121 hostilibus

1946 4161 2209 4219 praestare
2244 4156 2528 4223 pergebat,
2566 4155 2782 4222 quando
2803 4153 2948 4209 fama
2983 4156 3058 4210 rei
3102 4158 3306 4226 perlata
3349 4159 3401 4214 iu
3432 4177 3522 4214 ur-

1945 4244 2067 4298 bem
2105 4244 2419 4314 religionem
2470 4249 2776 4316 praepositis
2832 4248 3084 4315 incussit,
3128 4253 3284 4322 quasi
3328 4264 3518 4307 contra

1945 4336 2029 4390 fas
2051 4338 2298 4393 sinerent
2348 4354 2520 4394 sacrae
2551 4338 2910 4408 professionis
2942 4328 3240 4408 hominem,
3284 4345 3516 4400 alienum

1944 4449 1972 4485 a
2010 4431 2301 4488 sanctitate
2337 4433 2418 4485 sui
2453 4432 2696 4497 habitus,
2723 4450 2750 4485 a
2785 4423 3079 4490 solitudine
3107 4450 3269 4505 quam
3305 4438 3521 4492 nomine

1945 4527 2319 4597 pulliceretur,
2349 4542 2380 4579 a
2426 4526 2652 4580 lenitate
2688 4525 2919 4581 instituti
2985 4527 3222 4597 suscepti
3273 4529 3516 4599 prapria,

1943 4637 2218 4676 armorum
2245 4631 2295 4676 et
2343 4623 2538 4694 ductus
2567 4623 2738 4677 turbae
2761 4623 3020 4678 militaris
3071 4640 3330 4680 exercere
3363 4624 3519 4680 mini-

1942 4717 2192 4771 sterium.
2219 4715 2293 4770 Ea
2326 4731 2412 4770 res
2447 4727 2571 4772 ante
2608 4731 2796 4771 omnes
2827 4717 3144 4787 praefectum
3177 4717 3515 4789 Pcriblcptzn.

1945 4826 2064 4863 mox
2088 4821 2140 4865 et
2173 4811 2240 4865 de
2271 4812 2352 4864 his
2406 4811 2656 4866 edoctum
2690 4811 3056 4882 patriarchant
3093 4815 3260 4866 movit
3314 4813 3379 4866 ad
3418 4815 3518 4866 ob.

1943 4900 2268 4969 jurgandutn
2288 4903 2538 4971 juvenem
2562 4903 2955 4961 vehementius.
2984 4916 3280 4971 severeqne
3311 4903 3411 4957 sub
3432 4903 3516 4956 in-

1937 4994 2322 5068 terminatione
2376 5009 2656 5065 pasnarutn
2705 4995 2946 5064 gravium
2982 4997 3029 5050 ei
3083 4995 3515 5048 denuntiandntu

1942 5101 2009 5139 ne
2063 5086 2225 5138 ullam
2256 5088 2513 5155 deinceps
2547 5096 2753 5154 partem
2774 5071 2978 5142 bellicae
3025 5087 3514 5141 administrationis

1941 5177 2254 5249 attingeret.
2290 5178 2442 5232 Haud
2469 5179 2603 5234 satis
2644 5181 2732 5234 ille
2771 5196 2833 5234 se
2893 5180 3222 5248 morigerum
3293 5181 3515 5233 monitis

1945 5272 2140 5327 talibus
2168 5275 2464 5344 praebebat,
2486 5274 2735 5343 praesenti
2773 5273 2913 5327 aliud
2932 5274 3254 5330 necessitate
3289 5276 3516 5330 suaden-

1952 5377 2024 5422 te.
2053 5367 2229 5434 Quare
2255 5383 2380 5421 cum
2420 5353 2747 5437 intelligeret
2768 5368 3012 5421 irritatos
3034 5369 3149 5437 ejus
3168 5369 3510 5424 contumacia

1949 5463 2268 5529 praepositos
2289 5462 2339 5513 in
2361 5475 2422 5514 eo
2438 5475 2556 5514 esse
2587 5472 2641 5512 ut
2668 5461 2768 5516 sibi
2796 5460 3180 5527 comprehendi
3201 5459 3348 5529 jusso
3369 5474 3512 5514 ξιον-ιι

1947 5554 2564 5624 inﬂigeretttsupplicia,
2604 5554 2852 5624 confugit
2888 5557 2952 5609 ad
2986 5557 3390 5623 imperatorem,
3414 5553 3513 5623 qui

1927 5664 2062 5715 eum
2099 5647 2327 5703 libenter
2365 5649 2584 5703 admisit
2637 5660 2691 5704 et
2745 5650 2882 5718 apud
2916 5663 2992 5716 se,
3019 5649 3270 5710 detinuit,
3311 5647 3510 5701 frustm

1942 5741 2158 5797 interim
2191 5753 2443 5813 satagens
2479 5744 2525 5798 ei
2559 5746 2773 5818 placare
2806 5745 3198 5816 patriarcltatn.
3232 5743 3361 5796 Dum
3395 5743 3510 5797 haec

1939 5849 2088 5890 mora
2119 5834 2276 5906 longe
2307 5837 2373 5892 ab
2400 5836 2634 5907 Elegmis
2674 5837 3005 5894 Hilarionem
3055 5848 3226 5904 tenet,
3289 5837 3509 5892 netui..e

1935 5929 2046 5988 illic
2098 5929 2314 5988 interim
2364 5931 2544 5986 tutelae
2596 5931 2835 5989 locorum
2883 5932 3222 6008 invigilante,
3277 5932 3502 6006 contigt
