4066 6286
289 347 393 426 657

1178 354 1273 417 DE
1314 354 1754 420 ANltRONlCO
1797 353 2250 421 PALAZOLOGO
2288 355 2433 418 LIB.
2476 356 2614 436 vn.

3433 350 3539 415 658

292 471 476 540 θίστα,
524 471 626 543 τὴν
673 470 771 527 τοῦ
833 475 1136 546 μαρκεσίου
1173 478 1339 548 τιμὴν
1379 477 1709 550 ληψόμενον,
1741 476 1862 528 ίπεὶ
1893 479 1932 535 Α
1967 476 2103 544 γύου
2136 476 2231 530 καὶ
2264 477 2314 529 oi
2369 475 2711 546 πεμφθέντες
2758 474 2835 540 είς
2867 473 3022 528 τοῦτο
3051 470 3333 544 πρεσϐεις,
3365 451 3440 527 ὧν
3471 471 3540 542 δὴ

289 567 500 631 ἐκεῖνος
528 565 626 635 μὲν
656 565 718 631 ὲιξ
747 565 1055 636 ἀνθρώπων
1083 569 1327 636 ἐγένετο,
1362 569 1451 624 τὸν
1479 569 1538 624 δὲ
1567 569 1792 641 βασιλέα
1815 569 1861 622 oi

289 660 406 711 ἐκεῖ
442 648 759 732 πέμψαντες
789 659 977 730 ⁴ἠξίουν
1012 660 1102 715 διὰ
1129 679 1276 726 τινος
1309 662 1420 715 τῶν
1450 662 1596 716 ίδίων
1628 663 1859 729 τέκνων,

288 753 382 805 καὶ
417 752 621 818 μᾶλλον
654 751 751 806 τοῦ
792 751 869 822 τῷ
906 751 1082 825 χρόνῳ
1125 752 1235 808 τῶν
1265 755 1472 808 λοιπῶν
1497 756 1863 827 προφέροντος

303 845 575 917 Ἰωάννου,
632 847 773 902 κατὰ
827 865 946 901 τινα
974 848 1352 920 κληρονομίαν
1407 851 1632 906 δικαίαν
1652 851 1862 905 ἐκείνου

289 938 516 1003 ἄπαιδος
535 941 981 1011 τελευτήσαντος,
998 941 1105 995 τῶν
1127 941 1248 997 καϊ
1268 944 1468 1007 αὐτοὺς
1490 943 1863 1015 ἀντίσχεσθαι.

292 1033 358 1085 ’⁵0
387 1033 482 1087 καὶ
511 1034 739 1102 γεγονὸς
794 1033 1048 1106 ὕστερον,
1111 1037 1310 1089 ἐκεῖνοι
1365 1038 1489 1089 κατ’
1529 1039 1768 1102 Ἰταλοὺς
1792 1038 1864 1092 ’τὸ

289 1127 398 1176 πᾶν
425 1123 518 1179 τὸν
550 1125 823 1194 δεσπότην
867 1127 1378 1196 μετασκευάσαντες
1429 1128 1601 1192 οὕτως
1628 1130 1866 1199 ἠγάπων

290 1217 709 1288 ὐποκλινόμενοι
730 1219 867 1288 πρὸς
892 1221 1162 1292 ὑπακοήν.
1183 1219 1551 1291 Ἀναχθεισῶν
1573 1225 1867 1295 τοιγαροῦν

286 1310 392 1362 τῶν
425 1311 586 1374 νεῶν,
610 1361 614 1364 .
641 1311 1059 1383 προηγούμενον
1108 1311 1217 1368 τῶν
1245 1314 1423 1368 ἄλλων
1447 1316 1682 1378 ἐκείνοις
1703 1311 1776 1388 ἦν
1803 1317 1866 1370 τὸ

287 1399 381 1455 τοῦ
416 1404 684 1473 βασιλέως
718 1404 1018 1474 μανθάνειν
1057 1406 1306 1477 θέλημα,
1341 1407 1418 1472 ὡς
1442 1409 1798 1480 πραεείουσιν
1829 1407 1866 1465 ἃ

290 1495 356 1547 ἂν
379 1497 546 1560 αὐτὸς
574 1497 881 1553 ἐπιτάττοι.
922 1497 980 1553 Ὀ
1001 1499 1058 1552 δὲ
1080 1498 1179 1569 τὴν
1207 1499 1330 1569 μετ’
1350 1501 1572 1571 είρήνης
1599 1500 1872 1567 διάλυσιν,-

289 1588 337 1640 εί
369 1587 606 1654 δύναιτο,
661 1589 798 1654 τέως
829 1590 933 1661 τῆς
968 1590 1152 1662 μάχης
1207 1590 1449 1662 πολέμου
1481 1591 1655 1647 ἐτίθει
1685 1592 1869 1665 πολλῷ

290 1680 421 1754 περὶ
473 1681 739 1746 πλείονος,
798 1683 848 1736 ιι
901 1685 996 1737 καὶ
1050 1675 1326 1756 χρήματα
1359 1683 1609 1757 δαπανᾷν
1652 1687 1869 1756 μεγάλα

287 1772 531 1846 ξυμϐαίη
549 1792 565 1806 ο
593 1775 694 1845 τὴν
723 1775 824 1846 μὲν
853 1777 965 1847 γὰρ
987 1778 1284 1849 ἀναιμωτὶ,
1315 1777 1418 1850 τὴν
1442 1779 1501 1833 δὲ
1525 1778 1736 1833 πολλῶν
1767 1797 1865 1836 πε-

287 1868 494 1945 σόντων
526 1869 669 1924 κατὰ
718 1869 958 1940 πόλεμον
1001 1871 1270 1941 γίνεσθαι.
1331 1871 1492 1928 Ἐπεὶ
1530 1874 1586 1928 δὲ
1618 1874 1863 1928 κάκεῖνοι

221 1973 224 1975 ‘
285 1962 546 2027 πολλάκις
591 1963 898 2032 πέμποντες
931 1965 1123 2034 ἠξίουν
1143 1966 1212 2019 τὰ
1237 1969 1701 2040 κεχρεωστημένα
1727 1968 1864 2040 λαμ-

285 2055 476 2109 δάνειν
507 2058 602 2109 xei.
641 2056 1092 2113 ἀπαλλάσσεσθαι
1149 2059 1254 2129 (τὰ
1284 2059 1327 2113 δ’
1356 2055 1522 2132 ἦσαν,
1557 2061 1633 2124 ὠς
1663 2063 1864 2116 ικεῖνοι

286 2147 668 2219 ὲόρενθύοντο,
704 2149 833 2220 περί
862 2167 967 2205 που
1011 2151 1110 2214 τὰς
1141 2152 1461 2223 τριακοσίας
1492 2152 1736 2224 χιλιάδας
1767 2155 1864 2210 τοῦ

288 2240 668 2322 νομιζομένου-
705 2243 988 2315 χρυσίου),
1047 2247 1144 2300 καὶ
1191 2247 1302 2317 γὰρ
1331 2245 1442 2301 τότ’
1474 2243 1616 2320 ἦσαν
1640 2248 1699 2315 ἐξ
1729 2251 1864 2303 ὑπο-

254 2503 257 2505 _
287 2424 600 2494 gobardiam
632 2435 856 2483 miserat
883 2445 896 2481 :
935 2441 1111 2484 mater
1152 2440 1332 2485 autem
1373 2431 1447 2487 ad
1474 2446 1592 2487 eam
1624 2433 1725 2489 sibi
1755 2435 1868 2489 avi-

288 2526 396 2569 tum
427 2519 757 2573 cernendam
807 2519 1182 2578 haereditatem
1215 2523 1571 2581 Theodorum
1595 2541 1866 2600 praeroga-

285 2607 390 2662 tiva
434 2608 661 2678 majoris
707 2614 892 2672 astatis
921 2631 1153 2674 censeris
1191 2619 1363 2690 magis
1391 2616 1667 2686 idoneum,
1720 2624 1864 2682 hunc

282 2700 665 2760 Thessalonica
697 2716 842 2762 recta
868 2707 1015 2765 niisit
1033 2709 1088 2765 in
1114 2708 1665 2786 ltaliam,legitimum
1689 2718 1862 2774 lucre-

283 2795 402 2858 dem
425 2797 760 2854 declaratum
806 2800 1075 2858 bonorum
1112 2805 1510 2875 etprincipatus
1550 2809 1632 2865 sui
1652 2810 1864 2877 fratris,

282 2899 624 2957 sumpturum
648 2890 754 2946 illic
771 2907 835 2946 eo
851 2894 1010 2948 titulo
1027 2896 1317 2952 marchesii
1359 2899 1702 2970 dignitatem.
1724 2903 1864 2959 Huic

282 2980 648 3052 collocaverat
668 2983 834 3039 tiliam
851 2974 1151 3057 Spiuulus:
1181 2992 1274 3047 sed
1305 3001 1363 3046 ut
1383 3007 1502 3062 qua:
1531 3006 1714 3049 secuta
1737 3007 1864 3052 sunt

282 3073 458 3128 obiter
486 3084 747 3144 attexam,
777 3088 1104 3145 pramature
1133 3081 1179 3137 is
1214 3083 1352 3138 obiit
1383 3083 1504 3138 sine
1531 3085 1683 3153 prole
1716 3101 1862 3143 mas-

1967 567 2300 641 προύξένουν
2356 570 2454 639 μὲν
2483 558 2815 632 Γεννουῗται,
2865 569 2913 621 oi
2943 563 3096 622 αὐτοὶ
3135 564 3193 620 δὲ
3225 564 3316 618 καὶ
3344 565 3412 617 τὰ
3437 563 3538 634 τῆς

1967 663 2265 735 πρεσϐείας
2296 663 2431 732 πρὸς
2469 653 2693 734 βασιλέα
2741 661 3076 733 διηυθέτουν,
3113 667 3189 729 μη
3223 656 3542 728 δυναμένων

1965 757 2192 811 ικείνων
2226 757 2437 829 βασιλεῖ
2461 754 2884 828 ἐμφανίζεσθαι.
2935 754 3034 807 Διὰ
3071 753 3134 822 δὴ
3165 751 3339 805 ταῦτα
3365 764 3542 822 προσ-

1969 849 2182 920 ιέμενος
2231 852 2258 904 6
2291 849 2505 921 κρατῶν
2541 849 2638 920 τὴν
2692 838 3009 919 πρεσϐείαν,
3045 846 3172 908 τοὺς
3210 843 3311 914 μὲν
3336 843 3393 895 ἐν
3423 841 3542 904 ταῖς

1966 952 2122 998 ναυσὶ
2146 945 2552 1014 παρακατέχειν
2581 942 2681 996 οὐκ
2703 937 2849 1011 εἶχεν
2872 940 3158 1011 ὁρμῶντας
3187 937 3323 1007 πρὸς
3356 935 3544 1001 Εὔξει-

1965 1053 2054 1090 νον
2091 1037 2180 1089 διὰ
2205 1038 2273 1089 τὰ
2303 1034 2500 1106 φορτία
2524 1033 2972 1098 διαπλωῖζεσθαι,
2996 1032 3267 1101 τέσσαρας
3292 1031 3347 1085 δὲ
3380 1030 3543 1096 μόνον

1936 1127 2211 1201 ’τριήρεις
2253 1129 2346 1182 ἐπὶ
2391 1129 2575 1198 ῥητοῖς
2618 1126 2831 1196 μισθοῖς
2880 1116 3348 1195 παρακατασχὼν,
3381 1123 3473 1191 ἐφ’
3498 1114 3543 1186 ᾧ

1963 1224 2268 1295 διατηροίεν
2300 1223 2366 1276 τὰ
2400 1222 2500 1292 τῆς
2529 1219 2765 1274 ι’Δδύδου
2815 1204 3001 1284 crevi,
3027 1217 3141 1286 ἅμα
3177 1217 3276 1288 μὲν
3310 1215 3541 1270 κωλύειν

1963 1316 2092 1379 τοὺς
2124 1314 2648 1388 διαπεραιουμένους
2679 1313 2916 1383 Πέρσας,
2947 1308 3065 1382 ἅμα
3087 1311 3142 1363 δὲ
3175 1309 3394 1372 καὶτὰς
3417 1325 3543 1360 πειο

1969 1409 2198 1482 ρατικὰς
2230 1412 2471 1479 ἐπέχειν,
2504 1407 2573 1478 ἦν
2604 1424 2708 1462 που
2740 1409 2981 1475 φανεῖεν,
3005 1407 3103 1470 τὰς
3134 1405 3181 1458 δ’
3207 1403 3374 1466 ἄλλας
3404 1401 3543 1455 ἁπέ-

1964 1503 2083 1566 λυε,
2111 1501 2197 1576 ἶΡ.
2216 1501 2345 1575 H9]
2377 1500 2516 1566 πλὴν
2549 1501 2642 1555 hri.
2659 1503 2850 1572 ῥηταῖς
2880 1499 3112 1576 ἡμέραις
3135 1496 3364 1558 εἴκοσιν,
3383 1493 3451 1549 ἵν’
3477 1495 3544 1564 ἢν

1969 1595 2070 1666 μιν
2100 1597 2156 1648 ὲν
2183 1594 2260 1665 τῷ
2291 1593 2496 1665 μεταξὺ
2524 1591 2945 1660 ξυμδιϐάζοιντο
2965 1631 2980 1656 ,
3017 1593 3066 1644 εἰ
3095 1589 3139 1642 δ’
3172 1584 3288 1653 οὖν,
3324 1605 3516 1659 συμμα
3535 1616 3547 1629 -
3604 1662 3612 1672 ‘

1965 1692 2110 1762 χοῖεν
2144 1677 2262 1742 τότε
2294 1685 2434 1742 κατὰ
2466 1683 2537 1740 τὰ
2559 1685 2809 1751 δόξαντα.
2844 1685 2953 1738 Καὶ
2976 1685 3026 1737 οἱ
3060 1683 3161 1755 μὲν
3191 1681 3484 1744 ἀπέπλεον,
3515 1681 3546 1734 ὁ

1965 1783 2022 1837 δὲ
2049 1780 2304 1853 βασιλεὺς
2331 1777 2694 1848 ἐκλεξάμενος
2745 1776 3005 1847 πρέσϐεις
3043 1776 3179 1848 πρὸς
3238 1772 3547 1843 Ἀμογαϐά-

1967 1893 2096 1950 ρους
2118 1873 2438 1938 ἀπέστελλε,
2474 1873 2640 1941 τάξας
2667 1873 2761 1926 καὶ
2790 1872 2818 1925 ὃ
2844 1867 2911 1945 ἦν
2946 1871 3257 1943 βουλομένῳ
3279 1872 3328 1925 oi
3359 1869 3544 1925 δοῦναι

1963 1961 2209 2033 χρυσίον,
2256 1962 2337 2026 είς
2370 1961 2584 2017 ’ἑκατὸν
2631 1960 2882 2033 χιλιάδας
2935 1960 3291 2028 ποσούμενον,
3321 1963 3371 2015 εί
3402 1960 3446 2014 δ’
3481 1963 3544 2014 οὔ

1963 2055 2237 2119 στείϐουσι,
2270 2053 2621 2127 προστιθέναι
2677 2054 2773 2108 καὶ
2821 2054 3005 2109 πλέον.
3033 2055 3097 2109 0i
3127 2054 3260 2124 γοῦν
3285 2054 3546 2124 πρέσϐεις

1963 2151 2285 2214 ιπιστάντες
2315 2149 2471 2204 οὐδὲν
2523 2149 2721 2222 ἡνυτον
2743 2165 2780 2183 ο·
2813 2147 3012 2220 ’ἔτυχον
3055 2148 3165 2219 γὰρ
3221 2146 3546 2217 παμπληθεὶ

1964 2241 2071 2313 πρὸ
2095 2240 2318 2312 ἡμερῶν
2354 2241 2552 2294 ἐκεῖνοι
2582 2239 2682 2310 τῆς
2714 2238 2955 2294 Καλλίου
2987 2241 3540 2309 ἐκστρατευσάμενοι.

1962 2420 2263 2491 Augustum
2297 2429 2375 2486 ut,
2431 2418 2477 2473 si
2527 2417 2579 2473 ei
2635 2415 2933 2481 videretur,
2966 2415 3166 2472 debitis
3239 2424 3385 2470 retro
3441 2414 3549 2472 Ge-

1967 2516 2156 2570 nuensi
2185 2513 2497 2585 reipublicae
2541 2510 2811 2583 pecuniis,
2847 2510 2948 2564 sibi
2976 2510 3145 2581 jussis
3172 2525 3266 2565 eas
3304 2511 3546 2580 exigere,

1964 2619 2113 2664 recte
2137 2605 2514 2670 numerandis,
2547 2617 2773 2675 pergere
2802 2617 2965 2658 cursu
3013 2611 3194 2671 clepto
3230 2615 3289 2658 se
3315 2600 3545 2654 sineret.

1966 2686 2246 2757 summam
2277 2714 2441 2770 porro
2474 2699 2635 2754 istam
2691 2703 3083 2767 exaggerantes
3115 2694 3410 2749 ascendere
3432 2692 3548 2758 jac-

1966 2798 2156 2851 tabant
2209 2796 2276 2848 ad
2344 2800 2585 2847 trecenta
2631 2790 2797 2844 millia
2835 2803 3185 2845 nutnmorum
3227 2801 3543 2842 aureorum.

1964 2889 2030 2945 Et
2061 2870 2216 2944 erant
2251 2890 2304 2944 in
2352 2887 2527 2942 classe
2555 2885 2776 2955 quidam
2817 2883 3169 2955 peculiariter
3198 2881 3426 2951 delegati
3478 2883 3548 2934 ad

1963 2985 2349 3053 disceptandas
2402 2996 2523 3036 cum
2565 2981 2918 3050 imperatore,
2979 2978 3024 3034 si
3085 2977 3336 3032 dubitare
3393 2975 3544 3029 illum

1965 3089 2058 3133 aut
2092 3077 2334 3133 cunctari
2370 3074 2736 3146 contingeret,
2778 3083 2937 3142 prout
2965 3081 3094 3125 tunc
3118 3069 3338 3135 accidit,
3367 3068 3549 3146 ratio-

283 3165 424 3220 cuia.
468 3165 622 3231 Unde
682 3171 1090 3228 marchionatus
1128 3173 1284 3229 istius
1346 3176 1544 3231 subditi
1605 3175 1932 3255 rogaruntc
1965 3187 2063 3228 nes
2097 3171 2256 3238 huius
2305 3168 2568 3224 nominis.
2617 3167 2796 3235 Quare
2838 3172 2960 3221 cum
2987 3163 3216 3255 ducibus
3257 3176 3352 3231 per
3377 3163 3546 3214 inter—

279 3256 664 3325 imperatorem
691 3271 750 3314 ut
779 3260 883 3318 sibi
916 3263 1213 3332 principem
1238 3264 1396 3321 daret
1415 3281 1446 3321 e
1475 3268 1588 3323 suis
1615 3284 1677 3324 ex
1703 3269 1861 3328 irene

277 3336 401 3396 ﬁliis
458 3343 791 3412 quempiam,
855 3350 1182 3410 nominatim
1243 3361 1426 3406 autem
1487 3356 1861 3424 exposcebant

275 3428 572 3499 Joannem,
607 3437 698 3493 cui
725 3437 819 3505 jus
852 3441 1096 3500 moribus
1130 3442 1376 3511 ipsorum
1407 3445 1686 3515 peculiare
1704 3462 1859 3505 com.-

276 3537 462 3594 petere
494 3527 735 3595 aiebant,
772 3540 830 3585 ut
869 3543 996 3587 natu
1030 3536 1290 3604 maximo,
1329 3537 1397 3592 ad
1455 3541 1856 3597 succedendum

273 3619 330 3674 in
368 3621 552 3676 locum
590 3623 830 3679 defuncti
865 3629 1074 3699 absque
1109 3630 1261 3698 prole
1317 3633 1460 3687 virili
1525 3633 1714 3690 fratris
1776 3636 1857 3692 sui

273 3710 641 3781 primogeniti.
681 3716 736 3770 id
765 3715 968 3773 factum
994 3728 1076 3775 est
1109 3731 1316 3791 postea.
1361 3732 1415 3778 et
1444 3724 1662 3788 despota
1697 3725 1861 3798 599

271 3799 514 3859 Joannes
545 3805 665 3860 illnc
696 3809 968 3876 profectus
1005 3827 1228 3880 prorsus
1253 3829 1313 3870 se
1330 3816 1397 3870 ad
1423 3828 1669 3872 moreset
1700 3833 1857 3872 nsum

272 3888 536 3954 Italorum
599 3904 916 3964 transtulit.
959 3919 1026 3959 eo
1089 3905 1268 3962 fructu
1341 3910 1860 3968 accommodationis

276 3992 455 4058 istius,
486 4004 544 4048 ut
571 4011 635 4050 ea
687 3996 894 4053 deliniti
923 3997 1265 4068 Longobardi
1295 4016 1420 4056 sese
1470 4004 1571 4059 sub
1602 4004 1859 4075 principis

275 4100 500 4157 peregre
555 4089 792 4157 appulsi,
851 4090 996 4145 velut
1055 4092 1100 4149 si
1155 4102 1302 4148 esset
1337 4094 1612 4161 indigena,
1684 4099 1858 4168 impe-

277 4179 414 4233 rium
466 4179 612 4237 ultro
667 4181 993 4239 inclinarent
1035 4185 1295 4242 studiosis
1321 4187 1620 4258 obsequiis.
1654 4188 1853 4245 Verum

279 4269 395 4328 haec
456 4285 664 4343 pestea.
704 4274 858 4332 Nunc
894 4287 1074 4333 autem
1129 4279 1388 4347 appulsis,
1426 4283 1502 4335 Uti
1533 4282 1664 4347 dixi,
1714 4284 1858 4340 Con-

279 4367 658 4436 tantinpolim
714 4368 1094 4426 Genuensibus
1155 4386 1280 4429 cum
1329 4373 1506 4429 classe
1557 4379 1858 4434 uavarcbis

278 4455 409 4510 nihil
440 4455 540 4509 fuit
573 4459 858 4527 antiquius
890 4476 1081 4530 quam,
1119 4473 1279 4530 prout
1306 4464 1361 4518 in
1400 4467 1673 4521 mandatis
1697 4484 1856 4524 acce-

277 4561 493 4621 perant,
539 4554 830 4622 exquirere
879 4557 1007 4626 quid
1047 4558 1207 4613 vellet
1265 4559 1580 4629 imperator,
1632 4564 1856 4621 exhibe-

277 4660 442 4714 reque
468 4660 527 4700 se
560 4647 656 4716 ipsi
691 4660 907 4707 paratos
938 4651 1002 4704 ad
1031 4661 1277 4723 prompte
1307 4659 1572 4724 agendum
1599 4661 1742 4728 quod
1768 4659 1855 4729 ju-

277 4737 450 4793 beret.
493 4738 587 4793 ille
617 4755 723 4794 non
775 4741 1132 4800 dissimulavit
1158 4745 1238 4801 sic
1287 4761 1348 4803 se
1380 4749 1708 4817 animatum,
1795 4764 1850 4808 ut

277 4829 472 4885 bellum
503 4830 657 4885 linire
713 4835 1101 4904 compositione
1146 4851 1336 4908 pacata
1367 4857 1528 4911 quam
1575 4845 1771 4911 .pradio
1799 4859 1854 4902 et

276 4938 500 4978 cruenta
546 4925 769 4980 victoria
815 4928 957 4983 haud
1011 4931 1168 4998 paulo
1221 4934 1563 5002 expetibilius
1604 4938 1850 5004 duceret,

273 5019 485 5074 etiamsi
520 5022 807 5075 conventio
833 5021 932 5077 ista
968 5027 1179 5094 magnis
1205 5038 1348 5082 esset
1384 5031 1624 5098 pecunia:
1667 5031 1855 5102 profu-

276 5112 524 5167 sionibus
554 5115 801 5169 emenda.
836 5114 1121 5173 Rationem
1148 5135 1179 5174 a
1217 5135 1314 5176 sua
1348 5124 1579 5176 naturali
1609 5125 1850 5180 clemen-

275 5205 347 5260 tia
404 5215 678 5274 sumptam
746 5208 1032 5276 allegabat,
1096 5212 1241 5282 quod
1305 5214 1466 5269 nimis
1513 5217 1738 5271 charum
1775 5220 1855 5273 vi-

276 5301 498 5356 deretur
525 5302 784 5371 quidquid
833 5305 1012 5372 parari
1059 5315 1336 5377 oporteret
1392 5310 1565 5380 pretio
1597 5313 1719 5367 vitae
1752 5315 1852 5368 ho-

276 5395 485 5451 minum
532 5397 845 5463 multorum,
905 5408 1039 5470 quot
1084 5402 1151 5457 in.
1185 5403 1303 5457 aeie
1350 5407 1533 5472 praetio
1565 5407 1854 5461 commisso

277 5490 473 5546 cadere
503 5489 640 5546 foret
687 5507 933 5558 necesse,
986 5506 1377 5567 proptereaque
1430 5508 1731 5569 praeoptare
1770 5501 1850 5554 in-

274 5595 580 5647 cruentam,
622 5587 988 5653 quamtumvis
1019 5589 1238 5644 aliunde
1263 5591 1600 5655 damnosam,
1641 5607 1850 5659 pacem.

277 5674 367 5731 Sic
399 5692 428 5730 a
465 5676 591 5733 belli
630 5677 745 5732 alea
777 5680 1314 5740 tentanda-videntes
1343 5697 1596 5737 aversum
1629 5683 1854 5753 impera-

279 5780 450 5824 torem
487 5772 652 5826 duces
677 5771 871 5828 classis
899 5772 1227 5840 Genuensis,
1278 5774 1508 5842 indeque
1550 5775 1854 5844 intelligen-

280 5871 358 5920 ιιι
389 5863 522 5920 nihil
555 5878 675 5921 esse
710 5865 1063 5936 quamobrem
1087 5866 1198 5924 illic
1249 5876 1606 5938 morarentur,
1633 5876 1856 5922 orarunt

1963 3263 2184 3318 nuntios
2241 3259 2602 3315 tractantibus
2655 3255 3011 3328 (exsceudere
3050 3253 3249 3325 quippe
3272 3267 3337 3308 ac
3373 3264 3544 3310 naves

1963 3359 2100 3428 ipsis
2145 3354 2387 3411 creditas
2416 3353 2676 3409 deserere
2719 3348 2906 3407 ofﬁcio
2933 3359 2988 3404 et
3016 3347 3260 3418 periculo
3292 3345 3546 3416 prohibe-

1962 3447 2184 3516 bantur)
2213 3444 2584 3516 respondisset
2627 3441 2975 3498 Andronicus
3024 3438 3142 3510 plus
3169 3448 3353 3508 petere
3397 3439 3546 3508 ipsos

1961 3555 2128 3609 quam
2173 3538 2378 3594 debere
2408 3551 2468 3592 se
2498 3544 2740 3607 putaret,
2796 3531 2908 3589 litis
2946 3532 3204 3602 deinceps
3250 3529 3550 3600 sequendo

1961 3635 2134 3704 longae
2165 3632 2307 3686 haud
2330 3629 2432 3684 sibi
2457 3642 2581 3684 esse
2609 3627 2780 3682 otium
2828 3635 3136 3689 causat'ttes,
3200 3623 3546 3692 exposituros

1960 3740 2023 3782 se
2047 3726 2099 3780 in
2131 3735 2336 3780 terram
2384 3737 2524 3793 quos
2551 3719 2707 3789 hujus
2739 3720 2957 3791 proprie
3001 3733 3180 3773 causa:
3243 3718 3544 3771 instructos

1964 3827 2293 3874 tractatores
2349 3816 2616 3871 ducerent
2669 3824 3035 3883 reposuerunt
3103 3818 3211 3866 :se
3245 3825 3370 3864 vero
3400 3811 3544 3878 ipsos

1960 3927 2068 3980 quo
2093 3910 2306 3982 negotia
2331 3909 2593 3964 instantia
2617 3917 2894 3971 vocarent,
2917 3904 3107 3960 statim
3135 3905 3248 3958 vela
3279 3902 3540 3958 facturus.

1960 4003 2219 4059 Libenter
2253 4019 2312 4059 se
2345 4017 2482 4072 quos
2515 4012 2882 4056 memorarem
2933 3998 3149 4072 legatos
3183 3997 3544 4052 admissurum

1959 4099 2244 4166 respondit
2273 4097 2606 4166 imperator;
2640 4107 2704 4148 ac
2735 4107 2873 4165 quos
2901 4091 3140 4146 retinere
3173 4105 3277 4145 nou
3310 4077 3542 4158 peierat,

1959 4193 2122 4263 600
2140 4191 2451 4246 festinantes
2470 4188 2738 4244 Euxinum
2764 4200 2952 4242 versus
2981 4185 3051 4241 ob
3069 4193 3326 4255 urgentes
3347 4198 3545 4252 oppor-

1965 4287 2227 4341 tunitates
2276 4282 2778 4344 distraliendarum,
2819 4279 3017 4349 quibus
3071 4288 3327 4333 oneratas
3379 4291 3546 4331 naves

1965 4379 2272 4444 traherent,
2319 4375 2706 4440 mercium,eo
2759 4388 2870 4446 quo
2922 4372 3274 4428 intendebant
3317 4379 3543 4426 cmteros

1961 4487 2152 4528 omnes
2190 4471 2494 4528 navarebos
2549 4484 2740 4538 passus
2793 4479 2873 4523 est
2907 4468 3137 4529 solvere,
3172 4476 3401 4535 quatuor
3447 4479 3544 4518 ex-

1966 4567 2160 4636 ceptis,
2195 4581 2331 4638 quos
2365 4580 2487 4621 cum
2527 4563 2768 4626 totidem,
2824 4576 2958 4631 quas
3010 4560 3332 4621 ductabant,
3382 4559 3541 4611 trire-

1964 4660 2164 4722 mibus,
2221 4663 2424 4712 navare
2468 4655 2572 4710 sibi
2629 4669 2848 4724 operam
2897 4652 3063 4706 voluit
3103 4659 3249 4705 certa
3288 4651 3542 4703 mercede

1955 4750 2250 4811 constituta
2277 4746 2646 4804 custodiendis
2682 4745 2854 4818 Abydi
2900 4743 3145 4799 faucibus
3163 4753 3217 4795 et
3246 4741 3545 4812 impedien-

1959 4843 2033 4898 do
2060 4858 2156 4913 per
2179 4841 2375 4896 fretum
2407 4841 2640 4909 trajectu
2675 4835 2965 4893 Persarum
3015 4845 3237 4901 tutaque
3260 4848 3288 4896 ο
3329 4833 3541 4901 piratis,

1956 4937 2010 4993 si'
2042 4938 2132 5008 qui
2161 4950 2223 4990 ea
2270 4935 2443 4989 maria
2471 4933 2733 4987 infestare
2796 4936 3094 4990 tentarent,
3145 4941 3240 4982 ora
3281 4925 3368 4980 illa
3401 4939 3542 4993 prte-

1909 5058 1913 5062 -
1957 5032 2174 5087 standa.
2205 5029 2476 5084 Ceterum
2517 5026 2603 5082 bis
2625 5022 2970 5081 denuntiavit
3010 5020 3145 5076 velle
3177 5035 3236 5075 se
3268 5018 3546 5088 abstinere

1957 5124 2102 5192 ipsos
2127 5136 2154 5175 a
2180 5122 2230 5174 vi
2267 5121 2514 5174 hostibus
2544 5116 2826 5172 inferenda
2877 5128 3050 5182 usque
3077 5113 3143 5166 ad
3175 5113 3314 5166 diem
3342 5125 3379 5167 ,a
3405 5125 3545 5180 prte-

1957 5215 2094 5269 senti
2132 5213 2451 5273 vicesimun,
2484 5227 2550 5264 ne
2588 5216 2879 5264 tractatum
2925 5202 3218 5274 quemdam
3245 5203 3353 5272 jam
3385 5202 3546 5256 insti-

1959 5315 2128 5361 tutum
2157 5307 2300 5375 pacis
2330 5302 2707 5372 intempestiva
2733 5298 2872 5355 forte
2899 5297 3067 5369 praelii
3103 5294 3412 5351 commissio
3436 5296 3546 5349 dis-

1952 5399 2166 5469 jiceret.
2228 5396 2356 5451 Post
2408 5410 2531 5449 eum
2599 5392 2892 5448 terminum
2933 5429 2956 5464 ρ,
2991 5391 3036 5445 si
3089 5388 3382 5443 conventio
3432 5402 3538 5440 non

1958 5493 2315 5555 c0aleseernt,
2341 5499 2453 5542 tum
2487 5501 2618 5542 sane
2649 5500 2809 5540 arma
2828 5483 3147 5552 expedirent
3173 5481 3552 5550 virtutemque

1961 5593 2354 5642 monstrarent.
2392 5581 2482 5637 Sic
2515 5581 2786 5650 pleneque
2813 5577 3162 5646 appulsarum
3213 5572 3538 5629 Genua-na-

1958 5682 2129 5741 vium,
2185 5685 2414 5745 quatuor
2479 5671 2710 5735 relictis,
2764 5653 2997 5723 ulterius
3050 5665 3356 5736 navigando
3413 5673 3542 5717 sum

1957 5781 2247 5842 provect-tr.
2302 5768 2602 5837 Imperator
2657 5775 2839 5818 autem
2907 5762 3145 5817 delectos
3202 5761 3410 5828 legatos
3467 5758 3539 5812 ad

1959 5867 2330 5934 A'nogaharos
2357 5859 2524 5927 misit,
2559 5873 2680 5914 cum
2707 5855 2975 5912 mandatis
3010 5852 3268 5910 oﬂ‘ercndi
3298 5851 3379 5909 eis
3404 5865 3430 5905 a
3455 5863 3540 5918 se,
