4066 6286
488 325 594 399 663

1710 347 2024 410 GEORGII
2062 351 2543 420 PACHYMER/E

3629 347 3747 420 664

419 485 430 497 -
487 451 747 548 γέστερον
794 457 1168 548 ῖπολιόρκουν.
1215 461 1326 517 Καὶ
1351 459 1416 517 τά
1458 457 1556 535 μὶν
1592 456 1784 534 πρῶτα
1833 467 1932 539 τὴν
1961 467 2053 522 τοῦ
2084 472 2130 532 Α
2162 473 2399 529 Καλλίου
2451 475 2782 547 βαδίζουσιν.
2843 476 3226 548 Διδυμοτείχου
3282 476 3376 531 καὶ
3423 477 3549 531 λίαν
3599 476 3750 530 ἀπέ-

489 541 713 618 Βαρέως
763 546 907 604 οὕτω
961 551 1141 624 πύλην
1200 554 1568 626 καλουμένην,
1629 555 1740 627 πῦρ
1794 559 2050 625 ἐνιέντες,

487 639 858 711 πυρπολοῦσι-θ
901 643 982 707 είς
1011 645 1196 709 τέλοςο
1229 647 1306 712 ὡς
1347 647 1392 700 δ’
1424 647 1635 704 ἔνδοθεν
1669 652 1762 704 καὶ
1802 647 1940 723 αὕτη
1979 653 2053 724 τῷ

488 733 554 789 ἐκ
586 737 802 809 πετρῶν
829 739 1141 810 τειχίσματι
1173 743 1632 813 περιεφράγνυτο,
1663 745 2057 817 ἁμηχανήσαν-

485 837 580 892 τες
630 829 906 893 ἑλεπόλεις
945 833 1146 887 laedat.
1186 834 1292 887 Kal
1341 834 1643 906 μηχάνημά
1675 854 1726 888 τι
1776 837 2057 908 πολιορκι-

490 923 608 989 xliv,
658 925 1088 996 προωθουμένην
1121 928 1421 991 εὐκινήτως
1459 927 1544 999 [Ρ.
1589 927 1717 1001 422]
1757 928 2058 1001 ὑπότροχον

488 1014 754 1085 κλίμακα,
793 1016 1020 1087 βύρσαις
1051 1019 1188 1088 βοῶν
1221 1017 1291 1073 δι’
1314 1021 1435 1074 ὅλου
1465 1023 1908 1093 κεκαλυμμένην,
1941 1023 2060 1089 ἐξε-

485 1107 850 1177 τοιμάσαντες
884 1111 1023 1182 πρὸς
1045 1114 1157 1174 τοῖς
1189 1111 1424 1181 τείχεσιν
1451 1107 1634 1175 ἴστων,
1669 1116 1908 1180 καὶτοὺς
1939 1118 2058 1171 tm.

485 1203 828 1272 ϐησομένους
877 1204 1197 1276 ἐξώτρυνον.
1232 1198 1342 1260 Ἦν
1374 1206 1416 1260 δ’
1450 1207 1506 1260 ἐν
1540 1207 1722 1273 αὐτοῖς
1755 1209 1848 1264 καὶ
1888 1213 1915 1264 ὁ
1945 1210 2056 1264 Φα-

489 1295 652 1362 ρέντα
705 1295 919 1365 Τζιμῆς
953 1298 1196 1367 σημαίαν
1247 1301 1369 1361 ταῖς
1404 1302 1560 1372 χερσὶ
1617 1302 1798 1374 φέρων
1849 1301 1946 1355 καὶ
1999 1303 2058 1369 ιε

485 1387 664 1460 ἄκρας
724 1391 966 1462 κορύζης
1027 1391 1131 1463 me
1195 1392 1299 1462 μὲν
1357 1392 1606 1457 Σικελίας
1660 1393 2058 1465 φημιζὸμενος,

486 1481 708 1546 εὔελπις
739 1481 815 1534 ὣν
842 1485 932 1536 καὶ
959 1483 1054 1537 ἐπὶ
1077 1487 1143 1555 τῇ
1169 1483 1366 1539 ἁλώσει
1396 1485 1519 1542 ὅσον
1537 1485 1695 1543 οὔπω
1721 1485 1818 1540 τοῦ
1844 1488 2056 1552 ἄστεος.

499 1565 592 1627 Ἐκ
624 1574 809 1643 χειρὸς
830 1573 1013 1627 τοίνυν
1043 1576 1394 1646 καταστάσης
1437 1577 1535 1648 τῆς
1565 1577 1742 1649 μάχης
1769 1580 1864 1633 καὶ
1895 1581 2061 1652 ἀναρο

489 1655 810 1729 ριχωμὲνων
858 1660 961 1732 ἤδη
991 1663 1100 1715 τῶν
1148 1662 1523 1734 θερμοτέρων,
1556 1667 1606 1718 οί
1633 1665 1785 1730 ἐντὸς
1824 1669 2057 1723 ἀντιπα-

485 1741 826 1820 λαμὼμενοι,
858 1751 1012 1806 κίονα
1050 1757 1271 1824 μακρὰν
1311 1750 1851 1826 ὑπαναϐιόασάμενοί
1876 1774 1935 1810 τε
1969 1758 2060 1812 καὶ

2157 584 2348 639 σχοντο
2371 584 2387 600 ·
2431 571 2526 623 καὶ
2557 571 2666 644 γάρ
2704 574 2731 625 ὀ
2765 570 3017 641 βασιλεὺς
3053 570 3270 642 Μιχαὴλ
3316 571 3529 624 ἐκεῖθεν
3568 569 3757 639 ἐξώρ-

2159 676 2301 729 μησε
2333 660 2428 716 καὶ
2463 663 2594 735 περὶ
2625 663 2990 738 τὴν,Μόῤῥαν
3017 663 3282 733 διέτρισε,

2157 772 2226 830 κ’.
2257 777 2584 850 ιιάτατωτὴ
2621 778 2721 836 καί
2748 779 2925 861 αὔρας
2955 778 3076 861 τίῆν
3099 781 3166 848 ἐς
3197 778 3427 847 Δάζους
3455 781 3754 849 ἀναχθει-

2766 867 2898 906 σων
2929 867 3114 918 νηων.
3606 878 3609 879 ν

2231 942 2374 1013 Πρὶν
2403 944 2448 998 δ’
2480 945 2679 1009 αὐτοὺς
2725 945 2843 999 ἐκεῖ
2867 946 3258 1016 παραγγεῖλαι,
3303 944 3425 1000 ἐπεὶ
3460 946 3556 1000 καὶ
3585 947 3648 1001 al
3687 943 3755 999 ἔκ

2159 1033 2425 1099 Γεννούας
2463 1037 2587 1107 νῆες
2620 1038 2685 1090 ὲκ
2708 1034 3116 1106 Τραπεζοῦντος
3140 1039 3238 1092 καὶ
3271 1034 3382 1093 τῶν
3410 1041 3524 1094 άνω
3557 1040 3755 1092 τόπων

2161 1123 2473 1196 κατάρασαι
2518 1126 2820 1196 προσέσχον
2843 1129 2909 1196 τῇ
2951 1128 3362 1183 Κωνσταντίνου
3394 1130 3486 1182 καὶ
3513 1128 3621 1202 ἢδη
3659 1129 3754 1179 ἐπ’

2160 1217 2313 1270 οῖκου
2345 1216 2569 1286 ἔμελλον
2595 1218 2858 1273 ἀποπλεῖν
2889 1219 3032 1289 (οὐδὲ
3063 1221 3173 1288 γὰρ
3207 1219 3386 1276 ἐδόκει
3413 1219 3492 1291 τῷ
3527 1217 3756 1289 βασιλεῖ

2163 1310 2572 1381 παρακατέχειν
2621 1313 2762 1380 σφᾶς
2803 1311 2946 1364 κατὰ
2990 1311 3347 1382 συμμαχίανο
3393 1313 3582 1375 αὐτοῖς
3646 1310 3756 1381 μὲν

2163 1403 2271 1475 γὰρ
2295 1405 2396 1457 οὐκ
2420 1399 2487 1475 ἦν
2508 1402 2650 1458 κατὰ
2676 1403 2780 1473 γῆν
2806 1402 3082 1473 πολεμεῖν,
3124 1403 3181 1458 ’Δ
3192 1403 3494 1475 μογάεαροι
3517 1404 3574 1457 δὲ
3607 1410 3754 1456 κατο

2163 1496 2314 1550 ἐθεον
2375 1496 2474 1568 τὴν
2537 1497 2868 1567 μεσόγειον),
2907 1502 3045 1561 τέως
3087 1497 3131 1552 δ’
3158 1497 3296 1568 ὅπερ
3324 1492 3394 1568 ἦν
3435 1498 3624 1552 αὐτοῖς
3649 1497 3759 1549 δυο

2162 1590 2322 1643 νατὸν
2347 1589 2442 1642 καὶ
2465 1588 2540 1659 τῷ
2564 1587 2777 1660 βασιλεῖ
2799 1590 3074 1660 χρήσιμον
3101 1591 3483 1661 κατεφαίνετο,
3513 1589 3758 1656 βασιλέα

2163 1673 2224 1731 τε
2261 1678 2448 1748 ἠξίουν
2499 1679 2638 1748 ὅπερ
2670 1678 2736 1732 ἂν
2788 1678 3032 1748 βούλοιτο
3079 1680 3458 1749 προστάττειν.
3495 1677 3584 1751 [Ρ.
3615 1677 3754 1749 425]

2179 1767 2238 1820 '(l
2265 1768 2319 1822 δὲ
2353 1770 2418 1822 ὲκ
2449 1769 2687 1840 παρόδου
2719 1770 3013 1838 προσσχεῖν
3044 1772 3109 1840 τῇ
3137 1767 3377 1823 Καλλίου
3403 1767 3757 1838 προσέταττε

487 1842 932 1914 προσαράξαντες
975 1846 1040 1898 ἐκ
1078 1839 1173 1899 τοῦ
1208 1845 1485 1918 αίφνηδξιν,
1522 1849 1581 1902 τὸ
1619 1849 1718 1918 μὲν
1762 1850 2060 1922 μηχάνημα
2087 1827 2136 1888 Β
2167 1855 2260 1908 καὶ
2309 1859 2506 1927 πεῖραν
2534 1827 2864 1927 ’προτάξας
2899 1827 3166 1913 ’.κάκεῖνοι
3219 1827 3536 1928 ὑφίσταντο,
3593 1858 3760 1930 παρά

488 1935 835 2000 κατασπῶσι,
869 1937 1078 2006 πάντας
1107 1933 1165 1993 δὲ
1195 1942 1324 2004 τοὺς
1359 1943 1476 1995 ἐκεῖ
1512 1944 2062 2016 μεταχειριζομένους

488 2028 667 2101 φθορᾷ
693 2030 1134 2099 προσεπέλασαν.
1162 2034 1276 2090 Καὶ
1299 2032 1444 2089 οὕτω
1473 2030 1574 2106 μὲν
1603 2038 1932 2105 ἀπογνόντες
1961 2040 2063 2112 τῆς

487 2123 921 2189 ἀπαναστάσεως
972 2118 1258 2196 ἅπτονται,
1289 2129 1390 2183 οὐκ
1422 2130 1635 2200 ὀλίγους
1681 2132 1884 2206 ἄνδρας
1913 2135 2066 2204 ἀρεῖ-

488 2219 621 2280 κοὺς
663 2212 1052 2283 ἀποϐαλόντες.
1087 2219 1356 2276 Κάκεῖθεν
1385 2223 1686 2295 Παμφύλου
1735 2225 2060 2297 πειρῶνται,

450 2333 453 2335 ν
490 2310 657 2365 κάκεῖ
707 2311 776 2367 τὰ
826 2312 988 2385 ὅμοια
1045 2309 1345 2384 δράσαντες
1400 2319 1498 2373 καὶ
1542 2317 1808 2384 παθόντες
1842 2319 1937 2374 ἐπὶ
1965 2319 2065 2391 τὴν

491 2504 759 2562 praeterea
827 2496 1124 2553 traderent.
1184 2487 1257 2552 Ea
1314 2497 1358 2554 si
1393 2497 1604 2562 ﬁerent,
1665 2498 2064 2571 pollicebantur

493 2587 692 2642 nemini
747 2586 1214 2648 Orestiadensium
1278 2592 1574 2663 quidquam
1632 2584 1687 2649 se
1741 2595 1809 2649 de
1860 2607 2064 2650 cretero

493 2680 761 2736 molestia:
823 2682 1094 2738 illaturos.
1132 2681 1237 2739 Ubi
1301 2696 1480 2741 autem
1539 2689 1733 2742 surdos
1786 2689 1851 2742 ad
1887 2689 2064 2743 omnia

493 2763 752 2831 obsessos
787 2785 1130 2846 repererunt,
1183 2779 1248 2834 ad
1288 2781 1745 2836 vehementiorem
1779 2797 1836 2837 se
1892 2797 2064 2852 uppn-

491 2869 804 2938 gnationem
839 2870 1210 2942 accingentes,
1251 2883 1376 2926 ante
1412 2873 1590 2926 omnia
1623 2883 1857 2942 portam,
1894 2874 1981 2928 cui
2037 2889 2067 2928 ιι

496 2952 641 3033 Bury
702 2977 795 3018 seu
852 2961 1016 3037 Crapi
1071 2978 1267 3018 nomen
1302 2974 1440 3028 erat,
1488 2967 1609 3037 igne
1639 2967 1838 3035 injecto
1869 2983 2070 3023 consu-

497 3065 653 3111 munt
691 3065 881 3120 totam,
931 3057 1079 3111 aditu
1114 3072 1210 3127 per
1237 3058 1287 3111 id
1327 3059 1523 3113 ostium
1551 3059 1662 3129 jam
1710 3071 1899 3131 patens
1932 3061 2066 3132 ipsis

2163 1965 2327 2002 τινων
2373 1949 2765 2021 εὐαριθμήτων
2797 1950 3200 2022 φυλασσομένη,
3254 1951 3349 2004 καί
3381 1966 3434 2005 τι
3474 1953 3756 2018 γενναῖον.

2166 2042 2215 2094 εί
2245 2041 2549 2118 δυνηθεῖεν,
2585 2043 3060 2113 διαπραξαμένους
3088 2043 3283 2098 ἔπειτα
3326 2045 3618 2098 ἀποπλεῖν.
3661 2045 3758 2106 Ὠς

2168 2129 2305 2197 γοῦν
2339 2132 2664 2203 προσέσχον,
2699 2133 2879 2205 μάχην
2925 2135 3298 2204 συστήσαντες
3331 2135 3393 2188 τδ
3424 2134 3523 2204 μὲν
3573 2136 3758 2205 ἐμπό-

2169 2238 2285 2294 ριον
2327 2225 2626 2294 πυρπολεῖν
2652 2225 3015 2298 ἐπιχειροῦσι,
3063 2224 3177 2297 πῦρ
3204 2225 3250 2279 δ’
3284 2225 3616 2291 ἑναύσαντες
3656 2226 3757 2281 καί

2166 2330 2290 2369 τινα
2317 2313 2425 2370 τῶν
2454 2316 2598 2386 νηῶν
2631 2316 2963 2388 ὲφορμῶσαν
2984 2314 3062 2388 τῷ
3093 2317 3274 2390 λιμένι
3309 2318 3760 2388 καταφλέξαντες

2170 2494 2404 2551 admissa
2433 2513 2448 2550 ι
2483 2493 2632 2549 illinc
2665 2494 2808 2548 enim
2836 2496 3085 2564 erupisse
3117 2510 3240 2552 cum
3271 2512 3437 2554 manu
3469 2497 3652 2554 valida
3684 2498 3754 2554 ad

2170 2605 2287 2656 eos,
2323 2591 2366 2644 si
2420 2604 2485 2643 eo
2518 2590 2658 2643 viam
2715 2599 3068 2656 attentareut,
3104 2592 3421 2662 priusquam
3458 2592 3756 2649 admovere

2170 2698 2241 2739 se
2267 2696 2505 2752 possent.
2540 2684 2828 2740 caedendos
2855 2683 3176 2739 Michaelem
3230 2686 3530 2757 Augustum
3590 2700 3757 2742 acce-

2170 2788 2383 2848 perant,
2424 2777 2525 2832 hac
2575 2778 2690 2848 ipsa
2768 2779 3182 2848 exspectatione
3224 2779 3430 2834 circum
3471 2777 3754 2835 Mori-ham

2169 2871 2564 2926 considentem.

2170 2984 2262 3040 20.
2304 2985 2575 3041 Secundus
2607 2987 2860 3056 appulsus
2907 2989 2961 3043 in
3002 2989 3182 3044 urbem
3223 2988 3472 3044 reducum
3513 3003 3541 3044 e
3582 2981 3754 3044 Lazis

2211 3067 2215 3069 “
2644 3058 2999 3113 Genuemium
3039 3060 3271 3115 navium.

498 3143 673 3207 libero
731 3148 937 3215 futuro,
994 3149 1098 3204 nisi
1138 3149 1284 3206 cives
1316 3163 1790 3222 przeocmipassent
1851 3169 2064 3210 murum

2246 3151 2565 3221 Priusquam
2605 3164 2786 3208 autem
2821 3153 3151 3222 Amogabari
3207 3151 3510 3221 Callipolim
3563 3166 3756 3217 rever-

498 3236 647 3299 intus
678 3257 710 3297 e
738 3237 916 3313 lapide
975 3253 1241 3298 structum
1299 3243 1430 3312 ipsis
1472 3258 1766 3315 opponere.
1827 3244 1942 3302 Hoc
1995 3246 2070 3302 illi
2109 3236 2139 3242 ⁷
2178 3242 2394 3308 tisseut,
2429 3244 2686 3313 appulere
2733 3245 3264 3314 ConstantinOpolim
3299 3247 3528 3301 reduces
3559 3245 3756 3301 e'I'ra-

496 3337 617 3392 viso
679 3336 1034 3406 desperantes
1092 3335 1214 3390 illac
1282 3337 1616 3408 ingressum.
1681 3337 1747 3393 ad
1790 3339 2075 3396 machinas

499 3425 802 3481 moliendas
860 3426 1103 3480 animum
1166 3426 1467 3496 appellunt.
1524 3426 1905 3483 Constructam
1941 3444 2076 3499 ergo

500 3518 693 3572 turrim
724 3515 870 3571 intus
899 3517 1042 3571 scala
1075 3517 1340 3584 perviam,
1369 3517 1626 3584 subject-is
1659 3517 1793 3572 rotis
1823 3518 2075 3574 mobilem

499 3621 554 3666 et
608 3611 819 3665 taurino
871 3609 1112 3664 exterius
1150 3610 1300 3664 corio
1355 3611 1716 3681 undecunque
1755 3621 2074 3682 protectam,

504 3685 675 3758 muris
707 3705 1031 3769 admovent;
1071 3702 1588 3773 conscensurosque
1649 3705 1701 3758 in
1733 3705 1877 3758 illam
1905 3731 1909 3734 -
1935 3706 2079 3762 mili-

505 3806 610 3860 tes,
645 3809 708 3846 ac
731 3809 826 3862 per
858 3807 974 3846 eam
1007 3807 1217 3846 summa
1256 3795 1543 3864 pinnarum
1579 3795 1732 3850 urbis
1780 3807 2079 3865 occupatu-

505 3904 596 3943 ros
626 3887 688 3939 ad
723 3903 832 3942 rem
862 3894 1085 3942 strenue
1109 3887 1422 3954 gerendam,
1461 3886 1813 3942 adhortantes
1844 3897 1898 3942 et
1941 3904 2076 3958 ιιι-ω·
2104 3904 2107 3907 ·

505 3983 607 4036 mia
639 3980 944 4053 pollicendo
975 3980 1242 4033 animant.
1278 3977 1566 4034 Eminebat
1623 3981 1764 4034 inter
1820 3982 1918 4036 hos
1952 3983 2078 4036 hor-

505 4086 710 4131 tatores
755 4069 1040 4129 Pbareuda
1103 4072 1322 4128 Tzimes
1351 4075 1602 4128 vexillum
1644 4084 1861 4144 gestans
1914 4076 2080 4130 mani-

504 4177 629 4238 bus,
662 4189 820 4244 quem
859 4171 1131 4242 arroganti
1167 4170 1400 4226 ludibrio
1431 4171 1847 4225 circumstantes
1878 4169 2077 4226 Siciliae

510 4283 686 4339 regem
745 4266 1133 4336 prtedicabaut.
1195 4262 1364 4332 Hujus
1417 4279 1480 4318 ea
1509 4269 1837 4319 cernebatur
1905 4264 2079 4327 conli-

507 4361 686 4416 dentia
719 4359 1056 4415 contumacis
1090 4359 1226 4420 oris,
1259 4367 1316 4410 ut
1349 4356 1505 4410 facile
1566 4350 1797 4411 sentires
1830 4358 1982 4425 quasi
2012 4356 2079 4412 de

503 4455 612 4518 jam
645 4464 798 4524 capta
854 4453 1023 4520 ipsum
1088 4449 1190 4502 sibi
1257 4449 1481 4504 civitate
1524 4448 1872 4518 applaudcre.
1914 4448 2074 4502 Manu

2176 3342 2408 3404 pezunte
2461 3351 2525 3389 ac
2559 3335 2695 3392 locis
2757 3335 3130 3406 superioribus
3164 3334 3534 3391 Genuensiutn
3580 3351 3754 3393 naves

2175 3443 2310 3496 quas
2339 3442 2404 3482 eo
2436 3428 2708 3497 profectas
2738 3429 2996 3484 diximus.
3051 3427 3142 3483 Hae
3175 3444 3296 3483 cum
3317 3429 3426 3501 jam
3464 3438 3654 3484 essent
3697 3427 3753 3482 in

2179 3521 2463 3589 procinctu
2493 3521 2738 3577 solvendi
2773 3523 2992 3577 domum
3018 3537 3233 3591 versus,
3276 3522 3536 3593 quoniam
3569 3525 3750 3591 impe-

2177 3625 2327 3667 ralot'
2380 3615 2764 3676 terrestribus.
2801 3629 2906 3668 non
2946 3614 3235 3670 maritimis
3272 3630 3441 3685 egens
3500 3612 3751 3680 auxiliis,

2176 3706 2366 3773 utique
2459 3706 2728 3761 adversus
2790 3706 3162 3776 Amogabaros
3206 3707 3605 3762 mediterranea
3661 3722 3757 3759 va-

2183 3788 2392 3850 stvntes
2424 3791 2764 3860 (Genuenscs
2816 3805 2995 3850 autem
3055 3796 3387 3852 exscendere
3441 3795 3750 3854 acbellum

2181 3899 2325 3942 terra
2389 3903 2580 3955 gerere
2650 3903 2723 3965 se.
2768 3889 3037 3956 negabant
3090 3888 3301 3961 posse),
3359 3905 3454 3945 eas
3507 3889 3754 3943 detinere

2181 3981 2247 4035 ad
2309 3980 2410 4035 sibi
2477 3980 2816 4035 militandum
2873 3997 2983 4037 non
3041 3981 3196 4036 duxit
3256 3997 3436 4052 Opera:
3495 3982 3753 4050 pretium,
3829 4040 3831 4042 ,

2179 4074 2346 4129 duces
2408 4089 2594 4129 earum
2661 4077 2964 4144 Angustum
3042 4077 3095 4129 in
3176 4075 3424 4143 digressu
3497 4075 3755 4129 salutan—

2182 4175 2280 4228 tes.
2332 4166 2380 4221 ei
2438 4182 2496 4222 se
2557 4165 2795 4223 ollieiose
2841 4178 3120 4237 promptos
3177 4168 3484 4222 obtulerunt
3526 4168 3593 4221 ad
3657 4183 3754 4220 na-

2180 4262 2431 4324 vandam,
2491 4261 2536 4313 si
2595 4274 2760 4329 quam
2823 4260 3062 4328 inberet,
3148 4261 3438 4314 militarem
3508 4274 3750 4330 cperam.

2179 4350 2272 4406 Ille
2323 4352 2561 4405 ostendit
2628 4363 2843 4418 gratum
2892 4353 2994 4408 sibi
3038 4352 3301 4418 facturos,
3358 4354 3402 4407 si
3437 4354 3752 4423 priusquam

2182 4445 2296 4498 Vrla
2358 4443 2598 4500 facerent
2659 4446 2712 4499 in
2779 4445 3005 4508 Italiam,
3066 4447 3245 4502 obiter
3295 4447 3647 4502 admoverent
3698 4462 3757 4501 se

508 4549 673 4616 igitur
726 4547 790 4597 ad
849 4542 987 4597 muri
1050 4542 1302 4596 viciniam
1377 4541 1625 4595 machina
1687 4549 1955 4610 promota.
2014 4555 2076 4594 ac
2110 4529 2155 4587 Ῑ)
2185 4538 2454 4609 Gallipoli,
2490 4550 2543 4594 et
2585 4556 2703 4608 qua:
2729 4540 2836 4595 illic
2866 4555 2925 4595 se
2956 4539 3177 4595 offerret
3207 4543 3280 4594 rei
3331 4543 3465 4594 bene
3510 4541 3759 4606 gerenda:

509 4635 896 4693 fervidioribus
961 4634 1272 4702 quibusque
1327 4631 1443 4701 jam
1481 4646 1641 4700 super
1676 4646 1794 4687 eam
1848 4646 2081 4686 ascensu
2186 4632 2432 4693 occasio,
2491 4640 2812 4702 captarent:
2861 4631 2964 4686 sibi
2997 4631 3140 4685 enim
3181 4631 3421 4686 nuntiari
3450 4647 3654 4701 paucos
3685 4628 3756 4684 ibi

508 4742 730 4786 strenuo
795 4735 1104 4798 superatam
1196 4727 1490 4792 stantibus,
1568 4727 1883 4780 defensures
1943 4724 2083 4779 muri
2186 4725 2558 4795 prtesidiarios
2580 4725 2826 4792 relictos,
2859 4735 2913 4779 et
2937 4713 3169 4778 fortasse
3192 4739 3295 4778 non
3331 4739 3527 4795 magno
3559 4733 3755 4779 conatu

511 4827 722 4894 longam
758 4832 811 4876 et
837 4835 1170 4893 praegravem
1218 4819 1285 4874 ad
1316 4820 1416 4874 boe
1454 4819 1505 4872 in
1556 4819 1609 4872 id
1643 4816 1917 4888 fastigium
1960 4828 2086 4872 ante
2187 4820 2305 4890 capi
2335 4835 2514 4874 arcem
2553 4821 2698 4874 illam
2722 4835 2905 4890 posse.
2945 4821 2997 4874 Si
3030 4821 3158 4888 quid
3192 4819 3296 4874 tale
3329 4818 3660 4886 reperiretur
3705 4829 3760 4872 et

510 4916 780 4970 sublatam
812 4917 1068 4966 deorsum
1111 4910 1421 4965 columnam
1480 4909 1848 4974 devolventes,
1886 4900 2081 4964 turrim

515 5005 695 5067 subito
756 5018 886 5058 casu
918 5001 1173 5056 afﬂictam
1209 5000 1491 5069 dejiciunt,
1537 4998 1699 5070 605
1749 5012 2084 5068 cunctosque

515 5099 568 5152 in
634 5111 695 5150 ea
734 5105 979 5166 repertos
1026 5093 1300 5158 obternnt,
1334 5092 1469 5146 alios
1495 5088 1742 5161 'quoqne
1775 5091 2083 5156 universos,

515 5191 606 5259 qni
672 5189 878 5243 circum
909 5201 1103 5257 magno
1157 5187 1396 5254 undique
1457 5198 1684 5237 numero
1746 5184 2086 5251 satagebant,

520 5285 636 5352 pari
667 5283 822 5338 rttina
881 5282 1243 5336 involventes.
1302 5278 1409 5334 lslo
1455 5277 1778 5349 Amogabari
1835 5293 2087 5332 succi-san

520 5376 750 5446 denique
783 5372 1033 5446 persuasi
1056 5369 1200 5429 haud
1233 5387 1454 5426 suarum
1492 5385 1615 5425 esse
1668 5370 1862 5423 virium
1921 5385 2089 5439 expue

517 5469 830 5539 gnatiouem
863 5467 1012 5522 urbis
1043 5467 1185 5531 talis,
1215 5467 1389 5522 soluta
1420 5466 1540 5520 inde
1565 5463 1847 5518 obsidione
1868 5465 2088 5526 alzeunt,

520 5579 626 5618 non
652 5563 837 5633 paucis
865 5560 1245 5630 virislfortibus
1262 5559 1498 5614 amissis.
1517 5557 1645 5612 lude
1675 5558 1898 5627 profecti
1933 5555 2090 5609 Pam-

520 5655 739 5726 phylnm
771 5664 1002 5708 tentant.
1038 5653 1144 5707 Sed
1176 5651 1263 5707 hic
1315 5665 1531 5718 quoque
1564 5659 1682 5719 post
1736 5658 1856 5702 acta
1891 5648 2091 5728 similia

524 5749 674 5817 paria
712 5747 879 5818 passi,
929 5748 1233 5817 tiallipolim
1286 5746 1389 5801 iter
1444 5745 1754 5804 intendunt.
1815 5758 1882 5796 ne
1919 5743 2090 5812 prima

519 5842 742 5916 Quidem
776 5841 940 5900 vicini
967 5842 1324 5915 Didymotichi
1361 5830 1708 5912 oppugnandi
1767 5833 2091 5910 cogitatione

2151 4937 2156 4942 ·
2192 4915 2322 4982 ipsis
2353 4913 2499 4972 brevi
2538 4924 2780 4983 tempore
2815 4910 3022 4966 facinus
3042 4912 3204 4965 cdere
3233 4909 3450 4979 aliquod
3492 4925 3762 4965 memora-

2194 5009 2299 5062 bile
2349 5007 2709 5075 eontingeret,
2757 5011 2864 5055 tum
2896 5016 3030 5057 sane
3064 5015 3262 5070 magna
3291 5001 3431 5067 apud
3469 5013 3530 5055 se
3562 5001 3759 5068 gratia,

2194 5102 2306 5170 pari
2336 5099 2436 5153 sibi
2495 5098 2626 5164 ipsis
2660 5095 2853 5163 gloria,
2885 5094 3093 5163 exigua:
3123 5108 3288 5148 morae
3324 5092 3481 5147 facile
3541 5107 3762 5161 repara-

2196 5194 2288 5248 bili
2319 5191 2484 5262 606
2503 5198 2652 5255 parta
2683 5187 2987 5256 dispendio.
3017 5187 3250 5252 patriam
3281 5183 3430 5239 lucro
3459 5194 3514 5239 et
3557 5184 3761 5239 honore

2199 5288 2471 5339 auctiores
2509 5289 2837 5350 repeterent.
2861 5280 3085 5334 Assensi
3130 5279 3273 5333 haud
3303 5279 3577 5333 illibenter
3602 5278 3762 5332 Calli-

2195 5378 2357 5444 pulim
2390 5375 2574 5430 infesti
2625 5374 2872 5437 tendunt,
2933 5373 3218 5439 primoque
3268 5372 3766 5438 impetneonautur

2194 5470 2500 5540 emporium
2550 5466 2664 5522 arci
2720 5461 3038 5534 proximum
3085 5463 3398 5520 incendere.
3430 5464 3508 5516 Ac
3549 5461 3762 5516 llavnrna

2195 5564 2276 5618 illi
2320 5562 2538 5631 quidem
2565 5576 2630 5613 eo
2665 5557 2862 5628 injecta
2898 5558 3060 5611 etiam
3113 5572 3302 5610 navem
3331 5572 3360 5608 e
3389 5555 3574 5609 multis
3601 5569 3759 5608 unam

2201 5657 2252 5708 in
2315 5661 2470 5721 portu
2504 5651 2776 5704 stantibus
2831 5664 2896 5703 ex
2958 5656 3111 5716 parte
3159 5647 3599 5701 combusserunt.
3659 5645 3762 5700 Sed

2199 5748 2449 5799 ardorem
2491 5743 2785 5796 instantius
2816 5740 3039 5807 urgendi
3085 5739 3427 5806 refrigeravit
3477 5737 3654 5791 credes
3698 5739 3765 5790 ab

2201 5836 2358 5892 hoste
2392 5833 2685 5888 resistente
2713 5831 2926 5887 interim
2965 5831 3106 5885 facta
3138 5828 3424 5899 cujusdam
3448 5828 3590 5884 inter
3620 5829 3764 5898 ipsos
