4066 6286
349 329 452 436 665

1219 366 1320 436 DE
1359 368 1805 438 ANDRONICO
1844 372 2311 435 PAL/EOLOGO
2351 374 2495 436 LIB.
2542 372 2674 436 νη.

3488 359 3600 432 666

347 488 407 540 τὸ
457 486 648 557 μέρος,
688 483 839 539 οὒδὶν
884 475 1047 539 πλέον
1090 486 1315 555 ἡνυσαν.
1352 483 1486 543 Εἶτα
1527 489 1624 543 καί
1655 506 1777 542 τινα
1817 485 1927 540 τῶν
1955 494 2002 550 Δ
2031 505 2142 541 των
2170 487 2245 550 ὡς
2276 489 2371 542 καί
2403 505 2547 550 τινες
2576 489 2685 542 τῶν
2733 487 2957 560 Περσῶν
2999 480 3306 562 διαπερῷεν
3341 485 3482 556 ὑπὲρ
3515 501 3605 538 τε-

353 577 498 630 ίδίων
547 578 744 647 εὐγενῆ
800 577 1061 646 γεννάδαν
1110 577 1405 632 ἀποϐαλεῖν
1463 580 1607 632 κατὰ
1664 578 1922 647 πόλεμον,

351 669 626 741 πληγῆναί
677 686 737 723 τε
773 670 867 723 καὶ
915 671 1006 724 τὸν
1034 670 1345 741 Μουρίσκον
1389 671 1701 743 ἀμηραλῆν.
1742 672 1829 732 Ὠς
1868 671 1925 725 δὲ

346 759 423 830 τῷ
452 761 610 814 ἄστει
649 758 998 828 ἐπεχείρουν,
1047 760 1212 828 μοῖρά
1255 777 1338 824 τις
1368 760 1478 813 τῶν
1510 760 1786 830 πολεμίων
1821 779 1926 829 (pa.-

347 855 523 916 νεῖσα,
556 852 724 906 πολύν
759 869 820 905 τε
856 855 1157 922 στήσαντες
1189 853 1283 908 τὸν
1325 853 1602 922 κονιορτὸν
1632 852 1925 907 κάντεῦθεν

345 944 600 1008 δόξαντες
633 941 860 998 εἶναιτὸ
887 943 1108 1014 σύμπαν
1140 947 1239 1014 τῆς
1284 947 1564 1015 στρατιᾶς,
1593 944 1795 997 δειλίαν
1825 949 1924 1014 ἐμ·

346 1034 602 1088 ὁάλλουσι
625 1038 957 1106 μαχομένοις
987 1039 1052 1091 ὲκ
1073 1034 1166 1090 τοῦ
1194 1034 1474 1105 ἐξαίφνης.
1499 1037 1606 1088 Καὶ
1627 1036 1715 1089 διὰ
1736 1035 1924 1100 τοῦτα,

352 1126 452 1178 οὐκ
507 1127 665 1196 ὀλίγα
698 1129 796 1182 καὶ
844 1124 958 1182 τῶν
1008 1127 1266 1194 λαφύρων
1300 1129 1494 1182 ἐκείνοι
1528 1126 1786 1190 λαϐόντες
1831 1128 1926 1180 καὶ

351 1220 609 1293 πρύμναν
640 1221 1032 1292 κρουσάμενοι,
1063 1219 1362 1276 ἀπελύοντο
1380 1221 1528 1289 ,πρὸς
1558 1219 1628 1272 τὰ
1665 1219 1771 1272 ἴδια
1795 1217 1924 1292 ἢθη.

529 1355 634 1412 κα’.
674 1355 772 1422 Ὠς
798 1354 1081 1411 ἑάλωσαν
1110 1354 1180 1411 τὰ
1208 1357 1359 1410 κατὰ
1389 1354 1496 1409 τὸν
1526 1355 1750 1410 Γάνον.

420 1496 686 1567 Βασιλεὺς
717 1494 772 1550 δὲ
808 1497 904 1552 καὶ
932 1493 1092 1560 αὖθις
1135 1495 1368 1566 πέμπων
1397 1495 1596 1564 ἐπείρα
1630 1495 1745 1564 μετ’
1771 1488 1925 1563 εἰρή.

352 1609 447 1659 νης
470 1589 548 1660 τῷ
570 1590 758 1644 λαϐεῖν
775 1591 1036 1661 χρήματα
1062 1588 1498 1644 ἀπαλλάττεσθαι
1526 1587 1758 1643 πείθειν.
1783 1585 1925 1640 Ἀλλ’

351 1685 448 1737 οὐκ
475 1675 661 1737 ἔπειθε
684 1680 1218 1754 διαπρεσϐευόμενος
1245 1698 1261 1714 ο
1289 1682 1416 1756 τοὺς
1434 1683 1542 1751 γὰρ
1572 1683 1769 1740 αὐτοὺς
1798 1683 1927 1735 ἀντι

353 1777 568 1848 ἔπεμπε
627 1772 991 1847 Ῥοροφόρτος
1034 1776 1129 1848 τὴν
1176 1776 1400 1846 εἰρήνην
1449 1772 1818 1842 ἀπεροῦντας,
1875 1773 1923 1825 εί

2027 579 2354 651 τρακοσίους
2391 579 2691 651 (καὶτοῦτο
2715 580 2822 652 γὰρ
2851 580 3173 651 ὲϐρενθύετο
3215 579 3602 650 Ῥομοφόρτος.

2025 672 2101 736 ὡς
2133 672 2220 744 είη
2274 674 2341 726 τὰ
2374 673 2574 727 δυνατά
2601 673 2651 727 οἱ
2703 675 2932 736 ὁπέσονς
2979 672 3121 726 θέλοι
3161 671 3429 740 διαπερᾷν
3477 669 3604 730 τοὺς

2029 767 2172 818 κατὰ
2215 760 2438 837 Θρᾴκην
2475 763 2558 838 [Ρ.
2589 758 2719 838 424]
2767 765 3049 834 αἰγιαλοὺς
3092 764 3379 834 κατέχοντι
3411 761 3486 825 ὡς
3532 752 3605 814 ’ἂν

2032 859 2200 930 μηδὲν
2233 858 2359 927 μηδ’
2392 858 2529 921 ὅλως
2555 859 2706 928 παρὰ
2739 857 2849 911 τῶν
2875 858 2969 911 τοῦ
3018 857 3286 928 βασιλέως
3316 854 3465 925 νηῶν
3494 870 3604 906 κω.

2027 949 2456 1022 λυθησομὲνων),
2510 952 2827 1020 παραυτίκα
2880 950 3044 1021 μοῖρά
3087 967 3170 1012 τις
3215 948 3310 1001 καὶ
3367 945 3606 1017 μάλιστα

2028 1040 2139 1096 τῶν
2164 1041 2389 1112 Περσῶν
2419 1043 2499 1105 εἰς
2527 1043 2592 1095 τὰ
2626 1041 2721 1095 τοῦ
2753 1043 2924 1095 Γάνου
2950 1042 3109 1095 στενὰ
3140 1039 3481 1103 είσόαλόντες
3508 1038 3576 1091 αὐ
3594 1067 3606 1078 -

2026 1132 2207 1186 τοσοεὶ
2253 1132 2345 1185 τὸν
2381 1134 2583 1203 αὐχένα
2640 1134 2921 1205 κατέσχον,
2959 1127 3055 1184 καὶ
3101 1129 3305 1202 πολλὴν
3356 1130 3510 1183 λείαν
3544 1127 3606 1192 ἐξ

2025 1225 2518 1296 Εύδημοπλατάνου
2568 1224 2908 1296 ληϊσάμενοι,
2960 1227 3090 1290 τοὺς
3138 1223 3365 1285 πολλοὺς
3413 1219 3605 1290 φονεύ-

2029 1333 2245 1379 σαντες,
2286 1315 2618 1387 ἀρτύναντες
2666 1318 2895 1376 tauros:
2931 1316 3181 1369 ἐντεῦθεν
3212 1316 3306 1368 καὶ
3338 1316 3397 1368 τὸ
3429 1316 3606 1382 ἀσφα-

2028 1409 2115 1473 λὲς
2143 1409 2364 1478 σχόντες
2391 1410 2454 1462 ὲκ
2477 1410 2572 1463 τοῦ
2615 1410 2875 1480 φρουρίου
2904 1413 3016 1466 τοῖς
3044 1408 3252 1472 λοιποῖς
3285 1408 3604 1478 ἐνεργέστε-

2029 1517 2123 1575 ρον
2176 1504 2517 1574 ἐπεχείρουν.
2556 1503 2794 1557 Ἐκεῖθεν
2845 1506 2938 1558 ml.
2979 1491 3092 1568 ¹ἕως
3151 1502 3482 1567 Ῥαιδεστοῦ,
3535 1504 3605 1556 τὰ

2026 1597 2165 1670 πρὸς
2210 1599 2278 1651 τὰ
2332 1592 2434 1652 ὧδε
2469 1599 2612 1652 κατά
2640 1616 2699 1651 τε
2751 1598 2954 1660 πλάτος
3002 1597 3205 1665 Βιζύης
3240 1597 3336 1651 καὶ
3392 1595 3602 1666 πρόσω,

2027 1681 2248 1744 ἅπαντα
2292 1687 2385 1742 τδν
2437 1686 2697 1741 τοσοῦτον
2743 1688 2911 1739 τόπον
2956 1683 3262 1756 ἀνθρώπων
3323 1681 3606 1746 παντελῶς

2029 1779 2421 1851 ἐρημώσαντες
2452 1782 2568 1843 τοῖς
2597 1779 2826 1833 ἐκείνων
2854 1780 3090 1848 καρποῖς
3119 1776 3432 1845 ἐνετρύφων
3456 1791 3465 1802 ·
3502 1790 3604 1827 πε-

353 1868 428 1941 pii
453 1871 522 1924 τὰ
556 1869 650 1924 καὶ
693 1870 763 1924 τὰ
793 1872 1026 1939 γένοιτο,
1056 1867 1234 1935 λέγων
1261 1868 1406 1937 ειπερ
1431 1866 1496 1936 δὴ
1544 1864 1640 1919 καὶ
1670 1866 1923 1934 προείπο-
1957 1861 2003 1922 Β
2029 1873 2182 1942 λάγει
2214 1873 2325 1943 γὰρ
2370 1869 2541 1944 ληῒων
2582 1872 2942 1943 κυματίζοντι
2975 1871 3510 1941 προστυγχάνοντες,
3543 1865 3606 1932 ἐξ

352 1980 476 2033 μεν.
525 1959 714 2018 Ἦσαν
759 1963 816 2017 δὲ
860 1963 956 2016 καὶ
1008 1962 1266 2032 πρέσόεις
1315 1954 1376 2024 ἐξ
1440 1955 1924 2028 Ὀσφεντισθλάόου

350 2059 488 2124 πρὸς
529 2056 921 2127 Ῥομοφὸρτον,
957 2055 1190 2117 σπονδὰς
1215 2049 1504 2124 ζητοῦντες
1527 2054 1621 2107 καὶ
1649 2050 1746 2123 τὴν
1773 2051 1928 2106 ἀδελ-

351 2152 458 2221 φὴν
494 2147 1010 2217 Ὀσφεντισθλάὸου,
1049 2147 1145 2218 τὴν
1169 2147 1265 2200 τοῦ
1296 2146 1486 2212 Τζακᾶ
1517 2143 1612 2201 τοῦ
1644 2133 1927 2216 φονευθέν-

347 2259 439 2306 τος
471 2241 728 2310 σύζυγον,
758 2241 1140 2310 ἐγγυωμένους
1170 2239 1304 2310 πρδς
1334 2241 1512 2309 γάμον
1540 2234 1756 2307 ἐκείνῳ.
1783 2235 1924 2292 ὥστε

350 2337 494 2406 ἔχειν
554 2335 863 2405 ὁμαιχμίαν
919 2334 1060 2388 κατά
1114 2330 1441 2402 Ῥωμαίων⁹
1495 2332 1589 2385 καὶ
1640 2327 1854 2390 τούτοις
1897 2329 1927 2383 ὁ

311 2437 318 2444 ‘
361 2426 725 2496 Ῥομοφόρτος
776 2418 1255 2494 συγκάταινος·ἦν.
1287 2423 1412 2478 Τῶν
1440 2423 1498 2478 δὲ
1525 2421 1622 2476 τοῦ
1657 2422 1925 2493 βασιλέως

350 2516 638 2590 πρὲα6;ων
670 2521 726 2582 ις
768 2518 924 2572 πόλιν
954 2517 1468 2588 παραγγειλάντων,
1504 2520 1598 2571 καὶ
1633 2517 1927 2586 ἀγγελλόν-

347 2700 451 2752 viri
508 2698 668 2753 fortis
713 2707 766 2754 et
803 2699 974 2770 stirpe
1032 2699 1376 2768 praenobilis,
1416 2698 1610 2754 vulnus
1663 2707 1923 2768 praeterea

355 2792 594 2848 Iluriseo
627 2793 889 2847 iullietum
926 2792 1188 2848 Amerali.
1244 2791 1451 2848 Tamen
1486 2792 1682 2848 deinde
1734 2794 1922 2848 urbem

355 2883 532 2955 lpaam
575 2886 753 2941 adorti
811 2901 1131 2957 oppugnare
1201 2886 1378 2940 territi
1416 2897 1540 2940 sunt
1575 2885 1687 2940 visa
1739 2887 1924 2954 procul

354 2979 500 3034 nube
536 2977 775 3047 pulveris
809 2978 1041 3047 ingenti,
1095 2978 1236 3046 quod
1297 2992 1419 3034 esse
1448 2977 1709 3032 indicium
1763 2986 1924 3045 puta-

358 3079 487 3124 runt
542 3070 890 3124 adventantis
924 3069 978 3123 in
1026 3069 1173 3139 ipsos
1222 3070 1599 3138 Amogabariei
1648 3071 1923 3126 exercitus

355 3164 616 3220 universi.
653 3163 774 3218 Non
827 3172 945 3218 erat
977 3163 1028 3218 id
1076 3163 1294 3232 quidem
1327 3177 1556 3217 verum:
1592 3176 1714 3216 nam
1751 3163 1921 3232 partis

352 3255 620 3310 dunmaat
659 3253 939 3323 cujusdam
1006 3253 1288 3310 hostilium
1341 3254 1616 3322 copiarum
1651 3251 1929 3308 redeuntia

353 3349 659 3419 Callipolim
688 3349 852 3404 istum
883 3348 1161 3419 pulverem
1194 3348 1363 3403 fuisse
1393 3349 1605 3417 signum
1629 3355 1713 3404 est
1739 3353 1928 3415 postea

355 3456 717 3514 compertum.
751 3443 958 3498 Tamen
1010 3445 1098 3498 hic
1128 3458 1284 3498 error
1324 3444 1755 3512 desperationem
1807 3454 1932 3511 per-

357 3535 605 3607 petraodi
673 3536 837 3603 empti
903 3534 1282 3590 Gcnnensibus
1370 3533 1641 3590 incutiens
1723 3531 1932 3588 referre

360 3629 550 3700 pedem
577 3612 776 3698 coegit,
810 3629 1108 3699 spoliisque
1163 3644 1272 3684 non
1308 3630 1499 3700 paucis
1557 3627 1684 3682 inde
1733 3626 1931 3682 ablatis

355 3723 576 3778 domum
613 3737 802 3778 versus
851 3721 1137 3777 reﬂesere.

493 3857 584 3913 2i.
628 3855 695 3912 Ut
724 3873 840 3929 quae
869 3855 939 3911 ad
969 3855 1178 3912 Canum
1207 3868 1348 3921 sunt,
1384 3866 1537 3928 capta
1569 3856 1788 3927 fuerint.

429 3999 498 4054 At
535 4001 836 4068 imperator
860 4013 1046 4054 rursus
1093 3999 1381 4052 lentandus
1420 3998 1485 4052 de
1526 4013 1658 4067 pace
1692 3997 1930 4067 Aruoga-

360 4089 520 4148 baros
554 4101 725 4158 ratus,
776 4091 924 4146 misit
972 4091 1062 4161 qui
1115 4091 1196 4146 eis
1221 4091 1454 4146 suadere
1487 4103 1824 4146 conarentur
1873 4097 1932 4144 ut

362 4197 584 4256 accepta
619 4187 846 4254 pecunia
907 4186 1208 4255 migrarent
1237 4179 1362 4238 alio.
1400 4183 1505 4239 Sed
1547 4185 1682 4240 nihil
1749 4185 1933 4252 profe-

358 4289 504 4332 ctum
556 4287 684 4331 est:
737 4291 860 4330 nam
919 4293 1015 4345 per
1059 4277 1160 4332 hos
1216 4276 1362 4345 ipsos
1395 4277 1599 4347 legatos
1633 4277 1930 4331 renuntiari

357 4366 714 4425 Romoforlus
745 4367 1248 4436 imperatoriiussit
1280 4366 1478 4422 frustra
1527 4367 1676 4422 illum
1712 4383 1933 4438 sperare

354 4469 748 4516 conventuram
810 4458 917 4515 sibi
961 4474 1198 4527 unquam
1233 4473 1354 4513 cum
1415 4459 1534 4526 ipso
1581 4472 1791 4526 pacem,
1826 4458 1930 4512 nisi

2030 1965 2399 2036 αίχμαλώτων
2447 1965 2574 2027 τοὺς
2621 1965 2911 2035 ἀμητῆρας
2959 1965 3375 2030 ἐπιστήσαντες,
3411 1961 3604 2034 μυρίον

2027 2055 2312 2125 διεφόρουν
2334 2053 2586 2117 πλοῦτον,
2614 2054 2850 2125 ἁμάξαις
2876 2058 2966 2110 καὶ
2991 2054 3149 2120 ζώοις
3172 2055 3599 2125 διακονούμενοι.

2030 2147 2254 2200 Βασιλεῖ
2290 2143 2390 2215 μὲν
2440 2143 2536 2201 οὖν
2584 2147 2758 2200 ἐδόκει
2807 2148 2898 2202 καὶ
2950 2147 3257 2218 βουλευταῖς
3289 2149 3354 2201 ἐκ
3404 2148 3601 2201 πολλοῦ

2029 2241 2272 2310 πέμπειν
2299 2240 2388 2295 διὰ
2411 2240 2583 2294 ταῦτα
2607 2240 2701 2294 καὶ
2729 2239 3050 2295 κατακαίειν
3069 2241 3136 2291 τὰ
3162 2240 3272 2292 ἄνω
3294 2240 3387 2292 καλ⁵
3416 2239 3509 2308 πόβ
3525 2241 3604 2311 pm

2030 2345 2134 2387 που
2164 2327 2512 2404 Σηλυϐρίας“’
2545 2332 2626 2386 ἔτι
2650 2332 2707 2386 δὲ
2740 2332 2953 2386 πολλῶν
2977 2332 3170 2386 αἰτιῶν
3201 2333 3365 2401 χάριν
3393 2331 3606 2385 ὤκνουν

2027 2425 2125 2478 καὶ
2152 2423 2510 2477 ἀνεϐάλλοντο
2548 2423 2647 2493 τὴν
2679 2423 3018 2494 ἐγχείρησιν.
3064 2416 3151 2488 Ἐς
3197 2425 3355 2476 τοῦτο
3378 2421 3421 2475 δ’
3461 2421 3602 2475 ἀπεο

2030 2517 2193 2586 κρίθη
2227 2516 2339 2570 τότ’
2370 2509 2526 2586 οἶμαι
2571 2515 2663 2568 καὶ
2703 2511 2825 2586 ὄψις
2852 2511 3064 2585 ὀνείρου
3099 2514 3334 2583 φανεῖσα
3363 2531 3467 2567 τινι
3491 2512 3604 2566 τῶν

2031 2707 2149 2753 lora
2247 2705 2642 2766 transportare,
2727 2695 3098 2766 nequidquam
3158 2695 3289 2750 illud
3343 2688 3605 2765 impedire

2028 2789 2313 2844 conlaturis
2367 2787 2728 2858 quantislibet
2796 2789 3144 2860 imperatoris
3180 2789 3435 2844 navibus.
3491 2787 3604 2842 Hac

2029 2899 2193 2953 porro
2251 2898 2431 2938 rerum
2505 2885 2628 2938 vice
2701 2897 2831 2953 pars
2904 2883 3150 2952 quaedam
3218 2882 3602 2958 AmOgabariei

2028 2975 2328 3038 exercitus,
2359 2989 2390 3030 ε
2421 2974 2602 3030 Persis
2627 2975 2862 3030 maxime
2898 2973 3158 3041 conﬂata,
3180 2973 3318 3030 artis
3355 2975 3603 3030 faucibus

2028 3068 2164 3123 Gaui
2202 3054 2402 3126 mentis
2432 3069 2650 3138 impune
2678 3069 2998 3138 penetralis,
3023 3071 3215 3141 iugum
3239 3069 3403 3139 ipsius
3426 3068 3604 3139 primo

2032 3163 2235 3235 impetu
2289 3176 2599 3234 occupant:
2627 3175 2683 3221 et
2713 3181 2840 3221 arce
2866 3163 2978 3230 illa,
3020 3172 3310 3237 postquam
3345 3181 3463 3220 eam
3495 3149 3611 3220 sibi.

2033 3257 2213 3313 valido
2261 3258 2516 3326 praesidio
2557 3253 2812 3331 imposito
2873 3258 3265 3321 asseruissent,
3320 3257 3471 3324 freti,
3536 3258 3605 3310 ad

2031 3351 2329 3418 subiectam
2392 3351 2518 3406 inde
2575 3352 2850 3422 regionem
2907 3349 3292 3421 populandam,
3346 3348 3459 3404 orsi
3537 3348 3606 3403 ab

2029 3440 2513 3514 Eudemoplalano,
2567 3453 2929 3498 escurrerunt
2959 3484 2974 3506 ,
3015 3445 3211 3498 utullus
3269 3440 3604 3501 occidentes.

2003 3537 2268 3613 praedam
2324 3538 2645 3592 immensam
2682 3538 3051 3592 corradentes.
3086 3523 3224 3603 Quin
3260 3545 3313 3589 et
3349 3533 3472 3590 talis
3502 3535 3603 3587 lori

2033 3629 2100 3685 ad
2155 3638 2426 3700 receptum
2479 3629 2616 3698 ipsis
2665 3630 2765 3684 tuli
2832 3628 3028 3683 fiducia
3108 3627 3365 3683 ulteriora
3430 3625 3606 3697 palam

2033 3723 2150 3777 ausi
2187 3731 2417 3788 tentare,
2480 3721 2604 3778 inde
2632 3737 2805 3791 usque
2838 3722 3181 3777 Rha-.destnm
3214 3727 3267 3778 et
3313 3721 3438 3776 huic
3467 3719 3606 3775 cite-

2033 3813 2202 3882 riora,
2272 3817 2325 3870 in
2386 3817 2556 3870 latum
2610 3831 2742 3871 vero
2808 3806 3266 3886 usqne'Bizyam
3324 3823 3377 3870 et
3441 3813 3604 3871 ultra.

2034 3917 2204 3963 totum
2267 3903 2417 3961 illum
2471 3917 2578 3960 tam
2614 3917 2825 3963 vastum
2855 3918 3012 3962 terra!
3043 3915 3298 3973 tractum,
3341 3906 3486 3960 nullo
3532 3905 3604 3959 ili

2032 4000 2313 4056 hominum
2339 4001 2462 4056 vivo
2498 4000 2706 4065 relicto,
2741 4000 3078 4064 desolarnnt,
3113 3998 3358 4070 frugibus
3395 4005 3450 4052 et
3477 4013 3605 4067 pro-

2037 4102 2198 4147 ventu
2252 4076 2459 4160 reliquo
2518 4108 2799 4162 agrorum,
2860 4093 2969 4148 illic
3023 4108 3159 4149 sane
3216 4101 3347 4146 tunc
3383 4091 3603 4162 opimis.

2036 4185 2136 4254 ipsi
2200 4201 2258 4242 se
2324 4187 2739 4254 iugurgitaolea.
2810 4187 3099 4242 Undabaut
3150 4187 3295 4241 enim
3353 4201 3448 4255 pro
3478 4186 3604 4239 anni

2034 4285 2277 4344 tempore
2334 4291 2397 4330 ac
2454 4287 2613 4331 teme
2671 4278 2951 4332 feracitate
2993 4294 3086 4348 per
3120 4280 3215 4332 hos
3264 4276 3608 4348 compositu—

2035 4384 2220 4423 tnensa
2253 4369 2372 4424 visu
2408 4385 2622 4440 :eqnora
2649 4372 3083 4438 exapectantinm
3115 4369 3306 4425 falcem
3336 4380 3603 4440 segetum,

2037 4478 2173 4532 quas
2229 4463 2331 4518 sibi
2369 4463 2545 4518 Persa:
2602 4462 2883 4518 demetere
2939 4463 3146 4518 coactis
3204 4477 3346 4533 quos
3407 4475 3604 4532 magno

354 4553 508 4623 prius
549 4551 667 4606 haec
712 4560 767 4606 et
830 4551 949 4606 haec
1011 4551 1235 4606 faceret.
1294 4550 1665 4605 Enumerabal
1747 4559 1925 4605 autem
1963 4555 2312 4624 nhabebant
2376 4571 2604 4614 numero
2665 4555 2922 4626 captivis.
3001 4553 3407 4609 inaestimabiles
3479 4552 3605 4609 inde

357 4646 545 4699 eadem
579 4659 700 4714 quae
723 4655 852 4699 ante
884 4644 1187 4698 retulimus.
1224 4644 1465 4698 Aderant
1520 4651 1696 4698 autem
1751 4651 1807 4698 et
1859 4642 1928 4696 ab

356 4737 843 4806 Ospbentisthlabo
884 4737 949 4792 ad
1004 4735 1384 4792 Romofortum
1425 4736 1610 4804 legati,
1664 4735 1755 4806 qui
1804 4750 1927 4790 eum

358 4831 426 4887 ad
458 4830 641 4886 foedus
670 4844 860 4885 secum
893 4838 1086 4885 contra
1109 4822 1387 4883 Romanos
1416 4826 1709 4882 ineundum
1740 4825 1932 4882 invita-

356 4931 480 4978 rent
531 4923 713 4977 oblata
753 4922 806 4976 in
841 4921 1126 4990 coniugem
1181 4919 1650 4989 Ospbenlisthlabi
1683 4920 1925 4988 ejusdem

355 5030 564 5080 sorore,
597 5015 756 5069 vidua
787 5013 980 5069 Tzaca:
1016 5029 1189 5082 nuper
1231 5013 1419 5069 occisi.
1451 5012 1531 5066 Ad
1581 5027 1700 5084 qua:
1729 5009 1930 5067 Romo-

357 5101 532 5160 fortos
559 5105 718 5160 facile
775 5105 1076 5161 consensit.
1114 5098 1336 5162 interim
1397 5107 1449 5158 in
1482 5106 1667 5160 urbem
1723 5107 1926 5160 reversi

353 5198 514 5270 607
563 5197 656 5268 qni
716 5198 866 5253 missi
899 5199 967 5253 ad
1001 5200 1349 5254 tractandum
1400 5211 1520 5251 eum
1570 5198 1924 5268 Amogabaris

354 5289 594 5364 fuerant,
647 5299 844 5360 praeter
874 5299 1069 5346 caetera
1102 5289 1405 5345 Romoforti
1457 5305 1717 5358 responsa
1757 5292 1921 5345 etiam

357 5399 468 5448 rem
497 5384 678 5438 obiter
725 5393 1057 5453 compertam
1086 5383 1401 5453 imperatm-i
1439 5384 1697 5446 retulere,
1737 5380 1930 5437 Persas

357 5474 614 5530 videlicet
664 5491 827 5543 supra
886 5476 1319 5546 quadringentos
1379 5492 1443 5536 ex
1494 5477 1622 5530 Asia
1679 5475 1931 5541 traiicere

357 5580 416 5624 ut
469 5584 530 5624 se
587 5567 942 5638 Amogabaris
995 5569 1407 5638 coniungerent.
1442 5569 1496 5624 ld
1540 5571 1680 5638 quod
1711 5569 1928 5624 aiebant

357 5676 662 5731 congruere
716 5677 838 5716 eum
895 5677 959 5716 eo
1005 5662 1149 5732 quod
1204 5677 1386 5717 coram
1417 5663 1547 5733 ipsis
1581 5661 1932 5735 Romoiortus

359 5753 500 5810 inter
536 5754 639 5808 alia
679 5755 964 5824 iactasset,
1015 5755 1118 5809 sibi
1151 5770 1272 5810 esse
1304 5755 1464 5809 facile
1503 5765 1636 5824 quot
1671 5756 1830 5811 vellet
1859 5771 1926 5810 ex

359 5845 621 5904 Orietztali
656 5849 970 5904 continente
1028 5849 1078 5904 in
1114 5866 1141 5904 ιι
1174 5862 1232 5904 se
1263 5863 1519 5920 possessa
1549 5848 1796 5904 Thracia:
1833 5849 1928 5905 lit-

2033 4663 2164 4718 opes
2221 4647 2480 4717 plaustris
2539 4655 2598 4702 et
2655 4646 2920 4715 iumentis
2974 4647 3174 4702 ibidem
3233 4645 3318 4700 usi
3373 4645 3606 4713 repertis

2031 4747 2348 4795 avexerunt.
2386 4738 2594 4806 Quibus
2627 4737 2941 4808 imperatori
2975 4735 3260 4798 nuntiatis.
3290 4735 3531 4790 decrevit
3559 4737 3607 4792 is

2031 4834 2250 4890 tandem
2277 4833 2495 4901 exsequi
2518 4832 2658 4902 quod
2679 4831 2779 4898 ipsi
2796 4829 2995 4884 dudum
3019 4827 3136 4896 eius
3162 4828 3460 4886 consiliarii
3481 4843 3607 4883 sua.

2033 4935 2235 4990 serant,
2267 4923 2532 4978 hactenus
2582 4923 2787 4988 multis,
2819 4935 2878 4976 ut
2911 4923 2992 4988 lit,
3024 4921 3206 4978 causis
3233 4920 3608 4976 intercurren-

2038 5019 2181 5072 tibus
2211 5017 2459 5079 dilatum,
2497 5017 2762 5070 mittendo
2791 5015 2882 5086 qui
2937 5013 3151 5068 flamma
3187 5013 3382 5083 iniecta
3424 5024 3605 5067 mato-

2037 5127 2128 5165 ras
2160 5121 2390 5179 segetes,
2429 5109 2571 5164 hosti
2600 5106 2800 5176 alioqui
2833 5108 3166 5176 profuturas,
3191 5114 3605 5173 corrumperent

2035 5205 2177 5258 circa
2215 5201 2519 5274 Selybriam
2555 5211 2609 5257 et
2651 5202 2809 5270 longe
2847 5201 3117 5271 superius,
3177 5207 3438 5267 quantum
3491 5205 3608 5249 tuto

2035 5303 2216 5366 posset
2283 5296 2422 5350 fieri.
2481 5290 2633 5348 Tunc
2669 5302 2864 5349 eventu
2928 5301 3295 5361 perpetratum
3354 5287 3608 5358 apparuit

2039 5403 2341 5459 praesagum
2387 5386 2655 5458 quoddam
2710 5385 2874 5456 608
2928 5383 3196 5438 somnium
3261 5389 3384 5433 ante
3436 5392 3608 5433 annos

2038 5493 2182 5535 retro
2211 5491 2320 5535 tres
2351 5478 2561 5535 cuidam
2600 5493 2666 5532 es
2695 5476 2886 5531 ordine
2928 5474 3289 5546 palatinorum
3346 5468 3604 5522 oblatum.

2042 5571 2265 5626 Viderat
2295 5572 2340 5625 is
2399 5571 2767 5640 inequitanles
2819 5567 3042 5622 camelis
3085 5565 3280 5619 PerSas
3316 5561 3381 5615 ad
3407 5559 3607 5615 Orien-

2039 5665 2144 5720 lale
2182 5664 2333 5719 littus
2362 5679 2389 5717 a
2424 5663 2672 5718 Scutario
2697 5663 2762 5717 ad
2788 5660 3042 5716 ulteriora
3082 5657 3237 5725 longe
3271 5657 3382 5708 loca
3417 5661 3608 5705 exten-

2035 5773 2125 5812 sos
2167 5767 2350 5823 stare;
2386 5774 2508 5812 mox
2542 5769 2723 5811 autent
2789 5755 2970 5808 subito
3007 5751 3134 5805 ferri
3171 5763 3264 5834 per
3293 5759 3474 5799 aerem
3506 5757 3605 5795 vo-

2037 5850 2199 5906 lando
2239 5852 2478 5906 camelos
2526 5865 2646 5906 cum
2689 5849 2803 5903 suis
2834 5845 3136 5903 sessoribus
3168 5840 3407 5904 eosdem,
3435 5847 3487 5899 et
3530 5835 3598 5891 .iu
