4066 6286
472 353 570 416 671

1671 362 1995 424 GEORGII
2017 358 2532 425 'PACHYMEBZE~

3605 354 3710 426 672

473 454 688 541 χρόνοις
730 471 977 545 ὕστερον,
1029 477 1275 532 ἐκποδὼν
1322 481 1606 549 γεγονότος
1651 482 1886 548 ἐκεῖνον,
1922 484 1948 535 ὁ
1984 481 2043 547 ἐξ
2073 485 2110 541 Α
2144 481 2350 546 λειπτο,
2402 483 2460 546 δς
2489 482 2552 554 δὴ
2585 482 2678 536 καὶ
2705 481 3029 553 βαπτισθεὶς
3075 480 3330 548 ὶκθύμως
3376 483 3702 552 προσετετή-

469 563 679 617 ἐκείνου
730 567 921 637 Μεὶὴκ
969 568 1060 621 τὸν
1117 569 1368 635 Εὔξεινον
1417 573 1840 645 διαπεραιωθεὶς
1899 576 2033 646 πρὸς

473 655 811 727 Κασταμόνα
859 661 1090 722 γίνεται.
1123 664 1232 718 Καὶ
1258 665 1359 737 ἧδη
1411 667 1675 739 Τοχάροις
1722 669 2035 736 ὐποκλιθεὶς

468 747 567 816 τὴν
600 752 871 820 πατρικὴν
897 753 1062 807 αὑτοῦ
1103 755 1198 808 καὶ
1238 757 1518 831 παππῴαν
1560 760 1715 828 λῆξιν
1741 764 2036 818 ἑπανασὼ-

469 839 667 892 σασθαὶ
690 843 739 894 el
773 843 1105 916 διεπειρᾶτο.
1147 848 1286 901 Ἀλλ’
1321 846 1610 922 Ἀμοὺριος
1647 853 1898 922 ἐμποδὼν
1921 856 2039 923 ἐγί-

466 950 610 998 νετο,
647 935 742 986 καὶ
775 939 1085 1006 μαχόμενος
1114 939 1213 1006 οὐκ
1243 942 1404 1006 ἀνίει,
1434 933 1436 935 ’
1448 945 1639 1017 μέχρις
1667 939 1729 999 ob
1773 966 2034 1020 κατισχυ-

462 1025 580 1088 θεὶς
609 1026 724 1096 ἅμα
751 1029 973 1095 γυναικὶ
1002 1033 1029 1084 ὁ
1060 1031 1299 1095 τοιοῦτος
1346 1038 1741 1103 παραγεγονὼς
1767 1039 1903 1108 πρὸς
1933 1039 2032 1110 τὴν

466 1121 607 1172 κατὰ
641 1120 839 1173 Πόντον
884 1123 1214 1192 ἰίρὰκλειαν
1249 1126 1458 1195 βασιλεῖ
1493 1133 1834 1199 προσχωρεῖν
1867 1130 2026 1200 ἔγνω.

464 1209 577 1264 Καὶ
605 1215 996 1283 παραγεγονὼς
1029 1217 1170 1269 κατὰ
1203 1218 1378 1281 πόλιν,
1408 1221 1553 1283 ὅπως
1588 1223 1904 1278 τούντεῦθεν
1939 1227 2031 1279 ex-

461 1302 762 1372 δημοῦντος
807 1305 904 1359 τοῦ
947 1307 1211 1377 βασιλέως
1249 1313 1366 1364 τότε
1411 1315 1547 1384 πρὸς
1590 1315 1897 1385 Νύμφαιον,
1935 1319 2032 1370 ab-

458 1388 550 1456 *εδῖ
599 1397 758 1465 ἀφεὶς
810 1400 908 1470 τὴν
957 1401 1188 1469 σύζυγον
1223 1403 1307 1477 [Ρ.
1359 1405 1485 1479 -ιῖη
1521 1407 1662 1460 κατὰ
1716 1409 1890 1473 πόλιν,
1939 1409 2032 1478 ὑφ’

458 1493 674 1560 ὁδηγοῖς
707 1497 820 1558 τοῖς
847 1496 938 1550 τοῦ
970 1497 1232 1568 βασιλέως
1260 1504 1358 1572 τὴν
1389 1504 1523 1571 πρὶς
1546 1505 1752 1557 ἐκεῖνον
1779 1505 2032 1576 διήρχετο

460 1586 754 1656 φέρουσαν,
793 1593 888 1644 καὶ
916 1594 1063 1654 ὅπως
1101 1592 1157 1660 ἐξ
1184 1596 1548 1666 Ἀτραμυτῑου
1577 1597 1754 1651 λαϐὼν
1783 1598 1878 1662 τὰς
1905 1599 2030 1669 βου-

458 1675 558 1742 λὰς
614 1681 845 1751 ἀπέδρα,
900 1685 992 1736 καὶ
1038 1685 1187 1749 ὅπως
1238 1690 1304 1741 τὰ
1339 1689 1463 1741 καθ’
1517 1691 1679 1743 αὑτὸν
1737 1691 2026 1763 διῴκησεν,

458 1773 660 1845 ἐρρέθη
684 1774 755 1826 τὰ
785 1777 1045 1848 πρότερα.
1073 1776 1340 1851 ’ὶότερον
1369 1780 1422 1834 δὲ
1453 1783 1542 1833 καὶ
1576 1786 1606 1852 ἡ
1641 1784 1871 1850 σπέζυίος
1901 1784 2029 1838 imo-

2141 590 2228 627 κει
2256 576 2367 636 τοῖς
2408 574 2742 641 Ῥωμαϊκοῖς
2785 572 2995 644 meant.
3031 571 3172 625 Αὐτὸ
3200 571 3255 623 δὲ
3299 570 3359 622 τὸ
3389 567 3485 622 τοῦ
3517 569 3708 638 Μελὴκ

2138 666 2348 719 ἑκείνου
2390 664 2682 739 θυγάτριον
2725 665 2912 737 μαθὼν
2941 663 3150 729 Ἰσαὰκ,
3175 663 3362 734 Μελὴκ
3393 665 3705 733 φημιξόμε-

2136 771 2225 819 νος
2250 758 2346 810 καὶ
2388 758 2574 822 αὐτὸς,
2610 757 2743 828 πρὸς
2783 756 2959 826 γάμον
2988 759 3082 811 καὶ
3108 756 3264 820 αὖθις
3299 756 3442 827 ᾔτει.
3493 756 3706 828 Ἔζήτει

2135 849 2194 902 ει
2241 851 2334 903 καὶ
2363 850 2454 903 τὸν
2497 850 2644 904 θεῖον
2677 850 2882 919 ταύτης
2927 850 3120 919 Mali}:
3161 849 3540 924 ςπροϐληθῆναι
3570 850 3706 920 πρὸς

2136 942 2401 1014 βασιλέως
2449 943 2699 1007 σουλτὰν,
2743 944 2966 997 κάκεῖσε
3017 944 3112 997 καὶΙ
3147 942 3312 996 αὐτὸν
3365 940 3704 1012 πεμφθῆναι,

2134 1036 2228 1090 καὶ
2252 1035 2424 1100 οὕτως
2472 1038 2856 1108 υἱοποιηθέντα
2909 1038 3004 1091 καὶ
3052 1037 3217 1092 αὑτὸν
3251 1036 3442 1091 Ἰσαὰκ
3495 1038 3704 1106 βασιλεῖ

2133 1128 2203 1182 τὰ
2237 1129 2372 1199 πρὸς
2407 1130 2700 1199 Ῥωμαίων
2720 1130 2863 1194 κατὰ
2887 1131 2947 1184 τὸ
2979 1129 3200 1186 δυνατὸν
3223 1131 3486 1201 ἔνεργεῖν.
3518 1129 3702 1203 Ταύτῃ

2131 1238 2216 1275 τοι
2247 1225 2341 1276 καί
2379 1222 2634 1294 βασιλεὺς
2680 1223 3040 1292 ινασμενισας
3085 1225 3152 1294 τῇ
3202 1222 3557 1292 κοινοπραγίᾳ
3603 1221 3699 1274 τοῦ

2132 1313 2366 1382 Πέρσου,
2403 1315 2464 1366 τὺ
2508 1312 2611 1384 μὲν
2643 1303 2867 1368 σουλτὰν
2895 1314 3228 1386 ἑγκαθιστᾷν
3259 1317 3351 1367 τὶν
3389 1308 3579 1382 Μελῆκ
3607 1314 3701 1365 καὶ

2133 1407 2278 1458 θεῖον
2304 1407 2401 1475 τῆς
2423 1407 2600 1478 κόρης
2633 1408 2733 1460 οὐκ
2765 1407 3056 1478 ἐδοκίμαζε
3087 1408 3247 1471 τέως,
3273 1405 3333 1460 τὸ
3375 1404 3595 1474 γύναιον
3621 1404 3700 1469 δὲ,

2134 1495 2230 1548 καὶ
2291 1497 2537 1568 μεγάλην
2590 1497 3084 1568 έξετοιμασάμενος
3137 1499 3360 1569 προῖκα,
3411 1495 3508 1549 σὺν
3550 1494 3700 1564 αὐτῷ

2133 1585 2470 1651 διαποντίους
2501 1588 2578 1652 εἰς
2607 1588 2797 1659 Πηγὰς
2821 1589 3003 1658 πέμπε
3015 1608 3056 1660 ι,
3079 1590 3163 1643 ἵνα
3192 1589 3256 1660 δὴ
3284 1591 3366 1643 κα“·
3397 1588 3701 1658 ἐπήγγελλε

2132 1679 2482 1750 καθημένους
2523 1680 2591 1734 τὰ
2631 1681 3066 1751 συμςωνούμενα
3117 1681 3462 1735 καθιστὰνειν
3502 1677 3599 1732 οὖν
3625 1679 3702 1749 τῷ

2130 1772 2224 1823 καὶ
2253 1771 2353 1840 τῆς
2387 1771 2591 1836 πόλεως
2640 1773 2837 1844 Πηγῶν
2869 1774 2962 1827 τὸν
3009 1763 3196 1845 Μελὴκ
3245 1773 3516 1845 ἡγεῖσθαι.
3551 1774 3697 1840 Πλὴν

459 1831 701 1936 στρέφέι.
737 1831 1084 1939 ικειξνουιμὲν
1114 1831 1419 1938 ἀξιοέντος,
2060 1831 2102 1886 Β
2131 1863 2176 1917 δ’
2215 1831 2349 1916 ἀλλᾶ
2397 1867 2490 1918 καὶ
2541 1831 2868 1936 σῦκνάυτῶν
2910 1831 3364 1920 ἀκατίων’ὲκέίσέ
3399 1881 3478 1934 πη
3527 1831 3702 1932 παρέο

454 1975 564 2022 τος.
600 1958 674 2011 Τὸ
720 1960 775 2013 δὲ
827 1961 1008 2032 κόριον
1058 1961 1131 2026 ὡς
1181 1965 1387 2035 ὅμηρον
1442 1968 1851 2022 καταλείπεται.
1885 1970 2026 2041 Ἤδη

461 2052 562 2121 μιν
608 2048 703 2106 οὖν
754 2055 814 2106 τὸ
869 2055 1112 2110 τοιοῦτον
1161 2059 1463 2128 ἐτέθραπτο
1524 2063 1663 2113 κατὰ
1723 2061 1896 2116 πόλιν.
1931 2065 2027 2117 ἐπὶ

458 2147 672 2213 συχνοῖς
696 2147 805 2209 τοῖς
834 2146 1048 2217 χρόνοις
1077 2149 1181 2201 ὑπὸ
1212 2149 1477 2222 βασιλικῷ
1507 2153 1819 2224 σιτηρεσίῳ,
1845 2153 2027 2219 καθὼς

455 2237 565 2305 ἄρα
592 2237 688 2290 καὶ
718 2240 744 2290 ὁ
779 2239 968 2306 Μελὴκ
1002 2242 1428 2308 Κιυνσταιτῖνος,
1455 2243 1563 2297 τῶν
1610 2244 1702 2298 τοῦ
1734 2246 2022 2302 σονλτὰνου

455 2328 588 2381 νεῶν
621 2330 834 2402 ἅτερος,
876 2331 969 2384 καὶ
1002 2332 1164 2396 acta;
1199 2336 1347 2404 παρὰ
1391 2335 1684 2406 Ῥωμαίοις
1729 2338 2027 2407 ἐγκαταλέ-

453 2511 554 2565 bus
585 2520 781 2576 tractu,
813 2528 951 2566 stmu
977 2528 1082 2584 que
1108 2513 1467 2571 Constantino
1493 2519 1737 2588 principe
1761 2519 2020 2594 Bulgaro-

453 2620 596 2668 rum,
631 2615 800 2660 totum
828 2616 1018 2662 nactus
1044 2620 1125 2662 est
1154 2621 1427 2677 receptum
1459 2611 1510 2664 in
1549 2614 1791 2682 partibus
1832 2615 2023 2669 borea-

453 2697 593 2754 libus
618 2698 829 2754 Euxini.
868 2698 1045 2754 Multis
1075 2717 1204 2755 vero
1236 2712 1356 2771 post
1408 2704 1567 2758 annis
1590 2745 1605 2770 ,
1651 2706 1754 2760 isto
1796 2707 2021 2764 Azatiue

451 2801 687 2851 mortuo,
747 2789 886 2844 filius
939 2792 1055 2859 ejus
1104 2791 1270 2848 Melec
1318 2793 1528 2849 Euxino
1578 2797 1800 2865 trajecto
1825 2797 2020 2854 Casta-

453 2896 613 2938 mone
636 2886 900 2947 constitit,
939 2886 1026 2938 ubi
1057 2887 1415 2942 reconciliatis
1448 2887 1552 2942 sibi
1603 2891 1865 2958 obsequio
1909 2889 2020 2947 To-

449 2977 634 3030 cltaris
685 2979 888 3042 lavere,
926 2979 1117 3032 horum
1161 2980 1324 3051 612
1364 2993 1646 3050 paternam
1708 2985 2019 3055 avitamque

450 3067 709 3121 ditionem
744 3083 1065 3137 recuperare
1088 3072 1408 3136 conabatur,
1440 3072 1688 3127 obstante
1723 3071 2017 3129 vehemen-

453 3171 535 3216 ter
594 3163 839 3224 Atuurio,
889 3178 1010 3217 cum
1044 3177 1149 3232 quo
1192 3165 1354 3233 longo
1383 3174 1438 3218 et
1470 3164 1574 3219 sibi
1622 3165 1688 3218 ad
1719 3174 2018 3219 extrenum

449 3253 652 3310 infelici
709 3254 930 3309 collisus
983 3255 1141 3315 bello.
1179 3255 1412 3324 denique
1459 3256 1662 3320 victus,
1706 3257 2018 3312 lleracleatn

446 3347 604 3414 Ponti
661 3362 782 3402 cum
838 3362 1006 3403 uxore
1034 3363 1094 3402 se
1139 3348 1406 3413 contulit;
1441 3350 1580 3405 unde
1603 3349 2020 3420 confugiendum

446 3438 551 3491 sibi
599 3437 664 3491 ad
707 3439 1078 3493 Andronicum
1158 3439 1542 3508 imperatorem
1595 3451 1836 3495 statuens
1882 3442 2024 3496 Cou-

444 3529 851 3599 stautinopolint
887 3532 1048 3586 venit.
1080 3528 1179 3587 Ubi
1209 3531 1425 3601 cognito
1452 3533 1714 3588 diversari
1741 3533 2020 3606 Nymplttei

445 3634 561 3677 tum
627 3628 945 3693 Augustum,
1007 3626 1236 3696 conjuge
1295 3626 1348 3681 in
1410 3629 1543 3682 urbe
1600 3629 1808 3696 relicta,
1847 3632 1912 3686 iis
1961 3647 2021 3688 se

448 3715 858 3784 adjunxitquos
889 3718 956 3771 ad
990 3717 1162 3787 ipsum
1198 3719 1264 3773 ad
1303 3734 1361 3774 se
1382 3722 1784 3789 perducendum
1820 3726 2020 3780 certior

445 3809 515 3863 de
537 3807 682 3864 illius
717 3810 950 3863 adventu
984 3808 1158 3864 factus
1195 3810 1491 3877 imperator
1524 3814 1573 3869 ei
1610 3815 1826 3870 obviam
1859 3821 2021 3874 mise-

451 3912 557 3957 rat.
591 3900 659 3957 Ut
689 3903 735 3956 is
765 3902 962 3957 dehinc
988 3904 1216 3960 consilio
1259 3891 1480 3975 repente
1522 3917 1677 3977 capto
1716 3909 2021 3982 Atramytio

449 3992 666 4064 fugerit,
692 4001 856 4062 utque
891 3994 1014 4048 inde
1036 4010 1122 4050 res
1143 4009 1278 4051 suas
1307 3995 1790 4066 administraverit,
1815 4002 2021 4058 dictum

447 4100 479 4140 a
529 4102 612 4142 me
675 4086 992 4156 jamdudum
1041 4098 1142 4144 est.
1188 4087 1375 4159 Longo
1419 4100 1538 4160 post
1575 4100 1818 4163 tempore
1863 4111 2018 4164 uxor,

448 4181 567 4248 ipso
598 4183 924 4250 postulante,
983 4182 1314 4237 concedente
1361 4182 1624 4252 Augusto,
1671 4185 1738 4240 ad
1783 4199 1905 4241 eum
1939 4203 2025 4243 re-

446 4287 602 4328 versa
643 4289 738 4327 sua
771 4285 872 4341 est,
907 4275 998 4330 sed
1033 4275 1138 4329 lilia
1175 4277 1230 4342 in
1265 4275 1506 4333 obsidem
1546 4278 1760 4345 relicta,
1806 4279 1909 4338 hac
1954 4281 2024 4341 de

449 4381 554 4435 qua
588 4382 732 4422 nunc
773 4381 952 4421 sermo
1002 4377 1104 4432 cst,
1135 4371 1362 4424 educata
1391 4369 1515 4425 hinc
1559 4373 1610 4426 in
1662 4375 1796 4430 urbe
1841 4377 2024 4447 multis

2131 1959 2447 2022 σκευάζετο.
2498 1960 2783 2031 διαπερᾷν,
2833 1963 2883 2014 εἰ
2938 1960 3164 2027 θέλοιεν,
3207 1959 3441 2030 Πέρσας.
3474 1960 3602 2012 Ὄτε
3634 1961 3700 2031 δὴ

2128 2049 2222 2102 καὶ
2263 2050 2722 2121 περικαθημένων
2774 2053 2870 2105 σὺν
2921 2053 3156 2123 Πέρσαις
3187 2043 3315 2105 ’τῶν
3344 2050 3562 2104 Ἰταλῶν
3608 2052 3699 2104 τὸν

2126 2140 2222 2194 τοῦ
2268 2142 2577 2196 Ῥαιδεστοῦ
2609 2143 2839 2214 πύργον,
2873 2144 3268 2212 διανοουμένων
3296 2144 3501 2210 ἐξελεῖν
3527 2144 3620 2196 καί
3651 2142 3703 2197 oi

2126 2237 2446 2308 χρωμένους
2497 2239 2820 2310 ὁρμητηρίῳ
2857 2241 2967 2298 τοῖς
2998 2241 3127 2307 περὶ
3169 2238 3262 2308 τὴν
3312 2236 3534 2310 Θρᾴκην
3565 2237 3703 2306 πρά-

2125 2347 2332 2400 γμασιν
2374 2330 2706 2402 ὶφεδρεύειν,
2757 2330 3008 2402 βασιλεὺς
3055 2330 3278 2402 πέμψας
3310 2332 3556 2402 τριήρεις
3605 2329 3701 2384 δύο

2124 2509 2478 2576 expleturum.
2532 2508 2765 2579 Rogavit
2821 2509 2949 2564 item
2999 2517 3259 2579 prmterea
3322 2515 3382 2562 ut
3446 2515 3697 2578 patruum

2126 2601 2290 2671 hujus
2351 2600 2520 2669 ipsius
2571 2616 2731 2670 quam
2775 2601 2827 2654 in
2874 2615 3126 2668 sponsam
3173 2599 3400 2670 optabat
3449 2597 3697 2668 virginis,

2122 2711 2246 2750 cum
2270 2695 2422 2763 cujus
2448 2695 2608 2750 modo
2646 2695 2989 2749 meminimus
3018 2693 3304 2756 Melecum,
3335 2693 3624 2761 imperator
3645 2690 3698 2743 in

2122 2790 2352 2844 sultanis
2393 2789 2706 2855 dignitatem
2737 2788 2899 2860 613
2945 2794 3306 2857 promoveret.
3339 2784 3536 2840 Verum
3583 2784 3694 2839 An-

2120 2885 2408 2950 dronicus,
2444 2885 2510 2937 de
2539 2894 2738 2938 caetero
2779 2884 3108 2952 perlibenter
3136 2879 3428 2935 admittens
3447 2878 3699 2948 proposi-

2124 2978 2297 3034 tiones
2328 2976 2524 3041 Perste,
2553 2975 2695 3030 haud
2732 2974 2940 3044 putavit
2988 2982 3351 3042 Opportunum
3404 2984 3468 3024 eo
3515 2983 3696 3022 rerum

2122 3082 2266 3126 statu
2315 3065 2574 3123 Melecum
2629 3067 2964 3122 constituere
3011 3063 3301 3123 sultauem.
3337 3061 3406 3117 Αι
3465 3059 3698 3128 puellam

2045 3151 2091 3214 C
2126 3164 2320 3235 ipsam,
2359 3177 2551 3231 magna
2581 3163 2631 3216 ei
2667 3161 2806 3216 dicta
2842 3160 2990 3224 dote,
3027 3174 3131 3212 una
3167 3172 3288 3212 cum
3322 3156 3426 3211 isto
3457 3156 3700 3235 ipsosne

2126 3266 2318 3326 patruo
2356 3255 2488 3308 mari
2532 3253 2751 3323 perduci
2808 3254 3022 3307 curavit
3075 3251 3262 3323 Pegas,
3294 3249 3384 3304 ubi
3413 3247 3700 3318 considere

2125 3349 2268 3417 ipsos
2319 3348 2517 3410 voluit,
2560 3357 2613 3401 et
2640 3362 2706 3400 ea
2739 3346 2805 3400 de
2839 3345 3037 3415 quibus
3064 3345 3204 3398 inter
3235 3357 3294 3396 se
3323 3357 3386 3395 ac
3438 3339 3698 3394 Melecum

2124 3441 2397 3496 lsaacium
2431 3447 2758 3494 convenerat
2811 3435 3228 3501 administrare;
3277 3433 3420 3504 quod
3461 3443 3518 3487 ut
3548 3433 3701 3486 ﬂeret

2124 3533 2358 3601 facilius,
2389 3533 2626 3602 ejusdem
2660 3530 2923 3602 Pegarum
2976 3528 3124 3584 utbis
3171 3527 3547 3598 praefecturam
3585 3526 3704 3580 lle-

2126 3630 2243 3684 leco
2265 3628 2533 3683 attribuit.
2572 3623 2677 3680 Sed
2718 3635 2772 3677 et
2825 3621 3088 3678 naviculae
3135 3637 3296 3690 quam
3326 3621 3570 3692 plurima:
3599 3617 3710 3673 ibi-

2124 3727 2245 3781 dem
2299 3721 2778 3792 comparabantur,
2827 3717 2946 3772 usui
2998 3716 3192 3772 futurae
3241 3715 3592 3787 deportandis
3627 3729 3696 3768 ex

2124 3816 2364 3875 Occidua
2397 3817 2711 3870 continente
2763 3811 2962 3876 Persis,
3011 3811 3100 3865 ubi
3132 3811 3232 3874 eis,
3273 3819 3429 3880 prout
3465 3807 3699 3879 spondeo

2124 3912 2220 3968 bat
2271 3926 2331 3966 se
2391 3909 2678 3972 facturum,
2732 3905 3094 3978 persuasisset
3150 3902 3391 3958 lsaacius
3449 3913 3595 3957 retro
3642 3902 3696 3957 in

2123 4005 2307 4061 Asiam
2348 3999 2619 4070 trajicere,
2673 4003 2890 4069 quando
2941 3997 3137 4053 Latino
3191 3997 3456 4057 exercitu,
3500 4009 3700 4063 coope-

2123 4097 2371 4153 rantibns
2410 4093 2632 4149 auxiliis
2668 4091 2926 4152 Persicis.
2962 4089 3384 4146 circumsidente
3429 4085 3696 4142 [iliadein

2125 4167 2320 4246 turrim
2365 4189 2542 4258 (cujus
2584 4186 2686 4241 luci
2729 4185 2972 4255 potiundi
3008 4199 3201 4252 magna
3229 4181 3396 4237 italos
3428 4180 3698 4249 cupiditas

2127 4283 2450 4347 incesserat,
2493 4294 2616 4333 eum
2660 4279 2764 4334 situ
2809 4287 3270 4346 peropportunum
3301 4285 3449 4330 ratos
3474 4274 3539 4328 ad
3571 4272 3698 4327 reli-

2127 4391 2288 4446 quam
2319 4389 2441 4428 cum
2492 4369 2860 4442 occupandam
2889 4369 3248 4433 excurrendo,
3270 4375 3379 4423 tum
3415 4375 3698 4438 postquam

448 4462 624 4523 annis,
676 4461 818 4517 victu
859 4461 958 4531 ipsi
997 4462 1140 4532 large
1185 4461 1252 4517 ab
1300 4462 1624 4532 imperatore
1654 4470 2020 4538 suppeditato.
2055 4503 2100 4560 ο
2131 4479 2502 4538 usurpasseut,
2561 4467 2941 4522 continendam
2987 4465 3046 4518 1n
3082 4472 3346 4533 potestate
3376 4463 3500 4517 inde
3528 4461 3698 4515 Thra-

448 4553 616 4619 Quetn
675 4552 849 4620 ipsum
922 4553 975 4607 in
1031 4553 1249 4608 modum
1285 4563 1340 4608 et
1390 4553 1780 4613 Constantinus
1830 4559 2018 4626 Melec,

445 4646 690 4700 Azatiuis
724 4648 953 4701 sultanis
979 4646 1114 4702 alter
1159 4647 1318 4711 filius,
1360 4656 1414 4704 et
1447 4648 1563 4719 ipse
1613 4652 1833 4708 relictus
1881 4655 2022 4724 apud

447 4740 731 4796 Romanos
762 4755 824 4795 ac
856 4741 1040 4795 volens
1084 4743 1411 4810 baptizatus,
1463 4744 1784 4799 charitatem
1830 4747 1883 4800 in
1935 4761 2022 4801 res

447 4846 664 4889 nostras
693 4834 1013 4889 educatione
1035 4835 1379 4892 contraxisse
1411 4838 1556 4892 visus
1584 4846 1688 4901 est,
1722 4840 1837 4908 ejus
1877 4839 2020 4893 haud

447 4930 715 4998 disparem
769 4943 931 4999 quam
979 4930 1197 4984 conscia
1241 4932 1394 5001 origo
1447 4940 1502 4986 ct
1531 4930 1757 4986 affectus
1787 4945 1817 4985 e
1855 4931 2024 5001 stirpe

447 5023 668 5078 lnolitus
704 5023 846 5078 natis
876 5020 1089 5078 civibus
1118 5037 1250 5092 erga,
1290 5014 1521 5091 patriam
1574 5024 1820 5095 inspirat.
1856 5023 2020 5079 [51am

447 5117 610 5186 igitur
644 5118 696 5171 in
735 5118 867 5171 urbe
922 5117 1127 5171 servari
1181 5115 1364 5172 Meleci
1424 5118 1666 5171 Azatinis
1711 5117 1820 5171 nati
1856 5119 2020 5172 tiliam

451 5209 616 5264 Melec
649 5209 759 5278 ipse
789 5223 1002 5277 quoque
1033 5209 1214 5263 dictus
1237 5207 1474 5262 lsaacius
1511 5208 1753 5270 audiens,
1798 5209 1850 5262 in
1882 5225 2022 5277 prat-

448 5301 616 5354 mium
653 5309 706 5354 et
737 5308 1198 5354 auctoramentum
1243 5298 1501 5353 navandae
1529 5313 1688 5378 quam
1729 5297 2021 5366 polliceba-

447 5397 558 5448 tur‘
599 5393 908 5463 imperatori
962 5407 1138 5460 opem
1193 5392 1311 5448 dari
1360 5391 1459 5446 sibi
1513 5394 1579 5446 ab
1611 5407 1678 5446 eo
1727 5391 2013 5462 conjugetn

448 5487 630 5556 petiit,
696 5485 960 5555 prolitens
1011 5485 1131 5540 talis
1173 5482 1431 5540 connubii
1493 5483 1894 5538 necessitudine
1961 5498 2020 5538 se

445 5580 709 5648 deinceps
769 5582 989 5648 semper
1041 5579 1122 5634 sic
1179 5577 1402 5632 afﬁxam
1446 5577 1673 5647 Augusti
1722 5576 2018 5643 obsequiis,

449 5673 606 5738 quasi
637 5686 742 5726 non
794 5671 844 5725 in
886 5686 1143 5742 generum
1179 5671 1588 5734 duntaxat,sed
1632 5678 1686 5740 et
1741 5670 1792 5723 in
1847 5669 2014 5723 ﬁlium

451 5767 740 5834 adoptatus
775 5764 822 5818 ei
857 5763 1024 5832 foret,
1051 5763 1310 5834 istiusqtte
1335 5763 1754 5818 necessitudinis
1777 5762 2015 5815 ofiicinm

452 5861 738 5916 serviendo
803 5874 964 5930 quam
1037 5867 1220 5928 posset
1305 5856 1682 5914 efilcacisdme
1762 5854 2023 5913 Romanis

2125 4562 2622 4629 ciam),imperator
2641 4557 2824 4613 missis
2859 4573 2923 4613 eo
2955 4557 3266 4611 triremibus
3295 4555 3503 4610 duabus
3531 4569 3666 4608 cons
3685 4582 3698 4592 -

2095 4653 2101 4658 ’
2126 4655 2284 4710 batur
2314 4669 2378 4708 ex
2408 4654 2498 4706 illo
2532 4651 2784 4722 praesidio
2813 4651 3100 4704 extrahere
3126 4649 3334 4703 turbam
3367 4663 3462 4719 per
3487 4657 3696 4701 atatem

2126 4758 2221 4802 aut
2272 4760 2464 4800 sexum
2529 4741 2671 4798 bello
2702 4742 2944 4797 inutilem
2975 4749 3030 4796 et
3065 4741 3446 4795 alimentorum
3483 4738 3698 4794 absum-

2125 4843 2316 4914 ptione
2347 4841 2692 4906 damnosam,
2727 4855 2835 4910 quo
2869 4838 3012 4893 illius
3040 4838 3274 4894 sollicito
3328 4840 3607 4895 consortio
3636 4837 3697 4889 ii-

2125 4936 2241 4991 beri
2283 4937 2483 4990 milites
2511 4933 2813 5002 expeditius
2845 4945 2898 4988 et
2929 4933 3210 4988 efﬁcacius
3261 4942 3474 5002 possent
3519 4934 3698 4986 tutelae

2125 5027 2314 5091 castri,
2352 5027 2505 5094 cujus
2563 5025 2703 5081 foret
2741 5027 2954 5096 jactura
3004 5025 3259 5080 Romanae
3292 5024 3368 5078 rei
3403 5024 3696 5094 plurimum

2123 5119 2381 5182 exitialis,
2433 5118 2735 5172 attendere.
2770 5119 2849 5172 Ad
2901 5117 2953 5171 id
3007 5118 3416 5187 exsequendum
3465 5133 3589 5174 cum
3639 5132 3698 5173 se

2124 5211 2490 5273 admovissent
2520 5210 2683 5264 littori
2735 5211 3051 5264 trierarclta:
3095 5209 3448 5278 imperatorii,
3485 5210 3696 5264 obviam
3773 5260 3778 5264 _

2107 5303 2263 5380 forte
2296 5303 2532 5357 habuere
2567 5302 2673 5356 illic
2705 5302 2772 5356 ad
2817 5302 2940 5357 ostii
2995 5301 3361 5358 defensionem
3397 5303 3696 5372 oppositam

2123 5392 2397 5447 Persicam
2433 5394 2740 5458 cohortem,
2779 5407 2898 5462 quae
2955 5408 3087 5449 sane
3129 5393 3342 5448 fortiter
3370 5395 3700 5450 exscendere

2125 5486 2458 5541 tentantibus
2512 5486 2785 5550 obstabat,
2837 5487 3010 5556 quoad
3040 5487 3344 5555 signiﬁcato
3403 5487 3456 5539 in
3513 5499 3696 5540 aurem

2123 5579 2444 5650 quibusdam
2475 5595 2538 5632 ex
2566 5578 2654 5633 illo
2687 5593 2936 5648 corpore,
2968 5595 3028 5634 ac
3061 5595 3155 5649 per
3183 5594 3280 5634 eos
3316 5579 3365 5634 in
3415 5579 3554 5633 alios
3580 5578 3698 5632 vui-

2125 5680 2268 5739 gato,
2325 5668 2450 5737 quid
2495 5669 2560 5722 ad
2599 5685 2713 5736 eos,
2755 5685 2861 5739 quo
2895 5671 3094 5724 dudum
3144 5679 3403 5738 cuperent
3469 5671 3700 5724 transfe-

2102 5753 2323 5817 'rendos
2355 5763 2614 5818 benevole
2640 5763 2769 5833 ipsis
2811 5773 3024 5834 pararet
3058 5765 3370 5832 imperator,
3414 5762 3592 5818 inﬂexi
3625 5762 3696 5817 illi

2129 5855 2263 5912 remi
2283 5865 2457 5911 :crunt
2487 5858 2549 5912 dc
2580 5857 2911 5926 repugnandi
2943 5856 3264 5929 pertinacia,
3295 5857 3562 5928 ultroque,
3599 5859 3692 5913 sed
