4066 6286
284 402 396 471 685
1211 401 1312 469 DE
1350 403 1801 475 ANDRONICO
1838 404 2311 468 PALASOLOGO
2357 407 2500 469 LIB.
2563 403 2692 466 VII.
3443 401 3552 468 656

283 522 501 594 βασιλεῖ
530 523 624 577 καὶ
669 518 983 593 Ῥωμαίοις,
1011 519 1100 594 ἐφ’
1134 521 1217 589 οἷς
1244 527 1337 580 καὶ
1368 526 1563 596 ὅρκους
1602 524 1865 578 annuet}-
1893 526 1941 582 Α
1968 518 2082 586 οὖν,
2133 523 2299 591 ἄλλας
2352 527 2535 595 χώρας
2585 522 2807 578 σπεύδει
2862 521 3095 577 λαϐόντα
3137 526 3415 595 κατέχειν,
3458 502 3561 576 καὶ

284 633 441 687 μενοι
496 617 622 679 τοὺς
666 618 1177 687 παλαμναιοτάτους
1231 620 1495 682 ἐδίδοσαν,
1544 614 1580 691 ἦ
1624 618 1731 691 μὴν
1768 619 1863 671 καὶ
1968 614 2127 668 ἄλλον
2151 615 2538 670 ἐπιϐάλλεσθαι
2568 614 2627 669 δν
2654 616 2719 669 ἂν
2745 615 2964 668 δύναιτο
2984 614 3187 685 τρόπον
3210 612 3554 678 ἀντιπάλων,

283 703 443 769 αὖθις
478 710 620 779 ὑπὲρ
661 708 953 781 Ῥωμαίων
981 751 996 766 .
1029 748 1044 766 .
1076 749 1095 768 .
1127 752 1141 766 .
1264 714 1362 766 καὶ
1395 713 1597 783 ὅρκους
1630 750 1645 766 .
1680 748 1696 765 .
1733 749 1752 764 .
1791 744 1807 764 .
1845 751 1860 765 .
1968 709 2064 763 καὶ
2094 711 2151 772 ἒς
2194 707 2348 772 τέλος
2402 707 2770 779 διαμάχεσθαι
2804 706 3119 761 διετείνετο.
3167 706 3359 761 Ταῦτα
3389 709 3484 760 καὶ
3525 709 3555 761 ὁ

286 803 483 873 ἑτέραν
511 802 708 873 βουλὴν
746 806 774 857 ὁ
796 821 1014 874 κρατων
1036 804 1421 876 προσανετίθει
1439 803 1531 874 ,τῷ
1572 803 1870 875 ἡγουμένῳ
1971 802 2189 858 κατὰτὸ
2213 800 2465 855 Μάδυτον
2484 801 2729 870 Φαρέντα
2755 799 2970 870 Τζιμῆς
2992 785 3228 869 πέμπων
3258 802 3550 872 ἀντέλεγεν*

286 898 382 949 καὶ
408 897 507 966 τὴν
536 895 670 965 παρ’
696 895 866 951 αὐτοῦ
895 896 1197 967 πρεσϐείαν
1234 898 1372 967 πρὸς
1425 897 1868 967 ’Δμογαὸάρους,
1922 896 1925 897 ⁷
1972 897 2022 949 sl
2054 894 2163 965 γὰρ
2192 892 2553 965 ἡμερώτερον
2579 889 2733 956 οὗτος
2764 896 2917 963 παρὰ
2934 893 3026 946 τὸν
3054 890 3426 963 Ῥομοφόρτον
3445 899 3559 956 τοίς

284 989 373 1055 ἐφ’
412 982 457 1052 ᾧ
488 988 725 1042 ἐθέλοιεν
777 989 1081 1060 χρημάτων
1140 990 1397 1061 μεγάλων
1431 979 1536 1044 καί
1559 989 1733 1059 τιμῆς
1770 988 1872 1060 τῆς
1986 987 2282 1057 Ῥωμαίων
2316 988 2664 1056 πράγμασιν.
2716 985 2954 1048 Ἐ’κεϊνος
3004 984 3123 1056 ἅμα
3161 986 3428 1056 Τούρκοις
3464 991 3564 1040 καὶ

286 1081 676 1152 προσηκούσης
729 1082 827 1136 καὶ
876 1082 1286 1155 κυϐερνήσεως,
1347 1083 1422 1146 ὡς
1452 1081 1547 1137 καί
1605 1082 1873 1152 ἀναδοχῆς
1976 1082 2092 1144 τοῖς
2124 1078 2298 1144 ἰδίοις,
2333 1076 2413 1147 ἔτι
2440 1077 2503 1148 δὴ
2538 1076 2780 1140 καὶτοῖς
2818 1075 3119 1146 Ῥωμαίοις
3169 1078 3560 1147 άποστατήσαο

284 1171 573 1239 ἀξιοῦσθαι
602 1175 731 1236 τοὺς
767 1171 997 1243 βασιλεῖ,
1024 1171 1297 1227 δουλεύειν
1356 1172 1631 1237 θέλοντας,
1657 1169 1872 1225 διαλύε·
1980 1191 2068 1226 σιν
2093 1171 2153 1237 ἐξ
2176 1171 2465 1242 ἀνατολῆς,
2495 1168 2642 1241 otes;
2671 1170 2767 1223 καὶ
2794 1171 2966 1243 κουρᾷ
2993 1170 3197 1241 τριχῶν
3229 1171 3324 1252 καὶ
3347 1173 3561 1240 γενείου

288 1268 439 1324 σθαι.
480 1267 591 1321 Καὶ
616 1266 790 1323 ταῦτα
820 1267 1188 1339 προσαναθεὶς
1243 1266 1323 1339 τῷ
1372 1266 1519 1335 ἁσδᾷ
1549 1267 1833 1331 ἐκπέμπει
1857 1281 1873 1298 ο
1992 1264 2394 1335 ’Δμογασάροις
2450 1261 2834 1329 ὲξοικειοῠντο,
2867 1263 3021 1316 οῠπω
3069 1263 3252 1327 καλῶς
3281 1262 3380 1326 τὰς
3420 1266 3564 1317 άπο-

284 1366 387 1414 καὺ
413 1362 479 1431 τῇ
508 1358 709 1430 μεταξὺ
750 1360 1106 1432 διημερεύσει
1131 1361 1392 1433 ἀνακωχὴ
1425 1357 1517 1435 ἦν,
1545 1364 1596 1415 sl
1625 1361 1721 1416 καὶ
1748 1360 1878 1416 ἄλλο
1982 1356 2195 1428 κρίσεις
2234 1355 2328 1409 τοῦ
2385 1354 2531 1409 άῦύᾶ
2566 1355 2773 1419 δόντος,
2827 1355 3087 1421 διατάξας
3137 1356 3238 1427 τὴν
3273 1358 3566 1427 στρατείαν

286 1472 339 1509 τι
368 1454 754 1521 ὲσκευαγώγει
805 1454 942 1525 πρὸς
977 1453 1153 1525 πόλιν,
1182 1454 1280 1509 καὶ
1308 1442 1579 1524 ὁσημέραι
1616 1452 1748 1517 λαδς
1780 1450 1877 1506 καὶ
1983 1452 2166 1522 κρότῳ
2192 1451 2368 1522 χερῶν
2404 1451 2567 1522 μέχρι
2597 1451 2694 1506 καὶ
2722 1452 2821 1521 τῆς
2853 1442 3061 1515 πόλεως
3095 1451 3321 1523 ἡλαυνε.
3357 1455 3467 1509 Καὶ
3496 1448 3565 1526 ἦν

288 1547 411 1611 ζῶα
438 1549 586 1611 ἐντὸς
612 1549 707 1600 τοῦ
723 1547 919 1610 ἄστεος
936 1545 1290 1617 ἐπληθύνετο,
1311 1548 1389 1607 ὡς
1414 1547 1510 1605 καὶ
1543 1544 1613 1599 τὰ
1646 1544 1882 1616 περιττά
1984 1543 2236 1598 ἐντεῦθεν
2271 1544 2489 1613 βλέπειν
2522 1543 3011 1615 σκευαγωγούντας
3053 1546 3178 1611 τοὺς
3212 1545 3317 1611 ἔξω
3338 1547 3434 1601 καὶ
3463 1548 3566 1601 αὐε-

287 1639 401 1692 τῶν
429 1636 588 1703 ζώων
614 1643 797 1713 σφαγῇ
834 1640 927 1694 καὶ
960 1639 1217 1711 μακέλλῳ
1249 1638 1508 1693 δίδοσθαι.
1554 1638 1697 1691 Ἀλλ’
1722 1639 1750 1692 ὁ
1782 1637 1882 1707 μιν
1985 1633 2112 1696 τοὺς
2147 1634 2213 1705 δὴ
2244 1636 2373 1699 τοὺς
2419 1636 2480 1689 ἐν
2513 1636 2727 1709 Περαίᾳ
2779 1638 3227 1708 κατῳκημένους,
3262 1637 3341 1703 ὡς
3394 1640 3567 1696 νύκτα

290 1731 469 1796 esse;
504 1733 753 1799 ἐπιστὰς,
809 1732 905 1786 καὶ
966 1733 1050 1803 ιφν
1100 1732 1338 1803 ἡμέραις
1368 1729 1459 1804 [Ρ.
1503 1730 1632 1804 456]
1668 1730 1737 1783 τά
1781 1729 1885 1800 τῆς
1987 1730 2082 1784 καὶ
2112 1730 2329 1800 ἡμέραν
2358 1729 2463 1783 ἀνὰ
2491 1730 2593 1793 τὰς
2609 1731 2714 1800 τῆς
2744 1730 2961 1796 πόλεως
2982 1732 3161 1797 πύλας
3205 1732 3565 1803 συνθλιϐομέ-

293 1823 594 1893 πρεσύείας
651 1826 1070 1897 μεταχειρίζων,
1132 1824 1285 1877 οὐδὲν
1336 1823 1505 1895 ἤνυσε
1538 1823 1725 1887 πλέον,
1755 1821 1884 1876 οὔτε
1922 1890 1952 1897 _
1988 1836 2112 1881 νους
2138 1819 2419 1891 δυσχερῶς
2441 1821 2746 1877 διεκπαίειν
2781 1824 2980 1890 αὐτοὺς
3010 1827 3107 1881 καὶ
3146 1827 3265 1893 ζῶα
3307 1831 3565 1896 παντοῖα,

296 1890 583 1988 ἀπρακτος
612 1890 967 1987 ὑποστρὲιρει,
1026 1916 1202 1971 πολλά
1230 1932 1289 1969 τε
1317 1890 1413 1969 καὶ
1443 1914 1732 1971 ἀτάσθαλα
1785 1914 1881 1968 καί
1918 1890 1962 1949 Β
1990 1911 2087 1966 καὶ
2142 1890 2375 1976 πολλούς
2428 1914 2533 1969 ἀνά
2572 1915 2819 1985 ’τάςλτῆς
2856 1918 3064 1983 πόλεως
3114 1890 3335 1976 κεῖσθαι
3387 1890 3568 1993 ῥύμας

295 2027 361 2080 γε
394 2010 470 2082 μὴ
499 2004 587 2064 οἵά
615 2011 661 2063 τ’
685 2008 752 2063 ἂν
774 2009 1028 2079 γενέσθαι
1056 2008 1420 2071 ἀπαιτοῦντος
1446 2006 1544 2060 τοῦ
1581 2005 1884 2078 Ῥομοφόρ-
1989 2002 2297 2075 ἀφεμένους
2331 2003 2442 2059 τῶν
2495 2004 2697 2076 ἔργων.
2740 2006 2876 2060 Τότε
2906 2008 2935 2061 ό
2989 2008 3090 2072 μὲν
3146 2010 3568 2082 πατριαρχεύων

295 2122 414 2160 τον.
463 2103 747 2157 Ἐδούλιτο
799 2102 909 2175 γὰρ
961 2103 1061 2158 καὶ
1122 2101 1323 2165 τόπους
1366 2102 1461 2155 καὶ
1497 2104 1728 2171 σώματα
1787 2102 1883 2156 καὶ
1989 2096 2262 2167 ὁσημέραι
2299 2095 2400 2160 τὰς
2428 2096 2704 2162 λιτανείας
2733 2099 2885 2163 ἐντὸς
2924 2101 3024 2169 τῆς
3054 2101 3266 2166 πόλεως
3304 2103 3567 2176 ιπεδαψι-

295 2196 536 2271 φρούρια
565 2195 910 2265 ἁπεμπολεῖν
940 2194 1079 2267 πρός
1109 2192 1337 2265 βασιλέα
1384 2193 1638 2262 μεγάλων
1661 2196 1883 2264 χρημάο
1988 2188 2199 2256 λεύετο,
2228 2189 2486 2262 βασιλεὺς
2521 2192 2565 2245 δ’
2600 2192 2976 2264 ὲπαμηχανῶν
3004 2198 3118 2259 τοῖς
3147 2196 3566 2269 φημιζομένοις.

293 2307 430 2355 των,
453 2288 550 2344 καί
568 2305 634 2360 γε
668 2284 1134 2359 προσαπῄτεικαὶ
1162 2286 1266 2351 τὰς
1321 2271 1706 2358 μισθοφορίας.
1750 2285 1814 2339 El.
1837 2284 1883 2339 δ’
1990 2282 2074 2337 δτι
2108 2282 2205 2337 καὶ
2232 2284 2335 2338 οὒκ
2388 2277 2569 2353 ὀλίγος
2615 2285 2935 2357 ἐπέπρακτο
2991 2289 3171 2359 φόνος,
3204 2286 3286 2355 οἷς
3317 2291 3570 2365 ὑστερεῖν

294 2488 461 2543 quem
512 2470 582 2528 iis
619 2479 918 2542 opponeret
947 2482 1096 2530 ,snrc
1142 2468 1374 2525 habebat
1403 2469 1469 2525 ad
1517 2483 1736 2524 manmu
1779 2484 1904 2550 nec.

297 2567 443 2621 unde
475 2575 692 2634 cogeret
723 2561 1072 2632 suppetebat.
1109 2560 1343 2615 Tantum
1381 2564 1604 2631 quidam
1632 2556 1768 2617 levis
1798 2576 1886 2615 ar-

299 2644 529 2711 maturae
553 2655 775 2711 ordines
805 2662 1164 2722 supererant;
1195 2667 1330 2721 quth
1355 2668 1583 2723 magnus
1604 2655 1885 2707 hetaeriae-

298 2744 404 2804 ειη
443 2750 618 2804 Ducas
645 2749 919 2803 exercitus
941 2747 1109 2801 tutius
1132 2785 1148 2810 ,
1177 2754 1467 2815 antequam
1499 2746 1881 2816 dissiparetur,

299 2844 438 2907 dux,
485 2840 724 2911 reliquas
750 2839 928 2893 adhuc
962 2838 1223 2903 habebat,
1260 2841 1324 2894 ad
1353 2856 1508 2893 usum
1552 2838 1881 2896 furtivarum

297 2933 569 2987 duntaxat
604 2932 1150 2987 excursiuncularum
1182 2949 1194 2987 :
1233 2932 1375 2986 haud
1406 2932 1553 2985 enim
1580 2932 1757 2999 palam
1790 2946 1882 2987 oss

300 3037 519 3083 tentare
548 3042 612 3104 es
647 3025 877 3081 adverso
933 3023 1168 3080 frontem
1226 3038 1332 3077 tam
1363 3024 1547 3079 multis
1597 3034 1706 3080 tam
1754 3040 1885 3096 pau-

300 3134 399 3174 cos
456 3103 759 3175 belliiratio
807 3127 901 3171 aut
950 3118 1257 3173 communis
1315 3118 1606 3184 prudentia
1649 3117 1881 3172 sinebat.

298 3212 431 3268 llatc
487 3220 682 3268 cuneta
746 3225 930 3266 secum
995 3210 1294 3279 imperantur
1335 3221 1595 3278 reputans
1650 3211 1883 3280 primum

1994 2468 2183 2539 utique
2214 2470 2473 2525 continuo
2506 2473 2560 2524 et
2602 2470 2775 2543 magis
2815 2488 3032 2544 semper
3066 2475 3346 2546 magisque
3388 2477 3570 2534 incre-

1992 2561 2245 2617 bescente
2269 2572 2503 2618 tumultu
2543 2570 2989 2623 concursantium
3022 2569 3229 2637 trepide
3260 2571 3314 2629 in
3356 2573 3571 2637 urbem,

1991 2655 2374 2723 Amogabarici
2418 2655 2542 2711 belli
2578 2668 2810 2724 terrore,
2850 2661 3206 2728 rusticorum,
3248 2677 3442 2734 greges
3479 2679 3571 2720 ar-

1992 2738 2287 2819 mentaque
2317 2763 2428 2819 pra:
2460 2764 2517 2805 se
2540 2735 2819 2821 agetitium
2843 2767 2962 2808 sna.
2990 2749 3144 2811 Unde
3168 2756 3498 2817 animalibus
3519 2771 3576 2816 et

1992 2843 2148 2910 plebe
2174 2842 2317 2911 inopi
2341 2842 2678 2911 cuneta-jam
2698 2844 2849 2899 urbis
2870 2846 2970 2898 via:
2990 2845 3203 2901 refertae
3231 2848 3571 2907 visebantur.

1994 2933 2427 3023 Miunendusqlue
2459 2937 2772 2991 necessario
2794 2940 3167 3007 essetpecoris
3189 2950 3346 2997 extra
3372 2958 3572 3013 pascua

1994 3029 2389 3083 macrescentis
2416 3043 2700 3094 numerus,
2741 3031 2944 3101 ingenti
2983 3033 3280 3089 beStiarum
3322 3038 3437 3092 esui
3473 3041 3575 3092 htt-

1997 3135 2156 3175 mano
2189 3128 2435 3190 aptatum
2470 3121 2813 3191 multitudine
2849 3124 2898 3177 in
2925 3126 3163 3181 macellis
3189 3128 3433 3197 quotidie
3460 3149 3575 3185 tnu-

1997 3215 2212 3267 ctanda.
2250 3212 2319 3266 At
2358 3212 2541 3267 Abbas
2583 3213 2768 3268 multis
2804 3214 2993 3270 diebus
3028 3219 3166 3286 apud
3207 3217 3577 3287 Aruogabaros

300 3305 706 3375 experiundum
752 3304 984 3373 putavit,
1011 3304 1210 3371 ecquid
1246 3316 1509 3358 revocare
1564 3302 1887 3359 Geuuenscs
1917 3302 1959 3323 "‘
1992 3304 2283 3359 commissa
2314 3303 2597 3359 tractando
2630 3316 2893 3373 moratus,
2935 3310 3078 3378 quod
3113 3324 3197 3362 res
3232 3308 3452 3380 quidem
3493 3323 3575 3365 at-

298 3412 334 3451 a
369 3397 600 3453 consilio
632 3397 781 3465 pacis
815 3396 1233 3468 Amogabariea
1298 3410 1503 3470 posset.
1563 3399 1719 3454 Misit
1756 3415 1889 3470 ergo

298 3491 397 3560 qui
421 3505 547 3545 eam
568 3490 982 3556 dissuaderent;
1011 3492 1207 3561 quibus
1238 3508 1361 3548 cum
1393 3502 1537 3548 esset
1568 3508 1887 3562 responsum

299 3600 335 3637 ει
368 3581 753 3639 Genuensibus
800 3583 1129 3639 necessariis
1154 3598 1217 3638 se
1269 3584 1450 3638 causis
1485 3585 1552 3639 ad
1599 3598 1718 3637 eum
1769 3594 1890 3638 ten-

300 3678 530 3732 tandam
561 3678 983 3732 conventionem
1014 3677 1180 3743 trahi,
1206 3691 1304 3731 nec
1335 3676 1511 3731 fraudi
1542 3691 1661 3731 eam
1693 3677 1892 3731 Roma-

303 3768 392 3824 nis
415 3778 511 3823 aut
535 3768 848 3839 imperatori
876 3766 1016 3835 fore,
1045 3767 1244 3837 quibus
1280 3769 1442 3823 amici
1471 3779 1525 3824 et
1562 3769 1651 3821 fidi
1679 3784 1799 3824 esse
1832 3780 1893 3825 ut

303 3872 463 3918 antea
487 3875 594 3917 non
623 3861 994 3927 desisterent,
1029 3871 1317 3931 postquam
1347 3861 1653 3917 indemnem
1685 3861 1739 3919 in
1773 3861 1890 3915 locs

302 3956 442 4025 ipsis
501 3964 823 4028 opportuna
897 3956 1183 4011 transitum
1239 3953 1307 4010 ab
1371 3953 1618 4011 hostibus
1691 3954 1892 4010 Roma-

303 4064 504 4105 norum
546 4049 904 4121 pepigissent,
937 4058 1102 4118 prout
1149 4060 1377 4105 suorum
1407 4048 1652 4104 rationes
1686 4048 1892 4102 merci-

309 4139 625 4200 mobior'um
680 4140 1022 4214 flagitabant.
1055 4142 1185 4199 Post
1225 4159 1347 4214 quae
1386 4142 1561 4216 rogati
1594 4151 1657 4199 ut
1690 4144 1886 4198 saltem

299 4237 664 4309 jurisjurandi
711 4236 820 4292 fide
880 4236 1203 4308 interposita
1250 4247 1513 4294 caverent
1548 4252 1608 4293 se
1657 4252 1764 4293 non
1794 4238 1891 4291 ad-

300 4332 522 4400 juturos
582 4330 847 4387 adversus
914 4345 1028 4387 rem
1101 4330 1401 4385 Romanam
1476 4329 1888 4401 Amogabaros,

308 4438 404 4481 aut
439 4424 734 4497 quidquam
768 4426 871 4480 hoc
920 4434 1035 4480 toto
1080 4424 1135 4479 in
1197 4425 1414 4495 negotio
1446 4436 1666 4479 acturos
1688 4422 1891 4477 abhor-

309 4533 438 4574 rens
486 4516 558 4572 ab
603 4517 868 4584 obsequio
926 4514 1238 4586 imperatori
1274 4529 1302 4567 a
1360 4529 1419 4570 se
1468 4514 1650 4569 debito
1703 4522 1761 4583 et
1822 4514 1888 4569 ad

1996 3396 2584 3452 tim-retGenuensium
2621 3412 2867 3461 suorum,
2896 3400 3000 3453 n'on
3044 3398 3161 3454 sine
3192 3415 3369 3467 Opera:
3406 3404 3577 3469 pretio

1996 3489 2177 3553 rediit,
2219 3490 2286 3543 de
2312 3503 2451 3558 pace
2491 3502 2671 3543 autem
2704 3504 2826 3543 cum
2871 3488 3134 3547 Romanis
3175 3491 3308 3546 nihil
3356 3508 3579 3562 prorsus

1995 3583 2328 3653 impetravit,
2364 3581 2530 3636 multa
2567 3581 2813 3651 improba
2838 3590 2891 3635 et
2917 3580 3222 3636 facultatem
3250 3587 3578 3653 modumque

1992 3692 2208 3731 omnem
2269 3676 2585 3731 excedentia
2639 3674 2919 3747 flagitante
2962 3673 3300 3729 Romoforto.
3352 3677 3578 3731 Petebat

1994 3772 2137 3826 enim
2166 3784 2223 3825 ut
2242 3786 2309 3825 ex
2332 3786 2391 3825 se
2416 3783 2477 3825 ac
2508 3769 2647 3832 suis,
2679 3768 2994 3840 priusqdam
3017 3784 3046 3822 e
3076 3769 3212 3824 locis
3241 3770 3578 3839 emigrarent

1995 3882 2117 3937 qua:
2156 3875 2424 3925 tenerent.
2454 3873 2741 3937 numerata
2776 3863 2999 3935 pecunia
3036 3865 3331 3934 imperator
3355 3866 3577 3936 oppida,

1996 3960 2182 4023 urbes,
2200 3972 2358 4014 arces
2376 3950 2638 4029 singulas,
2661 3966 3035 4028 praetereaque
3062 3965 3321 4026 quotquot
3350 3956 3580 4014 Romani

1996 4054 2211 4124 generis
2242 4052 2485 4123 captivos
2518 4051 2572 4106 in
2603 4049 2867 4106 custodiis
2908 4061 3213 4116 servarent,
3264 4052 3574 4107 redimeret.

1993 4148 2231 4205 Jubebat
2271 4147 2403 4203 item
2443 4144 2595 4202 reddi
2619 4146 2685 4199 ad
2719 4160 2971 4199 exactum
3004 4144 3266 4200 militibus
3312 4146 3580 4217 stipendia

1995 4254 2191 4301 cuneta
2218 4252 2367 4297 retro
2395 4240 2596 4296 debita.
2630 4237 2690 4292 Ni
2715 4238 2832 4293 haec
2864 4237 3081 4305 fierent,
3114 4239 3469 4294 denuntiabat
3497 4254 3575 4302 se,

1998 4347 2194 4408 praeter
2214 4349 2348 4403 quas
2368 4332 2477 4404 jam
2511 4340 2875 4401 occupassent
2899 4330 3060 4388 urbes
3081 4341 3132 4386 et
3164 4345 3343 4399 arces,
3370 4332 3580 4401 reliqua

1998 4429 2204 4499 pariter
2234 4428 2351 4481 loca
2382 4423 2728 4488 subacturos,
2761 4437 2938 4489 neque
2975 4423 3140 4477 ullum
3171 4423 3492 4478 hostilitatis
3527 4427 3578 4478 iu

1998 4524 2277 4578 Romanos
2304 4516 2618 4572 exercendae
2639 4516 2944 4572 omissuros
2967 4530 3159 4585 genus,
3188 4527 3353 4586 atque
3377 4514 3428 4569 in
3461 4516 3581 4573 istis

306 4624 615 4667 extremum
661 4609 738 4662 uti
767 4607 1036 4663 hactenus
1077 4606 1405 4673 exhibendo,
1439 4606 1512 4660 illi
1570 4607 1711 4661 haud
1753 4622 1890 4661 cun-
1924 4622 1969 4678 ο
1999 4611 2279 4686 proposito
2314 4619 2367 4663 et
2402 4620 2599 4662 conatu
2635 4606 2869 4661 bellandi
2916 4623 2979 4661 ac
3010 4606 3289 4675 proaliandi
3324 4622 3581 4676 perseve-

308 4714 523 4759 ctanter
556 4699 720 4773 625
759 4699 864 4757 sibi
895 4700 1118 4769 suisque
1146 4698 1417 4767 capitibus
1458 4699 1733 4754 horrenda
1760 4708 1892 4754 sunt

311 4795 620 4866 imprecati,
649 4795 694 4849 si
728 4809 889 4849 secus
937 4792 1197 4848 facerent.
1238 4793 1374 4847 Tum
1404 4793 1620 4847 demum
1657 4792 1893 4862 impera-

310 4903 398 4945 tur
443 4890 783 4961 procinctum
830 4888 940 4958 iam
1002 4889 1069 4942 ad
1128 4890 1231 4953 iter
1284 4902 1472 4941 versus
1521 4887 1893 4955 Amogabaros

310 4985 655 5041 Genuensem
690 4979 898 5035 Abbam
931 4995 1088 5037 suum
1124 4994 1343 5048 quoque
1377 4980 1442 5032 ad
1473 4978 1691 5033 eosdem
1744 4981 1891 5047 lega-

310 5086 428 5131 tum
460 5072 695 5129 instituit
728 5111 746 5137 ,
784 5074 919 5125 dans
944 5070 997 5124 in
1032 5072 1300 5124 mandatis
1336 5080 1391 5123 ut
1422 5084 1608 5123 eorum
1643 5070 1894 5140 primori-9

309 5165 415 5221 bus
454 5178 485 5219 ι
536 5178 596 5219 se
641 5150 866 5218 offerret
912 5165 1167 5229 pecunias
1216 5161 1496 5231 plurimas,
1549 5160 1781 5215 honores
1840 5169 1895 5215 et

310 5256 662 5329 prmfecturas
682 5255 945 5319 illustres,
967 5254 1256 5310 aliiuitates
1281 5254 1410 5324 quin
1442 5254 1623 5318 etiam,
1657 5264 1709 5307 et
1741 5253 1895 5323 quid-

311 5352 444 5425 quid
474 5368 503 5406 a
534 5365 597 5407 se
620 5360 812 5420 optare
848 5349 1146 5404 tuaximum
1180 5357 1423 5419 possent,
1466 5348 1515 5402 si
1552 5363 1775 5401 suorum
1799 5363 1894 5402 eos

311 5444 406 5514 qui
436 5442 639 5501 vellent
664 5441 985 5513 imperamri
1020 5440 1274 5505 militare,
1302 5448 1359 5494 ut
1383 5441 1553 5511 prius,
1582 5441 1895 5496 consdtutae

312 5538 573 5608 pactione
621 5536 891 5591 mercedis
945 5536 997 5589 id
1042 5533 1215 5589 libere
1266 5534 1512 5588 sinerent
1556 5532 1759 5588 facere.
1802 5533 1894 5588 llis

311 5632 482 5686 Abba:
516 5630 915 5685 commendatis
952 5644 1075 5682 eum
1103 5626 1370 5684 ._dimittit.
1418 5627 1753 5697 lnterimque
1791 5629 1893 5682 sibi

311 5728 547 5792 quadam
573 5720 985 5797 exspectatione
1001 5733 1290 5773 successus
1307 5733 1372 5772 ex
1390 5732 1455 5773 00
1479 5728 1712 5773 tractatu
1735 5734 1894 5788 pl‘OS'

310 5815 431 5887 peri
457 5814 744 5873 blandiens
767 5815 819 5868 in
849 5812 1171 5884 quibusdam
1202 5812 1355 5882 quasi
1380 5826 1633 5866 curarum
1663 5812 1893 5869 induciis

314 5906 589 5983 paulisper
609 5905 901 5987 acquievit,
934 5918 1041 5963 non
1075 5913 1257 5964 tamen
1280 5905 1514 5977 placide,
1545 5905 1892 5980 obstrepente

1998 4718 2215 4764 raturos
2256 4706 2323 4756 ad
2370 4712 2674 4755 extremum
2724 4700 3179 4754 irrev0cabititer.
3229 4698 3440 4761 Similia
3489 4718 3579 4755 reo

1997 4799 2211 4869 spendit
2235 4797 2469 4865 Madyto,
2496 4794 2744 4857 obierat,
2775 4793 2915 4846 alius
2934 4795 3040 4846 dux
3071 4791 3384 4847 Latinorum
3415 4794 3582 4865 626

1996 4893 2286 4947 Pharenda
2305 4887 2541 4953 Tzimes,
2567 4892 2835 4940 escttsatts
2860 4901 2957 4955 per
2981 4885 3202 4939 missum
3230 4885 3480 4953 privatim
3512 4892 3581 4939 ad

1999 4992 2381 5057 imperatorem
2415 4997 2493 5045 se,
2535 4982 2580 5035 si
2622 4979 2805 5034 mitius
2831 4989 2992 5049 quam
3036 4966 3380 5033 Romofurtus
3419 4992 3581 5048 agere

1997 5094 2121 5134 cum
2166 5074 2427 5132 Romanis
2462 5073 2646 5138 vellet,
2684 5080 3046 5141 praeterquam
3080 5072 3132 5124 in
3161 5086 3281 5125 sese
3309 5074 3581 5140 potentiae

2001 5188 2113 5228 rem
2146 5170 2471 5235 concitaret,
2500 5168 2664 5224 etiam
2694 5166 2825 5221 nihil
2860 5168 2913 5220 in
2941 5182 3151 5222 summa
3184 5164 3579 5237 profecturum,

1996 5267 2253 5335 quoniam
2300 5279 2421 5332 quae
2470 5259 2786 5315 Romoforto
2823 5258 3055 5329 proprim
3089 5260 3350 5329 parebant
3386 5256 3578 5325 cepis",

2000 5359 2198 5429 triplici
2222 5372 2419 5429 genere
2435 5364 2770 5417 constantes,
2793 5352 3095 5406 'l’urcorum
3116 5352 3579 5421 Amogabarorum

1997 5463 2052 5508 et
2088 5450 2487 5520 transfugarum
2526 5447 2581 5501 in
2630 5447 2751 5516 ejus
2782 5458 2960 5500 castra
2997 5460 3063 5500 ex
3110 5443 3370 5500 Orientali
3405 5445 3580 5498 conti-

2001 5552 2162 5598 nente
2189 5545 2577 5606 Romanorum,
2601 5541 2691 5608 qui
2717 5550 2938 5593 tonsura
2962 5538 3283 5608 capillorum
3309 5547 3363 5591 et
3391 5550 3587 5592 raSura

1998 5637 2183 5691 barbae
2224 5648 2343 5689 sese
2379 5632 2735 5703 Amogabaris
2777 5630 2980 5686 similes
3020 5629 3284 5697 feCerant,
3329 5639 3385 5683 ut
3422 5644 3486 5683 ex
3517 5644 3581 5685 ea

1999 5742 2122 5784 esse
2153 5734 2312 5797 gente
2348 5721 2689 5789 viderentur,
2729 5726 2866 5785 ista),
2911 5725 3157 5801 inquam,
3211 5724 3346 5777 adeo
3393 5739 3581 5777 nume-

1999 5836 2138 5877 rosae
2162 5836 2223 5876 ac
2248 5819 2421 5875 fortes
2452 5818 2643 5889 copiae,
2679 5818 2915 5882 abunde,
2957 5833 3016 5872 se
3048 5816 3449 5891 quantumlibet
3470 5831 3577 5870 ces-

1998 5923 2175 5980 sante,
2200 5909 2514 5969 sun‘ecturae
2544 5908 2722 5969 forent
2754 5911 2822 5967 ad
2850 5908 3049 5967 bellum
3080 5919 3235 5966 atrox
3262 5908 3317 5964 in
3342 5908 3585 5979 impera-
