4058 6298
303 436 416 504 ’117

1689 431 2030 495 GLOSSAR
2043 435 2122 496 [Β
2131 435 2206 497 M.

3477 439 3588 508 ’118

301 554 581 612 vocabulo
640 549 1038 609 transmarinas
1101 565 1296 607 omnes
1360 550 1592 623 Europa:
1643 553 1897 608 nationes
1927 554 1973 612 Α
2003 566 2232 624 usurpat
2259 565 2452 608 auctor
2482 553 2535 608 in
2577 553 2800 610 notione
2849 555 2918 610 ab
2954 555 3227 629 Hesychia
3269 557 3586 621 observata.

304 645 873 718 comprehendebant.
909 642 1238 700 Eustathius
1269 657 1492 718 quoque
1518 643 1586 700 ad
1634 643 1830 715 Odyss.
1866 662 1895 696 τ

305 739 679 797 ευιιέἰηίιίιιιιι
705 729 968 811 ἰε’Δγγον
1020 739 1162 809 (lege
1199 737 1444 810 Ἀγγων)
1467 733 1621 802 -εἶδος
1669 737 1897 809 δόρατος

305 831 626 906 οραγγιιιοῦ
653 829 777 886 οὔτε
807 831 930 886 λίαν
971 829 1198 903 μιιιροῦ,
1229 831 1424 901 φασὶν,
1471 830 1598 885 οὔτε
1631 831 1893 901 μεγάλου,

303 915 454 979 mino
483 922 740 978 πλιῐστον
772 922 982 994 σιδήρῳ
1015 923 1355 995 περιέχεται,
1383 921 1447 976 οὐ
1489 923 1632 978 κατὰ
1658 924 1718 977 τὸ
1745 923 1898 992 παρὰ

305 1015 642 1085 Λυκόφρονι
664 1013 932 1085 σίγυμνον
957 1030 973 1048 ο
1000 1014 1181 1069 ἐκεῖνο
1209 1015 1321 1088 γὰρ
1347 1016 1679 1088 ὁλοσίδηρον.
1706 1017 1897 1089 Angon

301 1111 506 1185 spod—
532 1112 700 1167 huta
730 1107 1009 1168 Francia
1029 1127 1195 1183 neque
1227 1113 1387 1168 nimis
1409 1129 1614 1184 parum,
1640 1123 1697 1170 ut
1718 1116 1898 1181 aiunt,

304 1219 478 1274 aqua
507 1218 756 1276 magna;
797 1221 916 1276 qua
949 1206 1060 1276 [ere
1090 1212 1202 1260 tota
1229 1204 1373 1276 [erro
1407 1209 1892 1278 comprehenditur,

303 1298 368 1354 ἦ..
411 1297 505 1354 hoc
547 1299 819 1355 dissimilis
849 1309 1144 1356 memorato
1186 1299 1332 1372 apud
1382 1299 1776 1374 Lycophronem
1829 1304 1899 1358 si-

301 1393 504 1468 iyinno
529 1411 546 1449 :
577 1395 674 1449 hoc
697 1395 838 1450 enim
860 1395 1025 1452 telum
1059 1404 1137 1454 est
1177 1402 1346 1450 totum
1370 1395 1625 1466 ferreum.
1656 1395 1891 1453 Videtur

304 1489 506 1551 auctor
536 1485 898 1559 Etymologici
924 1487 1240 1561 existimare
1273 1503 1478 1545 nomen
1505 1490 1608 1546 hoc
1635 1489 1704 1546 ab
1729 1491 1893 1545 ἀκον-

300 1578 486 1644 τίζειν
539 1580 797 1644 ductum,
844 1589 906 1635 ut
950 1580 1215 1653 quoniam
1263 1582 1575 1640 istiusmodi
1616 1583 1724 1654 pila
1782 1599 1892 1640 non

303 1671 459 1744 longi
514 1672 798 1730 manubrii
851 1688 964 1729 non
997 1673 1164 1732 modo
1202 1690 1367 1734 manu
1399 1690 1599 1746 quassa
1647 1675 1894 1734 Vibrant-

300 1779 416 1835 que
467 1764 678 1819 hostem
729 1763 985 1819 cominus
1017 1763 1304 1821 admotum
1356 1764 1632 1830 foderent,
1685 1769 1780 1822 sed
1839 1775 1890 1824 et

301 1855 481 1914 habili
513 1857 887 1913 brevitatc'ad
931 1859 1324 1928 jaculationem
1383 1870 1510 1930 apta
1561 1861 1785 1917 eminus
1835 1861 1887 1916 in

2001 644 2130 698 dum
2163 645 2404 717 ἀδηρὶτῳ
2445 663 2542 717 pro
2585 647 2906 719 synonymis
2933 648 3154 718 copulat
3181 648 3415 720 ἄμαχον,
3449 652 3591 704 ἀκα-

1998 739 2342 808 ταμάχητον,
2380 741 2658 805 inuictum,
2717 741 3072 798 ineluctabile.
3121 741 3304 810 Quare
3354 743 3588 799 verbum

1999 828 2272 898 διέφερον,
2314 831 2461 901 quod
2495 848 2619 886 mox
2663 831 2944 898 subditur,
2982 833 3198 889 nullum
3245 848 3438 890 eorum
3471 833 3578 888 ele-

1999 927 2246 996 gantium
2273 927 2683 999 signiﬁcatuum
2727 928 2817 984 hic
2841 928 3080 990 obtinet,
3115 927 3321 999 quibus
3356 928 3589 1001 insigni-

2003 1025 2093 1072 tur
2146 1018 2202 1072 in
2257 1019 2540 1090 plerisque
2596 1020 2936 1075 disertorum
2989 1036 3221 1091 operum
3269 1021 3450 1086 libris,
3488 1022 3586 1077 sed

1999 1110 2328 1181 simpliciter
2366 1121 2527 1169 sonat
2554 1111 2818 1183 ferebant.
2918 1111 2920 1114 ’
3495 1159 3497 1161 ,

2082 1203 2476 1274 ⁶Α.2λαγαι’,¹ρ.
2529 1205 2634 1261 496
2704 1205 2907 1259 τοῦτον
2968 1204 3221 1276 βασιλεὺς
3267 1207 3386 1274 μετ’
3424 1211 3588 1272 εὐμε-

1999 1294 2147 1357 νείας
2194 1295 2410 1366 δέχεται
2459 1301 2554 1350 καὶ
2599 1299 2862 1366 ἀλλαγαῖς
2911 1299 3143 1367 ἀγάλλει
3199 1299 3258 1356 Ρ.
3299 1317 3429 1354 vero
3459 1300 3583 1366 498,

1974 1379 2068 1450 de
2130 1388 2460 1461 Mpyrigerio
2525 1391 2605 1446 sic
2651 1393 2846 1448 scribit
2899 1411 2912 1447 :
2970 1395 3078 1446 Καὶ
3129 1393 3419 1447 ἔκυδνοῦτο
3467 1397 3586 1458 ταῖς

2003 1487 2228 1554 συχναῖς
2307 1483 2594 1554 ἀλλαγαῖς.
2659 1486 2966 1558 Hesychius
3044 1486 3292 1558 ἀλλαγὴν
3358 1488 3588 1556 exponit

1997 1574 2257 1647 ἀμοιϐὴν,
2304 1577 2400 1632 sed
2437 1593 2557 1633 eam
2599 1578 2914 1647 generalem
2950 1578 3236 1632 notionem
3287 1579 3375 1633 his
3408 1565 3582 1632 nostri

1995 1667 2134 1722 locis
2162 1667 2308 1722 haud
2352 1669 2628 1739 quadrare
2657 1685 2818 1724 nemo
2847 1685 2959 1723 non
2993 1667 3163 1723 videt.
3193 1668 3364 1724 Multo
3401 1667 3587 1722 minus

1995 1771 2288 1816 cententus
2325 1761 2596 1832 quispiam
2647 1777 2770 1818 esse
2827 1761 3002 1830 possit
3043 1775 3108 1816 ea
3162 1777 3329 1831 quam
3379 1760 3589 1814 Eusta-

1998 1850 2150 1908 thius
2195 1853 2567 1924 παρεκόολαῖς
2614 1854 2679 1909 ad
2722 1853 2874 1909 Iliad.
2941 1872 2988 1916 ε,
3025 1870 3080 1921 p.
3131 1854 3228 1909 551
3288 1852 3377 1908 ed.
3416 1852 3580 1906 Rom.

302 1958 552 2012 remotos
596 1951 971 2016 mitterentur,
1033 1953 1284 2020 ἄγγωνες
1335 1951 1482 2015 dicta
1543 1954 1674 2012 sint.
1710 1955 1891 2012 Verba

1995 1956 2225 2001 annotat
2265 1947 2351 2003 his
2381 1947 2566 2003 verbis
2597 1963 2613 2002 :
2652 1947 2719 2000 Ai
2747 1948 2806 2001 δὲ
2839 1948 3074 2018 ἱστορίαι
3108 1947 3384 2016 σταθμοὺς
3407 1946 3585 1998 οἴδασι

302 2043 428 2115 eius
455 2043 746 2115 scriptoris
777 2045 893 2099 haec
920 2052 1052 2098 sunt
1085 2060 1097 2098 :
1131 2045 1418 2114 ’Δγγωνες
1438 2047 1665 2116 δοράτια
1685 2048 1744 2102 οὐ
1772 2048 1894 2103 λίαν

307 2136 542 2208 σμικρὰ,
555 2136 853 2211 εεθωγ
871 2137 991 2190 οὐδὲ
1009 2137 1365 2208 μεγάλα,ἀλλ¹
1380 2139 1504 2193 ὅσον
1517 2139 1893 2207 ἀκοντίζεσθαι

301 2213 446 2286 ausu
467 2229 672 2298 δεήσοι.
700 2227 809 2284 Sed
840 2244 1069 2293 vanum,
1097 2230 1320 2301 opinor.
1347 2232 1418 2289 sit
1449 2247 1698 2304 quarerc
1726 2234 1895 2307 origi-

303 2340 436 2380 nem
463 2323 716 2381 vocabuli
748 2323 998 2380 Francici
1033 2324 1090 2379 in
1115 2324 1304 2397 lingua
1329 2324 1543 2383 Graeca.

334 2419 338 2422 ’
392 2414 732 2488 Ἀγρώτιδες
798 2431 855 2488 p.
915 2416 1040 2474 269.
1095 2416 1265 2474 Casas
1327 2419 1564 2477 rusticas
1618 2434 1684 2476 ac
1735 2429 1898 2494 tugu-

304 2509 392 2566 ria
417 2511 607 2567 cstiva
635 2525 940 2566 messorum
972 2510 1289 2582 manipulos
1312 2511 1368 2566 in
1399 2513 1546 2569 areis
1571 2515 1894 2578 terentium,

305 2603 532 2679 opinor,
560 2601 854 2673 intelligit;
888 2616 1030 2674 quas
1055 2617 1084 2657 a
1119 2601 1498 2663 fundamentis
1531 2605 1752 2662 avulsas
1780 2606 1900 2661 elu-

307 2697 424 2762 vie,
455 2709 515 2753 et
568 2695 716 2767 quod
753 2695 870 2753 fere
907 2695 1110 2752 tabulis
1157 2711 1221 2751 ac
1273 2698 1504 2759 materia
1555 2709 1894 2770 constarent,

309 2798 562 2846 torrente
583 2790 846 2860 abreptas
867 2788 1142 2862 signiﬁcat
1166 2789 1482 2848 innatantes
1504 2792 1684 2862 aquis,
1713 2782 1894 2866 quoad

311 2886 564 2955 impacta
594 2883 876 2940 nimnibus
925 2882 1080 2938 urbis
1130 2883 1292 2940 allisu
1323 2882 1753 2961 dissiparentur.
1791 2887 1894 2967 Agi

309 2987 492 3033 autem
559 2977 909 3049 potissimum
976 2976 1044 3032 de
1101 2977 1454 3047 temporariis
1516 2979 1892 3038 tabernaculis

305 3071 517 3126 circum
561 3086 720 3126 areas
765 3070 1016 3142 frugibus
1043 3070 1234 3142 plenas
1264 3071 1462 3144 positis
1486 3072 1554 3128 ad
1582 3075 1895 3134 custodiam

306 3169 698 3234 congestarum
749 3162 864 3219 illic
919 3161 978 3219 in
1029 3162 1204 3218 moles
1253 3161 1514 3219 frumenti
1575 3164 1892 3236 spicarum,

305 3271 446 3327 quas
486 3255 672 3311 excuti
703 3263 759 3310 et
792 3270 860 3312 ex
889 3254 958 3312 iis
994 3270 1226 3326 granum
1263 3257 1502 3320 secerni,
1532 3272 1702 3328 opera
1750 3261 1892 3324 mnl-
1916 3293 1960 3351 ο

308 3356 490 3405 torum
517 3349 872 3405 continenter
897 3348 1115 3404 dierum
1142 3348 1390 3408 laborem
1419 3352 1696 3426 exigente,
1730 3367 1892 3424 opor-

305 3441 482 3502 tebat.
542 3443 739 3496 suadet
804 3442 1068 3513 temporis
1117 3441 1387 3499 articulus
1423 3443 1529 3501 sub
1579 3453 1888 3502 extremum

231 3599 234 3602 _
303 3538 616 3605 Augustum
673 3543 732 3590 et
773 3536 1034 3608 adjuncta
1085 3535 1297 3592 mentio
1340 3535 1522 3610 ἔργων
1555 3536 1766 3607 αἰζηῶν
1790 3541 1888 3593 ἀν-

300 3625 470 3697 δρῶν,
499 3643 715 3698 Operum
757 3628 1008 3693 iuvenum
1039 3627 1296 3691 virorum,
1320 3628 1428 3692 hoc
1460 3637 1546 3686 est
1585 3629 1889 3687 valentium

302 3737 635 3781 messorum.
673 3722 856 3792 Ἔργα
905 3720 1053 3780 enim
1101 3722 1414 3782 universim
1461 3738 1630 3795 opera
1683 3726 1890 3781 rustica

300 3814 452 3870 circa
491 3813 679 3883 fruges
724 3822 1017 3878 vocantur,
1063 3822 1299 3884 extenso
1337 3813 1503 3873 etiam
1561 3815 1683 3888 eius
1738 3817 1891 3872 vocis

301 3899 620 3972 signiﬁcatu
646 3899 715 3956 ad
752 3899 973 3956 fructus
1005 3901 1154 3983 ipsos
1181 3903 1302 3958 istis
1327 3902 1615 3964 laboribus
1635 3916 1886 3978 paratos;

303 4008 416 4062 quo
444 4006 611 4048 sensu
640 3991 808 4050 etiam
845 3993 990 4049 Psal.
1026 4009 1229 4060 cxxvu,
1279 3995 1334 4066 2.
1370 3994 1592 4055 labores
1623 4013 1889 4055 manuum

299 4099 529 4141 suarum
579 4088 916 4141 manducare
950 4085 1224 4151 homines,
1257 4102 1457 4162 nempe
1499 4089 1773 4169 agricolae,
1805 4090 1891 4148 di-

302 4186 527 4233 cuntur.
582 4177 914 4234 Corroborat
943 4189 1126 4236 autem
1147 4180 1554 4251 conjecturam,
1581 4183 1728 4253 quod
1762 4199 1888 4238 mox

303 4271 676 4344 Pacbymeres
722 4271 779 4326 in
835 4272 1084 4329 membro
1135 4274 1350 4344 periodi
1399 4275 1765 4345 respondente
1802 4277 1888 4334 bis

303 4365 510 4434 verbis,
561 4364 772 4436 αἰζηῶν
799 4364 1012 4435 ἀνδρῶν
1041 4365 1203 4434 ἔργα.
1235 4367 1520 4440 subiungit
1552 4369 1622 4422 τὰ
1656 4368 1702 4422 δ’
1749 4371 1890 4440 deus

303 4457 551 4522 νιζισθαι
573 4460 692 4523 ταῖς
720 4458 1054 4535 προχὼσεσι,
1086 4458 1313 4530 disiecta
1343 4469 1400 4515 et
1438 4461 1744 4532 disperdita
1781 4462 1887 4519 ista

301 4567 472 4622 opera
498 4550 692 4607 dicens
725 4567 852 4608 cum
882 4552 1126 4609 molibus
1159 4561 1256 4608 aut
1286 4553 1451 4610 metis
1477 4554 1887 4626 frumentariis,

1997 2038 2182 2109 λέγειν
2208 2042 2301 2095 καὶ
2332 2042 2431 2104 τὰς
2454 2041 2794 2112 ὡρισμένας,
2836 2040 2937 2093 εἶτ’
2958 2038 3052 2094 οὖν
3075 2038 3443 2110 τεταγμένας,
3476 2039 3586 2090 ἑνε-

1996 2132 2141 2197 ὃξους
2171 2134 2693 2207 θ57ἀναπαύλας
2728 2137 2837 2199 τοῖς
2874 2133 2988 2186 εἴτε
3040 2133 3302 2186 ἱππεῦσιν
3337 2134 3446 2185 εἴτε
3489 2149 3587 2184 πε-
3639 2134 3644 2140 ’

1999 2226 2307 2307 ζοδρὸμοις,
2355 2227 2423 2291 ἃς
2475 2229 2570 2280 καὶ
2610 2226 2853 2295 ἀλλαγὰς
2894 2225 3083 2294 ἔλεγόν
3113 2243 3280 2289 τινες.
3321 2225 3381 2279 1η
3412 2240 3573 2293 quant

1997 2319 2327 2375 sententiam
2370 2322 2482 2376 duo
2517 2321 2790 2376 Meursius
2827 2320 3144 2377 testimonia
3177 2319 3399 2388 allegat,
3449 2318 3578 2372 alte-

1997 2427 2120 2467 rum
2160 2409 2434 2469 Basilicou
2478 2413 2664 2485 Eclog.
2695 2412 2803 2468 58:
2846 2414 2971 2467 ‘Ec’w
2998 2431 3082 2476 τις
3113 2412 3411 2484 παρελάσῃ
3452 2411 3584 2482 μίαν

1998 2506 2131 2575 γοῦν
2156 2505 2425 2576 ἀλλαγὴν,
2456 2504 2518 2559 τὸ
2544 2506 2947 2578 τετραπλάσιον
2969 2505 3071 2576 τῆς
3097 2503 3189 2558 τοῦ
3237 2503 3382 2569 ζὼου
3419 2505 3587 2576 τιμῆς

1996 2595 2210 2661 διδότω,
2235 2597 2472 2654 alterum
2514 2611 2545 2652 e
2570 2597 2767 2667 glossis
2809 2595 3112 2660 veteribus,
3168 2594 3408 2663 σταθμὸς
3443 2592 3585 2657 ζῶον

1997 2688 2261 2760 δρομικὸν
2287 2689 2452 2761 (forte
2481 2689 2780 2762 legendum
2813 2689 3056 2760 σταθμὸς
3087 2685 3246 2753 ζώων
3278 2674 3604 2760 δρομικῶνγ

1997 2782 2056 2846 ὃς
2110 2781 2332 2853 λέγεται
2392 2782 2489 2837 νῦν
2544 2782 2782 2855 ἀλλαγή.
2824 2783 3030 2838 Verum
3078 2782 3218 2838 nihil
3254 2783 3382 2838 hinc
3417 2782 3586 2837 elicio

1997 2875 2147 2947 quod
2183 2873 2547 2931 deelaratioui
2573 2874 2813 2930 duorum
2864 2889 2986 2947 quae
3028 2875 3290 2947 proposui
3331 2876 3582 2931 locorum

1998 2969 2255 3025 suﬂiciat.
2301 2969 2542 3041 Reperio
2599 2966 2842 3038 ἀλλαγὰς
2904 2980 3170 3040 praeterea
3223 2979 3406 3024 vestes
3469 2969 3582 3025 dici

2000 3063 2391 3134 speciosiores,
2452 3069 2686 3126 ornatus
2727 3061 2913 3134 potius
2968 3059 3026 3115 in
3078 3058 3224 3116 festo
3251 3071 3345 3115 aut
3383 3077 3585 3132 pompa

1999 3171 2163 3227 quam
2199 3154 2552 3215 necessitatis
2588 3161 2684 3210 aut
2718 3168 2853 3210 usus
2889 3152 3070 3208 civilis
3096 3152 3270 3227 gratia
3312 3157 3454 3208 sumi
3489 3169 3582 3211 so-

1997 3248 2144 3305 litas.
2180 3247 2447 3312 Codious,
2479 3248 2583 3305 lib.
2603 3247 2682 3302 De
2704 3246 2848 3321 ofﬁc.
2879 3261 2929 3305 c.
2976 3245 3062 3314 10,
3094 3263 3151 3302 ιι.
3185 3247 3218 3301 7
3249 3265 3262 3301 :
3292 3247 3525 3302 Ἔπειτα
3554 3249 3584 3301 ὁ

2000 3341 2377 3415 πατριάρχης,
2421 3341 2626 3414 μᾶλλον
2659 3340 2718 3396 δὲ
2756 3341 2807 3396 oi
2840 3343 3207 3413 πατριάρχαι,
3237 3341 3296 3394 εἰ·
3314 3341 3586 3412 παρόντες

1997 3436 2160 3501 εἰσιν,
2227 3433 2572 3504 ινδεδυειένοι
2623 3432 2724 3498 τὰς
2766 3431 3021 3510 etim;
3068 3433 3274 3500 αὐτῶν.
3339 3433 3467 3506 Agit
3515 3433 3586 3488 de

1996 3541 2198 3598 pompa
2230 3525 2341 3586 diei
2373 3526 2708 3589 Palmarum.
2759 3525 2955 3586 Vestes
3002 3539 3226 3598 quoque
3260 3526 3584 3595 imperatori

1981 3620 2191 3676 eadem
2222 3620 2576 3677 solemnitate
2607 3619 2860 3686 usitatas,
2898 3635 2953 3677 ιι.
2994 3620 3050 3682 3,
3097 3631 3393 3675 vocaverat
3423 3619 3586 3673 ἀλλά-

1994 3729 2208 3783 γματα,
2250 3711 2326 3768 uti
2366 3721 2423 3768 et
2449 3728 2506 3775 ιι.
2539 3711 2574 3766 4
2602 3712 2930 3771 vestimenta
2959 3712 3072 3772 τῶν
3107 3711 3391 3783 ἀρχόντων
3433 3714 3585 3782 prin-

1993 3809 2180 3884 cipum
2224 3818 2322 3865 aut
2364 3807 2772 3878 pracipuorum
2819 3807 3262 3878 magistratuum.
3313 3823 3583 3880 apparere

1991 3899 2322 3961 caeremonia
2377 3899 2468 3956 tali
2503 3899 2794 3972 splendido
2829 3900 3016 3957 habitu
3070 3915 3136 3956 ex
3170 3915 3323 3957 more
3369 3901 3583 3965 deben-

1993 3993 2153 4062 tium,
2185 3993 2515 4066 ἁλλάγματα.
2560 3996 2768 4065 pariter
2801 3994 3036 4050 dixerat.
3076 3994 3302 4051 Videtur
3329 3997 3444 4052 lucc
3483 4013 3582 4067 ap-

1992 4087 2215 4160 pellatio
2264 4087 2511 4145 derivata
2567 4104 2597 4144 e
2631 4089 2805 4144 sacris
2833 4089 3082 4151 Litteris,
3113 4089 3206 4145 ubi
3249 4090 3580 4149 vestimenta

1991 4181 2247 4253 quaedam
2288 4181 2592 4256 insigniora
2625 4191 2940 4254 comparata
3009 4182 3301 4259 potius-ad
3335 4184 3576 4254 speciem

1992 4292 2155 4347 quam
2185 4277 2255 4332 ad
2297 4278 2580 4349 vulgarem
2603 4292 2761 4337 usum
2806 4261 3008 4340 mum
3035 4294 3064 4336 a
3105 4277 3277 4333 verbo
3316 4262 3428 4363 ἾΒΠ
3464 4294 3579 4330 mu-

1995 4379 2114 4426 tare
2147 4369 2438 4444 dicuntur,
2481 4369 2552 4432 ιγ
2585 4368 2719 4442 Reg.
2774 4385 2828 4431 v.
2859 4372 2896 4428 5
2933 4381 2988 4426 et
3017 4371 3107 4426 29..
3134 4370 3288 4426 Isaia:
3325 4386 3457 4424 vero
3497 4387 3578 4434 ιιι,

1993 4459 2088 4526 ‘32,
2127 4470 2185 4516 et
2214 4460 2495 4517 Zachariae
2529 4459 2662 4521 item
2696 4476 2776 4526 ιιι,
2812 4461 2866 4527 4,
2905 4473 3200 4522 vocantur.
3236 4471 3339 4520 ms
3357 4473 3468 4525 πυ,
3508 4461 3578 4515 ad

1994 4571 2117 4627 quae
2149 4555 2331 4611 omnia
2374 4554 2491 4608 loca
2531 4551 2896 4630 Hieronymus
2924 4555 3213 4608 mutatoria
3254 4555 3581 4626 interpreta-

300 4645 555 4701 struibus
591 4644 844 4701 videlicet
889 4647 1129 4718 aggestis
1162 4648 1573 4718 manipulorum
1611 4651 1779 4708 tritici
1822 4667 1888 4706 ac
1920 4663 1962 4714 ι)
1996 4659 2110 4704 tur.
2161 4648 2389 4704 Duobus
2417 4663 2550 4703 vero
2581 4647 2876 4718 prioribus,
2905 4647 3042 4702 locis
3092 4647 3446 4718 septuaginta.
3491 4663 3582 4702 sr-

299 4736 526 4810 fruguln
579 4747 932 4809 exterarum,
983 4748 1106 4810 qua:
1161 4741 1345 4796 solent
1402 4757 1502 4813 per
1536 4751 1779 4800 aestatem
1829 4744 1882 4799 in

300 4832 450 4888 areis
508 4840 748 4887 exstare.
806 4831 977 4890 Favet
1031 4833 1120 4898 liis
1170 4835 1508 4906 coniecturis
1557 4840 1798 4910 epitome
1829 4841 1883 4895 in

301 4926 452 4982 hunc
478 4925 667 4983 locum
696 4925 980 4990 Vaticana,
1007 4942 1172 4998 quam
1206 4929 1338 4992 vide
1367 4931 1652 4991 recitatum
1690 4934 1743 4988 in
1781 4933 1887 4990 hoc

300 5017 574 5089 glossario
604 5015 751 5071 infra
786 5016 956 5071 verbo
1000 5018 1333 5089 προχὼσεις.
1365 5021 1520 5086 Quod
1577 5023 1684 5078 huc
1715 5027 1887 5095 perti-

301 5119 418 5177 net,
449 5108 723 5165 admoneo
753 5110 891 5165 satis
927 5125 1112 5176 rarnm
1140 5111 1318 5168 videri
1353 5116 1679 5172 vocabulum
1709 5119 1888 5186 ἀγρώ-

297 5203 445 5268 nos;
473 5216 602 5257 cum
653 5219 699 5255 ω
729 5203 998 5271 scriptum
1032 5221 1045 5257 :
1078 5219 1205 5262 nam
1235 5205 1399 5278 vulgo
1446 5209 1691 5280 ἁγρότης
1726 5212 1888 5265 rusti-

298 5313 390 5352 cus
414 5296 704 5352 scribitur.
735 5294 842 5353 Sed
875 5295 1109 5353 fortasse
1141 5308 1329 5357 noster
1363 5315 1430 5356 ex
1458 5303 1661 5357 usitato
1689 5304 1885 5363 eadem

298 5389 532 5446 notione
561 5388 734 5446 verbo
765 5388 1100 5460 ἀγροιώτης,
1132 5391 1275 5444 crasi
1302 5393 1564 5461 quadam,
1607 5396 1751 5450 hanc
1786 5411 1886 5452 vo.

298 5498 422 5540 cem
472 5481 838 5552 formaverit;
864 5493 964 5544 aut
1012 5485 1180 5538 etiam
1221 5485 1278 5542 in
1319 5497 1505 5545 mente
1541 5488 1885 5546 habueritet

297 5577 591 5652 scriptioni
615 5591 753 5642 sua,
777 5588 840 5633 ιιι
867 5576 1147 5639 interdum
1177 5579 1338 5646 solet,
1377 5580 1881 5646 inseruerit-locum

294 5683 476 5742 poeta:
520 5669 830 5742 cujusdam.
890 5669 1054 5733 Certe
1118 5672 1236 5729 haec
1293 5683 1512 5740 cuncta,
1575 5677 1881 5746 pra-serum

297 5780 434 5822 vero
480 5763 693 5838 αὶζηῶν
740 5763 956 5838 ἀνδρῶν
985 5764 1148 5836 ἔργα,
1201 5767 1404 5836 poetici
1451 5768 1577 5840 styli
1631 5785 1882 5840 saporem

298 5859 532 5922 habent.

369 5952 452 6025 [Ρ.
479 5951 607 6028 459]
652 5952 971 6023 ’Δόήριτον
1013 5969 1067 6026 p.
1102 5954 1225 6011 152.
1259 5954 1461 6012 Vocem
1513 5955 1769 6026 ἀδήριτον
1797 5955 1885 6012 hic

1991 4743 2177 4801 niores
2231 4741 2644 4812 ἀλλασσομένας
2681 4741 2874 4802 στολὰς
2915 4756 3012 4810 ιιι-ο
3053 4725 3256 4801 n'lD’Lﬁ't
3289 4740 3526 4796 reddunt
3562 4757 3577 4794 :

1988 4834 2219 4892 Genesis
2257 4851 2388 4889 vero
2442 4850 2567 4900 xu,
2613 4834 2685 4890 22
2722 4835 2814 4903 (de
2865 4850 2976 4905 quo
3015 4834 3136 4890 loco
3172 4850 3296 4889 mox
3325 4834 3575 4905 agemus)

1990 4910 2433 4994 ὲξαλλασσούςας
2481 4927 2699 4992 στολάς.
2735 4926 2861 4989 Hac
2913 4942 3013 4983 nos
3052 4937 3276 4982 movent
3318 4937 3378 4982 ut
3417 4929 3578 4982 initio

1988 5021 2291 5094 propositis
2327 5020 2579 5076 historici
2631 5020 2805 5075 nostri
2862 5020 3000 5076 locis
3046 5035 3274 5076 munera
3309 5022 3577 5091 pretiosa-

1989 5129 2112 5168 rum
2161 5113 2397 5169 vestium
2427 5113 2497 5169 ab
2529 5113 2846 5185 Andronico
2882 5113 3220 5171 honorandis
3260 5113 3574 5184 hospitibus

1989 5207 2241 5278 impensa
2276 5207 2385 5263 diei
2427 5207 2672 5277 ἀλλαγὰς
2699 5217 2982 5279 putemus.
3033 5208 3177 5282 Sane
3205 5208 3575 5278 perantiquus

1989 5320 2110 5361 mos
2137 5305 2450 5376 principum
2465 5305 2667 5363 charos
2700 5305 2940 5361 advenas
2964 5303 3225 5359 donativo
3258 5303 3575 5374 Splendida-

1989 5413 2113 5456 rum
2146 5401 2382 5455 vestium
2412 5398 2757 5464 demerendi,
2791 5398 2902 5467 jam
2941 5397 3067 5452 inde
3095 5412 3125 5450 a
3158 5395 3383 5466 Joseplii
3414 5395 3578 5467 {Egy-

1981 5499 2085 5559 pto
2115 5491 2394 5561 praepositi
2449 5490 2908 5561 temporibuS'est
2951 5489 3192 5545 celeber.
3244 5485 3336 5543 llle
3366 5490 3568 5555 quippe

1967 5585 2114 5644 loco
2173 5584 2339 5642 modo
2386 5595 2691 5640 memorato
2740 5583 2942 5639 Gencs.
3014 5600 3137 5648 xcv,
3196 5582 3288 5645 εἰ,
3352 5581 3481 5638 dum
3514 5597 3574 5634 se

1989 5677 2400 5750 agnoscendum
2461 5676 2727 5738 fratribus
2779 5675 3055 5746 prtebnit,
3115 5672 3340 5744 singulis
3392 5689 3574 5726 eorum

1988 5770 2182 5841 (verba
2223 5778 2352 5826 sunt
2406 5769 2579 5824 sancti
2640 5769 2960 5840 Hieronymi
3017 5768 3260 5837 Vulgatne
3308 5765 3574 5834 auct-ms)

1990 5865 2222 5937 proferri
2263 5864 2427 5934 jussit
2461 5861 2615 5918 binas
2643 5861 2828 5918 stoias.
2863 5861 3152 5929 Beniamin
3211 5875 3332 5915 vero
3355 5860 3572 5928 (utique

1989 5972 2252 6029 germano
2288 5971 2399 6028 prze
2458 5957 2670 6011 caeteris
2717 5953 2946 6025 dilecto)
3001 5956 3142 6007 dedit
3192 5962 3448 6007 trecentos
3473 5965 3574 6004 ar-
