4058 6298
580 378 694 440 ΠΗ)

1498 374 1566 438 P.
1605 373 1910 437 POSSINI
1948 371 2607 447 OBSERVATlONUM
2649 373 2798 438 LIB.
2838 376 2892 443 Ι,

3714 379 3816 441 720

577 506 791 566 genitos
821 507 937 551 cum
958 493 1189 564 quinque
1227 490 1372 547 stolis
1405 492 1635 563 optimis.
1673 492 1733 547 ιη
1765 493 1997 548 historia
2025 468 2161 564 quo?
2187 496 2233 554 Α
2263 487 2584 544 diuturnam
2632 490 2961 562 probassent
2988 505 3236 563 operam,
3288 490 3417 548 inde
3441 492 3658 548 emeriti
3707 512 3828 560 prn-

578 602 690 656 que
727 586 972 656 Augusta
1000 573 1982 654 Romanosimperatoresmnnerari
2014 586 2151 640 soli-

579 689 671 734 tos
715 679 973 749 pretiosis
1003 679 1246 733 vestibus
1295 693 1433 747 quos
1488 678 1692 732 vellent
1726 677 2024 739 honorare.
2080 677 2154 734 de

576 771 891 835 Alexandro
919 770 1125 827 Severo
1156 770 1401 825 refertur
1427 785 1458 824 a
1497 757 1836 839 Lampridio,
1870 769 1939 824 de
1971 767 2153 824 Probo

578 881 611 920 a
633 864 824 920 Flavio
860 863 1115 933 Vopisco.
1144 862 1322 929 Quem
1359 862 1487 917 olim
1528 876 1738 917 morem
1767 861 1824 916 in
1858 861 1981 916 aula
2010 860 2156 916 Con-

579 956 1070 1022 stantinopolitana
1129 955 1492 1011 Orientalium
1552 953 1833 1010 Cwsarum
1878 955 2152 1025 viguisse,

576 1057 945 1120 praeterquam
996 1048 1052 1102 hi
1104 1047 1464 1119 Paehymeris
1514 1045 1620 1100 loci
1680 1045 1945 1108 indicant,
1986 1045 2150 1100 etiam

579 1147 760 1208 potest
787 1139 1018 1210 intelligi
1051 1154 1118 1195 ex
1142 1139 1545 1195 consuetudine
1581 1138 1884 1194 Turcarum
1915 1137 2028 1192 illic
2055 1137 2154 1192 ho-

577 1232 670 1286 die
708 1231 1091 1302 regnantium;
1125 1245 1264 1300 quos
1296 1231 1351 1286 in
1379 1230 1807 1285 admissionibns
1844 1229 2150 1299 legatorum

481 1336 485 1339 ·
578 1321 950 1391 insigniumve
982 1335 1340 1391 personarum
1391 1319 1678 1376 ‘donativis
1728 1321 1928 1376 talibus
1976 1330 2150 1375 uesta-

577 1433 724 1479 rum,
757 1422 819 1470 ut
869 1416 1034 1486 vulgo
1067 1427 1286 1482 vocant,
1318 1418 1525 1487 passim
1557 1417 1634 1470 nti
1661 1425 2011 1490 compertum
2044 1425 2149 1472 est.

571 1506 643 1562 Et
676 1506 950 1562 Andream
997 1507 1164 1577 igitur
1225 1517 1282 1562 et
1325 1505 1715 1578 Mpyrigeriurn
1763 1508 2146 1577 Pachymeres,

575 1602 706 1656 dum
739 1600 1004 1667 ἀλλαγαῖς
1052 1602 1122 1656 ab
1150 1594 1470 1658 Andronico
1506 1602 1808 1658 honoratos
1832 1601 2048 1662 scribit.
2075 1603 2150 1656 si-

559 1677 798 1764 jgniflcai
821 1690 982 1746 donis
1014 1693 1378 1761 pretiosarum
1422 1703 1480 1749 et
1511 1694 1883 1764 speciosarum
1911 1695 2145 1749 vestium

574 1798 684 1837 non
708 1782 877 1837 semel
893 1784 1096 1838 cultos.
1118 1784 1245 1838 Haec
1261 1783 1528 1840 hactenus
1552 1785 1906 1855 scripseram,
1928 1788 2149 1856 quando

573 1876 718 1930 forte
753 1879 807 1929 in
857 1877 1042 1932 locum
1089 1878 1258 1931 incidi
1312 1878 1687 1948 paraphrastis
1734 1878 1982 1935 Vaticani
2035 1895 2146 1948 quo

573 1967 891 2022 declaratur
937 1968 1118 2040 ipsum
1169 1970 1224 2023 in
1255 1970 1447 2024 eadem
1503 1984 1715 2024 mecum
1762 1971 1829 2026 de
1879 1981 2147 2040 potestate

572 2060 724 2115 vocis
786 2061 999 2132 ἀλλαγὴ
1049 2062 1322 2117 sententia
1380 2063 1573 2127 fuisse,
1616 2061 1892 2132 siquidem
1954 2063 2000 2119 is
2054 2065 2145 2121 illa

570 2151 739 2206 verba
789 2151 1145 2223 Pachymeris
1189 2153 1357 2224 658
1421 2137 1659 2226 p.512,
1707 2154 1832 2217 Τοῖς
1879 2154 1977 2225 μὲν
2015 2173 2147 2210 vano

573 2248 764 2316 ἀρχοις
824 2246 895 2298 τὰ
947 2245 1056 2298 τῶν
1103 2247 1430 2311 ἀναϐολῶν,·
1465 2246 1538 2311 ὡς
1585 2243 1750 2318 εἶχον,
1806 2240 1943 2321 πρὸς
1988 2249 2147 2320 βασι.

568 2335 708 2397 λέως
741 2334 826 2407 [Ρ.
859 2333 984 2408 460]
1022 2335 1439 2406 φιλοτιμότερον
1487 2338 1897 2409 μετημφὶαστο,
1935 2340 2014 2394 sic
2054 2354 2148 2395 ex-

574 2428 902 2498 primit:0i
956 2429 1222 2499 ναύαρχοι
1281 2428 1596 2484 Γεννουῗται
1659 2429 1930 2502 τιμῶνται
1991 2433 2145 2502 παρά

571 2521 668 2575 τοῦ
705 2522 972 2589 pastum;
1017 2521 1281 2591 ἀλλαγαῖς
1319 2525 1550 2592 ἱματίων
1581 2524 1875 2594 λαμπρῶν.
1915 2525 1995 2579 Ita
2023 2525 2139 2589 ille;

573 2616 629 2670 in
662 2613 867 2686 quibus
903 2629 1010 2669 non
1045 2607 1253 2671 temere
1282 2616 1533 2687 suspicor
1573 2631 1764 2673 vocem
1803 2615 2030 2688 quidem
2064 2616 2145 2687 ip-

573 2723 696 2764 sum
724 2707 976 2776 ἀλλαγῶν
995 2722 1063 2763 ex
1089 2708 1238 2764 hisce
1258 2725 1379 2779 quae
1412 2709 1575 2766 modo
1601 2717 1902 2766 tractamus
1941 2711 2148 2782 Pachy-

572 2800 744 2856 meris
770 2797 908 2856 locis
953 2803 1256 2870 accepisse,
1308 2801 1440 2870 quid
1474 2810 1657 2856 autem
1690 2816 1752 2858 ea
1797 2817 1898 2856 suo
1932 2803 2146 2873 judicio

570 2885 816 2958 valeret,
876 2893 1256 2948 demonstrare
1315 2893 1594 2950 studuisse
1655 2894 2010 2964 adjunctione
2079 2896 2144 2949 ad

570 2985 722 3038 illam
760 2983 1042 3052 exegetica
1095 2985 1336 3055 ἱματίων
1383 2985 1680 3056 λαμπρῶν.
1709 2987 1828 3042 Non
1859 2987 2147 3042 omittatur

573 3073 641 3128 ad
701 3082 1031 3139 extremum,
1071 3073 1202 3128 hinc
1256 3073 1488 3130 fortasse
1540 3074 1957 3145 originationem
2018 3075 2147 3131 duci

2258 581 2627 637 movebantur
2668 585 2723 638 in
2752 585 3090 654 speciosiora
3121 585 3318 651 ollicia,
3359 595 3419 641 ut
3452 585 3544 640 hic
3577 586 3830 642 Nicolaus

2259 672 2326 727 ad
2361 674 2767 744 episcopatum.
2820 667 3139 747 quanquam
3178 692 3244 732 ne
3275 680 3500 747 ἀμέσως
3547 694 3741 734 manus
3800 698 3828 730 e

2258 764 2441 819 culina
2485 765 2738 822 sordidas
2772 768 2838 822 ad
2867 783 2992 825 aras
3040 768 3234 835 ferret,
3280 770 3630 841 professione
3679 773 3829 840 prius

2258 855 2564 912 monastica
2625 869 2888 930 purgatus
2941 862 3116 916 videri
3174 865 3381 932 potuit,
3425 879 3628 936 nomen
3668 879 3734 919 ex
3766 879 3827 918 ea

2257 957 2562 1020 sumptum,
2592 952 2888 1024 Neophyti,
2922 949 3198 1011 cathedra.
3233 957 3497 1012 Prusensi
3544 957 3828 1012 honestius

2255 1038 2526 1096 inferens.
2557 1043 2678 1099 Etsi
2711 1053 2897 1099 autem
2943 1045 3000 1100 in
3037 1045 3245 1102 Graecis
3292 1047 3607 1117 originibus
3636 1049 3830 1104 culina:

2255 1130 2348 1186 hic
2377 1133 2639 1190 Palatinae
2691 1136 2842 1191 nulla
2887 1136 3152 1194 iudicatio
3180 1148 3284 1204 est,
3340 1155 3430 1194 res
3484 1151 3666 1195 tamen
3711 1137 3828 1212 ipsa

2256 1225 2512 1293 prudenti
2575 1228 2951 1299 conjecturam
3020 1232 3296 1301 suggerit,
3363 1231 3525 1287 talem
3596 1233 3825 1305 intelligi

2254 1321 2535 1387 oportere,
2573 1319 2681 1374 hoc
2714 1322 2832 1390 ipso
2876 1322 3021 1392 quod
3067 1324 3251 1377 culina
3287 1335 3646 1380 memoratur.
3694 1325 3834 1380 Nam

2252 1409 2306 1464 id
2338 1427 2437 1482 per
2460 1428 2518 1468 se
2572 1421 2680 1467 tam
2736 1415 2846 1470 vile
2889 1414 3263 1471 ministerium
3315 1417 3422 1471 nisi
3471 1433 3502 1472 e
3540 1419 3826 1489 principali

2252 1503 2413 1557 domo
2438 1502 2751 1572 splendoris
2779 1505 2986 1575 aliquid
3018 1507 3273 1577 accipiat,
3303 1508 3611 1566 obsoletius
3632 1509 3832 1566 obscu-

2252 1595 2480 1665 riusque
2515 1611 2614 1666 per
2654 1610 2713 1651 se
2744 1597 3010 1667 sitquam
3057 1608 3119 1652 ut
3155 1600 3212 1654 in
3256 1599 3465 1671 scripto
3491 1599 3717 1672 publico
3742 1617 3828 1657 re-

2251 1696 2340 1740 cte
2373 1695 2703 1742 ostentetur.
2751 1687 3131 1757 Praeterquam
3179 1689 3427 1746 favorem
3483 1693 3819 1762 principum,

2255 1781 2375 1836 sine
2431 1796 2543 1850 quo
2589 1781 2691 1837 iste
2751 1782 3076 1854 Ncophytus
3135 1799 3244 1838 non
3307 1797 3731 1855 promoveretur
3776 1788 3826 1841 in

2252 1874 2633 1944 episcopatum
2671 1874 2825 1928 urbis
2856 1875 3112 1938 illustris,
3159 1891 3394 1946 pronum
3425 1879 3703 1934 estimatu
3747 1892 3830 1935 est

2253 1981 2364 2022 non
2408 1967 2511 2021 alia
2549 1968 2722 2036 gratia
2772 1968 2900 2023 huic
2932 1969 3207 2040 aspirasse
3240 1983 3405 2039 quam
3442 1987 3511 2026 ex
3544 1988 3828 2031 commen-

2253 2060 2472 2114 datione
2525 2059 2703 2113 intimi
2762 2060 3058 2116 ministerii
3117 2062 3249 2118 olim
3313 2065 3679 2134 regnantibus
3726 2066 3830 2122 im-

2251 2149 2429 2219 pensi.
2483 2149 2752 2220 Congruit
2802 2158 2986 2205 autem
3036 2151 3310 2223 analogia,
3383 2161 3445 2207 ut
3502 2155 3825 2211 missionem

2248 2238 2414 2310 659
2443 2252 2639 2296 nactus
2667 2239 2864 2294 bonam
2915 2256 2945 2296 a
2977 2242 3321 2310 coquinariis
3373 2245 3695 2314 imperatori
3729 2263 3826 2303 ex-

2251 2332 2510 2387 ltibendis
2563 2333 2850 2403 obsequiis
2898 2334 2978 2389 sic
3013 2334 3420 2405 ἀμσιγείρευτος
3469 2349 3717 2404 meetur,
3769 2352 3826 2396 ut

2251 2424 2616 2493 ἀστράτευτος
2639 2425 2843 2482 dicitur
2869 2427 2965 2497 qui
2994 2427 3194 2484 bonam
3227 2443 3256 2484 a
3284 2429 3477 2485 militia
3503 2432 3824 2488 missionem

2249 2514 2514 2570 emeruit.
3217 2507 3223 2512 ’
3296 2535 3298 2537 ·

2327 2609 2414 2684 [Ρ.
2465 2609 2595 2685 Mil]
2628 2611 3035 2684 Ἀμογάϐαροι,
3067 2628 3124 2684 p.
3159 2613 3286 2671 395.
3314 2613 3441 2671 Haec
3467 2617 3648 2687 prima
3671 2617 3822 2686 quod

2251 2704 2598 2759 meminerim
2648 2706 2702 2760 in
2760 2705 2864 2761 hac
2914 2706 3146 2762 historia
3194 2707 3402 2764 mentio
3454 2719 3538 2763 est
3584 2709 3822 2780 Amoga-

2250 2797 2534 2864 barorum,
2559 2812 2699 2867 quos
2741 2799 2874 2854 alibi
2910 2809 3117 2866 noster,
3147 2816 3348 2874 nempe
3380 2817 3436 2871 p.
3463 2793 3589 2864 4|6,
3629 2801 3710 2856 sic
3741 2802 3823 2856 di-

2250 2899 2368 2944 ctos
2416 2898 2574 2959 putat
2635 2889 2780 2960 quod
2835 2891 3102 2962 originem
3167 2891 3454 2947 traherent
3507 2908 3576 2947 ex
3630 2892 3830 2948 Avari:

2250 2984 2368 3037 sive
2423 2983 2715 3050 Avaribus,
2751 2985 3076 3041 Borealibus
3118 2985 3373 3041 videlicet
3427 2986 3567 3044 Asia:
3606 2987 3826 3057 populis

2250 3077 2397 3130 circa
2426 3076 2730 3133 Caucasum
2786 3077 2948 3133 sedes
2978 3076 3333 3133 habentibus.
3389 3075 3496 3134 Sed
3531 3093 3597 3133 ea
3646 3077 3827 3133 histo-

573 3164 1010 3236 plausibiliorem
1067 3181 1230 3237 posse
1282 3166 1537 3221 vocabuli
1573 3166 1831 3235 ἀλλάγιον
1880 3182 1941 3222 ea
1979 3184 2142 3236 quam
2171 3192 2216 3248 α
2251 3170 2351 3223 riei
2399 3169 2640 3239 suspicio
2686 3177 2773 3225 est
2821 3170 2981 3239 plane
3023 3169 3404 3225 inverisimilis
3448 3185 3465 3223 :
3505 3169 3640 3240 quid
3673 3170 3822 3225 enim

572 3257 744 3328 priori
793 3267 981 3312 nostro
1031 3256 1311 3313 Glossario
1378 3258 1744 3313 btesitabumli
1795 3259 2139 3328 proponeba-

561 3364 718 3404 πως.
744 3351 883 3416 Quid
933 3351 978 3404 si
1029 3351 1175 3404 enim
1213 3350 1450 3426 ἀλλάγια
1494 3361 1757 3420 putemus
1791 3352 1936 3406 dicta
1973 3351 2143 3406 fuisse

573 3442 802 3512 collegia
851 3457 946 3498 seu
983 3457 1216 3513 corpora
1267 3442 1502 3498 militum
1559 3443 1768 3516 ἀλλαγῇ
1817 3443 2005 3508 simili,
2038 3443 2143 3500 hoc

572 3545 656 3590 est
704 3548 879 3599 veste,
911 3536 1220 3590 utentium?
1257 3550 1377 3606 quae
1421 3536 1734 3590 communio
1765 3535 1922 3590 facile
1957 3537 2141 3592 coale-

571 3640 728 3680 scere
762 3624 906 3680 inter
935 3627 1182 3696 ejusdem
1206 3626 1444 3681 nationis
1476 3636 1717 3681 armatos
1754 3627 1951 3696 potuit.
1983 3627 2142 3681 (terte

560 3717 627 3770 'id
660 3718 984 3772 convenisse
1007 3719 1231 3787 proprio
1261 3719 1564 3787 praesertim
1599 3719 1948 3787 imperatoris
1981 3719 2142 3771 Lila-

559 3810 674 3880 ·γίῳ
707 3810 1028 3864 nominatim
1051 3812 1119 3864 ab
1143 3810 1458 3880 Acropolita
1482 3821 1802 3876 memorato,
1830 3810 1945 3866 sive
1967 3811 2140 3877 τάξει,

545 3904 734 3974 '-quain
762 3903 1118 3957 idemvocetn
1153 3920 1251 3974 pro
1283 3904 1432 3959 illius
1463 3903 1693 3959 alterius
1715 3919 2015 3976 synonyma
2046 3921 2140 3974 po—

570 3997 674 4059 nit,
707 3995 1109 4059 verisimillime
1156 3996 1488 4066 cogitabitur
1521 4012 1587 4050 ex
1623 4012 1723 4052 usu
1771 4013 1990 4068 quoque
2039 3999 2140 4052 ho.

558 4087 768 4141 -tiierno
793 4087 1180 4158 distinguendi
1229 4103 1382 4144 certo
1418 4105 1620 4157 genere
1652 4090 1874 4155 coloris,
1909 4091 2138 4160 insignis

570 4177 797 4233 habitus
855 4179 1281 4248 aut-peculiaris
1332 4181 1637 4250 chlamydis
1693 4188 1875 4236 certos
1914 4183 2139 4238 ordines

568 4270 831 4336 militum,
855 4271 1087 4341 principi
1122 4272 1342 4326 nomine
1377 4273 1494 4341 ipso
1532 4287 1595 4328 ac
1625 4273 1884 4344 singulari
1919 4273 2136 4330 delectu

555 4361 933 4418 addictornm'.
969 4363 1100 4419 Post
1146 4365 1264 4419 hinc
1300 4365 1485 4420 omnia
1526 4366 1728 4436 scripta
1767 4368 2136 4424 animadverti

567 4456 749 4511 locum
793 4455 970 4510 alium
1025 4455 1136 4512 huc
1197 4457 1565 4527 pertinentem
1634 4459 1810 4514 nostri
1870 4461 2135 4527 auctoris,

566 4562 732 4616 quem
755 4548 878 4603 vide
904 4563 959 4617 p.
987 4548 1076 4603 8L

641 4640 1104 4708 Ἀλληλένδετα,
1153 4657 1199 4711 p.
1248 4640 1336 4694 95.
1377 4642 1451 4696 lta
1489 4641 1696 4713 optime
1723 4643 1966 4698 omnium
2000 4645 2135 4699 Bar-

546 4734 795 4788 -berinus
829 4733 1024 4798 codex,
1067 4749 1188 4787 cum
1225 4734 1530 4790 Allatianus
1562 4734 1961 4805 ἀλληθενδεκτὰ
1996 4740 2134 4793 scri-

564 4829 682 4888 bat,
734 4827 1032 4882 Vaticanus
1093 4839 1276 4880 autem
1313 4827 1699 4897 αλληλενδοτὰ,
1730 4828 1821 4883 ille
1857 4829 2134 4900 vitiosius,

550 4919 655 4973 hic
684 4918 1050 4987 propinquius
1082 4932 1234 4971 vero.
1268 4917 1468 4971 Notum
1505 4927 1586 4972 est
1620 4917 1772 4972 δετὸν
1801 4920 2047 4976 vinctum
2079 4931 2136 4978 et

550 5025 762 5066 uir-xum
814 5024 1034 5072 sonare,
1087 5026 1115 5063 a
1148 5011 1251 5063 δέω
1286 5010 1408 5080 ligo.
1459 5010 1553 5064 Est
1583 5027 1709 5080 ergo
1748 5012 2135 5078 ἀλληλένδετον

545 5105 782 5157 invicem
838 5118 1057 5167 nexum,
1119 5113 1179 5155 ut
1251 5103 1317 5154 sit
1375 5102 1704 5171 ισοδύναμον
1768 5105 1847 5173 τῷ
1899 5105 2133 5175 ἀλληλό-

563 5198 744 5250 dom
773 5213 896 5250 mox
943 5197 1142 5265 posito.
1177 5197 1456 5264 aptissima
1510 5199 1732 5252 notione
1770 5200 1834 5251 ad
1869 5201 1975 5253 loci
2013 5215 2137 5254 sen-

564 5290 814 5351 tentiam,
849 5299 906 5341 ut
937 5288 1111 5340 lector
1142 5288 1394 5342 oeuiatus
1423 5290 1604 5343 statim
1643 5299 1850 5345 cernet.

634 5380 1058 5449 Ἀμαγείρευτοι
1116 5396 1168 5447 p.
1205 5379 1292 5433 88.
1351 5380 1452 5444 Qui
1503 5389 1831 5434 vocarentur
1862 5381 1966 5436 hoc
2013 5383 2133 5437 loco

563 5474 951 5542 ἁιαγειρευτοι
1017 5489 1140 5526 cum
1185 5473 1325 5527 fore}.
1370 5471 1623 5526 divinare
1668 5476 2042 5528 necessarium
2077 5474 2131 5527 in

559 5567 786 5619 silentio
836 5564 1188 5634 scriptorum,
1229 5579 1337 5617 non
1394 5565 1634 5618 occurrit
1669 5565 1813 5633 quod
1860 5565 2135 5619 verisimi-

570 5661 678 5714 lius
701 5659 941 5712 dicerem
987 5671 1148 5726 quam
1177 5657 1322 5726 quod
1367 5657 1418 5710 in
1464 5657 1919 5728 interpretatione
1950 5659 2131 5728 posui,

552 5751 639 5804 sic
675 5765 873 5818 nempe
920 5757 1146 5803 vocatos
1202 5762 1298 5803 eos
1353 5749 1444 5817 qui
1503 5759 1789 5818 postquam
1836 5751 1889 5803 in
1951 5751 2133 5819 aliqua

553 5849 715 5904 parte
751 5838 1039 5895 ministerii
1071 5848 1163 5894 aut
1194 5839 1539 5909 praefecturae
1575 5841 1827 5912 coquinae
1874 5839 2133 5896 Palatinae

2252 3261 2522 3316 Avaribus
2581 3261 2935 3316 Hamaxobiis
2993 3276 3061 3315 ex
3127 3260 3388 3333 Scythico
3452 3275 3654 3329 genere
3699 3276 3824 3315 rem

2252 3357 2404 3410 hisce
2447 3354 2726 3423 Catelanis
2777 3367 2900 3409 esse
2961 3368 3257 3409 commune
3303 3353 3481 3423 potuit
3511 3369 3580 3408 ex
3635 3352 3824 3410 Sicilia

2252 3445 2531 3515 profectis,
2564 3459 2674 3514 quo
2708 3444 2860 3516 prius
2889 3457 2957 3498 ex
2985 3441 3244 3514 Hispania
3274 3442 3650 3499 transierant?
3671 3444 3825 3515 plau-

2250 3537 2470 3593 sibilius
2526 3537 2582 3591 hi
2624 3551 2827 3592 nomen
2873 3534 3094 3592 duxisse
3129 3533 3305 3608 videri
3339 3538 3597 3604 poterant
3631 3547 3662 3587 ε
3693 3547 3825 3601 pro-

2251 3628 2530 3684 montorio
2583 3627 3021 3683 Tarraconensis
3078 3625 3379 3696 Hispaniae,
3436 3624 3587 3695 quod
3644 3623 3826 3678 Ptole-

2253 3737 2422 3775 manus
2458 3719 2671 3789 Λῦτιρον
2729 3719 2972 3775 Ariorum
3022 3727 3280 3772 vocatum
3336 3717 3547 3772 scribit.
3583 3713 3823 3785 Reperio

2251 3813 2392 3882 apud
2427 3810 2748 3874 Marianam,
2785 3811 2824 3865 l.
2859 3827 2951 3877 χιι,
3001 3826 3050 3866 c.
3085 3810 3174 3878 l7,
3210 3808 3285 3864 De
3331 3809 3484 3864 rebus
3528 3808 3819 3878 Hispania,

2253 3907 2633 3974 Almogaraves
2669 3903 2780 3958 illic
2834 3903 3138 3974 appellatos
3189 3911 3481 3958 veteranos
3540 3902 3746 3955 milites
3792 3914 3821 3955 e

2252 4009 2412 4067 gente
2441 3997 2699 4052 Maurica.
2737 3998 2941 4052 Horum
2987 3997 3192 4052 multos
3240 3995 3508 4051 admistos
3542 3994 3822 4050 Catelauis

2250 4087 2502 4142 subsidio
2531 4088 2729 4143 missos
2757 4088 3037 4144 Friderico
3066 4089 3273 4143 bellum
3301 4088 3356 4142 in
3385 4086 3572 4144 Sicilia
3601 4088 3818 4158 gerenti

2247 4195 2277 4233 a
2306 4181 2479 4234 fratre
2510 4179 2685 4250 ipsius
2707 4195 2833 4251 rege
2865 4180 3151 4251 Aragonite
3177 4179 3440 4248 arbitror,
3464 4190 3522 4235 et
3550 4180 3653 4235 bos
3677 4179 3820 4235 bello

2247 4271 2432 4328 Siculo
2459 4286 2592 4340 pace
2636 4271 2777 4327 facta
2828 4272 3147 4338 terminato,
3181 4272 3323 4327 duce
3356 4272 3593 4342 ltogerio
3639 4272 3819 4326 Bruno

2248 4364 2468 4427 dusino,
2497 4380 2657 4433 quem
2693 4373 2879 4418 noster
2901 4363 3256 4421 Rontzerium
3292 4375 3471 4432 vocat,
3504 4364 3821 4419 Constanti—

2247 4457 2489 4524 nopolim
2526 4459 2762 4510 venissie.
2811 4456 3001 4525 Itaque
3041 4457 3159 4527 pari
3215 4449 3438 4512 licentia
3485 4472 3591 4528 qua
3625 4457 3815 4512 Fride-

2169 4547 2216 4606 D
2251 4549 2422 4603 riuum
2478 4550 2530 4602 in
2592 4548 3064 4613 Theuderichurii,
3121 4550 3416 4620 Rogerium
3474 4550 3529 4604 in
3580 4548 3819 4604 Rontze—

2250 4643 2414 4706 rium,
2443 4642 2807 4711 I’achymeres
2842 4643 3129 4704 deformat,
3159 4642 3328 4696 etiam
3365 4642 3420 4697 in
3461 4641 3814 4712 Amogabarir

2251 4733 2585 4796 balbutierit,
2644 4733 2726 4787 sic
2755 4748 2853 4786 eos
2911 4749 3009 4802 pro
3075 4733 3442 4803 Almogaram’s
3501 4737 3812 4788 nominans.

2245 4823 2416 4878 Habet
2445 4841 2507 4878 ea
2545 4841 2644 4879 vox
2679 4825 2825 4880 haud
2853 4825 3084 4880 dubium
3110 4827 3311 4896 linguae
3341 4825 3584 4883 Arabica:
3613 4826 3815 4882 Mauris

2245 4914 2535 4968 familiaris
2587 4915 2986 4971 characterem.
3039 4915 3225 4986 Itaque
3277 4917 3476 4988 placet,
3513 4933 3676 4985 quam
3729 4917 3814 4970 vir

2244 5008 2599 5077 pereruditus
2653 5008 2898 5076 mihique
2931 5009 3301 5072 amicissimus
3351 5009 3671 5065 Dominicus
3698 5010 3813 5064 Ma-

2243 5101 2392 5169 grins
2418 5114 2448 5154 e
2472 5103 2632 5170 patrii
2663 5100 2964 5157 Melitensis
2989 5103 3264 5158 idiomatis
3299 5119 3399 5160 usu
3433 5113 3488 5158 et
3513 5104 3812 5160 domestica

2245 5193 2437 5246 notitia
2490 5195 2750 5264 suggerit,
2808 5195 3102 5263 originatio
3167 5196 3318 5252 vocis
3381 5197 3565 5268 hujus.
3622 5198 3711 5252 Ait
3767 5197 3812 5253 is

2235 5284 2529 5338 Africanos
2557 5286 2813 5353 Algharbi
2845 5287 3038 5340 Melita:
3071 5287 3277 5355 vocari,
3305 5291 3449 5358 quod
3468 5289 3804 5345 vocabulum

2243 5377 2600 5432 Occidentales
2659 5390 2836 5443 sonat,
2908 5380 3170 5449 quoniam
3231 5381 3296 5434 ab
3357 5380 3566 5438 Occasu
3623 5383 3801 5438 Melita

2241 5470 2476 5525 A'fricam
2509 5471 2754 5541 respicit.
2789 5473 3057 5528 lnseritur
3089 5483 3271 5529 autem
3309 5475 3452 5530 inter
3485 5477 3713 5545 primam
3752 5484 3808 5532 et

2242 5565 2537 5618 secundam
2567 5565 2830 5635 syllabam
2860 5565 3111 5620 vocabuli
3145 5567 3401 5638 Algliarbi
3431 5569 3694 5639 particula
3726 5568 3807 5624 nio

2242 5655 2450 5712 Latina.-
2499 5660 2874 5729 praepositioni
2919 5676 2981 5714 ex
3032 5661 3385 5730 mquivalens,
3423 5664 3641 5733 quoties
3667 5654 3808 5718 desi-

2239 5767 2408 5821 gnare
2441 5767 2579 5821 Opus
2605 5762 2689 5806 est
2714 5752 2955 5822 aliquem
2983 5768 3048 5807 ex
3085 5753 3265 5809 Africa
3293 5756 3409 5811 sive
3454 5755 3556 5810 alia
3585 5755 3801 5826 regiuns

2240 5841 2484 5898 Occidua
2534 5844 2844 5916 profectum
2894 5847 3064 5902 :talis
3101 5847 3250 5903 enim
3303 5847 3415 5905 illic
3465 5846 3804 5919 Almoghorli
