4058 6298
304 401 412 470 711

1680 419 2196 502 GLOSSABIUM.

3459 415 3642 505 ’722¹

187 535 196 540 ’
303 538 535 607 dicitur,
570 538 680 598 hoc
726 548 810 599 est
845 543 935 616 qui
968 561 1032 601 ea:
1065 546 1243 618 Africa
1280 547 1397 605 sive
1441 546 1669 608 Occiduo
1714 561 1889 607 tractu

2005 541 2209 588 tantum
2249 534 2416 603 habet
2446 550 2461 588 ι
2494 533 2600 587 Καὶ
2629 531 2809 587 πάντα
2848 532 3151 602 ἀνέτρεπον
3182 530 3274 584 καὶ
3299 529 3558 598 συνέχεον

305 636 546 691 venerit.
584 637 697 693 Nec
724 648 809 695 est
859 641 1187 698 incredibile
1220 660 1287 719 ex
1311 653 1495 718 etymo
1524 648 1885 719 ejusmodi-in

304 728 569 800 Hispania
626 748 849 804 quoque
904 751 1103 791 nomen
1160 715 1306 792 istud
1369 739 1662 796 inolevisse
1700 761 1713 796 :
1758 758 1884 797 nam

303 822 531 878 Mauros
561 820 756 880 omnes
803 838 1038 884 certum.
1065 840 1149 883 est
1183 845 1247 884 ex
1290 830 1473 886 Africa
1511 835 1795 905 trajecisse
1831 834 1885 888 in

298 917 566 984 lberiam,
609 929 663 974 et
698 936 766 974 ex
791 921 956 991 hujus
983 921 1241 978 Occiduis
1283 925 1539 992 partibus
1575 925 1631 980 in
1661 935 1890 980 caeteras

303 1007 654 1063 dominatum
699 1011 1037 1075 extendisse,
1076 1015 1224 1067 unde
1271 1015 1434 1070 isthic
1479 1032 1702 1087 quoque
1737 1026 1890 1072 recte

300 1099 656 1172 Almogharbi
684 1102 793 1156 dici
836 1105 1160 1172 potuerint,
1182 1116 1276 1158 aut
1309 1109 1580 1164 vocabulo
1618 1109 1673 1165 in
1708 1125 1888 1179 popu-

301 1191 482 1264 larem
514 1208 712 1248 sonum
752 1194 974 1249 detorto
1023 1195 1365 1266 Almogabari
1410 1213 1530 1262 seu,
1579 1209 1745 1270 prout
1777 1200 1891 1255 Ma-

303 1287 468 1341 riana
498 1285 716 1355 scribit,
747 1288 1147 1357 Almogaraues,
1177 1287 1353 1343 Mauri
1383 1292 1584 1347 milites
1609 1308 1676 1347 ex
1706 1291 1892 1348 Africa

306 1379 677 1436 etOceiduis
731 1373 1004 1447 tractibus
1059 1382 1366 1437 venientes.
1430 1384 1723 1453 Postquam
1774 1384 1894 1440 haec

307 1472 666 1542 scripseram,
702 1471 812 1526 vidi
861 1487 984 1542 quae
1033 1473 1230 1527 Petrus
1265 1473 1732 1529 d‘Outremannus
1787 1492 1891 1531 no-

306 1573 446 1628 ster,
480 1565 536 1619 in
583 1563 728 1620 notis
758 1563 910 1639 ade.
956 1564 989 1618 ‘5
1017 1565 1148 1621 libri
1189 1566 1279 1621 sui
1319 1565 1386 1621 de
1431 1567 1648 1622 excidio
1670 1565 1892 1625 Graeco-

307 1673 458 1724 rum,
496 1657 643 1713 circa
678 1672 869 1712 vocem
908 1657 1228 1728 Amogabari
1263 1659 1452 1714 tradit.
1493 1660 1569 1714 Ea
1601 1659 1738 1714 nihil
1772 1674 1894 1714 mu-

309 1747 543 1803 tandum
575 1748 630 1803 in
677 1746 747 1803 iis
777 1762 900 1818 quae
939 1763 1105 1817 supra
1144 1748 1303 1818 posui
1335 1746 1602 1810 suadent.
1631 1750 1895 1806 Indican-

1990 624 2077 676 διὰ
2125 626 2224 695 τὴν
2251 623 2618 696 νομιζομένην
2669 625 2988 696 ἀκρίϐειαν.
3039 623 3243 680 Habuit
3288 629 3475 676 autem
3511 618 3572 672 in.

1992 718 2182 772 animo
2225 717 2349 772 haec
2381 719 2632 774 scribens
2678 717 3042 790 Pachymeres
3074 717 3294 772 initium
3330 711 3570 769 celebris

1991 811 2176 880 operis
2235 809 2303 864 ab
2338 809 2659 882 Anaxagora
2727 809 2796 864 de
2849 825 3034 865 rerum
3099 817 3293 863 natura
3349 804 3567 874 scripti.

1993 905 2286 958 recitatum
2330 922 2359 960 a
2397 907 2636 978 Diogene
2667 906 2889 962 Laertio
2932 907 2986 960 in
3017 906 3138 978 eius
3167 903 3292 959 Vita
3316 901 3406 959 his
3446 915 3574 956 ver-

1993 996 2080 1050 bis
2114 1014 2124 1049 :
2164 999 2346 1052 Πάντα
2393 1000 2657 1071 χρήματα
2702 990 2771 1070 ἦν
2826 998 2998 1070 ὁμοῦ*
3053 997 3173 1053 εἷτα
3225 995 3350 1058 νοῦς
3402 993 3574 1048 ἐλθὼν

1991 1089 2135 1142 αὐτὰ
2184 1091 2540 1161 διεκόσμησε.
2577 1091 2768 1147 Omnes
2823 1109 2902 1145 res
2952 1099 3111 1146 erant
3144 1088 3340 1154 simul;
3385 1086 3576 1142 deinde

1992 1199 2137 1236 mens
2162 1186 2372 1240 vestiens
2399 1187 2540 1255 ipsas
2570 1194 2758 1240 ornate
2785 1185 3061 1256 disposuit.

2078 1278 2471 1332 ’Arroo'xlnw.
2501 1279 2676 1350 Hujus
2701 1293 2924 1348 quoque
2951 1291 3227 1347 nusquam
3262 1277 3395 1332 alibi
3429 1293 3462 1332 a
3497 1285 3578 1332 tot

1993 1365 2437 1438 diligentissimis
2488 1369 2884 1448 vocabulorum
2913 1367 3312 1423 collectoribns
3366 1369 3575 1438 reperti

1992 1459 2151 1516 verbi
2187 1460 2427 1530 aliquam
2457 1461 2513 1515 in
2558 1461 2664 1516 hoc
2693 1463 2877 1515 minus
2907 1462 3200 1516 obviorum
3244 1476 3411 1515 censu
3454 1462 3579 1517 ﬁeri

1995 1554 2333 1610 mentionem
2391 1570 2606 1624 aequum
2635 1565 2752 1618 est;
2788 1556 2948 1625 cujus
3000 1556 3344 1624 praeteritum
3391 1554 3582 1608 inlini-

1997 1648 2093 1702 tivi
2129 1648 2331 1716 passivi
2358 1658 2548 1703 noster
2574 1657 2804 1717 usurpat
2829 1646 2959 1701 dum
3001 1648 3082 1702 sic
3111 1647 3326 1714 scribit,
3358 1664 3412 1717 p.
3436 1647 3578 1704 269:

1996 1742 2086 1810 Μὴ
2174 1742 2272 1805 τῆς
2355 1728 2531 1810 φορᾶς
2614 1740 2892 1810 ληγούτης
2979 1742 3110 1813 πρὶν
3189 1739 3258 1795 ἂν
3341 1741 3581 1795 ἀπεσκί-

312 1836 445 1890 dum
484 1843 670 1919 tamen
718 1835 899 1890 locum
930 1836 1118 1906 putavi
1171 1826 1425 1895 studioso
1455 1839 1669 1906 lectori,
1702 1851 1760 1896 ut
1803 1856 1891 1903 eo.

2005 1831 2131 1902 :pOat
2177 1833 2253 1900 τῷ
2301 1834 2471 1903 τείχει
2533 1852 2633 1901 της
2671 1836 2901 1898 πόλεως.
2944 1833 3066 1888 Non
3107 1842 3341 1904 cessante
3379 1833 3582 1904 impetu

310 1926 358 1981 si
391 1911 497 1995 ipsi
536 1925 839 1989 videbitur,
872 1925 1048 1991 adito,
1078 1927 1247 1998 eligat
1283 1942 1348 1983 ex
1390 1930 1651 1984 omnibus
1679 1945 1779 2000 pro
1809 1948 1898 1985 ar.

312 2017 484 2075 bitrio
518 2018 640 2089 Quae
665 2021 841 2089 magis
881 2019 1221 2090 probaverit.

385 2111 802 2181 Ἀμφιὸρόμια,
850 2127 904 2183 p.
939 2112 1068 2168 282.
1098 2113 1233 2167 Οὐδὲ
1267 2115 1376 2185 γὰρ
1399 2115 1548 2178 εῑκδς
1579 2146 1649 2156 -
1674 2117 1776 2170 ’καὶ
1806 2117 1897 2170 εὐ-

312 2207 517 2272 λογεῖν.
549 2204 958 2260 Perobscurnm
1021 2206 1090 2262 de
1131 2220 1286 2262 more
1324 2208 1573 2262 auctoris
1618 2207 1769 2264 hunc
1818 2210 1900 2264 lo-

313 2311 464 2363 cum,
513 2298 607 2367 qui
659 2296 848 2354 Graeca
877 2298 1044 2370 660
1073 2298 1354 2368 inspiciet,
1393 2301 1655 2369 reperiet,
1688 2301 1744 2356 ni
1793 2300 1895 2356 fal-

313 2391 422 2447 lor.
478 2391 610 2445 Mihi
672 2391 898 2462 quidem
970 2393 1119 2446 haud
1183 2406 1380 2462 parum
1440 2393 1651 2462 negotii
1725 2393 1896 2458 dedit,

313 2482 498 2552 quoad
531 2484 794 2540 omnibus
821 2485 1068 2555 pensatis
1101 2500 1268 2553 quam
1301 2487 1682 2555 interpretatio
1714 2488 1899 2558 expri-

316 2576 418 2629 mit
471 2576 749 2645 exsculpsi
798 2579 1154 2632 sententiam.
1210 2579 1481 2634 Caeterum
1546 2583 1900 2652 ἀρχαιολογεα

318 2666 410 2722 hic
455 2667 696 2720 notanda
731 2667 784 2720 in
818 2667 989 2721 verbo
1036 2668 1381 2740 ἀμφιδρόμια
1418 2670 1566 2741 quod
1618 2680 1806 2727 noster
1834 2688 1902 2730 ex

321 2777 426 2816 suo
451 2767 736 2814 mutuatur
767 2759 1062 2830 Hesychio,
1120 2763 1199 2816 sic
1231 2763 1506 2819 scribente
1548 2783 1560 2819 :
1604 2767 1900 2836 Ἀμφιδρόο

324 2871 426 2922 pta.
467 2854 652 2924 ἡμέρα
693 2856 941 2924 ἀγομένη
988 2858 1102 2919 τοῖς
1137 2858 1402 2925 παιδίοις,
1447 2852 1563 2932 ὲνῇ
1609 2859 1670 2912 τὸ
1701 2860 1900 2929 βρέφος

320 2947 455 3018 περὶ
482 2948 582 3012 τὴν
614 2946 802 2999 ἑστίαν
823 2945 1022 3016 ἔφερον
1055 2947 1347 3018 τρέχοντες
1383 2949 1597 3021 κύκλῳ,
1645 2952 1741 3006 καὶ
1771 2953 1901 3006 ἐπει

319 3038 551 3091 τίθεσαν
604 3039 769 3111 (iorte
817 3041 1206 3110 corrigendum
1242 3043 1338 3095 καὶ
1390 3043 1702 3112 ἑπετῐθουν)
1749 3044 1901 3116 αὑτῷ

317 3132 494 3200 ὄνομα
543 3132 633 3184 ὅτε
684 3131 928 3185 ὑπὸ-τῶν
960 3133 1179 3188 οἰκείων
1226 3136 1318 3188 καὶ
1348 3135 1520 3205 φίλων
1551 3136 1703 3208 δῶρα
1730 3139 1900 3208 ὲπέμ-
1927 3175 1973 3233 c

323 3240 478 3278 πετο.
547 3225 715 3279 Paulo
766 3226 1084 3282 distinctius
1131 3227 1354 3292 Suidas,
1417 3230 1509 3298 qui
1560 3245 1758 3284 nomen
1798 3231 1904 3286 hoc

329 3319 615 3389 singulare
655 3318 978 3374 femininum
1027 3321 1159 3376 facit
1196 3339 1207 3375 :
1255 3323 1652 3394 ’Δμφιδρομεα,
1697 3324 1900 3393 inquit,

317 3415 391 3484 ἥν
421 3413 684 3483 πέμπτην
725 3411 958 3481 ἄγουσιν
995 3415 1092 3468 ἐπὶ
1130 3417 1247 3478 τοῖς
1283 3416 1566 3486 βρέφεσιν,
1601 3410 1721 3490 ἐνῇ
1759 3419 1903 3472 ἀπο-

320 3504 704 3578 καθαίρονταιν
723 3505 822 3568 τὰς
852 3508 1043 3577 χεῖρας
1070 3509 1126 3561 αἱ
1158 3508 1552 3580 συναψάμενσιι
1593 3508 1695 3580 τῆς
1714 3508 1905 3579 ’μαιώ-

322 3615 483 3664 σεως,
513 3599 573 3651 τὸ
597 3597 800 3669 βρέφος
830 3603 1199 3672 περιφέρουσι
1236 3602 1334 3673 τὴν
1369 3603 1556 3657 ἑστίαν
1581 3604 1903 3677 τρέχοντες,

321 3692 425 3744 καὶ
474 3691 624 3760 δῶρα
668 3692 987 3762 πέμπουσιν
1034 3694 1084 3748 ei
1146 3694 1525 3765 προσήκοντες
1570 3695 1646 3759 ὡς
1703 3696 1801 3747 ἐπὶ
1846 3695 1906 3749 τὸ

321 3780 585 3834 πλεῖστον
633 3781 944 3844 πολύποδας
994 3783 1092 3835 καὶ
1159 3783 1388 3854 σηπίας,
1445 3787 1513 3856 τῇ
1550 3784 1756 3856 δεκάτῃ
1809 3785 1907 3837 καὶ

321 3870 569 3941 τοῦνομα
609 3871 874 3927 τίθενται.
925 3873 1040 3927 Hoc
1088 3880 1220 3928 est:
1273 3872 1702 3944 Amphidramia,
1745 3888 1906 3944 quam

325 3965 468 4018 diem
499 3963 764 4019 celebrant
804 3965 1049 4036 quintam
1075 3982 1106 4019 α
1137 3967 1280 4021 natis
1309 3965 1620 4037 infantibus,
1655 3983 1758 4036 qua
1783 3981 1909 4035 pur-

322 4063 455 4128 gant
511 4072 701 4109 manus
734 4072 851 4127 qua:
897 4056 1308 4113 obstatricationi
1359 4075 1574 4127 operam
1626 4059 1906 4124 dederunt,

314 4136 590 4219 infantem
627 4149 824 4205 circum
858 4149 1030 4219 focum
1068 4160 1274 4220 gestant
1324 4161 1617 4217 currentes,
1683 4163 1731 4205 et
1768 4153 1908 4205 dona

329 4243 545 4296 mittunt
579 4241 886 4313 propinqui,
920 4241 1210 4313 polypodas
1254 4243 1560 4314 plerumque
1599 4260 1661 4298 ac
1701 4244 1906 4312 sepius;

325 4331 532 4387 decima
558 4348 677 4386 vero
701 4348 888 4388 nomen
926 4323 1223 4403 imponunt.
1262 4335 1338 4388 Ex
1372 4334 1458 4388 his
1483 4346 1710 4404 apparet
1735 4350 1908 4390 caare-

325 4427 571 4482 moniam
610 4436 854 4482 veterem
889 4437 1078 4498 aptare
1108 4427 1387 4482 studuisse
1420 4428 1749 4482 Christianis
1785 4428 1908 4482 riti-
1941 4421 1984 4476 D

325 4519 434 4575 bus
493 4518 888 4590 Pacbymerem
926 4526 1027 4576 :et
1071 4519 1216 4575 forte
1263 4519 1308 4572 is
1367 4521 1543 4574 voluit
1585 4521 1691 4575 isto
1736 4522 1906 4576 verbo

327 4612 589 4682 baptismi
623 4613 938 4684 panegyrim
964 4610 1047 4686 [P.
1074 4611 1202 4684 462]
1228 4613 1555 4682 exprimere.
1582 4613 1696 4682 Ego
1725 4622 1907 4668 tamen

329 4708 662 4776 conjectura
692 4706 838 4761 docti
871 4706 1102 4765 lectoris
1148 4705 1549 4761 divinationem
1597 4707 1909 4762 istiusmodi

331 4801 678 4870 relinquens,
735 4799 870 4856 satis
930 4800 1099 4866 habui
1157 4801 1409 4869 quintam
1462 4798 1531 4853 ab
1589 4809 1713 4853 ortu
1763 4786 1907 4853 diem

332 4894 668 4964 exprimere,
694 4901 920 4963 quotam
949 4907 1083 4948 voce
1108 4891 1476 4963 ἀμφιδρομὶα,
1497 4893 1585 4946 cui
1609 4907 1910 4962 synonyma

334 4978 649 5040 consonant
667 4985 736 5040 τὰ
765 4984 1136 5054 ἀμφιδρόμισ,
1167 4984 1444 5055 designari
1479 4984 1704 5040 Suidam
1747 4987 1906 5042 retuli

335 5077 653 5133 docentem.

408 5169 765 5239 ’Δνάτ-ωτος,
820 5181 874 5239 p.
932 5169 1056 5225 557.
1112 5170 1276 5224 Voris
1328 5171 1614 5240 ἀνάγωγος
1663 5189 1786 5243 quae
1820 5174 1910 5229 hic

339 5271 637 5332 usurpatur
669 5262 822 5316 notio
857 5262 1159 5331 repetenda
1211 5265 1277 5316 e'x
1310 5261 1580 5335 Ilesychio
1625 5275 1730 5328 est,
1766 5267 1911 5336 apud

340 5371 501 5425 quem
558 5353 838 5422 legimus:
887 5355 1197 5423 ’Λνάγωγος
1253 5353 1536 5425 ὑϐριστὴς,
1599 5360 1626 5408 ὁ
1677 5359 1750 5429 μὴ
1812 5361 1911 5430 τῆς

341 5447 565 5514 δεούσης
599 5448 824 5516 ἀγωγῆς
857 5451 1194 5519 τετυχηκώς.

411 5537 836 5607 Ἀναξαγόρειοι
878 5539 1181 5609 χρήματα,
1233 5558 1286 5612 p.
1325 5541 1443 5598 l50.
1479 5544 1664 5598 Πάντα
1710 5544 1755 5598 δ’
1784 5545 1910 5597 ἀνι-

342 5647 543 5702 τρεπον
596 5633 694 5686 καὶ
729 5633 986 5703 συνέχεον
1047 5634 1138 5689 διὰ
1196 5637 1294 5705 τὴν
1328 5639 1698 5707 νομιζομένην
1753 5638 1913 5710 ἀκρι-

343 5727 540 5805 6ειαν,..
573 5727 716 5779 κατὰ
751 5728 818 5780 τὰ
866 5727 1265 5798 Ἀναξαγόρεια
1324 5731 1609 5801 χρήματα..
1656 5730 1748 5788 Sic
1799 5732 1909 5787 duo

340 5816 496 5870 codd.
537 5818 731 5886 optimi
765 5820 1116 5875 concorditer
1145 5820 1185 5874 Β
1225 5831 1278 5876 et
1311 5824 1373 5874 Δ.
1413 5822 1710 5878 Vaticanus
1741 5826 1910 5878 inter-

343 5911 577 5981 potator,
631 5927 730 5983 pro
782 5927 884 5969 suo
935 5927 1089 5969 more
1137 5913 1369 5971 obscura
1413 5915 1780 5982 transiliendi,
1834 5918 1912 5974 sic
1931 5950 1939 5982 ,-

1999 1925 2310 1996 priusquam
2343 1925 2673 1981 iliiderentur
2713 1944 2864 1981 muro
2902 1929 3152 1982 civitatis.
3184 1927 3308 1996 Agit
3337 1926 3406 1981 de
3435 1926 3582 1982 casis

1997 2015 2334 2069 rusticorum
2382 2017 2640 2071 eluvione
2689 2011 2901 2071 avulsis
2933 2029 2987 2072 et
3033 2028 3278 2072 torrente
3310 2017 3576 2087 abreptis.

1998 2105 2156 2170 Quod
2194 2107 2425 2162 verbum
2471 2111 2633 2179 vulgo
2669 2109 2936 2164 scribitur
2977 2110 3228 2179 σκήπτω,
3262 2103 3398 2165 alias
3431 2125 3530 2178 per
3564 2130 3580 2163 t

1999 2199 2168 2254 scribi
2202 2201 2449 2264 solitum,
2494 2217 2603 2256 non
2643 2203 2881 2258 obscura
2924 2205 3155 2273 vestigia
3184 2212 3488 2272 supersunt
3524 2201 3580 2259 in

2000 2291 2230 2348 vocibus
2281 2292 2408 2348 inde
2460 2293 2747 2358 derivatis,
2783 2295 3016 2358 σκίπων,
3071 2312 3235 2366 quam
3268 2296 3580 2367 Hesychius

1999 2385 2226 2453 exponit
2253 2385 2552 2457 βακτηρία,
2588 2385 2809 2454 ῥάϐδος,
2862 2397 2918 2442 et
2952 2388 3209 2454 σκιπίων,
3261 2404 3430 2458 quam
3464 2391 3587 2457 jam

1998 2477 2158 2548 εει
2199 2477 2328 2532 olim
2355 2477 2536 2532 Latini
2571 2480 2950 2548 arripuerunt,
2979 2480 3283 2548 scipionem
3314 2479 3585 2538 baculum

2003 2571 2275 2626 dicentes.
2312 2569 2454 2636 Quin
2491 2580 2546 2624 et
2596 2572 2798 2643 ipsum,
2835 2571 2931 2626 sed
2963 2573 3246 2627 ὲπενῦέσιι
3287 2573 3380 2626 τοῦ
3412 2573 3450 2645 μ
3479 2593 3580 2632 au-

2002 2675 2152 2721 ctum
2184 2667 2460 2733 reperitur
2504 2665 2736 2719 verbum
2769 2664 3029 2735 σκίμπτω
3076 2662 3354 2737 Hesychio
3378 2670 3581 2740 sapius

2004 2769 2367 2814 memoratum
2409 2777 2423 2816 :
2463 2775 2588 2813 nam
2649 2759 2796 2827 apud
2831 2759 2981 2815 hunc
3024 2760 3228 2831 legitur
3282 2761 3576 2834 σκιμπτει,

2006 2853 2363 2922 σκὶμπτεται,
2411 2851 2754 2922 χαλεπαίνει,
2806 2838 3102 2922 ἐρείδεται,
3161 2855 3474 2919 ἐπιπίπτει,
3516 2865 3575 2910 et

2006 2944 2244 3011 σκίμψαι
2276 2941 2620 3012 ἐμπαγῆναι,
2643 2942 3076 3012 ὲμπελασθῆναι,
3107 2942 3349 3015 denique
3382 2955 3442 3000 ut
3470 2945 3583 3000 alia

2003 3029 2277 3098 omittam,
2317 3036 2586 3105 σκιμφῦῇ.
2612 3035 2842 3104 ἐγγίσει,
2879 3035 3275 3105 προσπελάσει.
3304 3036 3450 3092 Bene
3485 3039 3581 3094 hat-

2003 3126 2121 3194 bet,
2189 3127 2335 3182 dicet
2393 3127 2633 3198 aliquis:
2667 3129 2764 3183 sed
2811 3129 2866 3184 τὸ
2919 3129 3031 3182 ἀπὸ
3073 3130 3151 3199 τῷ
3199 3131 3579 3203 σκεμπτεσθαι

2005 3225 2362 3291 praepositum
2405 3220 2861 3290 signiﬁcationem
2908 3223 2965 3278 in
2999 3226 3342 3280 contrarium
3393 3228 3582 3281 vertit.

2004 3311 2144 3366 Huic
2172 3329 2273 3383 ego
2301 3315 2380 3367 sic
2412 3329 2644 3368 occurro
2671 3325 2730 3369 ut
2769 3315 2912 3371 ultro
2962 3317 3228 3372 conﬁtear
3259 3319 3585 3389 plerumque

2005 3404 2332 3473 στερητικὸν
2366 3419 2488 3460 esse
2534 3405 2594 3458 τὸ
2625 3406 2731 3458 ἀπὸ
2767 3407 2819 3460 in
2851 3409 3254 3477 compositione
3289 3411 3584 3466 verborum

2004 3507 2101 3554 aut
2150 3500 2462 3555 nominum.
2494 3498 2583 3554 Sic
2635 3501 2903 3556 ἀπανθεῖν
2928 3509 3014 3556 est
3044 3503 3405 3574 deﬂorescere.
3444 3505 3584 3559 ἀπά-

2009 3587 2122 3653 ξιος
2164 3590 2436 3659 indignus.
2475 3607 2539 3646 ac
2564 3593 2764 3647 similia
2796 3595 2998 3663 passim
3029 3595 3187 3650 obvia
3213 3605 3492 3652 sexcenta.
3524 3597 3586 3662 In

2008 3682 2211 3752 quibus
2275 3685 2431 3753 juvat
2490 3686 2671 3740 obiter
2727 3704 3034 3744 niemorare
3096 3705 3287 3745 vocem
3354 3693 3582 3761 ἀπαρτι-

2007 3779 2169 3841 rixo;
2192 3777 2600 3848 elegantissimo
2651 3783 3009 3850 compositura
3057 3781 3126 3835 ab
3187 3797 3414 3843 aucore
3467 3787 3578 3854 pul-

2009 3867 2270 3923 cherrimi
2332 3871 2743 3940 epigrammatis
2793 3873 2861 3927 ab
2913 3873 3295 3930 eruditissimo
3354 3873 3590 3932 Octavio

2010 3959 2338 4025 Ρθιοοηοι-ἱο,
2355 3963 2618 4031 descripti
2647 3980 2677 4019 e
2703 3964 2817 4019 basi
2850 3981 3156 4023 marmorea
3189 3982 3366 4038 nuper
3392 3967 3587 4026 eli'nssa

2011 4064 2065 4110 et
2105 4071 2229 4109 cum
2261 4056 2408 4111 nonis
2437 4057 2682 4128 ejusdem
2710 4057 3048 4114 doctissimis
3074 4059 3231 4114 editi.
3272 4060 3590 4118 Sustinebat

2011 4147 2142 4200 olim
2199 4162 2260 4202 ea
2309 4148 2456 4202 basis
2513 4150 2726 4220 signum
2785 4148 3132 4220 rEsculapii,
3187 4163 3594 4223 repraesentans

2012 4239 2164 4293 illum
2219 4250 2277 4294 ut
2320 4239 2584 4298 infantem
2633 4257 2827 4298 recens
2875 4255 3085 4302 natum.
3141 4245 3296 4302 Unde
3349 4246 3597 4316 primum

2013 4330 2289 4386 distichon
2321 4331 2402 4386 sic
2425 4333 2592 4389 habet
2623 4352 2638 4389 :
2665 4394 2667 4397 ,

2123 4445 2238 4501 Τὰν
2273 4448 2487 4514 παιδὸς
2517 4451 2860 4506 καλλίσταν
2892 4453 3031 4506 εἰκὼ
3065 4453 3245 4509 τάνδε
3283 4455 3442 4510 θεοῖο

2259 4519 2522 4586 naida-oc
2561 4524 2784 4589 κούρου
2819 4525 3042 4591 ματρὸς
3071 4525 3502 4594 ἁπαρτιτόκου.
3566 4590 3568 4592 τ

2026 4606 2354 4674 Ἀρτιτόκον,
2390 4611 2492 4664 hoc
2515 4623 2599 4666 est
2623 4629 2799 4667 recens
2825 4615 3058 4682 enixam,
3089 4614 3393 4687 Esculapii
3423 4618 3600 4674 modo-

2013 4699 2126 4753 nati
2158 4703 2480 4770 genitricem
2507 4720 2633 4760 vere
2661 4706 2936 4774 appellare
2965 4706 3298 4778 Nicomedes
3314 4709 3594 4780 epigram—
3621 4711 3624 4714 ’

2016 4799 2180 4853 matis
2215 4798 2451 4868 scriptor
2487 4813 2595 4850 non
2636 4799 2854 4867 potuit,
2887 4801 3150 4868 quoniam
3202 4815 3322 4854 eam
3378 4801 3590 4856 sciebat

2012 4906 2295 4960 nunquam
2323 4889 2623 4960 peperisse.
2653 4891 2843 4960 utique
2873 4906 2979 4944 non
3014 4893 3276 4960 ignorans
3319 4893 3588 4963 vulgaris.-

2014 4983 2208 5037 simam
2261 4991 2313 5036 et
2343 4981 2790 5036 constantissime
2837 4981 3437 5048 creditamjabulam,
3481 4999 3586 5053 qua

2012 5089 2356 5144 quascunque
2407 5073 2630 5130 tandem
2686 5073 2853 5128 fuerit
2884 5084 3060 5129 mater
3103 5073 3585 5148 A‘Jsculapiimam
3640 5152 3644 5156 .

2015 5169 2109 5223 alii
2134 5168 2429 5232 Coronide,
2458 5171 2692 5225 Arsinoe
2718 5170 2809 5224 alii
2838 5179 3030 5223 natum
3062 5174 3399 5240 autumant),
3431 5174 3587 5242 prius

2014 5272 2229 5318 mortua
2286 5279 2449 5331 quam
2513 5276 2735 5332 pareret
2798 5265 3085 5328 asseritur,
3139 5280 3206 5319 ex
3251 5265 3401 5320 illius
3455 5281 3587 5324 vero

2016 5355 2201 5409 statim
2245 5364 2466 5409 exsecto
2501 5367 2657 5410 utero
2701 5357 2887 5410 vivum
2949 5373 3176 5426 puerum
3209 5356 3587 5426 Escuiapiunt

2013 5455 2340 5502 extractum.
2375 5447 2555 5512 Quare
2586 5448 2635 5502 is
2671 5450 2868 5502 merit.)
2897 5458 3127 5505 vocatur
3150 5449 3587 5521 κοῦρος,ματρδς

2014 5541 2386 5612 ἀπαρτιτόκου
2443 5539 2586 5609 ﬁlius
2640 5543 2826 5595 matris
2872 5559 2975 5596 non
3025 5557 3333 5612 puerperae,
3376 5543 3585 5612 quippe

2015 5653 2137 5707 quas
2187 5635 2342 5691 illum
2387 5635 2657 5689 duntaxat
2703 5632 2786 5705 [P.
2824 5633 2961 5705 £651
3002 5635 3125 5688 alvo
3179 5635 3498 5704 conceperit
3529 5644 3588 5694 et

2019 5728 2359 5792 formaverit,
2387 5729 2547 5782 enixa
2588 5726 2642 5779 in
2671 5727 2847 5780 lucem
2890 5741 3170 5794 nunquam
3193 5724 3390 5790 fuerit,
3412 5733 3589 5787 ωοιιο

2019 5830 2237 5892 partum
2295 5829 2736 5889 praeoccupante.
2774 5819 2920 5874 Inest
2978 5835 3111 5888 ergo
3142 5819 3266 5873 sine
3314 5817 3483 5875 dubio
3533 5819 3589 5876 iu

2022 5915 2425 5984 compositione
2450 5913 2530 5968 vis
2560 5913 2795 5984 negandi
2816 5913 2890 5984 τῷ
2920 5912 3029 5967 ἀπό
3055 5927 3070 5971 ;
3098 5912 3199 5968 sed
3233 5925 3345 5966 non
3369 5925 3590 5977 semper
