4058 6298
225 380 336 446 725

1576 386 1579 390 ’
1597 391 1940 456 GLOSSAR
1950 395 1966 455 l
1978 397 2089 460 ΠΜ
2097 444 2114 462 .

3380 392 3503 458 την,

223 497 335 555 hoe
386 498 551 558 istius
586 499 849 560 Ηίθεοι-ἰοὶ
896 498 1214 561 testimonio
1271 513 1444 573 recte,
1476 515 1536 561 ut
1589 508 1809 579 opinor,
1846 525 1885 579 Α
1917 521 2116 567 atatem
2149 513 2549 592 vocabulorum
2568 512 2767 585 linguae
2794 511 3053 584 propriae,
3095 508 3154 566 in
3195 509 3354 582 cujus
3404 508 3482 564 sit

221 594 561 667 colligimus.

297 687 492 744 Restat
522 688 821 745 videndum
852 691 985 762 quid
1032 692 1264 750 αὐλαίαν
1300 692 1443 751 idem
1484 699 1665 753 Vocet.
1698 696 1807 752 Αὐ-

221 780 350 835 λαία
378 791 466 836 est
498 783 559 837 τὺ
587 783 688 853 τῆς
718 785 926 857 σκηνῆς
956 787 1396 861 παραπέτασμα,
1430 790 1806 860 proscenium,

223 875 409 931 velum
438 875 715 948 objectum
746 880 925 934 oculis
948 890 1327 950 spectatorum
1362 882 1548 940 mimis
1580 899 1805 955 operam

224 970 507 1025 dantium.
539 969 863 1043 Hesychius
884 982 1083 1044 proter
1118 975 1282 1031 istam
1322 977 1608 1033 notionem
1644 977 1808 1033 aliam

221 1062 394 1118 etiam
433 1062 663 1135 subjicit
693 1065 820 1120 voci
854 1066 1018 1132 huic,
1061 1066 1195 1122 dum
1233 1068 1432 1124 scribit
1464 1086 1478 1123 :
1510 1068 1722 1124 Αὐλαία
1752 1070 1809 1123 ιν

223 1154 364 1225 sua
412 1153 790 1227 διατρίϐουσα.
847 1156 1202 1227 Disquiratur
1251 1174 1387 1231 ergo
1432 1158 1569 1231 quid
1599 1160 1673 1216 sit
1704 1159 1809 1215 αὐ-

222 1242 326 1315 λή;
367 1245 516 1313 quod
578 1247 910 1303 vocabulum
966 1249 1026 1304 in
1081 1250 1248 1322 hujus
1298 1251 1475 1321 ipsius
1530 1252 1809 1309 mentione

224 1337 337 1393 loci
374 1348 649 1411 usurpant
696 1349 755 1397 ct
803 1341 1069 1406 Zonaras,
1105 1352 1162 1398 et
1196 1342 1397 1401 Suidas
1444 1360 1611 1415 supra
1653 1345 1809 1401 citati

224 1449 253 1487 a
307 1434 479 1489 Petro
540 1432 730 1490 Gillio.
796 1437 1093 1492 Athenaeus
1174 1437 1322 1509 (lib.
1376 1454 1408 1492 ν
1458 1442 1815 1508 Δειπνοσοφι-

227 1527 374 1581 στῶν
415 1542 472 1597 p.
512 1527 613 1585 189
640 1528 731 1584 ed.
764 1528 1095 1585 Commelini
1126 1531 1257 1585 anni
1296 1531 1451 1600 1597)
1486 1531 1555 1585 ad
1588 1547 1809 1587 versum

221 1619 534 1675 Aristarchi

256 1715 453 1780 Ζηνός
480 1728 601 1768 που
631 1714 833 1783 τοιήδε
862 1715 915 1782 τ’
950 1714 1281 1785 Ὀλυμπίου
1319 1713 1569 1769 ἔνδοθεν
1597 1712 1778 1780 αὐλή.

222 1806 580 1875 sic‘disputat
605 1804 674 1860 de
703 1806 1018 1878 signiﬁcatu
1052 1807 1204 1863 vocis
1238 1807 1436 1877 hujus:
1479 1807 1599 1860 Ἔτι
1630 1806 1811 1860 τοίνυν

1912 602 2274 659 meditatione
2326 605 2746 662 accuratissime
2801 613 3071 671 versatus,
3114 617 3282 673 quam
3331 610 3484 656 recte

1908 697 2057 754 credi
2107 698 2176 753 de
2225 698 2337 754 ullo
2384 701 2593 756 recenti
2631 708 2801 772 queat
2843 698 3203 767 quantumvis
3233 694 3483 767 diligenti

1905 788 2236 846 litteratore.
2310 791 2445 846 Illud
2505 800 2759 862 potuerat
2806 790 3117 863 elegantius
3172 789 3485 844 illustratur
3535 783 3540 786 ’

1909 881 2160 938 Athenai
2194 885 2248 937 in
2289 885 2411 955 ejus
2445 870 2748 957 interprete
2794 884 3041 953 culpare,
3087 879 3237 954 quod
3282 879 3338 935 in
3389 880 3485 935 illo

1908 970 2214 1028 Aristarchi
2247 989 2409 1031 versu
2457 973 2651 1031 Latine
2682 973 2967 1028 reddendo
3010 970 3343 1029 vocabulum
3376 969 3484 1035 ι...

1911 1064 2087 1121 tinum
2142 1066 2339 1121 atrium
2403 1076 2662 1137 tanquam
2715 1065 2908 1124 Graeco
2956 1065 3097 1137 αὐλὴ
3129 1062 3487 1134 ίσοδυναμοῦν

1910 1157 2257 1217 adhibuerit.
2298 1157 2516 1213 Atrium
2548 1160 2720 1227 enim,
2778 1172 2943 1230 prout
2989 1158 3205 1215 erudite
3252 1146 3489 1217 demon-

1908 1256 2047 1305 strat
2089 1247 2387 1305 Famianus
2440 1249 2740 1307 Nardinius
2788 1250 2845 1311 in
2895 1262 2993 1305 sua
3038 1246 3208 1305 Roma
3237 1248 3488 1319 antiqua.

1908 1338 1947 1393 l.
1980 1354 2067 1406 ιιι,
2100 1354 2153 1396 c.
2203 1339 2293 1404 l5,
2347 1340 2508 1410 plane
2558 1338 2896 1396 contrariam
2922 1339 3083 1408 αὐλῇ,
3132 1338 3237 1395 hoc
3279 1346 3389 1404 est,
3427 1347 3490 1394 ut

1911 1432 2171 1497 vidimus,
2211 1435 2334 1489 loco
2360 1433 2611 1504 ὑπαίθρῳ
2642 1442 2698 1489 et
2730 1435 2853 1490 sine
2883 1447 3169 1490 murorum
3228 1431 3490 1489 obicibus

1910 1524 2205 1597 perﬂabili.
2241 1527 2524 1583 notionem
2571 1528 2717 1599 apud
2752 1528 2979 1584 Latinos
3034 1534 3252 1585 veteres
3293 1528 3489 1584 habuit

1908 1617 2231 1690 signiﬁcans
2262 1620 2527 1680 nimirum
2558 1629 2771 1691 partem
2820 1619 3023 1675 mdium
3073 1621 3305 1677 structis
3337 1620 3489 1678 omni

1907 1725 1976 1767 ex
2010 1719 2164 1780 parte
2210 1710 2480 1767 lateribus
2529 1726 2819 1768 murorum
2861 1719 2918 1768 et
2963 1712 3213 1784 laqueari
3244 1726 3489 1783 superno

1914 1801 2176 1872 imposito
2230 1812 2558 1872 protectam.
2608 1803 2767 1860 Unde
2816 1796 3111 1860 Ausonius
3145 1803 3202 1860 in
3260 1803 3497 1862 Mosella

222 1898 336 1951 οὐδ’
364 1901 399 1966 ἡ
432 1899 571 1967 αἰὶὴ
615 1899 881 1970 ἁρμόττει
935 1900 1027 1954 ἐπὶ
1083 1900 1184 1953 τοῦ
1236 1900 1412 1954 οἴκου.
1444 1889 1516 1954 ’⁸0
1554 1899 1663 1971 γὰρ
1692 1900 1810 1953 δια-

1919 1892 2147 1963 laqueati
2179 1895 2504 1965 adjunctum
2547 1897 2689 1951 atrio
2730 1904 2922 1969 aptat;
2968 1905 3026 1955 et
3056 1897 3329 1969 Apuleius
3384 1898 3491 1954 de-

224 1989 527 2058 πνεόμενος
555 1990 720 2055 τόπος
759 1991 901 2061 αὐλὴ
935 1991 1172 2060 λέγεται.
1207 1991 1673 2065 θθιιρναοιινεα
1710 2009 1810 2047 vos:

223 2083 365 2153 αὐλὴ
390 2083 591 2139 traicias
612 2099 717 2138 non
742 2086 985 2155 congruit
1013 2099 1031 2141 :
1060 2094 1274 2156 apertus
1291 2088 1427 2143 enim
1459 2088 1813 2157 per/latusque

226 2176 374 2230 locus
404 2175 541 2247 αὐλὴ
574 2176 793 2232 dicitur.
830 2177 996 2234 Notat
1021 2179 1169 2234 hunc
1188 2179 1370 2235 locum
1399 2179 1815 2239 animadversor

224 2272 503 2336 Athenaei,
537 2286 796 2337 tonsura,
841 2270 901 2327 ni
930 2271 1114 2334 fallor.
1162 2288 1356 2342 parum
1404 2272 1570 2342 digna
1612 2280 1815 2327 caetero

224 2368 350 2437 ejus
378 2369 636 2421 acumine
675 2366 895 2422 critico.
933 2366 1024 2422 Sic
1056 2366 1272 2431 scribit,
1310 2382 1359 2421 c.
1407 2366 1461 2428 5,
1503 2366 1541 2421 l.
1574 2382 1604 2418 v
1642 2384 1655 2419 :
1688 2366 1816 2419 Ha'c

224 2459 511 2515 Atlanteas
553 2475 572 2511 :
609 2459 699 2513 sed
724 2468 883 2529 quam
916 2462 1018 2514 ista
1072 2460 1206 2513 levia
1224 2459 1269 2512 .’.
1293 2498 1308 2514 .
1338 2500 1352 2516 .
1385 2460 1511 2529 quid
1540 2461 1677 2513 enim
1724 2473 1811 2512 ue-

229 2560 311 2605 tat
341 2568 436 2617 per
460 2546 633 2616 αὑλεγι
656 2560 703 2606 et
727 2552 991 2617 palatium
1024 2551 1359 2622 intelligere?
1381 2551 1447 2606 Et
1473 2551 1636 2622 paulo
1653 2559 1811 2622 post:

229 2642 279 2697 Ε
324 2647 594 2698 contrario
636 2644 970 2712 afﬁrmantus
1026 2661 1119 2697 nos
1175 2644 1294 2705 Διὸς
1320 2644 1494 2714 αὐλὴν
1526 2644 1814 2699 Homerum

230 2734 538 2804 appellasse
570 2736 712 2791 lovis
747 2736 1036 2807 palatium.
1082 2733 1169 2791 Sic
1207 2738 1345 2791 enim
1396 2736 1539 2804 loqui
1567 2738 1813 2793 observo—

228 2843 349 2882 mus
400 2828 829 2899 antiquissimum
890 2837 1121 2900 poetam,
1200 2828 1284 2902 [Ρ.
1342 2828 1471 2903 465]
1513 2838 1561 2889 et
1596 2831 1736 2901 quod
1762 2833 1815 2887 in

230 2920 421 2989 primis
467 2921 539 2975 ad
586 2937 696 2975 rent
730 2922 878 2991 facit,
931 2938 1196 2976 summum
1239 2921 1455 2976 Homeri
1495 2925 1815 2977 imitatorem

229 3009 564 3082 Eschglum,
627 3012 781 3083 cujus
839 3021 912 3066 est
969 3012 1107 3066 illud
1147 3013 1202 3066 in
1251 3010 1560 3068 Prometheo
1589 3015 1815 3069 vincto:

231 3104 347 3156 ὅσοι
376 3104 479 3173 τὴν
502 3104 625 3164 Διὸς
648 3103 817 3174 αὐλὴν
842 3103 1105 3173 οἱχνεΰσι.
1134 3087 1817 3170 HactenusCasanbonus,

1915 1986 2211 2042 scribendo
2253 1988 2457 2043 atrium
2506 1989 2671 2059 regia:
2697 1990 2963 2062 Psyches,
3015 2007 3225 2046 summa
3265 1990 3386 2063 ejus
3412 1991 3493 2046 la-

1914 2079 2133 2147 quearia
2156 2079 2288 2133 citro
2326 2091 2385 2147 et;
2406 2079 2559 2135 ebore
2579 2080 2744 2153 665
2764 2082 2967 2137 curiose
2994 2094 3189 2139 cavata
3225 2082 3491 2140 sustineri

1914 2168 1992 2223 ait
2025 2172 2202 2239 aureis
2236 2173 2517 2226 columnis.
2555 2171 2661 2236 Sed
2701 2186 2758 2229 et
2810 2189 2945 2231 usus
2984 2174 3131 2246 apud
3161 2182 3378 2233 veteres
3409 2186 3491 2232 at-

1915 2262 2111 2319 tributi
2143 2263 2287 2318 atrio
2313 2272 2519 2321 tectum
2552 2266 2689 2323 illud
2718 2265 2890 2324 fuisse
2936 2267 3341 2325 demonstrant.
3373 2269 3493 2343 illic

1913 2356 2062 2410 enim
2096 2373 2163 2411 ex
2193 2356 2394 2424 Plinio,
2429 2358 2468 2413 l.
2503 2374 2663 2423 xxxv,
2694 2373 2743 2415 (τ.
2785 2360 2844 2426 2,
2878 2358 3107 2433 Polybio
3142 2360 3182 2416 l.
3220 2375 3297 2428 vl,
3324 2360 3493 2431 luve-

1914 2450 2039 2507 nale
2075 2451 2191 2506 Sat.
2225 2451 2258 2507 8
2296 2462 2354 2513 et
2392 2452 2540 2516 aliis,
2577 2451 2846 2525 imagines
2878 2454 3147 2525 majorum
3189 2452 3492 2513 sorvaban»

1918 2551 2029 2610 tur,
2078 2559 2216 2616 quas
2268 2546 2323 2601 in
2368 2545 2492 2623 loco
2528 2545 2675 2603 aeris
2710 2546 2928 2616 injuriis
2958 2532 3235 2617 exposito
3263 2562 3374 2613 non
3404 2556 3494 2604 est

1914 2637 2196 2695 versimile
2245 2638 2481 2709 relinqui
2531 2639 2743 2699 solitas.
2795 2641 2877 2696 Ex
2911 2638 3105 2696 Servio
3144 2639 3213 2701 ad
3248 2640 3504 2712 primu,

1917 2729 2181 2788 Aineidos
2220 2732 2277 2786 in
2316 2733 2477 2788 atriis
2516 2733 2859 2799 ctenabatur,
2902 2732 2971 2788 ad
3004 2732 3153 2805 quod
3182 2732 3505 2791 subdivalist

1919 2823 2094 2891 locus,
2129 2836 2299 2882 noctu
2377 2827 2704 2898 praesertim,
2734 2826 2961 2897 ineptus
3007 2835 3114 2882 est.
3166 2823 3376 2881 ibidem
3423 2838 3508 2881 est

1918 2918 2114 2978 eodem
2153 2920 2347 2975 Servio
2391 2921 2458 2974 ad
2504 2918 2571 2974 XI
2618 2919 2880 2978 mucidus
2932 2929 3163 2985 senatus
3209 2917 3492 2977 interdum

1920 3012 2245 3068 habebatur.
2280 3012 2380 3076 lbi,
2420 3023 2478 3067 ut
2504 3013 2663 3069 docet
2694 3012 3020 3085 Corrippus,
3049 3014 3089 3068 l.
3138 3028 3199 3067 ιιι
3254 3011 3330 3069 De
3373 3010 3513 3067 tau-7

1921 3108 2068 3162 dibus
2096 3106 2291 3162 Justini
2329 3105 2572 3170 Minoris,
2613 3105 2775 3176 legati
2798 3108 3043 3178 gentium
3070 3116 3386 3167 exterarum
3423 3104 3496 3161 ab

233 3210 402 3265 quem
450 3211 585 3250 sane
632 3196 806 3251 miror
852 3197 906 3250 id
960 3196 1141 3267 ipsum
1176 3212 1275 3267 pro
1321 3207 1648 3267 argumento
1686 3197 1816 3251 alle-
1844 3232 1889 3295 C
1925 3200 2351 3270 imperatoribus
2377 3200 2833 3256 admittebantur.
2863 3201 2982 3256 illic
3009 3200 3277 3271 denique,
3316 3209 3376 3255 ut
3424 3214 3495 3255 ex

231 3306 365 3361 gare
397 3288 549 3360 quod
582 3290 703 3361 ejus
728 3305 953 3345 causam
992 3290 1157 3344 unice
1186 3290 1422 3359 jugulat.
1452 3291 1608 3344 itane
1651 3291 1820 3345 vero?
1853 3288 1889 3295 “
1922 3292 2181 3348 concordi
2220 3291 2532 3347 testimonio
2578 3290 3064 3362 evangelistarum,
3100 3291 3285 3360 Marci,
3311 3292 3494 3356 Luca,

206 3390 293 3437 'ex
331 3398 404 3437 eo
432 3382 579 3452 quod
611 3382 885 3438 Homerus
918 3391 975 3438 et
1017 3381 1310 3454 Eschylus
1343 3384 1463 3446 Διὸς
1501 3382 1672 3455 αὐλὴν
1705 3399 1817 3438 me-

230 3486 475 3539 morent,
534 3477 789 3546 sequitur
839 3490 938 3531 eos
992 3476 1156 3530 aliam
1229 3475 1353 3531 Jovi
1421 3476 1816 3531 habitationem

231 3569 545 3641 assignasse
581 3584 747 3638 quam
795 3567 1015 3639 qualem
1070 3569 1243 3638 αὐλῆς
1284 3571 1551 3625 vocabulo
1584 3568 1819 3640 exprimi

232 3660 528 3719 contendit
552 3661 873 3725 Athenaeus,
894 3661 1158 3717 intectatn
1184 3672 1239 3717 et
1274 3676 1405 3717 aura
1444 3662 1821 3733 perﬂabilem?

235 3754 371 3826 quin
420 3753 608 3825 potius
654 3769 723 3808 ex
772 3754 947 3819 lovis,
1000 3756 1093 3825 qui
1149 3754 1346 3811 Ether
1389 3758 1504 3826 ipse
1539 3768 1623 3810 est
1665 3758 1821 3826 juxta

236 3848 371 3904 Illud
402 3847 566 3903 Ennii
597 3849 771 3918 aspice
817 3851 911 3902 hoc
955 3847 1174 3902 sublime
1221 3849 1450 3905 candens
1493 3866 1644 3918 quem
1672 3850 1819 3903 invo~

237 3953 364 3999 cant
412 3960 591 3998 omnes
624 3941 845 4009 Jovem;
895 3958 962 3998 ex
1010 3942 1162 3998 invis
1206 3942 1427 4013 inquam
1462 3953 1658 3997 natura
1692 3958 1821 4013 pru-

237 4036 378 4094 dens
427 4037 610 4107 quivis
659 4034 885 4091 ilomeri
933 4044 990 4091 et
1038 4034 1281 4107 [Eschyli
1333 4036 1505 4090 lector
1554 4035 1824 4106 intelligat

240 4132 353 4186 tale
398 4131 595 4202 utique
627 4129 705 4185 illi
753 4129 1022 4198 assignari
1065 4129 1437 4184 diversorium
1469 4129 1649 4199 qualis
1702 4129 1823 4198 ipse

232 4234 348 4289 est,
399 4223 519 4280 sine
570 4238 859 4278 murorum
909 4223 1197 4287 lateribus,
1249 4222 1367 4278 sine
1419 4223 1547 4277 tecti
1579 4221 1822 4293 fastigio,

244 4316 445 4393 patens
491 4334 712 4376 omnem
766 4319 823 4374 in
867 4328 1077 4389 partem
1130 4328 1296 4390 atque
1350 4317 1655 4389 perﬂabile.
1688 4319 1824 4385 Quis

244 4420 431 4479 legens
479 4409 625 4482 apud
674 4406 965 4480 Virgilium
1017 4425 1350 4480 annosasque
1397 4411 1576 4464 domos
1623 4410 1821 4475 avium,

244 4514 342 4559 aut
375 4503 447 4559 de
477 4502 708 4573 Aristmo
741 4503 886 4562 intra
931 4501 1137 4557 ﬂuenta
1172 4501 1340 4557 Penei
1377 4503 1555 4558 amnis
1585 4502 1826 4559 admisso

246 4598 455 4667 iamque
520 4596 733 4650 domum
794 4595 998 4671 mirans
1048 4596 1319 4666 genitricis
1376 4604 1425 4650 et
1472 4597 1689 4651 humida
1747 4598 1903 4657 re-D

246 4704 373 4758 qna,
408 4686 664 4758 subjiciat
702 4685 885 4740 animo
929 4684 1075 4741 aedes
1106 4684 1172 4740 ad
1218 4685 1522 4740 humanum
1552 4700 1710 4740 usum
1737 4684 1833 4740 la-'

248 4780 375 4852 pide
419 4795 485 4836 ac
517 4788 788 4836 caemento
823 4786 1091 4846 structas,
1142 4788 1314 4835 tectas
1348 4778 1726 4849 laquearibus.
1773 4787 1828 4831 et

249 4891 356 4928 non
401 4875 589 4944 potius
612 4873 819 4929 .domus
858 4873 1189 4928 vocabulum
1222 4872 1523 4942 utrobique
1551 4872 1826 4942 accipien-

250 4970 399 5024 dunr
420 4977 577 5038 putet
607 4977 978 5022 consentanee
1002 4966 1068 5021 ad
1099 4965 1451 5021 conditiones
1473 4981 1655 5021 rerum
1691 4980 1829 5033 qua-

252 5078 369 5116 rum
400 5071 487 5116 est
537 5062 649 5117 illic
673 5061 900 5123 mentio,
939 5065 1217 5117 volucrum
1255 5060 1310 5119 in
1348 5060 1515 5116 ramis
1543 5060 1827 5124 arborum,

251 5156 628 5228 Nympharum
658 5152 762 5208 sub
798 5153 957 5223 aquis
992 5152 1352 5222 degentium?
1381 5150 1654 5221 Equidem
1700 5150 1829 5207 inde

252 5250 438 5317 potius
487 5248 740 5319 suspicor
786 5248 902 5302 sola
955 5257 1228 5300 terrarum
1277 5244 1539 5315 patentia,
1589 5258 1828 5314 superne

251 5342 459 5398 intecta
489 5324 611 5395 loca
651 5339 762 5393 dici
813 5337 1076 5409 ῦπαιθρα,
1104 5337 1398 5400 subdialia,
1429 5337 1531 5390 sub
1558 5334 1691 5390 Jove
1729 5335 1830 5393 ut.

252 5436 380 5510 gido
416 5436 615 5506 posita,
666 5432 811 5507 quod
860 5433 982 5496 Διδς
1030 5429 1175 5489 lovis
1224 5430 1403 5499 ipsius
1454 5429 1829 5483 habitaculum

254 5524 524 5597 ejusmodi
572 5538 693 5578 esse
746 5523 908 5594 vulgo
952 5520 1321 5576 existimetur.
1374 5518 1554 5584 Quare
1590 5517 1727 5571 nihil
1776 5517 1829 5571 in

258 5617 515 5674 adductis
543 5632 573 5672 a
604 5615 934 5673 Casaubono
976 5612 1139 5669 video
1173 5611 1320 5682 quod
1366 5627 1453 5664 me
1504 5619 1723 5664 moveat
1763 5609 1832 5664 ad

261 5710 428 5765 ﬁdem
461 5708 769 5778 negandum
795 5689 1019 5770 docenti
1053 5720 1244 5759 verum
1278 5701 1651 5773 significatum
1678 5703 1834 5757 vocis

260 5800 398 5872 αὐλὴ
435 5801 823 5870 antiquissimo
849 5796 1227 5870 grammatico,
1261 5794 1405 5850 haud
1438 5795 1623 5865 paulo,
1664 5804 1723 5848 ut
1750 5802 1835 5849 est

260 5893 581 5959 verisimi'e,
629 5890 1068 5966 perspectiorem
1120 5880 1621 5959 habenti'nativam
1676 5896 1833 5956 pote-

1919 3383 2149 3439 Joannis
2178 3391 2415 3445 constat,
2451 3381 2593 3452 ignis
2625 3381 3005 3451 excitabatur;
3037 3386 3182 3440 unde
3210 3386 3377 3443 etiam
3401 3385 3496 3442 lsi-

1922 3474 2091 3530 dorus
2124 3476 2276 3529 vocis
2297 3484 2519 3547 etymon
2557 3478 2916 3549 repetendum
2947 3488 3126 3548 putat,
3160 3480 3358 3535 atrium
3381 3479 3497 3534 exi-

1921 3569 2150 3625 Stimaus
2186 3568 2395 3627 dictum
2427 3574 2581 3658 (μιαεὶ
2607 3573 2669 3628 ab
2702 3575 2818 3645 igne
2857 3582 2915 3627 et.
2938 3572 3082 3643 fumo
3114 3580 3313 3629 atrum.
3344 3572 3494 3629 Nihil

1923 3666 2121 3717 horum
2165 3662 2455 3718 commode
2501 3665 2624 3720 loco
2656 3672 2848 3736 aperto
2890 3680 2955 3724 ac
2996 3664 3266 3736 perﬂabili
3316 3664 3494 3721 ﬁeret.

1925 3756 2032 3814 Sed
2066 3756 2183 3828 haec
2216 3755 2415 3811 obiter.
2446 3758 2525 3813 Ad
2553 3759 2745 3814 orbem
2775 3757 3014 3821 instituti
3058 3759 3371 3821 redeamus,
3403 3758 3500 3817 de.

1924 3848 2289 3918 tiniamusque
2338 3849 2469 3919 quid
2505 3850 2734 3912 αὑλαίας
2771 3849 2941 3905 verbo
2965 3848 3257 3921 designare
3287 3848 3499 3921 Pachy-

1924 3960 2103 3999 meres
2147 3947 2251 4000 hoc
2288 3962 2450 4015 quem
2502 3930 2811 4000 tractamus
2848 3946 2973 4000 loco
3027 3946 3285 4003 voluerit.
3332 3945 3500 4017 Equi-

1924 4034 2047 4090 dem
2111 4052 2217 4090 non
2275 4036 2467 4091 dubito
2516 4036 2651 4106 quin
2709 4036 2759 4090 is
2816 4035 3045 4089 αὐλαίαν
3080 4035 3149 4091 ab
3185 4035 3348 4107 αὐλῇ,
3386 4039 3498 4107 μω

1924 4140 2189 4200 expressa
2220 4129 2447 4183 notione
2484 4127 2786 4192 intellecta,
2821 4126 3128 4193 deﬂexerit,
3170 4142 3236 4183 ac
3271 4127 3502 4191 studue-

1924 4217 2000 4286 rit
2029 4217 2276 4277 indicare
2315 4219 2655 4277 subdivalem
2683 4234 2867 4275 aream
2915 4220 3189 4293 Augustali
3215 4219 3342 4284 lori,
3374 4235 3503 4290 spa-

1928 4310 2064 4365 tium
2111 4310 2373 4367 videlicet
2411 4320 2567 4367 eatra
2615 4312 2872 4368 laterales
2916 4311 3047 4369 hinc
3080 4296 3208 4377 inde
3254 4313 3503 4381 porticus

1926 4399 1983 4453 in
2013 4398 2197 4456 medio
2226 4415 2429 4471 purum
2462 4416 2529 4456 ac
2555 4384 2947 4468 latevacuum,
2979 4403 3127 4472 quod
3168 4401 3340 4460 densa
3368 4418 3505 4461 tunc

1929 4492 2223 4548 multitudo
2249 4492 2633 4564 compleverit.

2000 4581 2085 4656 [P.
2130 4583 2258 4656 466]
2308 4585 2909 4654 Αὐτοπροσκοπίτης,
2960 4601 3014 4655 p.
3074 4587 3199 4641 615.
3257 4586 3384 4659 Agit
3434 4587 3504 4643 de

1930 4678 2230 4734 Athanasio
2273 4677 2585 4749 patriarcha
2640 4692 2906 4734 consueta
2954 4679 3056 4735 sibi
3104 4690 3269 4750 atque
3315 4679 3503 4736 innata

1932 4772 2254 4827 morositate
2286 4778 2519 4827 cunctos
2547 4771 2667 4825 sine
2700 4771 3025 4827 discrimine
3046 4772 3332 4827 oﬂ‘endere
3364 4772 3506 4829 nihil

1929 4866 2084 4936 pensi
2121 4864 2372 4919 habente.
2414 4862 2720 4923 Divinanda
2750 4874 2837 4917 est
2866 4864 3022 4934 origo
3058 4873 3114 4920 et
3153 4863 3311 4919 notio
3342 4864 3509 4935 hujus

1929 4958 2185 5011 vocabuli
2227 4956 2357 5010 mihi
2389 4957 2611 5022 quidem
2637 4955 2771 5011 alibi
2795 4972 2907 5010 non
2940 4958 3088 5011 lecti.
3128 4954 3286 5012 Unde
3319 4967 3521 5012 autem-

1930 5046 2290 5101 verisimilius
2335 5044 2460 5101 duci
2504 5054 2690 5117 putem
2740 5060 2904 5116 quam
2948 5063 2978 5102 a
3025 5048 3315 5119 προσκοπή
3369 5062 3506 5104 voce

1931 5139 2294 5196 ecclesiastici
2344 5154 2477 5195 usus
2528 5154 2601 5193 ex
2651 5137 2905 5208 epistolis
2959 5140 3115 5194 Pauli
3176 5138 3507 5195 notissima?

1935 5236 1976 5288 lt
2000 5235 2065 5288 ad
2094 5234 2217 5288 Cor.
2252 5251 2302 5288 c.
2327 5250 2383 5289 vr
2415 5249 2430 5287 :
2468 5232 2759 5302 Μηδεμίαν
2785 5234 2844 5285 ὲν
2876 5232 3066 5303 μηδενὶ
3085 5232 3316 5295 stasne,-
3336 5248 3510 5303 προσ-

1933 5328 2133 5397 κοπήν,
2172 5328 2371 5380 nemini
2411 5326 2598 5380 dantes
2636 5324 2805 5379 ullam
2852 5326 3212 5396 oﬂ‘ensionent,
3264 5341 3334 5381 ex
3394 5340 3509 5395 qua

1935 5419 2079 5477 idem
2114 5429 2337 5475 sanctus
2386 5419 2666 5489 apostolus
2710 5421 3096 5488 appellativum
3126 5419 3281 5474 alibi'
3306 5419 3514 5485 format

1932 5512 2303 5583 ἀπρόσκοπος.
2332 5512 2353 5567 l
2388 5512 2451 5566 ad
2486 5513 2613 5567 Cur.
2653 5529 2706 5578 ι,
2733 5514 2800 5567 ’ὅέ
2839 5530 2851 5566 :
2897 5513 3261 5581 ’Δπρόσκοποι
3292 5512 3508 5580 γίνισοε

1935 5607 2030 5659 καὶ
2088 5606 2360 5668 Ἰουδαίοις
2391 5607 2487 5660 καὶ
2523 5607 2747 5674 Ἕλλησι
2800 5606 2896 5659 καὶ
2945 5608 3010 5676 τῇ
3066 5603 3363 5674 Ἐκκλησία
3413 5603 3509 5656 τοῦ

1936 5698 2094 5752 Θεοῦ.
2134 5699 2203 5755 Ut
2247 5715 2377 5769 ergo
2424 5700 2699 5770 signiticet
2741 5699 3107 5768 Pachymeres
3148 5697 3510 5770 Athanasium

1894 5848 1900 5854 ,
1936 5808 2046 5855 non
2075 5791 2238 5859 modo
2262 5808 2371 5847 non
2400 5780 2629 5854 eavis§c.
2665 5800 2724 5845 ut
2754 5802 3097 5863 oportuerat,
3130 5806 3198 5846 ne
3235 5790 3373 5847 actis
3394 5804 3425 5843 a
3450 5801 3510 5843 se

1937 5886 2083 5943 aliud
2134 5894 2450 5956 spectante,
2496 5886 2643 5941 bono
2692 5888 2858 5941 etiam
2907 5884 3115 5951 animo,
3165 5883 3523 5951 contingeret.
