4058 6298
595 425 703 490 721

1507 426 1572 507 Ρ.
1616 424 1918 489 POSSINI
1949 421 2611 489 OBSERVATIONUM
2649 420 2799 485 LIB.
2836 418 2893 483 Ι.

3730 411 3837 475 7S8

596 540 809 611 aliquos
842 536 1067 605 oﬂ'endi,
1119 537 1213 595 sed
1247 539 1322 594 ita
1360 552 1418 594 se
1453 539 1690 611 gessisse
1740 546 1801 592 ut
1835 551 1975 609 pene
2014 523 2169 591 vide-
2196 541 2240 597 Α
2271 534 2374 588 ἀνά
2408 531 2659 601 στρατόν,
2693 546 2787 604 per
2829 532 3134 586 exercitum.
3170 527 3415 584 Aliorum
3445 538 3663 597 quoque
3690 523 3840 580 seri.

595 640 751 686 retur
779 630 1150 686 de-industria
1181 644 1429 700 quzerere
1473 645 1538 685 ac
1575 638 1797 701 captare
1844 618 2167 685 occasiunes

594 723 907 779 od‘endendi
937 739 1098 779 omne
1129 739 1301 795 genus
1341 724 1647 790 hominum,
1695 739 1822 778 eum
1864 724 2170 793 αὐτοπροσ-

606 835 670 870 ao
692 816 867 886 πετην
898 817 1001 872 hoc
1035 817 1154 873 loco
1192 825 1368 874 vocat.

663 912 989 980 Βλαχικόν,
1026 926 1076 981 p.
1111 910 1232 967 106.
1251 910 1575 982 Congruunt
1604 928 1727 983 qua:
1752 914 1843 969 hic
1868 912 2167 985 Paebyme-

594 1019 682 1059 res
713 1004 781 1059 de
826 1014 989 1075 gente
1037 1004 1288 1060 Biacbica
1329 1006 1540 1071 scribit,
1583 1022 1706 1061 cum
1749 1007 1818 1061 iis
1855 1022 1975 1076 qua:
2011 1006 2165 1077 prius

596 1100 748 1153 Anna
777 1097 1058 1153 Comnena
1107 1098 1164 1153 in
1206 1097 1467 1155 Alexiade
1496 1100 1564 1155 de
1594 1098 1811 1155 Blacbis
1843 1100 2164 1178 scripserat,

589 1193 629 1246 l.
657 1206 775 1259 vm,
809 1208 865 1263 ι).
899 1192 1007 1246 227
1044 1209 1058 1247 :
1088 1192 1198 1245 Καὶ
1221 1192 1408 1246 ὁπόσοι
1435 1193 1526 1245 τὸν
1556 1194 1761 1263 νομάδα
1794 1193 1907 1264 βίον
1940 1193 2165 1259 εἴλοντο,

590 1285 829 1355 Βλάχους
869 1286 1141 1356 τούτουςή
1177 1285 1328 1357 κοινὴ
1375 1286 1562 1340 καὶ-εῖν
1605 1279 1711 1339 οἶδε
1751 1286 2054 1348 διάλεκτος.
2093 1284 2167 1339 De

589 1377 797 1447 quibus
812 1378 1020 1446 juverit
1037 1378 1223 1433 videre
1250 1393 1371 1449 qua:
1393 1377 1447 1432 in
1467 1388 1657 1433 nostro
1683 1376 1959 1434 Glossario
1976 1378 2165 1448 primae

589 1469 870 1525 Alexiadis
896 1469 1129 1526 editioni
1162 1471 1454 1542 subjuncto
1484 1470 1698 1542 pridem
1755 1468 2160 1524 annotavimus.

660 1561 1062 1634 Βοηδρομιὼν.
1100 1564 1216 1619 Etsi
1254 1579 1473 1634 semper
1503 1562 1634 1618 alibi
1669 1561 2165 1634 Paehymereshoe

590 1655 861 1712 vocabulo
894 1668 1137 1712 mensem
1170 1656 1413 1726 Aprilem
1450 1654 1675 1719 indicat,
1706 1664 1910 1717 tamen,
1937 1640 2164 1723 propter

590 1748 830 1804 rationes
866 1764 898 1805 a
932 1765 1016 1804 me
1060 1749 1098 1803 l.
1144 1765 1201 1804 ιιι
1236 1747 1447 1804 Obsero.
1481 1763 1533 1805 c.
1566 1751 1599 1805 6
1634 1766 1687 1803 ιι.
1721 1750 1774 1813 9,
1824 1747 2035 1813 allatas,
2064 1762 2162 1802 ne-

589 1842 832 1898 cessario
870 1841 1165 1899 dicendum
1213 1851 1298 1898 est
1341 1859 1491 1910 enm,
1536 1860 1591 1913 p.
1638 1842 1765 1908 526,
1800 1842 1902 1895 hoe
1941 1840 2160 1896 nomine

587 1936 903 2007 designasse
937 1936 1194 1992 Martium
1239 1952 1504 1993 mensem.
1544 1937 1657 1993 Nec
1688 1950 1889 1992 novum
1938 1944 2023 1991 est
2069 1951 2161 1990 va-

590 2028 739 2084 riare
792 2030 959 2101 666
1010 2031 1162 2087 illum
1222 2032 1277 2087 in
1332 2031 1775 2087 nomenclatione
1828 2022 2100 2087 mensium
2146 2049 2160 2084 :

589 2120 716 2176 vide
751 2136 873 2193 qua:
917 2122 1086 2179 verbo
1134 2122 1389 2195 Ληναιών
1414 2131 1471 2182 et
1511 2120 1683 2185 verbo
1711 2120 2161 2194 Μαιμακτηριών

588 2212 695 2268 hoe
726 2213 845 2284 ipso
870 2213 1149 2271 Glossario
1181 2226 1457 2272 notamus.

662 2306 943 2374 Βοῦτζον,
982 2324 1039 2380 p.
1092 2309 1221 2365 599.
1269 2308 1415 2377 Quid
1471 2310 1584 2366 sint
1626 2310 1733 2367 hoc
1778 2308 1902 2365 loco
1959 2299 2158 2381 βοῦτζα

587 2402 875 2473 quaeritur.
908 2403 1046 2458 Puto
1095 2404 1237 2459 idem
1264 2404 1410 2475 quod
1439 2402 1663 2475 βουτζαι
1701 2414 1760 2460 et
1790 2403 2035 2475 βουτζια.
2065 2418 2161 2460 νος

587 2494 779 2550 cabula
804 2493 1009 2549 dudum
1036 2494 1304 2564 explicata
1342 2510 1372 2551 a
1424 2495 1688 2563 Meursio,
1717 2495 1863 2552 dolia
1902 2491 2161 2552 videlicet

590 2586 803 2642 vinaria
832 2586 1011 2657 lignea
1038 2586 1293 2651 rotunda,
1322 2582 1569 2659 qualium
1616 2588 1829 2660 liquore
1858 2604 2159 2646 vacuorum

589 2689 647 2736 et
673 2688 817 2735 terra
850 2681 1195 2752 oppletorum
1243 2698 1376 2739 usus
1421 2691 1506 2739 est
1550 2684 1811 2753 frequens
1858 2683 1913 2738 in
1956 2683 2159 2740 subitis

588 2769 1086 2838 obvallationihus;
1141 2788 1279 2844 quas
1322 2773 1461 2830 Galli
1509 2774 1674 2831 hodie
1718 2775 2021 2831 barricadea
2065 2790 2160 2830 vo-

590 2872 739 2925 cant,
766 2865 895 2933 quia
941 2863 1088 2920 dolia
1141 2866 1354 2921 vinaria
1408 2865 1666 2934 barricas,
1702 2868 1840 2930 sive.
1874 2875 1934 2924 nt
1977 2868 2165 2924 solent

591 2955 859 3023 scribere,
893 2955 1186 3027 barriques,
1211 2960 1510 3029 appellant.
1536 2960 1687 3016 Italis
1708 2960 1976 3032 ejusmodi
2011 2959 2158 3015 dolia

591 3047 733 3100 botte
762 3048 1044 3113 dicuntur,
1076 3063 1209 3104 voce
1238 3052 1471 3121 propius
1530 3051 1828 3107 accedente
1857 3050 1925 3107 ad
1960 3042 2156 3106 sonum

589 3128 753 3206 outsi,
787 3141 947 3211 cujus
989 3141 1355 3213 signiﬁcatum
1408 3142 1623 3199 obtinet
1649 3152 1705 3200 et
1743 3145 1972 3199 fortasse
2002 3144 2157 3215 origo

589 3243 714 3288 est.

666 3327 913 3395 Γλυκὺς
934 3328 1157 3398 ἀγκών,
1186 3346 1238 3401 p.
1270 3331 1425 3387 ιι.ιη
1455 3331 1619 3400 hujus
1647 3329 1995 3387 enarratione
2031 3330 2159 3385 ada-

588 3417 663 3488 εξἱὶ
706 3418 976 3476 dissident
1029 3421 1265 3477 invicem
1310 3423 1650 3493 grammatici
1692 3423 1983 3478 sententiis
2025 3438 2158 3477 con—

590 3510 755 3565 trarie
788 3512 1117 3568 commissis.
1151 3512 1428 3569 Zenobius
1453 3524 1603 3570 cent.
1637 3516 1694 3581 2,
1729 3530 1785 3569 ιι.
1824 3513 1912 3578 92,
1944 3514 2159 3584 Anony-

590 3616 715 3657 mns
744 3600 1071 3660 Vaticanus.
1097 3614 1245 3660 cent.
1276 3606 1296 3659 l
1335 3622 1391 3661 ιι.
1427 3606 1517 3663 55.
1567 3606 1890 3663 Eustathius
1919 3606 2004 3680 [Ρ.
2030 3605 2156 3680 467]

587 3696 654 3750 ad
684 3695 842 3751 Iliad.
876 3715 928 3763 κ,
969 3712 1022 3767 p.
1054 3698 1146 3754 79f
1171 3699 1267 3756 ed.
1303 3699 1442 3754 Rom
1474 3740 1488 3768 ,
1513 3702 1856 3757 contendunt
1884 3717 1983 3771 per
2014 3702 2159 3757 anti-

589 3786 834 3856 phrasim
868 3789 977 3844 diei
1004 3789 1072 3845 de
1105 3807 1163 3845 re
1204 3792 1456 3847 molesta.
1498 3793 1698 3848 Suidas
1729 3802 1922 3849 contra
1944 3794 2159 3863 judicat

588 3889 735 3935 cent.
768 3880 820 3947 ι,
854 3896 909 3935 ιι.
934 3880 1022 3947 at,
1054 3883 1135 3937 sic
1173 3883 1319 3939 enim
1351 3885 1593 3949 scribit;
1633 3867 1842 3948 Γλυκὺς
1874 3876 2061 3955 ἁγιςὼν
2094 3887 2157 3942 οὒ

589 3972 714 4028 κατ’
754 3975 1127 4044 ἑναντίωσινή
1163 3977 1454 4047 παροιμία.
1516 3978 1677 4033 Ἃ).λὰ
1729 3978 2056 4049 βουλόμενος
2084 3982 2159 4036 sl-

591 4066 738 4129 miv,
773 4057 816 4133 ᾧ
845 4066 1053 4135 γλυκέα
1103 4067 1210 4139 ἤθη
1268 4070 1541 4140 ἐχρήσατο
1600 4069 1825 4126 Πλάτων
1851 4070 1880 4124 ὀ
1913 4062 2155 4143 κωμικὸς

590 4162 653 4213 ἐν
679 4158 758 4229 τῷ
778 4157 980 4216 Φάωνι.
1014 4161 1196 4232 Γέρων
1239 4161 1284 4215 δ’
1314 4162 1461 4234 αὐτῷ
1490 4163 1782 4219 ὑπόκειται
1820 4164 1966 4236 ἐρῶν
1993 4166 2159 4234 αὐλη-

530 4260 533 4261 '
589 4250 791 4321 τρίϐος,
825 4243 870 4321 ᾧ
898 4254 1136 4323 χρυσοῦν
1169 4255 1422 4325 ἀνάδημα
1453 4300 1462 4308 .
1489 4295 1501 4308 .
1526 4296 1573 4312 ..
1610 4250 1653 4310 ὧ
1687 4259 1893 4326 γλυκὺς
1945 4260 2153 4327 ἀγκών.

589 4344 775 4401 Suida:
818 4346 1183 4419 Pacbymeres
1226 4350 1494 4405 accedens
1534 4349 1754 4407 facilem
1814 4353 1881 4408 ad
1939 4352 2158 4423 quidvis

589 4438 769 4495 cuivis
822 4439 1239 4511 gratiﬁcandum
1298 4442 1558 4514 Cezyleni
1609 4445 1855 4517 episcopi
1910 4448 2156 4503 animum

592 4529 695 4587 hac
720 4530 956 4587 formula
980 4535 1271 4602 expressit.

2267 634 2491 698 piorum
2524 618 2889 680 classicorum
2933 620 3248 679 testimonia
3293 620 3348 675 in
3400 627 3675 691 promptu.
3726 613 3842 672 Sed

2269 717 2433 786 ﬁgere
2486 713 2812 770 sententiam
2864 714 2921 768 in
2979 713 3294 784 conjectura
3350 724 3498 764 mera
3548 724 3659 765 non
3710 721 3842 765 sum

2268 822 2457 873 ausus,
2498 806 2678 863 donec
2709 807 3015 862 auctoritas
3043 822 3128 861 me
3173 805 3398 859 doceret
3420 802 3617 857 idonea
3649 801 3839 856 locum

2268 900 2341 955 ita
2393 901 2737 955 nominatum
2788 914 2960 970 pmpe
3009 897 3424 966 Adrianopolim
3459 895 3649 950 fuisse.
3689 892 3841 949 Illud

2268 989 2325 1040 in
2357 986 2462 1042 hoc
2500 986 2666 1041 dubio
2693 987 2841 1057 quod
2874 989 3057 1042 minus
3100 985 3542 1043 inverisimiliter
3569 996 3843 1055 sequerer

2267 1095 2327 1134 se
2359 1095 2532 1134 unum
2573 1080 2794 1146 obtulit,
2834 1088 3097 1134 novatum
3138 1080 3192 1133 in
3227 1094 3331 1134 usu
3361 1078 3510 1133 vocis
3550 1077 3712 1146 hujus
3747 1073 3845 1130 hic

2268 1170 2474 1241 aliquid
2525 1186 2826 1241 agnoscere
2874 1188 2942 1226 ex
2988 1171 3359 1242 posteriorum
3404 1168 3635 1226 militari
3664 1168 3845 1225 disci-

2267 1261 2413 1330 plina
2474 1272 2809 1333 temporum.
2861 1261 3068 1330 Nempe
3105 1260 3324 1323 Franci,
3382 1260 3477 1329 qui
3526 1273 3625 1328 per
3650 1257 3844 1312 Asiam

2270 1351 2409 1404 sacri
2440 1350 2569 1405 belli
2594 1366 2760 1406 causa
2790 1350 2883 1405 diu
2914 1350 3307 1412 militaverant,
3342 1362 3546 1404 census
3574 1346 3843 1411 militum,

2265 1444 2457 1512 quales
2483 1443 2719 1499 maxime
2760 1442 3151 1499 solvendorum
3187 1443 3388 1512 cuique
3429 1439 3841 1511 stipendiorum

2265 1532 2556 1588 occasione
2594 1549 2623 1589 a
2667 1534 2808 1590 duce
2844 1534 2964 1603 ipso
3002 1548 3261 1601 supremo
3294 1547 3418 1603 rege
3455 1540 3551 1586 aut
3595 1532 3843 1601 impera-

2266 1630 2387 1678 tore
2435 1623 2813 1691 celebrantur,
2842 1634 3073 1680 mentm
3107 1623 3385 1696 hodieque
3425 1633 3645 1687 vocant,
3673 1624 3841 1695 quasi

2264 1711 2482 1768 diceres
2537 1716 2876 1780 ostensiones,
2939 1715 3143 1785 quibus
3187 1714 3401 1770 scilicet
3451 1714 3843 1785 unusquisque

2265 1805 2499 1861 militum
2540 1806 2608 1862 ad
2649 1821 2854 1863 nomen
2880 1807 3083 1863 citatus
3115 1822 3174 1862 se
3211 1806 3451 1863 ostendit
3478 1816 3646 1877 atque
3671 1806 3843 1862 exhi-

2191 1878 2235 1937 Β
2262 1895 2374 1953 bet.
2409 1895 2753 1953 Manifestum
2784 1910 2968 1953 autem
2993 1909 3098 1963 est,
3133 1899 3327 1970 siquis
3352 1914 3542 1955 vocem
3570 1897 3843 1954 Gallicam

2264 1997 2469 2042 montre
2496 1987 2689 2045 Graeco
2730 1989 3001 2046 vocabulo
3039 1989 3173 2046 velit
3227 1989 3478 2055 reddere,
3525 2004 3636 2045 non
3680 1988 3842 2045 aliud

2261 2076 2445 2148 aptius
2477 2087 2823 2150 reperturum
2847 2079 3009 2152 667
3048 2080 3271 2136 nomine
3303 2079 3487 2146 διῐξις.
3515 2081 3622 2136 lies
3647 2089 3842 2137 autem

2179 2211 2182 2215 .
2260 2168 2377 2238 ipsa
2402 2168 2703 2225 narrationi
2747 2172 3029 2240 aptissime
3068 2171 3340 2240 congruit,
3374 2179 3439 2225 ut
3464 2169 3707 2238 dicatur,
3738 2171 3845 2226 im-

2260 2264 2569 2326 peratorem
2600 2273 2669 2315 ex
2700 2258 2836 2315 urbe
2866 2259 2925 2314 in
2955 2260 3136 2316 vicina
3161 2268 3336 2316 castra
3354 2275 3552 2318 census
3574 2260 3840 2318 militaris

2259 2357 2317 2405 et
2349 2348 2642 2407 solutionis
2675 2350 3079 2421 stipendiorum
3107 2366 3274 2410 causa
3301 2353 3593 2429 prodiisse.
3638 2353 3841 2425 ibique

2262 2456 2542 2512 repertum
2584 2459 2709 2499 cum
2738 2445 2789 2500 ei
2833 2444 3123 2501 nuntiatus
3144 2459 3400 2503 accessus
3426 2444 3497 2502 ad
3519 2460 3647 2507 eum
3696 2446 3838 2503 novi

2259 2539 2345 2586 est
2369 2529 2620 2587 Caesaris.
3274 2588 3277 2593 λ
3580 2581 3584 2587 .

2330 2618 2742 2687 Asper-dedam,
2802 2637 2856 2691 p.
2904 2623 3029 2678 175.
3079 2623 3434 2693 Δεφενδιύειν
3508 2623 3674 2696 plane
3731 2640 3838 2698 pro

2257 2709 2416 2775 tueri,
2460 2721 2751 2782 protegere,
2783 2713 3063 2782 defendere
3104 2715 3352 2785 ponitur.
3384 2715 3497 2771 Nec
3537 2731 3689 2774 nunc
3720 2718 3843 2790 pri-

2258 2813 2409 2854 mum
2457 2801 2561 2856 hoc
2617 2803 2848 2879 verbum
2893 2819 2925 2860 ο
2976 2803 3135 2861 Latio
3181 2806 3382 2863 transit
3424 2807 3480 2862 in
3520 2805 3836 2864 Helladem.
3912 2873 3916 2877 η

2257 2887 2465 2946 Glosste
2509 2890 2873 2949 Basilicorum
2903 2893 3285 2964 δεφενδεῠεται
3325 2894 3839 2966 οιριιωιιινὲξκουο

2260 2980 2500 3048 σεύρτιι,
2532 2983 2850 3040 natust-rat.
2886 2984 2992 3041 Sed
3033 2985 3151 3042 haec
3174 2986 3422 3042 defensio
3442 2986 3729 3059 iudicialis
3750 2996 3841 3042 est

2260 3068 2614 3142 patronorum
2662 3085 2758 3132 aut
2796 3078 3188 3134 advocatorum
3242 3094 3369 3135 reos
3407 3079 3832 3148 excusantium,

2259 3175 2355 3223 aut
2383 3168 2452 3223 ab
2476 3167 2544 3222 iis
2568 3167 2799 3225 crimina
2832 3170 3045 3241 objecta
3085 3170 3387 3227 refellendo
3408 3171 3835 3243 depellentium.

2185 3232 2226 3287 θ
2260 3255 2427 3326 Magis
2442 3257 2550 3313 huc
2570 3258 2696 3315 facit
2717 3232 3050 3317 declaratum
3071 3263 3266 3318 iisdem
3282 3232 3837 3335 plenis-vocabulum

2257 3352 2595 3423 δεφένσωρες
2624 3351 2677 3407 in
2701 3352 2849 3408 hunc
2873 3357 3097 3410 modum
3128 3373 3142 3411 ς
3167 3357 3232 3410 Οἱ
3267 3357 3409 3427 μετὰ
3425 3358 3548 3420 τοὺς
3576 3359 3837 3429 κουρσῶο

2259 3456 2357 3511 ρας
2382 3441 2501 3512 ἤτοι
2531 3444 2848 3513 προμάχους
2872 3443 3362 3509 ἐπακολουθοῦντες
3389 3446 3524 3516 πρὸς
3548 3444 3839 3517 ἐκδίκησιν

2258 3533 2459 3589 αὐτῶν.
2503 3533 2686 3591 Utitur
2733 3542 2789 3590 et
2834 3535 2965 3591 alibi
3018 3547 3207 3592 noster
3250 3537 3358 3594 hoc
3403 3537 3596 3604 verbo,
3629 3553 3836 3610 nempe

2259 3622 2298 3676 l.
2337 3638 2415 3689 ιιι,
2452 3639 2505 3680 c.
2537 3622 2603 3678 18
2630 3625 2733 3680 sub
2765 3623 2951 3689 ﬁnem,
2981 3627 3059 3683 sic
3089 3627 3341 3683 scribens
3366 3646 3383 3684 ι
3413 3629 3522 3682 Καὶ
3568 3630 3681 3698 γὰρ
3735 3629 3835 3684 καὶ

2258 3715 2359 3778 τὰς
2403 3706 2517 3789 τῶν
2564 3716 2777 3771 Ἰταλῶν
2833 3719 3081 3789 (οἰκίας)
3114 3718 3295 3790 χρεὼν
3343 3715 3412 3790 ἦν
3455 3720 3839 3793 δεφενδεύιιν.

2262 3804 2471 3861 Etenim
2506 3818 2557 3863 et
2584 3811 2763 3863 domos
2801 3806 3069 3864 Italorum
3123 3795 3399 3881 defendere
3451 3811 3835 3884 imperatorem

2262 3890 2559 3967 oportebat,
2616 3898 2721 3954 hoc
2755 3910 2863 3966 est,
2897 3900 2967 3957 ab
3003 3900 3203 3973 injuria
3257 3912 3404 3975 tutas
3438 3913 3724 3974 praestare,
3776 3915 3835 3962 et

2261 3990 2543 4047 vindicare
2571 3992 2615 4047 ai
2646 3993 2777 4063 quid
2805 3992 3000 4049 fuisset
3044 3994 3102 4049 in
3130 4008 3226 4051 eas
3254 4006 3446 4051 contra
3474 3997 3566 4067 jus
3592 3995 3828 4053 factum.

2264 4082 2390 4150 Agit
2442 4082 2512 4138 de
2558 4084 2815 4140 domibus
2854 4084 3230 4157 Genuensium
3296 4086 3499 4143 Galatas
3553 4090 3834 4159 permissu

2263 4176 2614 4246 imperatoris
2644 4176 3046 4244 habitantium;
3075 4193 3214 4248 quas
3242 4196 3365 4234 cum
3390 4179 3582 4237 Veneti
3610 4180 3834 4239 ﬂamma

2262 4267 2462 4338 injecta
2515 4268 2910 4339 corrupissent,
2962 4270 3130 4324 multa
3179 4270 3246 4325 iis
3298 4284 3396 4341 per
3435 4270 3831 4341 imperatorem

2263 4363 2464 4419 indicta
2502 4365 2760 4418 damnum
2804 4379 3061 4434 reparare
3092 4371 3219 4420 sunt
3244 4365 3536 4435 compulsi.

2332 4455 2415 4527 [Ρ.
2446 4454 2574 4528 468]
2620 4456 3072 4537 Διακινήσιμος,
3117 4471 3166 4526 p.
3202 4455 3293 4513 50.
3334 4457 3415 4529 Τῇ
3448 4457 3556 4527 γὰρ
3595 4457 3834 4531 δευτέρᾳ

2191 4568 2233 4623 υ
2262 4546 2552 4618 ἑϐδομάδος
2588 4548 2725 4617 μετὰ
2756 4549 2855 4618 τὴν
2891 4550 3287 4619 ἁναστάσιμον,
3317 4550 3383 4614 ἣν
3425 4549 3490 4620 δὴ
3530 4550 3624 4603 καὶ
3653 4550 3835 4604 διακι-

662 4623 874 4690 Δεῖξις,
943 4640 999 4694 p.
1049 4626 1171 4682 524.
1224 4626 1363 4693 Quid
1418 4629 1491 4682 sit
1543 4629 1643 4682 hoc
1684 4630 1803 4684 loco
1838 4618 2023 4717 δεῖξις,
2060 4631 2155 4686 diu

2266 4643 2494 4710 νήσιμον
2524 4640 2792 4707 λέγουσιν.
2832 4641 3142 4713 Legebatur
3168 4618 3229 4697 in
3261 4658 3362 4697 ms.
3396 4618 3683 4708 mendose,
3710 4640 3835 4725 opi-

590 4713 837 4783 quaesivi.
872 4713 984 4769 Nec
1014 4716 1254 4786 vulgaris
1284 4718 1436 4771 notio
1463 4721 1794 4773 ostensionis
1841 4712 1947 4775 vel
1972 4731 2156 4776 osten-

592 4807 836 4872 tationis,
851 4821 955 4862 nec
983 4807 1275 4877 peculiaris
1296 4824 1458 4878 quam
1482 4819 1635 4864 notat
1667 4810 2155 4879 Plutarchus,Con-

590 4898 848 4954 eivoh'um
870 4914 1170 4954 sermonum
1202 4900 1241 4954 l.
1260 4915 1381 4967 vnn,
1399 4910 1594 4971 quaest.
1616 4901 1703 4968 l5,
1726 4902 1931 4960 docens
1954 4892 2034 4960 sic
2057 4920 2155 4959 vo-

591 4992 705 5047 cari
732 4992 971 5062 speciem
1020 5001 1115 5047 aut
1145 5003 1359 5063 partem
1406 4995 1698 5064 quamdam
1729 4997 2009 5069 ὀρχήσεως
2041 4999 2155 5053 sal-

592 5084 941 5148 tationia,huc
964 5085 1260 5155 quidquam
1283 5085 1821 5159 faciunt.Aliquande
1844 5092 2158 5161 suspicabar

593 5177 760 5243 δεῖξιν
788 5188 1045 5234 vocatum
1069 5194 1316 5249 (ampum
1348 5181 1639 5250 quemdam
1670 5184 2045 5240 suburbanum
2066 5202 2159 5241 ur—

592 5270 1045 5341 biAdrianOpoli,
1080 5270 1131 5324 in
1163 5286 1270 5340 qua
1294 5280 1422 5326 tunc
1444 5272 1820 5349 diversabatur
1859 5275 2155 5345 imperator

594 5362 850 5429 blichael,
896 5363 1224 5426 exercitum,
1276 5375 1335 5418 nt
1380 5364 1519 5419 solet
1554 5364 1692 5431 ﬁeri,
1737 5366 1790 5420 in
1830 5369 2026 5423 castris
2054 5368 2154 5422 ha-

597 5455 731 5508 bens
754 5454 1093 5508 suburbanis
1125 5455 1249 5509 loco
1274 5454 1437 5521 δεῖξις
1466 5464 1659 5509 vocato
1694 5458 1909 5526 positis,
1936 5460 2002 5513 ad
2034 5475 2155 5528 quae

592 5563 651 5602 se
681 5546 774 5601 ille
798 5558 913 5602 tum
936 5546 1077 5603 forte
1112 5546 1438 5602 contulisset
1473 5565 1596 5602 cum
1627 5551 1909 5605 nuntiatus
1941 5562 2023 5606 est
2057 5553 2150 5607 ad-

593 5652 791 5694 ventus
822 5638 1075 5695 Cmsaris.
1115 5638 1227 5695 Nec
1260 5641 1552 5695 abluderet
1585 5659 1717 5697 usus
1754 5643 2155 5713 praepositionis

591 5731 713 5798 ἀνὰ,
748 5746 871 5802 qum
894 5746 1038 5801 saepe
1067 5734 1356 5803 :eqnivalet
1385 5733 1591 5789 Latina:
1620 5752 1733 5805 per,
1765 5746 1819 5791 et
1848 5737 2027 5791 locum
2061 5753 2158 5808 per

588 5839 753 5894 quem
797 5825 911 5879 itur
940 5824 1186 5879 denotat.
1223 5823 1316 5879 Sic
1363 5825 1633 5882 Homerus
1658 5827 1829 5883 habet
1867 5828 2044 5883 Ὀδυσ.
2080 5831 2109 5897 ξ
2138 5848 2152 5885 :

589 5913 767 5991 χῶρον
808 5918 892 5973 ἀν’
940 5918 1196 5989 ὑλήεντα,
1248 5935 1342 5991 per
1389 5920 1555 5977 locum
1610 5921 1975 5993 sylvosum,ct
2026 5924 2152 5980 alibi

2265 4748 2386 4807 nor,
2422 4736 2522 4803 τῆς
2551 4735 2658 4803 γὰρ
2705 4734 2986 4804 δευτέρας,
3032 4735 3188 4805 quasi
3240 4736 3542 4791 referretur
3577 4736 3644 4792 ad
3675 4738 3833 4792 ἐϐδο-

2264 4824 2449 4893 μὰδος.
2483 4824 2636 4891 Quod
2668 4844 2698 4880 a
2731 4836 2881 4881 recto
2925 4826 3147 4882 aberrat
3180 4845 3193 4882 :
3226 4841 3335 4881 non
3375 4826 3521 4881 enim
3575 4828 3832 4885 meminit

2261 4914 2516 4969 secundae
2545 4915 2851 4985 cujuspiam
2901 4915 3279 4981 hebdomadis,
3312 4914 3409 4971 sed
3452 4915 3600 4972 ferite
3626 4902 3830 4973 secuné

2259 5005 2342 5060 da:
2374 5007 2741 5063 hebdomadis
2765 5010 3066 5069 Paschalis.
3099 5025 3221 5078 quze
3267 5010 3405 5064 feria
3448 5007 3595 5065 diem
3642 5025 3831 5065 resur-

2260 5100 2523 5153 rectionis
2549 5100 2764 5155 Domini
2790 5100 3005 5168 ἑιμὲσως
3030 5102 3305 5170 sequitur,
3330 5100 3401 5154 ita
3427 5110 3487 5155 ut
3520 5101 3573 5155 in
3595 5100 3831 5173 δευτέρᾳ

2262 5190 2595 5260 intelligatur
2638 5192 2843 5262 ἡμέρᾳ,
2895 5203 2948 5245 et
2972 5190 3123 5259 ldum
3169 5191 3267 5263 τὴν
3310 5194 3681 5262 ἁναπτάσιμον
3726 5208 3827 5262 ap-

2260 5283 2448 5350 pellat,
2490 5300 2597 5335 non
2629 5283 2895 5352 ὲὺδομάδα
2927 5283 3329 5352 subintelligat,
3356 5284 3450 5335 sed
3485 5285 3701 5353 ἡμέραν
3734 5292 3828 5338 aut

2259 5375 2474 5443 ἑορτὴν,
2516 5374 2618 5426 hoc
2656 5385 2740 5427 est
2774 5374 3104 5428 dominicam
3142 5375 3314 5443 ipsam
3369 5374 3608 5437 Pasebar,
3661 5392 3823 5445 quam

2240 5466 2550 5521 "Vaticanus
2615 5466 2997 5535 paraphrastes
3044 5476 3200 5520 vocat
3254 5466 3358 5519 hoc
3389 5465 3509 5520 loco
3549 5467 3823 5535 κυριακὴν

2258 5563 2405 5625 vim,
2462 5562 2606 5614 diem
2653 5561 2909 5616 nimirum
2948 5578 3111 5631 quam
3161 5560 3289 5616 iecit
3326 5561 3610 5615 Dominus.
3641 5559 3817 5617 ϐηιοί

2257 5654 2401 5706 enim
2460 5654 2854 5709 hebdomadam
2898 5669 3019 5723 quae
3067 5654 3261 5723 incipit
3306 5669 3334 5707 a
3379 5652 3467 5708 die
3510 5653 3695 5708 statim
3737 5670 3823 5709 se-

2260 5755 2461 5813 quente
2488 5746 2629 5799 diem
2664 5746 2908 5808 Paschm,
2941 5748 3039 5815 τὴν
3068 5745 3450 5817 διακινήσιμον
3481 5756 3817 5815 nuncupant,

2261 5837 2341 5889 uti
2366 5845 2559 5891 eteam
2589 5853 2711 5905 quae
2740 5837 3032 5892 inchoatur
3062 5838 3325 5905 postridie
3365 5849 3571 5892 octavae
3599 5838 3818 5891 Pascha:

2258 5930 2543 5985 nominant
2587 5929 2853 5999 ἑϐδομάδα
2900 5929 2992 5983 τοῦ
3044 5930 3231 6001 enea,
3285 5928 3429 6001 quod
3463 5930 3538 5985 illi
3579 5945 3813 6002 quoque,
