4058 6298
367 429 472 496 729

1730 435 2253 499 GLOSSARIUM.

3425 443 3440 447 ”
3515 436 3625 499 730

365 559 427 604 et
462 547 667 617 Latini,
701 551 753 607 in
792 550 956 608 missa
1001 563 1208 609 octavae
1252 551 1475 609 Pascha:
1509 551 1745 609 recitent
1781 570 1947 610 evan-
1978 561 2023 617 Α
2052 571 2117 609 ex
2159 554 2318 625 equis
2349 552 2552 606 milites
2595 551 2880 623 ccilig’httt,
2933 557 3206 619 recreent,
3236 549 3530 620 deportent
3579 550 3638 607 in

362 643 567 717 gelium
602 644 660 699 in
689 659 800 716 quo
829 655 1086 700 narratur
1133 644 1359 700 Thomas
1389 645 1628 716 apostoli
1666 643 1948 699 correctio

359 745 419 794 et
472 737 783 804 confessio;
841 739 1000 811 cujus
1058 737 1425 794 hebdomadas
1485 737 1710 793 Thomas
1745 737 1802 792 in
1845 737 1949 792 hac

364 846 582 903 quoque
633 839 822 886 nostra
878 830 1109 886 historia
1175 829 1234 886 iit
1274 831 1508 895 mentio,
1562 831 1596 884 l.
1645 845 1719 894 vt,
1755 845 1804 884 c.
1859 829 1945 894 i5,

360 934 507 982 reete
542 922 814 994 siquidem
867 921 1104 978 Jaeebus
1153 922 1299 979 Goar
1330 921 1396 978 Ο.
1426 923 1488 978 Ρ.
1518 923 1572 978 in
1612 920 1949 993 Euchelogio

362 1033 420 1090 p.
465 1017 572 1073 933
619 1019 736 1071 haec
797 1018 962 1072 verba
1007 1021 1074 1090 τῇ
1133 1017 1362 1090 πέμπτῃ
1408 1016 1508 1085 τῆς
1563 1016 1947 1084 διακινησῐμου

323 1109 530 1170 ,vertit
570 1111 720 1178 .[eria
774 1111 962 1180 quinta
1025 1117 1142 1181 post
1206 1109 1430 1164 Pascha.
1491 1098 1559 1165 U't
1624 1117 1807 1162 autem
1839 1107 1950 1163 illic

362 1203 588 1273 πέμπτη
618 1202 834 1267 feriam,
861 1203 942 1258 sic
965 1202 1070 1259 hoc
1099 1204 1220 1258 loco
1249 1193 1483 1270 ’δευτέρα
1510 1217 1619 1257 non
1646 1200 1950 1254 hebdoma—

361 1295 511 1360 dem,
540 1303 598 1350 ut
625 1297 832 1359 monui,
863 1295 959 1352 sed
999 1293 1360 1351 hebdomadis
1413 1293 1558 1348 diem
1608 1291 1838 1356 indicat,
1870 1290 1951 1347 fe-

363 1391 502 1442 riam
530 1388 789 1444 videlicet
827 1387 1150 1455 secundam,
1183 1403 1290 1459 qua
1348 1385 1516 1442 fuerit
1560 1386 1825 1446 edictum,
1880 1383 1950 1438 de

362 1496 474 1552 quo
550 1478 642 1536 hic
690 1481 893 1550 agitur,
951 1481 1380 1552 promulgatum.
1435 1478 1509 1532 Ex
1568 1478 1654 1532 his
1731 1476 1949 1533 confido

361 1573 737 1644 apparitorem
782 1575 1171 1630 necessitatem
1236 1572 1642 1628 emendationis
1706 1571 1949 1626 locibu-

358 1668 447 1739 jus
488 1682 519 1721 a
570 1683 658 1722 me
716 1668 893 1722 factae.
941 1668 1194 1723 Restaret
1257 1667 1588 1723 excutienda
1652 1666 1950 1720 diversitas

361 1759 652 1830 scripturae
680 1760 736 1816 in
761 1777 894 1816 voce
922 1762 1328 1831 διακινήσιμος,
1378 1775 1541 1831 quam
1592 1760 1683 1814 alii
1737 1759 1950 1811 διακαι-

363 1855 614 1923 νήσιμος,
674 1854 926 1909 nonnulli
975 1855 1143 1910 etiam
1214 1853 1609 1922 διακενήσιμος
1669 1851 1942 1907 scribunt.

362 1944 474 2000 Nos
497 1945 783 2001 codicibus
812 1947 1158 2002 adhmremus
1187 1948 1395 2004 nostris
1418 1948 1499 2002 sic
1526 1956 1866 2010 constanter,
1891 1956 1949 2000 ut

363 2047 847 2109 repraesentamus,
878 2040 1277 2097 scribentibus.
1304 2040 1476 2111 idque
1506 2039 1758 2096 sufﬁcere
1780 2041 1949 2112 668

367 2147 518 2188 nunc
556 2131 781 2203 quidem
823 2133 1079 2188 ducimus
1116 2151 1129 2188 :
1164 2150 1267 2189 nec
1311 2134 1459 2190 enim
1495 2146 1653 2189 vacat
1679 2141 1774 2187 aut
1804 2131 1946 2186 tanti

360 2236 446 2282 est
481 2228 536 2280 in
586 2225 800 2281 ratione
843 2226 967 2282 talis
1007 2226 1397 2297 appellationis
1424 2235 1520 2283 aut
1566 2237 1749 2299 etymo
1797 2225 1948 2281 vocis

360 2316 676 2388 indagando
708 2317 1042 2373 conﬂictari.

428 2413 795 2478 Διασωσται,
823 2428 883 2483 p.
939 2411 1067 2468 507.
1119 2412 1245 2483 Agit
1284 2412 1353 2468 de
1400 2408 1588 2467 Alanis
1622 2410 1770 2480 Nega
1816 2408 1946 2464 sub-

357 2505 493 2571 lato,
543 2504 636 2560 cui
681 2505 1073 2567 militaverant.
1119 2506 1266 2560 ultro
1310 2521 1369 2562 se
1409 2503 1777 2561 oﬁ‘erentibus
1831 2503 1946 2557 An-

358 2597 609 2664 dronico,
657 2597 752 2668 qui
800 2613 898 2653 eos
945 2599 1096 2652 velut
1138 2597 1406 2653 divinitus
1459 2597 1658 2652 missos
1711 2595 1942 2666 accepit,

356 2705 629 2745 summam
673 2690 756 2746 eis
804 2690 888 2746 rei
932 2691 1188 2746 militaris
1232 2691 1582 2761 permittens,
1627 2689 1944 2744 adsciscens

359 2783 414 2837 in
441 2783 626 2838 locum
656 2785 941 2854 copiarum
989 2785 1386 2852 Romanarum,
1421 2783 1560 2838 adeo
1605 2792 1666 2838 ut
1715 2781 1946 2838 delectis

357 2892 427 2931 ex
456 2877 564 2933 isto
593 2893 796 2948 genere
825 2877 919 2948 qui
957 2878 1210 2948 equitatu
1243 2892 1468 2948 operam
1503 2877 1755 2931 navaturi
1787 2876 1945 2932 vide-

360 2978 575 3034 rentur,
605 2970 884 3024 detractos
916 2970 1158 3040 propriis
1189 2970 1472 3041 equitibus
1496 2984 1668 3040 equos
1699 2969 1945 3040 assigna-

361 3061 526 3127 verit,
588 3059 736 3131 ipsos
806 3076 1030 3132 quoque
1085 3061 1362 3118 Romanos
1417 3061 1616 3116 horum
1672 3059 1941 3116 Barbaro-

363 3168 482 3207 rum
509 3153 796 3225 obsequiis
830 3151 1176 3224 mancipans.
1201 3153 1338 3209 Nam
1379 3169 1506 3208 eum
1541 3162 1690 3208 esset
1713 3153 1944 3224 jampri-

2053 657 2253 702 tutum.
2283 647 2421 700 Tum
2461 645 2528 700 iis
2552 645 2687 700 solvi
2720 644 2970 716 praecipit
2997 660 3095 714 pro
3126 644 3376 714 quolibet
3412 653 3656 702 servato,

2053 738 2227 794 milite
2255 753 2542 793 nummum
2575 748 2746 791 unum
2774 779 2787 800 ,
2825 735 2851 810 §
2879 751 3010 791 vero
3041 737 3110 791 54
3139 736 3283 791 idem
3314 736 3423 790 Leo
3454 736 3637 806 impe-

2052 842 2136 887 rat
2182 834 2237 887 in
2282 846 2443 886 usum
2489 832 2718 886 istorum
2762 830 3154 900 deputatorum
3187 829 3314 883 addi
3357 828 3635 898 ephippiis

2053 925 2376 982 militarium
2419 938 2692 996 equorum
2738 925 2940 980 scalam
2989 923 3260 995 geminam
3303 922 3372 982 ad
3415 922 3632 985 laevam,

2055 1030 2114 1075 ut
2144 1021 2338 1074 harum
2370 1019 2540 1074 altera
2581 1017 2903 1088 deputatus,
2937 1016 3157 1086 quoties
3199 1031 3339 1086 opus
3371 1013 3538 1070 fuerit
3563 1012 3633 1070 ad

2051 1109 2362 1164 subsidium
2397 1107 2605 1178 equitis
2655 1107 3040 1178 periclitantis,
3072 1107 3319 1173 adjuvari
3358 1106 3536 1176 possit
3565 1116 3633 1159 aa

2052 1204 2428 1260 scantdendum
2462 1202 2517 1257 in
2560 1218 2789 1273 equum.
2837 1199 3015 1256 Verba
3048 1199 3251 1256 Leonis
3286 1207 3415 1255 sunt
3447 1219 3460 1254 :
3489 1201 3635 1270 Πρὲ-

2052 1315 2154 1353 που
2183 1299 2335 1351 ἐστὶν
2354 1298 2442 1350 ἵνα
2471 1299 2499 1348 ὁ
2520 1296 2819 1360 δεποτάτος
2841 1295 2941 1358 τὰς
2969 1293 3066 1347 δύο
3089 1293 3290 1360 σκάλας
3321 1296 3399 1356 εἰς
3431 1294 3491 1344 τὸ
3513 1295 3637 1363 ἀρι-

2053 1393 2247 1464 στερὸν
2281 1391 2447 1461 μέρος
2470 1391 2567 1459 τῆς
2598 1389 2755 1453 σέλας
2789 1389 2909 1462 ἔχῃ.
2945 1386 3112 1443 Addit
3143 1387 3382 1458 denique
3406 1385 3632 1442 eosdem

2053 1486 2349 1555 deptttalos
2381 1483 2584 1537 debere
2615 1482 2710 1536 καὶ
2761 1483 2841 1544 εἰς
2871 1479 3112 1550 φλάσκια
3148 1479 3294 1551 ὕδωρ
3341 1478 3636 1549 βαστάζειν

2052 1577 2140 1630 διὰ
2168 1579 2293 1640 τοὺς
2324 1575 2584 1639 πολλάκις
2613 1573 3083 1642 λειποθυμοῦντας
3110 1573 3478 1644 τραυματίας,
3525 1571 3634 1627 cir-

2055 1673 2333 1729 cumferre
2364 1687 2560 1743 aquam
2593 1672 2646 1725 in
2673 1669 2904 1740 lagonis,
2944 1669 3087 1723 unde
3119 1675 3379 1723 revocent
3404 1666 3472 1720 ad
3503 1652 3676 1720 seu?

2051 1785 2173 1823 sum
2204 1768 2422 1823 saucios
2450 1780 2593 1834 saepe
2639 1779 2707 1818 ex
2753 1763 2949 1817 dolere
2978 1762 3268 1816 vulnerum
3301 1769 3395 1816 aut
3418 1759 3636 1830 jactura

2052 1860 2337 1933 sanguinis
2371 1859 2680 1929 deliquium
2711 1858 3012 1926 patientes.
3049 1855 3240 1911 Obiter
3284 1853 3522 1908 observo
3565 1866 3636 1907 ex

2052 1953 2322 2008 hactenus
2349 1951 2538 2006 relatis
2568 1968 2581 2005 :
2616 1947 2765 2019 quod
2795 1948 2850 2003 bi
2886 1946 3124 2017 deputati
3153 1944 3356 2000 Leonis
3393 1945 3635 2013 impera‘

2053 2045 2190 2099 teris
2220 2053 2492 2114 tempore,
2537 2052 2596 2096 ut
2626 2041 2746 2112 ipse
2779 2049 3038 2101 testatur,
3075 2039 3343 2090 scribones
3372 2033 3640 2089 diceban-

2051 2146 2164 2201 tur,
2199 2153 2322 2207 qua:
2346 2135 2524 2190 amnis
2559 2135 2803 2190 netionis
2829 2150 2934 2188 vox
2961 2141 3047 2188 est
3082 2131 3352 2195 actuario,
3384 2129 3522 2184 satis
3544 2126 3635 2182 in-

2049 2231 2197 2285 dicat
2230 2240 2287 2285 et
2324 2229 2425 2284 hos
2465 2229 2633 2300 669
2668 2245 2736 2284 ex
2781 2227 3156 2283 aetuariorum
3187 2239 3388 2296 genere
3437 2223 3631 2286 fuisse,

2047 2322 2141 2394 qui
2178 2322 2362 2382 multi.
2393 2331 2555 2391 prout
2581 2319 2926 2375 ostendimus
2964 2320 3019 2373 in
3052 2333 3115 2373 ea
3148 2333 3285 2372 voce
3314 2317 3493 2386 primo
3523 2328 3623 2368 no-

2048 2427 2165 2473 stro
2202 2413 2508 2479 Glossario,
2543 2422 2721 2469 castra
2763 2413 2892 2468 olim
2939 2412 3185 2468 Romana
3231 2410 3629 2480 sequebantur.

2046 2512 2125 2564 Ac
2159 2509 2304 2579 quod
2352 2508 2426 2562 ibi
2467 2508 2709 2562 diximus
2759 2505 3006 2560 medicos
3049 2520 3293 2575 quoque,
3340 2502 3633 2569 chirurgos

2045 2610 2103 2656 et
2133 2600 2465 2671 νοσοκόμους
2500 2600 2790 2655 universos
2829 2613 2896 2653 ee
2947 2599 3216 2653 vocabulo
3260 2595 3464 2666 pariter
3497 2608 3632 2649 cen-

2047 2692 2180 2761 seri,
2217 2692 2507 2749 conﬁrmat
2536 2692 2648 2748 Leo
2679 2691 2825 2748 idem
2848 2693 3130 2761 Augustus
3163 2688 3352 2746 Const.
3387 2689 3441 2751 3,
3475 2686 3503 2758 ﬁ
3538 2679 3629 2752 {5,

2045 2786 2175 2841 dum
2207 2786 2294 2842 his
2342 2785 2664 2847 δεποτάτοις
2713 2781 3061 2840 medicorum
3097 2791 3281 2852 partes
3333 2779 3484 2835 clare
3530 2775 3630 2833 tri-

2051 2878 2196 2944 buit,
2235 2881 2316 2934 sic
2343 2879 2410 2933 de
2438 2878 2548 2932 illis
2579 2877 2833 2933 scribens
2864 2895 2877 2931 :
2912 2875 3126 2938 Οἵτινες
3156 2869 3632 2944 παρακολουθοῦν-

2043 2989 2136 3036 τες
2170 2973 2236 3042 τῇ
2279 2970 2582 3039 παρατάξει
2631 2973 2756 3033 τοὺς
2791 2971 2844 3023 ὲν
2883 2973 2950 3040 τῇ
2979 2970 3124 3040 μάχῃ
3158 2965 3502 3036 τραυματίας
3546 2979 3636 3032 γι-

2044 3067 2301 3137 νομένηυς
2314 3062 2788 3136 ἀναλαμϐάνονται
2822 3061 2897 3126 ὡς
2928 3061 3102 3133 ἰατροὶ
3137 3060 3233 3117 καὶ
3280 3075 3482 3130 περιπο
3506 3054 3633 3113 οὕν-

2042 3174 2154 3212 τπι.
2196 3154 2335 3211 Hinc
2382 3156 2518 3210 istos
2564 3155 2669 3210 hoc
2707 3155 2832 3211 loco
2883 3167 3070 3210 noster
3104 3162 3262 3210 vocat
3293 3151 3624 3215 διασωστάς,

361 3247 486 3300 dem
523 3247 578 3305 in
608 3246 872 3302 Orientali
902 3247 1151 3318 equestri
1179 3246 1378 3302 militia
1416 3246 1682 3301 usitatum
1708 3253 1770 3300 ut
1792 3255 1937 3301 cata-
1966 3264 2010 3324 ο
2043 3259 2361 3313 servatores,
2381 3263 2474 3303 seu
2490 3249 2805 3302 δεποιάτων
2826 3263 3019 3303 vocem
3040 3241 3479 3315 usitatatn,quod
3501 3242 3632 3298 alie-

359 3339 604 3407 phraetis
644 3338 930 3408 equitibus
963 3339 1224 3396 adessent
1255 3339 1308 3393 in
1357 3339 1559 3410 praeliis
1593 3338 1818 3410 quidam
1848 3353 1945 3409 pe-

360 3431 521 3496 dites,
557 3432 654 3503 qui
682 3447 800 3500 eos,
834 3435 880 3488 si
903 3434 1071 3500 forte,
1095 3434 1416 3489 vulneratos
1436 3443 1532 3488 aut
1559 3433 1667 3488 alio
1693 3445 1824 3488 casu
1849 3446 1944 3503 pe-

363 3524 665 3581 riclitantes
691 3527 954 3597 juvarent
982 3537 1406 3598 servarentque,
1437 3528 1574 3583 tales
1605 3527 1727 3584 istis
1773 3514 1955 3582 mini?

359 3625 537 3672 strare
567 3617 820 3674 homines
871 3619 1148 3676 Romanos
1195 3621 1379 3693 jussit.
1422 3619 1533 3675 Hoc
1568 3637 1742 3689 genus
1772 3634 1941 3692 eque-

363 3711 560 3765 strium
598 3710 985 3768 ministrorum
1031 3722 1224 3770 noster
1273 3714 1380 3770 hoc
1433 3714 1553 3769 loco
1607 3714 1939 3781 διασωστάς,

359 3804 514 3873 quasi
545 3804 693 3860 dicat
727 3816 1149 3869 conservatores,
1194 3818 1375 3862 vocat.
1441 3809 1786 3871 Δεποτάτους
1821 3807 1939 3862 sive

358 3895 740 3962 διαπωτάτους
798 3898 1170 3968 appellaverat
1230 3899 1532 3955 Mauricius
1582 3899 1852 3955 recitatos
1906 3913 1937 3954 ιι

361 3987 596 4060 Rigaltio
627 3990 680 4043 in
712 3989 1016 4057 Glessario,
1059 3991 1140 4047 sic
1167 3990 1430 4048 continuo
1475 4007 1668 4048 eorum
1698 3991 1937 4048 oﬂicium

358 4078 680 4136 describens
733 4098 750 4138 :
802 4083 866 4135 Oi
917 4082 1458 4154 παρακολουθοῦντες
1518 4086 1583 4157 τῇ
1638 4083 1791 4148 τάξει
1842 4080 1939 4137 καὶ

359 4173 487 4234 τοὺς
528 4174 589 4225 ὲν
631 4175 699 4244 τῇ
749 4175 898 4246 μάχῃ
942 4177 1290 4247 τραυματίας
1319 4176 1648 4245 γενομένους
1679 4174 1942 4246 ἀνακομι-

358 4263 546 4328 (euri;
568 4281 624 4318 τε
656 4264 754 4319 καὶ
791 4266 1265 4337 περιποιούμενοι.
1310 4266 1571 4338 Adiungit
1614 4267 1705 4322 hic
1754 4265 1939 4322 erudi-

359 4357 606 4411 tissimus
638 4355 906 4427 ltigaltius
946 4355 1066 4412 loca
1111 4358 1259 4412 varia
1301 4355 1770 4413 Constitutionum
1800 4354 1941 4413 Leo-

356 4449 442 4503 nis
467 4447 536 4503 de
568 4449 674 4504 hoc
719 4465 919 4520 genere
959 4451 1426 4508 subsidiariorum
1457 4452 1629 4506 multa
1657 4451 1936 4509 decentia.

356 4539 568 4594 Horum
595 4540 652 4594 in
678 4558 788 4597 uno
810 4558 878 4597 ex
907 4541 1146 4598 Constit.
1175 4541 1281 4614 5,§
1313 4544 1396 4610 IS,
1433 4543 1641 4599 dicitur
1670 4545 1805 4600 istos
1845 4559 1936 4599 as-

2052 3357 2136 3396 nre
2166 3350 2314 3397 esset
2342 3340 2594 3412 originis,
2628 3356 2760 3396 vere
2802 3339 2992 3396 Graeca
3021 3348 3264 3402 mutans,
3308 3347 3369 3392 ut
3404 3337 3546 3392 solet
3572 3335 3630 3391 in

2050 3433 2372 3492 nominibus
2439 3433 2712 3490 mensium
2771 3443 2830 3490 et
2897 3426 3292 3489 occasionibus
3354 3428 3634 3486 similibus

2051 3530 2218 3601 (nam
2265 3539 2320 3584 et
2370 3541 2508 3597 quas
2558 3525 2765 3590 σκάλας
2814 3526 2979 3580 modo
3036 3522 3318 3593 descripto
3349 3522 3470 3577 loco
3517 3519 3630 3576 Leo

2050 3623 2355 3694 imperator
2393 3620 2552 3686 dixit,
2600 3621 2854 3690 stapeilas
2892 3618 3213 3690 designans,
3264 3616 3632 3688 Pachymeres

2048 3715 2161 3788 vel;
2191 3715 2232 3779 l,
2261 3729 2316 3785 p.
2343 3713 2471 3776 stt,
2513 3711 2786 3783 κλίμακας
2809 3711 3004 3766 maluit
3035 3709 3266 3780 dicere).
3317 3709 3435 3765 sive
3475 3705 3626 3778 quod

2047 3809 2192 3864 forte
2244 3818 2379 3862 tunc
2431 3805 2513 3862 sic
2547 3821 2681 3861 usus
2727 3804 3070 3868 invaluisset,
3120 3810 3181 3858 ut
3217 3802 3309 3873 qui
3342 3801 3629 3856 δεποτάτοι

2045 3900 2307 3972 appellati
2339 3901 2584 3963 fuerant,
2641 3910 2756 3953 tum
2803 3899 2967 3970 vulgo
3012 3898 3270 3953 audirent
3303 3892 3627 3952 διασωσται.

2057 3995 2332 4051 (Ξωιοι-υω
2380 3993 2481 4049 hos
2505 3993 2814 4055 διασωστάς
2839 3993 3036 4048 solitos
3081 3990 3275 4056 fuisse,
3303 3990 3499 4046 saltem
3525 3987 3630 4045 Pa-

2046 4089 2324 4161 chymeris
2372 4097 2640 4158 tempore,
2683 4085 2965 4143 interdum
3007 4087 3210 4141 armari
3251 4095 3308 4141 et
3329 4083 3627 4141 militarem

2046 4190 2309 4254 praestare
2333 4194 2558 4251 operam
2588 4189 2710 4235 tuto
2749 4177 3098 4235 deducendis
3124 4195 3222 4249 per
3246 4181 3361 4234 vias
3399 4178 3628 4235 infestas

2042 4275 2371 4340 viatoribus,
2407 4272 2570 4328 docet
2596 4288 2698 4328 nos
2731 4273 2887 4328 locus
2911 4267 2979 4327 ex
3022 4288 3077 4343 p.
3113 4271 3217 4329 £29
3253 4272 3423 4345 hujus
3448 4273 3627 4328 histo-

2044 4366 2162 4432 riae,
2193 4364 2289 4420 ubi
2316 4365 2557 4420 refertur
2581 4362 2942 4420 Rontzerium
2972 4378 3227 4436 magnum
3252 4363 3472 4430 ducem,
3498 4377 3626 4420 cum

2045 4457 2318 4527 Magnesia
2364 4455 2903 4527 Constantinopolim
2951 4455 3369 4513 Cannaburium
3430 4471 3627 4527 quem-

2044 4553 2172 4610 dam
2213 4552 2475 4617 mitteret,
2529 4552 2810 4616 Nostongo
2854 4553 3155 4624 provincia:
3203 4553 3317 4608 illic
3363 4552 3623 4624 prafeeto

353 4631 529 4687 sectas
559 4643 617 4688 et
640 4633 921 4702 adiutores
952 4637 1201 4703 equitum
1238 4635 1368 4689 olim
1414 4637 1690 4706 deputatus
1729 4637 1928 4704 dictos,
1968 4643 2011 4697 ι)
2048 4645 2342 4702 mandasse
2388 4653 2449 4701 ut
2486 4647 2536 4701 ci
2572 4645 2878 4708 διασωστάς
2919 4661 2951 4702 e
3004 4646 3121 4701 suis
3163 4646 3341 4718 copiis
3390 4646 3625 4703 comites

357 4725 562 4780 Leonis
596 4725 825 4797 Augusti
865 4736 1111 4797 tempore
1160 4730 1666 4802 appellarigsolitos
1701 4731 1940 4802 σκριϐω-

353 4839 474 4884 ναις,
506 4821 784 4876 scribones.
818 4822 874 4875 lu
915 4822 1091 4877 altero
1134 4837 1202 4877 ex
1224 4825 1460 4881 Constit.
1494 4826 1581 4888 12,
1617 4825 1643 4895 §
1671 4825 1760 4894 5'2,
1805 4836 1939 4882 noto

352 4913 592 4982 glossam
638 4914 805 4982 hanc,
853 4916 981 4979 τοὺς
1029 4915 1358 4987 λεγομένους
1389 4917 1744 4985 δεποτάτους,
1792 4917 1940 4972 τοῦτ’

351 5004 472 5057 ἐστι
508 5007 636 5068 τοὺς
667 5006 1008 5077 ἐπιμελητὰς
1052 5009 1163 5063 τῶν
1203 5010 1736 5081 τραυματιζομένων
1771 5029 1941 5082 etpa-

353 5097 588 5153 τιωιῶν.
627 5097 945 5154 Praescribit
986 5100 1250 5170 deinceps
1297 5101 1502 5156 ibidem
1534 5102 1646 5158 Leo
1683 5101 1934 5174 quadam

353 5191 500 5244 circa
528 5206 821 5245 numerum
854 5200 911 5247 et
954 5191 1229 5247 delectum
1282 5193 1480 5248 lterum
1525 5195 1936 5264 deputatorum,

349 5281 554 5352 jubens
589 5283 852 5336 constitui
893 5281 959 5338 ad
1000 5299 1161 5338 onme
1214 5286 1424 5352 signum
1464 5285 1671 5355 (Graec
1721 5286 1936 5356 βάνδον,

354 5390 556 5447 nempe
585 5384 823 5430 turmam
855 5387 947 5430 aut
972 5378 1112 5432 alam
1143 5379 1395 5447 equitum
1443 5379 1546 5432 sub
1579 5395 1688 5433 uno
1735 5380 1936 5435 vexillo

356 5469 710 5533 merentium,
737 5469 929 5538 quales
951 5469 1090 5525 Galli
1117 5480 1380 5524 σοι-ηεαρδ
1414 5476 1630 5543 meant)
1675 5483 1801 5527 octo
1844 5484 1938 5529 aut

359 5561 422 5634 [Ρ
475 5560 825 5633 ιδθμιυωω
858 5575 931 5617 cx
987 5562 1376 5632 deputatorum
1427 5564 1623 5620 ordine
1664 5566 1937 5637 ἐλαφροὺς

355 5655 450 5708 καί
507 5653 745 5724 γοργοὺς
799 5655 926 5708 ἄνευ
979 5655 1181 5721 ὃπλων,
1219 5654 1385 5726 agiles
1436 5671 1483 5709 et
1533 5665 1777 5713 strenuos
1827 5662 1936 5714 sine

355 5750 537 5813 armis,
567 5749 660 5816 qui
693 5746 934 5803 debeant
967 5758 1176 5804 turmas
1207 5751 1409 5821 quibus
1435 5750 1743 5807 inserviunt
1769 5753 1938 5809 inter-

352 5834 759 5895 vallo-centum
795 5840 992 5910 pedum
1032 5850 1182 5896 retro
1235 5843 1474 5913 insequi,
1520 5855 1581 5898 ut
1625 5845 1679 5898 in
1732 5846 1935 5914 praeliis

357 5932 667 5999 periculose
692 5934 911 5989 saucios
948 5945 1040 5990 aut
1077 5949 1408 6007 quocunque
1455 5952 1582 5994 casu
1616 5935 1935 5994 delabentcs

2043 4739 2224 4804 daret,
2280 4754 2520 4809 quorum
2569 4747 2723 4794 tutus
2768 4738 3030 4811 praesidio
3076 4754 3272 4794 secure
3324 4738 3430 4794 iter
3475 4737 3624 4795 istud

2041 4830 2344 4887 conﬁceret
2399 4851 2415 4889 :
2472 4831 2698 4904 Πέμπει
2747 4831 2883 4902 πρὸς
2931 4832 3022 4885 τὸν
3074 4829 3387 4900 Νόστογγον
3417 4847 3627 4902 παρεγ-

2041 4924 2190 4991 γυῶν
2236 4923 2510 4978 ἱκανῶσαι
2562 4924 2898 4986 διασωσταῖς
2949 4924 3015 4977 ὲκ
3062 4923 3157 4976 τοῦ
3219 4920 3622 4995 στρατιωτικοῦ

2042 5017 2134 5069 τὸν
2168 5013 2665 5084 ὰποστελλόμενον.
2693 5013 2971 5084 Additque
3003 5030 3131 5070 mox
3178 5013 3480 5071 historicus
3506 5012 3622 5071 N0-

2042 5119 2303 5176 stongum
2352 5106 2647 5161 ostendere
2688 5105 3036 5163 aﬂ'ectantem
3089 5105 3378 5163 abundans
3423 5105 3624 5177 gratiﬁ-

2039 5200 2202 5255 candi
2229 5199 2355 5255 duci
2399 5215 2596 5271 magno
2639 5197 2908 5266 studium,
2961 5199 3083 5271 plus
3127 5216 3291 5269 quam
3323 5201 3622 5270 rogabatur

2042 5293 2281 5350 iecisse:
2321 5291 2563 5347 obivisse
2607 5293 2756 5347 enim
2792 5293 2969 5362 ipsum
3016 5308 3141 5348 cum
3188 5292 3308 5346 suis
3339 5293 3622 5363 praetoria-

2041 5386 2128 5439 nis
2171 5385 2224 5439 id
2265 5383 2528 5451 ofﬁcium,
2583 5392 2640 5440 et
2685 5383 3099 5441 Cannaburium
3150 5387 3206 5440 in
3258 5385 3452 5441 urbem
3497 5401 3624 5455 per-

2040 5475 2262 5531 duxisse

2112 5567 2558 5637 Διϐάμΰουλον,
2593 5584 2716 5641 pag.
2763 5569 2885 5625 {86.
2925 5568 3066 5638 Quid
3097 5570 3316 5626 dicatur
3360 5571 3467 5626 hoc
3496 5570 3622 5627 loco

2038 5662 2430 5733 διδάμϐουλον,
2467 5665 2855 5730 dibambulum,
2882 5682 2949 5723 eo
2999 5667 3138 5721 mihi
3174 5667 3500 5737 diligentius
3532 5675 3619 5722 est

2039 5753 2437 5825 quaerendum,
2485 5775 2594 5826 quo
2645 5760 3092 5816 doctissimorum
3143 5762 3429 5816 hominum
3459 5758 3620 5816 edita:

2041 5849 2308 5904 hactenus
2358 5851 2427 5906 de
2487 5851 2652 5923 hujus
2684 5854 2937 5910 vocabuli
2970 5855 3195 5911 notione
3249 5852 3534 5909 sententia:
3584 5868 3619 5910 a

2039 5957 2172 5998 vero
2202 5940 2458 6000 aberrare
2509 5944 2595 6000 vel
2622 5961 2714 6021 _ex
2754 5945 2856 6002 hoc
2890 5945 3007 6017 ipso
3049 5945 3298 6003 historici
3329 5943 3502 6002 nostri
3537 5952 3620 6001 te-
