4058 6298
439 398 565 468 ’731

1385 399 1452 464 P.
1492 396 1798 461 POSSINI
1838 391 2491 460 OBSERVATIONUM
2527 397 2674 460 LIB;
2717 397 2771 459 Ῑ.

3613 392 3714 462 732

459 516 726 575 stimonio
762 513 1050 572 manifeste
1079 511 1596 586 deprehenduntur.
1618 511 2042 569 Eruditissimus
2067 510 2117 571 Α
2144 509 2270 576 mis,
2309 511 2390 566 sic
2436 513 2490 568 in
2525 513 2631 570 hoc
2659 530 2689 569 a
2719 513 2922 570 Graecae
2949 511 3141 568 usibus
3173 512 3541 585 discrepasse.
3579 515 3716 572 San-

460 610 703 668 Jacobus
740 611 1024 667 Pontanus
1081 617 1269 664 noster
1323 608 1380 662 in
1436 606 1664 669 Latina,
1711 621 1874 677 quam
1921 603 2042 660 sine

462 704 654 762 Graeco
681 713 939 764 contextu
965 704 1136 760 solam
1160 701 1358 767 edidit,
1389 700 1846 769 interpretatione
1865 696 2045 754 Chro-

464 797 578 852 nici
618 796 838 868 Georgii
878 795 1169 852 Phrantzis
1204 792 1643 866 protovestiarii,
1670 791 1770 846 lib.
1806 806 1886 856 ιιι,
1917 805 2038 859 cap.

466 891 558 956 l9,
606 906 731 962 pag.
771 889 869 945 197
903 890 993 944 ed.
1033 888 1336 960 lngolstadt
1406 904 1535 943 ann.
1585 886 1755 949 1604,
1795 886 2045 940 referens

466 983 634 1038 ritum
694 998 805 1053 quo
867 981 1183 1050 patriarcha
1231 979 1885 1050 Constantinopolitanus
1924 977 2047 1048 ejus

465 1074 755 1146 dignitatis
793 1074 936 1130 inire
990 1075 1395 1145 possessionem
1445 1082 1564 1131 erat
1631 1072 1850 1136 solitus,
1901 1067 2046 1125 inter

467 1168 725 1223 aliahaec
763 1167 930 1223 habet
977 1180 993 1221 :
1033 1165 1332 1223 Secundum
1396 1168 1506 1222 lucc
1564 1163 1870 1238 patriarcha
1925 1176 2046 1214 cum

469 1260 807 1331 lampadibus
870 1260 941 1315 ad
991 1259 1281 1316 diababula
1308 1262 1417 1316 sive
1447 1262 1648 1314 atrium
1680 1253 2043 1311 descendebat.

466 1354 546 1411 Ita
584 1355 678 1410 ibi.
721 1355 886 1410 Recte
935 1369 1122 1424 porro,
1158 1365 1218 1409 ut
1246 1355 1464 1426 opinor,
1504 1353 1778 1408 Meursius
1801 1350 1857 1404 in
1890 1347 2044 1405 Glos-

466 1449 620 1512 sario
665 1447 835 1505 verbo
867 1447 1214 1519 Διϐἀμόυ).ον
1240 1489 1254 1515 ,
1293 1456 1351 1503 et
1394 1463 1462 1502 ex
1499 1462 1568 1502 eo
1596 1442 1765 1499 verba
1805 1443 1920 1512 ipsa
1953 1441 2049 1495 de-

467 1545 722 1600 scribens
744 1544 975 1600 Mathias
1004 1543 1293 1600 Martinius
1328 1543 1384 1598 in
1426 1557 1530 1597 suo
1568 1540 1767 1596 Lexico
1807 1537 2048 1594 Philolo-

467 1636 591 1708 gico
619 1636 792 1691 verbo
838 1635 1311 1692 Monobambulum
1358 1651 1461 1708 pro
1497 1633 1783 1690 diababula
1831 1631 2048 1686 dibam-

468 1727 598 1784 bula
658 1728 753 1783 illo
806 1727 1092 1784 Pbrantzae
1142 1728 1266 1784 loco
1326 1726 1557 1783 rescribi
1592 1724 1795 1779 debere
1822 1731 2051 1794 putave-

469 1827 623 1875 runt.
653 1818 739 1891 [P.
767 1817 896 1891 470]
927 1816 1046 1874 Νοιι
1075 1829 1226 1874 recte
1255 1826 1463 1881 autem,
1487 1823 1754 1886 quantum
1785 1810 2046 1876 arbitror,

471 1912 740 1986 glossema
772 1910 943 1979 illud,
990 1913 1100 1966 sive
1146 1911 1370 1977 atrium,
1421 1922 1700 1980 provera
1733 1904 1886 1961 vocis
1930 1903 2052 1974 ejus
2081 1881 2123 1937 Β

469 2007 817 2077 expositione
849 2011 1203 2076 receperunt.
1243 2003 1335 2060 Sic
1365 2003 1515 2058 enim
1544 2011 1778 2072 uterque
1812 1997 2049 2055 scribit:

469 2098 910 2170 Μονοσάμσυλον
934 2097 1160 2169 simplex
1184 2095 1431 2152 conclaue
1463 2094 1658 2167 palatii
1691 2093 1963 2155 secretius,
1997 2091 2051 2144 in

467 2206 573 2262 qua
599 2191 1022 2263 congregabalur
1045 2190 1217 2245 clerus
1242 2190 1606 2262 patriarcham
1631 2201 1826 2241 nouum
1847 2182 2052 2250 electu-

471 2299 582 2338 rus.
613 2281 846 2340 Codinus
882 2286 994 2355 ejus
1025 2283 1266 2339 meminit
1300 2299 1319 2338 :
1354 2280 1566 2353 6670
1589 2278 1847 2350 δεύτερος
1872 2274 2055 2332 basta-

473 2393 592 2449 ριος
620 2377 843 2447 κρατῶν
876 2378 936 2431 τὸ
969 2374 1404 2448 μονοϐἀμευλον.
1431 2374 1564 2430 Ante
1598 2373 1694 2426 hoc
1728 2377 1844 2424 erat
1880 2369 2051 2436 aliud,

475 2478 529 2532 in
561 2472 704 2542 quod
731 2471 1029 2542 promiscue
1073 2467 1447 2523 conveniebant
1478 2481 1654 2521 onines
1682 2465 1771 2536 qui
1806 2470 2053 2534 cuperent

470 2573 604 2626 scire
637 2582 790 2639 quem
815 2565 985 2618 clerus
1018 2562 1382 2634 patriarcham
1416 2567 1688 2622 creasset;
1727 2564 1776 2610 et
1809 2554 1941 2610 illud
1977 2553 2057 2608 δι-

473 2660 754 2732 capsum
793 2658 1088 2712 dicebatur.
1113 2656 1192 2710 lta
1221 2654 1297 2709 illi
1331 2652 1528 2722 ambo;
1565 2659 1622 2709 et
1660 2652 1766 2707 hoc
1791 2649 2052 2706 continue

472 2756 713 2829 probant
745 2751 982 2824 prolato,
1040 2763 1202 2820 quem
1234 2762 1400 2816 supra
1433 2744 1725 2816 descripsi,
1762 2741 2053 2798 Phrantzze

473 2856 572 2904 aut
622 2846 805 2916 potius
855 2841 1090 2916 Pontani
1137 2840 1282 2895 loco.
1338 2837 1446 2894 Sed
1495 2837 1552 2891 in
1595 2836 1700 2892 hoc
1749 2845 2052 2906 utrumque

470 2939 586 2996 falli
617 2953 727 2994 non
769 2933 1114 2996 diﬁitebitur,
1142 2929 1237 3002 qui
1288 2927 1590 2984 attenderit
1621 2941 1787 2997 quam
1817 2925 2052 2980 ridicule

472 3016 754 3089 diceretur
785 3043 816 3083 a
852 3025 1068 3082 Codino
1111 3024 1365 3094 δεύτερος
1408 3021 1688 3092 ὁστιάριος
1741 3019 1963 3090 κρατῶν
1993 3017 2054 3071 τὺ

474 3120 910 3194 μονοϐἀμὸυλον,
937 3117 1195 3173 secundus
1236 3116 1485 3170 ostiarius
1527 3129 1691 3168 manu
1724 3122 1902 3165 tenens
1938 3109 2052 3164 llo-

2143 615 2264 660 ctus
2317 604 2632 663 Bernartius
2689 621 2855 662 serm.
2910 605 2964 662 in
3016 605 3183 662 (Imus
3237 606 3454 663 Domini
3499 605 3720 663 :Varia!

2143 711 2286 768 sunt,
2339 701 2540 772 inquit,
2589 703 2920 757 investiturat
2973 701 3258 757 secundum
3322 717 3383 756 ea
3425 700 3488 756 de
3537 702 3720 774 quibus

2144 800 2476 852 investimur.
2535 797 2684 854 Verbi
2736 799 2914 870 gratia
2965 798 3246 855 inuestitur
3299 797 3583 852 canonicus
3632 814 3724 866 per

2148 889 2364 958 librum,
2401 891 2562 946 abbas
2621 908 2715 962 per
2756 888 3025 956 baculum,
3062 892 3328 962 episcopus
3363 905 3456 961 per
3478 887 3724 944 baculum

2147 995 2194 1039 et
2249 983 2509 1038 annulum
2565 982 2750 1038 simul.
2800 981 2882 1039 Ita
2933 981 3047 1038 ille.
3082 981 3329 1037 Ecclesia
3378 966 3580 1038 Greca
3612 982 3724 1036 duo

2147 1077 2370 1149 quidem
2425 1085 2480 1132 et
2522 1077 2640 1149 ipsa
2685 1075 3025 1147 coniunctim
3075 1074 3330 1130 adhibuit
3386 1074 3634 1146 symbols
3668 1073 3724 1129 in

2147 1169 2480 1228 conferenda
2529 1169 2724 1226 electis
2767 1168 3082 1239 pastoribus
3111 1177 3166 1223 et
3206 1167 3424 1238 sponsis
3459 1167 3730 1222 ecclesia-

2147 1277 2271 1316 rum
2312 1259 2644 1332 episcopalis
2671 1260 3020 1332 possessione
3063 1259 3375 1332 dignitatis,
3404 1275 3529 1331 quae
3566 1259 3727 1314 simi-

2147 1355 2276 1410 liter
2310 1353 2717 1425 responderent
2747 1353 2966 1410 duobus
2996 1355 3322 1411 memoratis
3348 1353 3522 1408 titulis
3551 1361 3730 1424 pasto-

2149 1451 2222 1504 ris
2265 1460 2318 1504 et
2359 1452 2560 1520 sponsi.
2612 1449 2684 1504 At
2739 1448 2795 1504 in
2852 1453 3029 1521 primo
3058 1448 3330 1505 duntaxat
3359 1463 3486 1505 cum
3517 1447 3730 1503 Latinis

2150 1541 2325 1599 Graeci
2349 1543 2772 1610 convenientes,
2803 1542 2860 1598 in
2901 1541 3199 1614 posteriori
3231 1541 3538 1612 lampadem
3566 1556 3732 1612 spon-

2150 1639 2227 1694 sis
2267 1637 2510 1710 praaferri
2541 1636 2761 1692 solitam
2787 1653 2856 1692 ex
2881 1636 3197 1709 evangelica
3233 1635 3496 1707 parabola
3528 1644 3584 1691 et
3626 1652 3726 1690 usu

2151 1731 2514 1788 Orientalium
2567 1734 2878 1797 nationum,
2909 1729 2978 1786 ad
3022 1730 3323 1801 nuptialem
3349 1729 3730 1785 cazremoniam

2151 1825 2800 1888 accommodatissimam,
2852 1824 3060 1904 annulo
3110 1822 3517 1894 praetulerunt,
3567 1837 3733 1892 qttem

2157 1924 2338 1971 tamen
2368 1915 2741 1981 Occidentalis
2771 1913 2839 1971 ad
2867 1915 2920 1971 id
2953 1914 3141 1986 potius
3183 1913 3441 1970 adhibuit
3463 1911 3731 1976 Ecclesia,

2154 2019 2216 2066 ut
2243 2008 2496 2084 populari
2531 2009 2674 2065 forte
2722 2009 2972 2081 gentium
3004 2006 3398 2078 Europtearum
3439 2006 3578 2062 mori
3603 2022 3736 2061 con-

2154 2101 2443 2175 gruentius
2470 2099 2778 2173 conjugslis
2814 2097 3244 2156 necessitudinis
3276 2098 3516 2170 signum.
3553 2096 3729 2165 Quid-

2155 2196 2289 2268 quid
2329 2211 2493 2268 porro
2521 2195 2669 2251 circa
2712 2195 2817 2250 hoc
2869 2198 2925 2248 in
2973 2192 3378 2250 consuetudine
3410 2191 3734 2248 Latinorum

2154 2287 2343 2352 fuerit,
2376 2287 2610 2343 Asianos
2644 2285 2870 2358 quidem
2900 2287 3192 2356 episcopos
3239 2283 3505 2355 lampadis
3543 2284 3739 2355 praela-

2151 2382 2306 2437 tione
2336 2380 2656 2451 auspicatos
2677 2381 2840 2453 671
2876 2379 3225 2451 dignitatem,
3255 2388 3626 2456 praeterquam
3657 2377 3738 2432 in-

2154 2471 2343 2527 dicant
2391 2486 2515 2542 qua:
2574 2471 2708 2527 alias
2767 2471 2956 2528 notavi
3012 2469 3473 2527 Observationibus
3524 2470 3640 2526 vol.
3693 2468 3737 2533 Ι.

2155 2575 2213 2630 p.
2261 2559 2390 2626 658,
2422 2561 2590 2616 etiam
2627 2560 2830 2617 astruit
2869 2559 3067 2617 Codini
3100 2561 3261 2618 locus
3295 2561 3362 2615 de
3390 2559 3585 2633 Ofﬁciis
3610 2575 3665 2617 c.
3709 2561 3732 2615 l

2155 2653 2212 2710 in
2266 2663 2418 2712 sexta
2476 2655 2760 2717 Pentade.
2802 2654 2896 2720 ubi
2945 2669 3114 2728 agens
3157 2653 3228 2711 de
3287 2652 3741 2710 ordinationibus

2153 2746 2540 2818 episcoporum
2583 2747 2765 2803 solitis
2788 2762 2817 2801 a
2850 2747 3158 2818 patriarcha
3185 2746 3452 2803 celebrari
3484 2745 3562 2819 (id
3589 2746 3739 2802 enim

2155 2839 2403 2896 indicant
2431 2841 2522 2896 illa
2567 2841 2688 2912 eius
2718 2841 2886 2896 verba
2919 2841 3002 2906 εἰς
3039 2838 3137 2904 τὰς
3170 2848 3533 2912 χιιροτονῑας.
3560 2839 3741 2912 expli-

2153 2935 2333 2988 cantia
2371 2933 2502 3004 quid
2541 2935 2750 3005 primus
2773 2945 2828 2990 et
2874 2934 3156 2990 secundus
3210 2933 3478 2991 ostiarius
3517 2933 3730 3004 proprii

2155 3024 2260 3084 sibi
2293 3026 2529 3096 quisque
2577 3025 2870 3081 ministerii
2923 3033 3141 3097 gereret
3185 3025 3239 3080 in
3293 3040 3356 3082 ea
3384 3020 3738 3094 caeremonia)

2155 3116 2235 3172 sic
2264 3116 2507 3172 scribit:
2552 3116 2610 3171 '0
2662 3118 2880 3191 πρῶτος
2925 3116 3206 3188 ὀστιάριος
3243 3115 3462 3185 κρατιῖιν
3507 3115 3604 3178 τὰς
3638 3113 3737 3168 Θύ-

475 3212 892 3278 nobambulum,
956 3213 1000 3266 si
1069 3207 1556 3264 Monobambulum
1620 3206 1822 3260 atrium
1883 3215 2049 3269 esset,

2158 3229 2348 3284 pa;....
2385 3213 2413 3272 ὁ
2457 3211 2716 3283 δεύτερος
2748 3211 2971 3283 κρατῶν
3003 3210 3063 3264 τὸ
3101 3210 3582 3280 μονσῆάμῦου).ον·
3623 3210 3738 3280 pri-

471 3309 635 3380 quale
669 3308 858 3378 utique
908 3322 1069 3361 manu
1119 3313 1294 3357 tenere
1322 3301 1447 3372 (hoc
1483 3301 1632 3355 enim
1667 3309 1755 3355 est
1807 3296 2049 3372 κρατεῖν)

471 3417 640 3455 nemo
679 3414 822 3454 unus
852 3405 1051 3469 potest.
1072 3394 1248 3451 Unde
1276 3392 1627 3448 manifestum
1659 3399 1743 3447 est
1771 3407 1840 3448 ex
1870 3398 2052 3447 mente

470 3493 667 3550 Codini
705 3489 1189 3547 Monobambulum
1247 3485 1418 3542 fuisse
1463 3499 1578 3539 rem
1612 3485 1852 3554 aliquam
1887 3499 2052 3538 manu

472 3586 818 3660 gestabilem.
848 3584 926 3640 Ac
962 3583 1196 3653 paritate
1246 3580 1560 3652 argumenti
1605 3578 1751 3634 idem
1799 3580 1906 3634 erit
1944 3587 2056 3632 sta-

474 3681 742 3738 tuendum
791 3679 857 3733 de
890 3676 1217 3733 Dibambulo
1240 3715 1253 3738 ,
1291 3673 1438 3745 quod
1469 3672 1719 3744 ejusdem
1763 3672 1956 3728 formae
1991 3686 2055 3726 ac

474 3774 694 3848 generis
722 3789 841 3826 esse
874 3780 1159 3840 gestamen
1188 3767 1444 3823 debuisse
1487 3773 1543 3822 et
1570 3765 1709 3820 ratio
1743 3765 2055 3826 communis

475 3868 645 3942 etymi
688 3876 742 3920 et
797 3866 968 3918 series
1020 3864 1135 3932 ipsa
1169 3859 1506 3915 narrationis
1557 3858 1868 3925 Plirantzae,
1895 3868 1951 3913 et
1992 3868 2056 3913 ut

475 3961 544 4016 ad
585 3975 700 4015 rem
749 3973 923 4011 meam
978 3957 1223 4022 redeam,
1252 3951 1343 4008 hic
1367 3951 1718 4024 Pachymeris
1746 3952 1902 4008 locus
1931 3959 2055 4006 tan-

477 4065 593 4112 tum
630 4068 738 4110 non
775 4050 1196 4106 evidentissime
1243 4047 1644 4102 demonstrant.
1699 4045 1873 4112 Quem
1904 4046 2052 4101 enim

475 4162 660 4219 quaeso
691 4154 916 4214 possent
964 4158 1184 4197 sensum
1249 4140 1588 4196 tolerabilem
1640 4138 1845 4192 habere
1886 4136 2054 4191 verba

477 4239 596 4294 haec
622 4236 799 4294 nostri
831 4237 1094 4301 auctoris,
1127 4237 1432 4306 patriarcha
1477 4233 1737 4304 pastorali
1775 4233 1960 4288 baculo
1991 4234 2054 4285 ab

473 4333 793 4401 imperatore
826 4336 1056 4398 accepto,
1090 4327 1385 4380 honoratur
1416 4336 1463 4379 et
1497 4326 1822 4391 dibambulo,
1872 4325 1914 4379 si
1957 4325 2049 4379 Di-

479 4422 786 4476 bambulum
825 4419 1028 4476 atrium
1069 4428 1218 4474 esset
1247 4419 1533 4474 exterius?
1570 4419 1842 4484 Quidnam
1889 4418 2056 4488 igitur

477 4517 570 4573 hic
610 4516 920 4589 signiﬁcare
947 4514 1314 4586 Pacltymcres
1357 4514 1532 4569 voluit
1559 4513 1724 4568 verbo
1772 4511 2056 4570 Dibambw-

2157 3319 2279 3360 ntus
2322 3303 2581 3384 videlicet
2626 3303 2911 3368 ostiarius,
2967 3304 3188 3360 interim
3225 3302 3354 3358 dum
3400 3301 3739 3372 patriarcha,

2153 3406 2248 3452 aut
2288 3397 2381 3453 alii
2421 3397 2542 3468 ejus
2573 3412 2838 3453 concessu
2874 3397 3146 3469 episcopi,
3177 3413 3379 3452 novum
3416 3396 3734 3467 episcopum

2156 3489 2299 3544 intra
2350 3489 2754 3567 presbyterium
2807 3490 2922 3545 sive
2957 3489 3105 3561 βῆμα
3151 3497 3566 3548 consecrarent,
3593 3487 3738 3544 fores

2154 3579 2318 3635 soleae
2349 3594 2513 3632 manu
2563 3578 2805 3642 tenebat,
2835 3588 2895 3634 ut
2927 3579 3112 3632 statim
3138 3577 3536 3649 eas'panderet
3571 3587 3735 3649 atque

2156 3668 2397 3738 perlecta
2452 3670 2604 3726 intus
2644 3670 2820 3725 solitis
2875 3671 3079 3726 ritibus
3136 3670 3491 3740 inauguratio
3520 3670 3734 3727 fuisset.

2155 3759 2312 3814 Tunc
2345 3760 2490 3814 enim
2540 3761 2768 3830 produci
2821 3777 2996 3818 novus
3027 3763 3261 3825 antistes
3305 3771 3364 3819 et
3390 3763 3610 3820 ostendi
3642 3777 3735 3835 po-

2157 3853 2284 3922 pqu
2330 3853 2582 3908 debebat.
2618 3854 2755 3921 Quia
2792 3867 2924 3932 vero
2963 3855 3185 3928 prodire
3229 3856 3276 3912 is
3307 3856 3525 3916 bemate
3556 3855 3724 3912 debe-

2156 3945 2250 4000 bat
2302 3947 2502 4016 prtevia
2558 3947 2830 4016 lampade,
2882 3949 2948 4002 ad
3001 3950 3143 4025 hanc
3194 3950 3274 4005 illi
3330 3949 3728 4021 prmierendam

2155 4039 2432 4094 Secundus
2461 4039 2722 4095 ostiarius
2745 4042 3028 4098 accinctus
3061 4043 3245 4098 stabat
3273 4043 3496 4114 κρατῶν
3527 4044 3590 4097 τὸ
3632 4061 3729 4114 μου

2158 4134 2491 4204 νάμπουλον,
2544 4134 2652 4202 vel,
2696 4144 2755 4188 ut
2789 4135 2891 4189 alia
2922 4143 3005 4191 est
3053 4135 3240 4202 lectio,
3272 4137 3334 4190 τὸ
3390 4135 3735 4208 μονώάμσυ-

2155 4226 2266 4292 λον,
2302 4225 2387 4298 [Ρ.
2428 4226 2555 4299 471]
2606 4242 2770 4281 manu
2805 4212 3001 4282 teneiis
3037 4239 3318 4300 gestamen
3369 4229 3457 4285 cui
3488 4241 3609 4290 erat
3644 4231 3734 4286 in-

2157 4331 2302 4376 serta
2354 4321 2563 4392 lampas
2599 4337 2739 4387 una;
2777 4339 2900 4377 nam
2938 4321 3324 4393 μονάμπουλον
3363 4338 3393 4378 a
3443 4325 3580 4397 μόνη
3622 4327 3729 4394 ἁμ-

2157 4413 2385 4466 πουλλα.
2437 4413 2577 4481 Quid
2640 4415 2711 4468 sit
2760 4423 2942 4469 autem
2995 4413 3288 4486 ᾶμπουλλσ.
3344 4414 3547 4471 docent
3585 4414 3726 4471 Aetii

2160 4506 2328 4561 verba
2387 4506 2476 4560 illa
2518 4507 2613 4560 lil).
2675 4523 2748 4561 VII
2797 4508 3206 4577 ξ’Δμπουλλαν
3269 4507 3486 4578 ὑελίνην
3522 4510 3732 4579 πλήσας

477 4611 634 4666 lum.’
686 4609 836 4665 idem
869 4608 988 4664 sine
1035 4606 1206 4661 dubio
1237 4607 1383 4677 quod
1416 4606 1549 4661 alias
1575 4607 1778 4661 clarius
1829 4589 2050 4676 expres-
2084 4603 2131 4663 D
2155 4599 2363 4683 ἐλαίου,
2403 4599 2700 4670 ampullam
2753 4601 2970 4654 vitream
3006 4599 3094 4653 ubi
3136 4598 3419 4669 repleveris
3473 4600 3610 4654 oleo.
3645 4599 3741 4655 Est

474 4705 568 4770 sit,
617 4703 747 4758 dum
809 4701 977 4758 refert
1031 4701 1163 4771 (vol.
1223 4699 1264 4767 Ι,
1310 4717 1364 4771 p.
1416 4700 1538 4770 112)
1575 4700 1844 4756 sollicitos
1903 4699 2051 4756 anti-

476 4798 634 4854 stites
694 4811 760 4850 eo
816 4796 960 4863 quod
1012 4793 1277 4851 Arsenius
1328 4809 1358 4848 e
1423 4794 1760 4864 patriarcbio
1829 4793 1886 4848 in
1931 4809 2055 4848 mo-

475 4893 779 4946 nasterium
807 4897 1000 4958 sponte
1027 4889 1291 4959 profugus
1313 4888 1520 4958 scripto
1547 4902 1863 4958 expressam
1900 4887 2054 4941 abdi.

477 4983 752 5038 cationem
802 4982 932 5036 dare
991 4993 1213 5051 rogatus
1243 4989 1572 5048 recusasset,
1625 4991 1682 5034 ut
1713 4981 1918 5050 aliquid
1955 4980 2054 5035 lia-

475 5081 674 5136 berent
720 5077 941 5148 Scripta:
991 5077 1230 5131 cessioni
1283 5075 1640 5147 mquivalens,
1673 5075 1741 5129 ab
1773 5091 1839 5128 eo
1878 5079 2053 5144 repeti

477 5185 701 5228 curasse
753 5168 1058 5239 βακτηρίαν
1113 5169 1206 5222 καὶ
1260 5165 1668 5239 λαμπαδοῦχον,
1703 5164 1950 5219 baculum
2002 5172 2056 5218 et

475 5263 877 5328 candelabrum,
924 5262 1026 5317 rati
1076 5263 1121 5317 si
1160 5275 1225 5316 ea
1257 5260 1589 5316 reddidisset
1620 5275 1715 5330 per
1741 5275 1862 5329 quae
1902 5257 2056 5312 inve-

479 5359 643 5414 stitus
670 5353 1044 5425 patriarchatu
1099 5353 1298 5417 fuerat,
1331 5351 1438 5406 hoc
1471 5350 1591 5420 ipso
1618 5349 1755 5404 satis
1782 5347 2054 5403 indicatu-

480 5464 605 5502 rum
656 5447 773 5502 sedi
823 5463 881 5501 se
913 5448 1251 5505 renuntiare,
1282 5460 1344 5498 ac
1373 5443 1600 5497 liberam
1631 5443 1840 5514 synodo
1876 5441 2054 5495 factu-

480 5555 604 5594 rum
654 5538 719 5593 ad
763 5553 962 5602 novam
1001 5536 1327 5606 patriarchae
1367 5534 1691 5588 eiectionem
1721 5533 2054 5602 procedendi

480 5640 830 5702 potestatem.
865 5629 965 5685 Hic
997 5627 1308 5685 necessario
1342 5627 1406 5679 de
1438 5625 1662 5694 antiqua
1696 5623 1870 5678 forma
1903 5623 2056 5678 inau-

468 5722 786 5795 ‘gurationis
813 5721 1196 5792 episcoporum
1232 5718 1591 5788 repetendum
1614 5731 1644 5770 e
1683 5714 2055 5768 monumentis

477 5813 866 5871 ecclesiasticis
882 5797 1099 5882 aliquid
1138 5822 1249 5868 est.
1280 5810 1522 5865 Primum
1565 5820 1748 5863 autem
1778 5808 2054 5862 admoneo

479 5909 938 5968 consuetudinem
970 5907 1233 5965 Ecclesia:
1275 5904 1508 5970 Latinas,
1545 5912 1603 5959 ut
1632 5906 1686 5958 in
1718 5903 1841 5958 aliis
1876 5899 2052 5972 pluri-

2163 4709 2294 4764 ergo
2324 4693 2611 4762 ἄμπουλλα
2644 4694 2870 4763 lampas,
2905 4703 2956 4747 et
2991 4691 3376 4762 μονὰμπου).ον
3407 4692 3736 4746 instrumen-

2163 4796 2276 4840 tum
2304 4787 2583 4854 portatile,
2613 4787 2700 4840 cui
2737 4793 2880 4839 esset
2917 4802 3021 4838 una
3066 4783 3273 4854 lampas
3299 4783 3495 4839 indita.
3530 4783 3730 4840 Verum

2164 4879 2253 4932 ubi
2303 4877 2614 4949 patriarcha
2659 4878 3314 4946 Constantinopolitanus
3365 4876 3740 4948 inatiguraba-

2163 4982 2272 5033 tur,
2303 4975 2436 5026 satis
2464 4971 2707 5042 prudens
2732 4972 2916 5040 quivis
2953 4969 3208 5040 intelligit
3240 4968 3450 5039 aliquid
3489 4951 3568 5025 illi
3602 4985 3738 5040 pra:-

2162 5063 2308 5133 cipui
2355 5064 2586 5119 honoris
2638 5078 2802 5132 supra
2859 5063 3152 5132 episcopos
3199 5062 3392 5118 haberi
3449 5063 3729 5119 debuisse.

2161 5157 2433 5212 Nimirum
2476 5156 2606 5210 huic
2657 5155 2948 5225 prodeunti
2995 5153 3060 5208 ad
3091 5155 3353 5224 populum
3383 5169 3494 5211 non
3530 5155 3735 5224 μονάμ-

2165 5250 2363 5304 πουλον
2411 5259 2507 5303 aut
2546 5247 2959 5318 μονοόἀμϐυλον
2990 5247 3408 5317 praeferebatur,
3463 5245 3556 5303 sed
3591 5247 3736 5317 quod

2165 5355 2353 5398 noster
2405 5343 2495 5396 hic
2543 5342 2703 5396 docet
2744 5349 2935 5395 auctor
2970 5341 3362 5410 διόάμϐουλον.
3404 5342 3475 5396 De
3505 5341 3610 5397 hoc
3646 5357 3736 5395 vo-

2163 5434 2358 5489 cabulo
2412 5433 2544 5502 quid
2611 5449 2708 5485 nos
2755 5431 2950 5486 doceat
3008 5432 3274 5496 Codinus,
3334 5432 3640 5488 rideamus.
3689 5431 3736 5488 ls

2162 5528 2306 5583 libro
2367 5526 2443 5580 De
2499 5519 2698 5596 oﬂiciis,
2750 5541 2802 5580 c.
2845 5525 2906 5580 10
2956 5523 3023 5580 de
3079 5523 3271 5591 festis,
3332 5525 3465 5579 dum
3501 5524 3739 5596 explicat

2164 5621 2442 5694 quomodo
2482 5635 2679 5690 pompa
2739 5619 3112 5674 instrueretur
3161 5634 3269 5689 qua
3322 5618 3621 5688 imperator
3669 5610 3739 5674 ad

2163 5714 2556 5772 celebrandum
2585 5712 2791 5768 Christi
2828 5711 3017 5768 Natale
3057 5713 3247 5768 venire
3304 5710 3636 5782 adiuittique
3679 5711 3737 5766 in

2162 5808 2452 5863 ecclesiam
2508 5804 2738 5869 solebat,
2774 5806 2848 5858 ait
2883 5813 3133 5873 paratum
3186 5803 3464 5860 adstitisse
3516 5804 3736 5874 lampa—

2163 5901 2375 5956 darium
2404 5915 2523 5954 cum
2565 5898 2865 5955 dibambulo
2898 5915 3058 5954 aureo
3097 5899 3150 5953 in
3184 5915 3368 5953 manu.
3401 5897 3581 5958 Verba
3605 5904 3733 5955 sunt
