4058 6298
307 425 415 492 733

1632 422 2148 488 GLOSSARIUM.

3480 424 3594 503 ’134

306 539 553 599 Codini:
587 536 987 612 Ααμπαδάριος
1039 535 1263 610 κρατῶν
1310 537 1376 593 ,τὸ
1415 536 1654 610 χρυσοῦν
1694 536 1891 609 asap-

1995 544 2159 591 antea
2189 531 2326 590 solis
2353 532 2622 607 Augustis
2654 541 2972 591 reservatus
3021 531 3218 603 honos)
3254 543 3382 614 ante
3436 538 3590 612 ipsos

306 632 523 689 δουλον.
547 630 691 702 Quid
716 632 794 689 ita
815 647 973 701 vero,
1002 630 1113 688 nisi
1149 631 1282 703 quia
1311 630 1466 688 hunc
1490 629 1690 702 praeire
1721 646 1886 701 opor-

308 723 458 782 tebat
487 737 823 796 processura
847 740 946 798 per
991 725 1257 796 templum
1293 725 1585 798 Augusto?
1630 723 1798 793 Quod
1813 724 1886 788 si,

310 826 370 874 ut
390 816 656 885 vidimus,
683 817 1125 890 μονοόἀμσουλον
1143 827 1426 890 gestamen
1444 827 1565 876 erat
1581 818 1893 896 lampadem

308 908 530 966 unicam
555 909 824 968 insertam
851 911 1086 980 habens,
1104 911 1239 982 quid
1272 921 1443 969 restat
1470 913 1580 969 nisi
1615 923 1675 968 ut
1693 913 1894 981 διδόμ-

309 992 502 1057 ϐούλου
531 1003 907 1074 intelligamus
930 1013 1028 1061 aut
1058 1003 1332 1060 lucernam
1365 1004 1538 1062 fuisse
1577 1003 1892 1078 bilgdutem,

308 1095 490 1164 qualis
544 1096 801 1152 meminit
853 1097 1152 1154 Petronius
1201 1098 1259 1154 in
1315 1113 1498 1168 nuper
1546 1098 1697 1174 edito
1749 1099 1896 1171 frag-

309 1194 497 1241 mento
528 1186 910 1260 Traguriensi,
956 1199 1053 1246 aut
1105 1191 1534 1247 instrumentm
1577 1192 1728 1248 aliud
1772 1192 1896 1250 biﬁ-

309 1278 441 1334 dum
471 1280 525 1335 in
553 1281 778 1339 duobus
819 1283 947 1339 hinc
978 1283 1108 1340 inde
1134 1285 1413 1356 protensis
1441 1285 1612 1342 ramis
1636 1289 1894 1360 geminas

309 1370 590 1442 lampades
641 1374 903 1431 ardentes
949 1375 1210 1431 habens?
1250 1375 1393 1434 Sane
1424 1378 1894 1448 opportunissime

310 1463 374 1518 ad
389 1465 533 1520 banc
547 1480 660 1520 rem
691 1466 951 1524 admonet
969 1466 1281 1534 Balsamon,
1309 1468 1655 1538 imperatori,
1671 1468 1894 1540 quando

309 1552 364 1607 in
395 1555 843 1612 solemnitatibus
890 1557 1191 1614 accedebat
1236 1559 1305 1614 ad
1357 1561 1673 1626 ecclesiam,
1705 1562 1891 1633 dupli-

308 1660 427 1700 cem
484 1645 795 1716 lampadem
847 1647 1092 1719 praeferri
1134 1652 1531 1720 consuevisse;
1576 1653 1890 1709 ministrum

307 1753 527 1808 quoque
560 1748 892 1810 gestatorem
925 1742 1047 1813 ejus
1097 1742 1332 1814 duplicis
1381 1745 1650 1815 lampadis
1678 1745 1892 1815 (autpa-

307 1832 525 1886 darium
581 1843 861 1890 vocatum.
900 1836 1075 1907 Igitur
1101 1837 1247 1908 quod
1276 1837 1492 1895 Cudino
1527 1840 1892 1896 dibambulum

308 1940 527 1980 aureum
567 1926 801 1993 dicitur,
823 1944 922 1985 vas
955 1941 1040 1985 est
1079 1931 1234 2003 juxta
1259 1931 1640 1988 Balsamonem
1673 1936 1892 2005 gemina

309 2018 562 2087 lampade
617 2019 852 2092 insigne.
887 2021 1070 2089 Quare
1121 2023 1207 2079 his
1263 2026 1585 2081 auctoribus
1618 2040 1728 2082 non
1761 2042 1895 2083 sane

303 2107 413 2180 jam
438 2109 741 2167 reformido
759 2113 882 2169 falsi
909 2115 1088 2169 dicam
1107 2116 1410 2188 impingere
1429 2117 1629 2173 Latino
1655 2118 1896 2176 Pbrant-

307 2217 402 2266 ste,
435 2203 744 2260 dibambula
771 2221 870 2275 per
899 2210 1102 2264 atrium
1127 2214 1453 2280 exponenti.
1481 2211 1705 2268 Utinam
1733 2215 1894 2286 copia

307 2293 638 2364 inspiciendi
687 2297 918 2354 daretur
961 2301 1242 2374 archetypi
1291 2288 1599 2360 contextus.
1653 2305 1892 2373 ρειεείνὶ

307 2382 404 2440 diu
465 2393 521 2441 et
587 2384 846 2454 sdllicite,
901 2391 999 2446 sed
1050 2390 1276 2449 frustra.
1313 2393 1544 2450 Conﬁdo
1600 2405 1784 2452 tamen
1835 2398 1892 2454 in

306 2478 516 2546 Greca,
549 2481 595 2536 si
645 2481 858 2553 uspiam
887 2494 1089 2553 exstet,
1122 2489 1376 2545 oratione
1421 2490 1630 2546 nullam
1665 2507 1894 2563 prorsus

304 2571 470 2645 672
493 2576 876 2645 reperiendam
900 2580 1027 2634 atrii
1061 2583 1418 2639 mentionem.
1438 2583 1508 2639 Et
1523 2585 1671 2657 quod
1688 2585 1897 2644 Phraa-

313 2674 432 2723 tses
473 2668 778 2724 dibambula
834 2672 888 2725 in
936 2672 1132 2741 plurali
1183 2675 1386 2744 posuit,
1417 2675 1727 2749 signiﬁcare
1762 2687 1896 2748 puto

309 2762 556 2818 voluisse
591 2764 809 2836 gemina
834 2766 1155 2823 candelabri
1190 2769 1437 2830 brachia.
1466 2787 1702 2842 quorum
1734 2787 1890 2828 suam

311 2854 749 2925 unumquodque
801 2857 1109 2914 sustineret
1162 2860 1494 2931 lampadem.
1547 2861 1684 2930 Quis
1739 2865 1890 2920 enim

308 2954 472 3016 neget
507 2957 736 3017 perapte
779 2948 979 3004 cadere
1027 2964 1251 3007 sensum
1281 2953 1448 3008 istum
1481 2953 1535 3010 in
1565 2955 1683 3012 btee
1721 2957 1890 3013 verba

308 3055 424 3094 cum
454 3038 792 3111 lampadibus
828 3041 901 3095 ad
936 3041 1289 3101 dibambula?

373 3135 593 3208 Opponi
627 3136 897 3194 adversus
938 3137 1058 3195 haec
1100 3150 1287 3211 posset
1335 3154 1401 3194 ex
1452 3140 1616 3195 modo
1666 3141 1890 3198 laudato

1997 637 2216 700 portata
2263 628 2557 699 conspicui
2620 627 2978 686 ambularent
3035 628 3092 684 in
3147 629 3426 700 ecclesia.
3471 641 3585 688 tam

1996 718 2175 790 prima
2205 719 2500 792 potestatis
2537 720 2899 790 usurpatione
2950 735 3115 791 quam
3149 719 3434 790 deinceps.
3468 720 3586 777 Eli-

1997 820 2090 883 gat
2149 812 2320 884 igitur
2376 827 2569 883 equus
2627 812 2802 867 lector
2861 823 3050 869 utrum
3102 813 3276 880 malit,
3315 829 3382 870 an
3420 821 3583 870 atate

1997 921 2223 977 quoque
2252 905 2601 963 Balsamonis
2647 906 3300 978 Constantinopolitanos
3327 905 3417 980 1P.
3447 905 3579 981 ΗΞ]

1994 997 2344 1069 patriarchas
2386 998 2440 1054 in
2492 1000 2670 1072 prima
2725 999 3152 1055 consecratione
3202 1015 3333 1055 usos
3366 1000 3581 1056 dibam-

1995 1090 2151 1154 bulo,
2191 1092 2248 1148 in
2276 1091 2520 1162 reliquo,
2553 1092 2720 1148 etiam
2765 1092 3180 1148 solemnitatum
3225 1108 3577 1164 magnarum,

1995 1200 2097 1255 per
2131 1185 2423 1242 ecclesiam
2478 1186 2702 1241 incessu
2763 1185 3198 1242 monohambulo
3248 1196 3577 1256 contentos;

1994 1294 2064 1333 an
2097 1287 2358 1334 neutrum
2414 1279 2546 1333 dum
2600 1279 2892 1334 Balsamon
2920 1278 3220 1351 _scriberet
3249 1275 3574 1334 concessum

1995 1371 2153 1444 ipsis,
2183 1383 2506 1443 utrumque,
2534 1382 2637 1430 aut
2669 1374 2862 1431 saltem
2895 1373 3073 1444 prius,
3106 1382 3238 1430 ante
3282 1373 3425 1428 hanc
3452 1372 3579 1429 edi-

1996 1476 2106 1522 tam
2137 1482 2167 1522 a
2200 1467 2545 1540 Pachymere
2574 1467 2864 1522 historiam
2896 1465 3212 1536 Byzantinis
3240 1464 3413 1521 fuisse
3443 1463 3583 1520 anti-

1994 1560 2222 1617 stitibus
2245 1576 2346 1631 per
2386 1575 2519 1627 suos
2554 1560 2837 1632 principes
2883 1559 3178 1614 indultum.
3205 1556 3580 1613 Conﬁrmatur

1995 1654 2154 1723 prior
2193 1655 2485 1725 responsio
2523 1669 2591 1708 ex
2619 1669 2685 1710 eo
2725 1652 2874 1724 quod
2907 1652 2984 1708 ait
3019 1651 3336 1716 Balsamon,
3361 1650 3581 1721 episcoa

1995 1746 2082 1816 pis
2109 1753 2314 1816 prmter
2337 1745 2705 1817 patriarcham
2728 1753 2785 1800 et
2809 1758 3014 1814 paucos
3032 1741 3235 1798 eximie
3259 1741 3581 1807 honoratos,

1998 1846 2060 1893 ut
2092 1837 2259 1911 Cypri
2297 1847 2354 1893 et.
2384 1838 2651 1911 Bulgaria:
2682 1837 3166 1908 archiepiscopos,
3211 1835 3384 1891 fuisse
3414 1844 3579 1891 caete-

1998 1928 2076 1984 ris
2121 1938 2376 1998 negatam
2419 1929 2476 1984 in
2534 1944 2796 2000 processu
2830 1945 2928 2000 per
2955 1928 3266 1992 ecclesiam,
3311 1927 3580 1984 solemni.

1996 2019 2103 2076 bus
2133 2021 2298 2076 etiam
2357 2021 2576 2088 diebus,
2620 2021 2783 2077 unius
2838 2020 3218 2092 praelationem
3271 2019 3578 2089 lampadis;

1997 2129 2102 2185 qua
2152 2123 2333 2170 tamen
2373 2114 2498 2170 illos
2553 2115 2609 2170 in
2666 2115 2848 2185 prima
2905 2115 3101 2170 saltem
3157 2113 3583 2184 inauguratione

1997 2206 2166 2261 fuisse
2214 2205 2607 2262 cohonestatos
2658 2206 2746 2262 vis
2807 2215 2992 2276 potest
3031 2206 3102 2260 ob
3136 2204 3398 2274 superius
3431 2202 3582 2258 dicta

1996 2297 2260 2354 dubitari.
2311 2297 2516 2364 Quidni
2561 2313 2696 2369 ergo
2751 2299 2833 2353 sic
2886 2296 3107 2353 dicatur
3143 2297 3212 2351 de
3267 2293 3584 2367 patriarcha

1995 2389 2320 2461 quoque.in
2354 2391 2530 2462 prima
2587 2390 2667 2446 illi
2720 2389 3154 2460 inauguratione
3195 2387 3578 2443 dibambulum

1995 2500 2362 2551 concessum;
2405 2486 2461 2541 in
2506 2486 2738 2557 reliquis
2788 2487 3139 2541 caeremoniis
3179 2483 3580 2540 monobatnbu-

1995 2579 2111 2634 lum
2170 2578 2486 2636 duntaxat?
2520 2578 2791 2651 Superest
2833 2587 2897 2634 ut
2951 2577 3327 2648 veriloquium
3380 2593 3576 2632 vocum

1996 2673 2229 2728 istarum
2496 2671 2944 2744 μονοσάμδουλον
2994 2679 3053 2726 et
3084 2669 3455 2741 δισάμϐουλον
3492 2669 3580 2723 in-

1996 2766 2304 2836 quiramus.
2347 2765 2488 2820 Puto
2511 2764 2772 2836 equidem
2817 2780 2847 2820 e
2881 2763 3079 2819 Latina
3102 2777 3236 2819 voce
3261 2760 3579 2818 obumbratus

1997 2857 2224 2924 deduci,
2245 2866 2300 2913 et
2327 2867 2387 2914 ut
2413 2873 2553 2925 rem,
2592 2859 2663 2913 ita
2690 2873 2892 2913 nomen
2925 2857 2979 2912 in
2998 2856 3178 2912 aulam
3208 2855 3394 2912 Romm
3420 2869 3582 2910 novze

1993 2965 2026 3007 e
2074 2951 2249 3006 veteri
2296 2951 2587 3022 migrasse.
2639 2949 2699 3005 ln
2754 2950 2936 3006 aulam
2968 2949 3117 3016 dico,
3155 2965 3270 3004 non
3305 2949 3361 3003 in
3397 2947 3577 3002 eccle-

1992 3042 2158 3100 siam.
2187 3042 2323 3099 Nam
2353 3041 2701 3112 prmiationes
2738 3040 3056 3112 lampadum
3088 3041 3365 3112 episcopis
3399 3053 3576 3109 usque

1993 3137 2065 3191 ab
2105 3135 2432 3208 apostolicis
2475 3136 2533 3192 in
2574 3136 2704 3193 Asia
2765 3136 3000 3191 usitatas
3055 3135 3398 3206 temporibus
3436 3132 3574 3188 scio.

307 3226 650 3300 Balsamone,
680 3232 1020 3304 singularem
1068 3233 1426 3304 imperatoris
1459 3234 1627 3290 fuisse
1678 3252 1886 3306 praero-
1918 3236 1962 3293 C
1995 3229 2257 3300 Αυςυειὶδ
2302 3230 2528 3301 quidem
2587 3232 2770 3301 ignem
2839 3230 3122 3299 P1181810“!
3181 3229 3337 3300 prius
3386 3225 3578 3284 Roma?

305 3323 546 3396 gtivam
591 3326 830 3396 «praeviis
881 3325 1099 3382 duabus
1154 3343 1252 3397 per
1307 3327 1599 3384 ecclesiam
1632 3329 1891 3388 incedere

307 3417 678 3489 lampadibus,
718 3418 901 3490 qualis
945 3434 1051 3476 nee
1082 3420 1412 3491 patriarchae
1442 3437 1506 3477 ac
1538 3436 1608 3477 ne
1641 3422 1742 3492 ipsi
1766 3424 1894 3493 qui-

306 3509 432 3564 dem
459 3508 805 3582 imperatrici
833 3509 1207 3567 tribuebatur.
1240 3509 1336 3566 His
1364 3511 1512 3566 enim
1558 3512 1728 3567 tradit
1770 3511 1895 3567 Bal-

1993 3340 2159 3393 quam
2189 3323 2676 3395 Constantinopoli
2712 3324 2870 3380 fateri
2907 3338 3140 3380 necesse
3179 3322 3442 3386 est,tum
3465 3323 3576 3392 jam

1991 3416 2277 3474 Commodi
2307 3427 2469 3475 atate
2526 3418 2776 3474 solemne
2809 3417 2997 3472 Romae
3046 3424 3196 3472 esset
3229 3415 3412 3486 ignem
3466 3415 3580 3470 Au-

1994 3512 2169 3582 gustis
2211 3511 2483 3581 przl‘erri.
2525 3510 2892 3578 Herodianus,
2925 3511 2965 3566 l.
3007 3525 3024 3565 ι
3052 3525 3065 3562 :
3099 3509 3373 3565 Λουκιλλα
3407 3505 3474 3580 ἦν
3499 3506 3575 3575 τῷ

307 3614 503 3659 samon
521 3601 772 3673 singulas
805 3611 1017 3659 tantum
1060 3602 1310 3675 praeferri
1355 3603 1550 3659 solitas
1590 3605 1891 3675 lampades.

1995 3605 2272 3676 Κομμόδῳ
2318 3605 2673 3675 πρεσόυτάτη
2709 3605 2930 3659 πάντων
2969 3603 3200 3672 ἀδελφὴ.
3244 3602 3394 3672 Αὕτη
3432 3599 3572 3669 πρός

306 3689 390 3747 Ad
416 3690 528 3748 hoc
553 3691 756 3763 duplex
789 3693 1079 3764 responsio
1104 3709 1224 3749 mea
1247 3702 1352 3750 est.
1390 3693 1548 3750 Prior
1579 3710 1594 3747 :
1631 3711 1740 3749 non
1768 3711 1892 3750 om-

1994 3714 2153 3766 τερον
2179 3697 2399 3769 Αουκίῳ
2447 3697 2614 3769 Βήρῳ
2640 3697 3032 3767 αὐτοκράτορι
3069 3693 3404 3766 συνῴκιι....
3457 3690 3574 3746 ἀλλ’

308 3783 402 3840 nia
425 3799 557 3856 quas
583 3785 787 3858 primis
836 3787 1100 3859 auspiciis
1152 3787 1409 3844 ineunda:
1446 3786 1736 3859 dignitatis
1772 3789 1892 3857 qui—

1994 3791 2120 3844 ιπεὶ
2155 3791 2355 3862 συνέϐη
2397 3792 2491 3845 τὸν
2527 3791 2762 3848 Λούκιον
2807 3793 3159 3862 τελευτῆσαι,
3208 3789 3480 3858 μενόντων
3510 3788 3578 3857 τῇ

309 3876 541 3934 busdam
572 3879 991 3950 magistratibus
1043 3880 1287 3952 legitime
1345 3880 1644 3948 dabantur,
1694 3881 1890 3938 eadem

1994 3884 2265 3955 Λουκίλλῃ
2298 3884 2398 3954 τῆς
2452 3883 2730 3956 βασιλείας
2787 3884 3079 3954 συμδόλων
3102 3923 3119 3948 ,
3177 3880 3516 3953 Πομπηῖανῷ
3550 3881 3580 3933 ὀ

309 3970 502 4028 itidem
536 3972 868 4042 quotidiauo
893 3973 1020 4030 vita:
1055 3973 1405 4057 usu.trihui.
1448 3973 1596 4042 Quot
1624 3991 1892 4032 caeremo-

1994 3974 2176 4046 πατήρ
2211 3974 2381 4046 αὐτὴν
2428 3975 2662 4042 ἐξέδοτο.
2702 3975 2870 4030 Οὐδὲν
2925 3969 3092 4048 ἧττον
3128 3973 3324 4044 ,μέντοι
3357 3973 3385 4026 ὁ
3425 3971 3578 4041 Κόμ-

307 4065 414 4121 nim
466 4063 905 4136 imperatoribus
937 4106 951 4133 ,
1004 4066 1274 4139 regibus,
1357 4067 1484 4124 aliis
1540 4067 1892 4140 principibus

1994 4065 2157 4134 μοδος
2191 4065 2458 4134 ἐφύλαττε
2492 4065 2592 4130 τὰς
2629 4068 2802 4136 τιμὰς
2830 4070 2898 4138 τῇ
2929 4067 3155 4135 ἁδιλφῇ·
3185 4064 3281 4119 καὶ
3326 4064 3439 4133 γὰρ
3479 4063 3576 4116 ἐπὶ

310 4157 714 4230 inatt’gurnndis
777 4159 1159 4222 adhibentur,
1220 4175 1358 4232 quas
1399 4160 1566 4216 nefas
1614 4169 1699 4217 est
1747 4161 1892 4216 ultra

1994 4157 2089 4211 τοῦ
2132 4158 2408 4229 βασιλείου
2445 4157 2638 4226 Θρόνου
2675 4159 2916 4230 καθῆστο
2944 4161 3004 4213 ἐν
3031 4161 3140 4223 τοῖς
3166 4158 3442 4229 θεάτροις,
3477 4156 3576 4211 καὶ

309 4250 465 4306 illum
505 4249 653 4305 diem
698 4252 912 4322 repeti?
942 4251 1034 4308 Sic
1063 4263 1118 4308 et
1152 4253 1208 4308 in
1244 4251 1575 4323 patriarchis
1619 4252 1893 4310 Constan-
1986 4250 2056 4304 τὸ
2109 4249 2222 4322 πῦρ
2261 4247 2694 4322 προεπόμπευιν
2726 4253 2921 4322 αὐτῆς.
2956 4252 3041 4308 En
3079 4252 3431 4308 Herodianus
3460 4253 3578 4306 Au-‘

309 4341 694 4412 tinopolitauis
750 4342 1067 4400 institutum
1125 4344 1298 4400 fuisse
1355 4348 1538 4414 potuit
1587 4356 1648 4401 ut
1713 4348 1892 4416 prima
1990 4346 2169 4417 gustis
2217 4347 2405 4401 [totum
2451 4347 2861 4418 imperantibus
2893 4355 3044 4403 tanto
3080 4357 3211 4403 ante
3249 4346 3572 4403 Constanti-

309 4434 580 4490 duutaxat
640 4435 992 4492 ordinatione
1044 4436 1372 4492 dibambulo
1427 4437 1844 4505 honorarentur
1873 4482 1889 4506 ,
1989 4456 2127 4495 num
2160 4449 2216 4496 et
2250 4442 2520 4498 uxoribus
2548 4457 2744 4496 eorum
2772 4443 2960 4514 ignem
2983 4459 3203 4513 quaqua
3242 4443 3569 4499 incederent

307 4527 522 4599 reliqua
561 4529 673 4585 vita
719 4547 846 4585 cum
916 4530 1209 4601 prodirent
1267 4547 1364 4601 per
1419 4531 1736 4596 ecclesiam,
1778 4547 1888 4586 non
1993 4534 2277 4603 praelatum
2322 4533 2522 4599 docet,
2577 4545 2632 4590 et
2673 4535 2761 4609 (ut
2806 4537 2914 4592 hoc
2971 4538 3160 4593 obiter
3216 4534 3574 4608 admoneam)

306 4619 413 4675 nisi
445 4622 934 4677 monobambulum
970 4623 1104 4693 ipsis
1135 4623 1380 4694 praeiret,
1415 4631 1473 4676 ut
1511 4624 1699 4680 multis
1724 4623 1887 4680 hodie
1916 4615 1966 4675 Ι)
1993 4625 2142 4679 solus
2166 4622 2347 4690 docet,
2391 4641 2459 4681 ne
2494 4627 2766 4682 miremur
2794 4628 2878 4683 ab.
2897 4644 3008 4686 uno
3032 4628 3311 4685 interdum
3346 4637 3575 4685 auctore

308 4712 589 4784 episcopis
632 4714 813 4785 primo
845 4715 1096 4784 ingressu
1148 4715 1202 4769 in
1259 4715 1427 4770 urbes
1471 4731 1602 4771 suas
1638 4716 1891 4771 umbella:
1993 4719 2202 4787 scripto
2226 4728 2411 4773 notata
2447 4720 2678 4788 reperiri
2709 4721 2959 4791 quaedam
2999 4722 3130 4776 olim
3169 4736 3280 4778 usu
3304 4723 3574 4792 vulgatis-

310 4805 580 4862 honorem
615 4806 737 4862 dari
766 4807 1044 4874 videmus,
1089 4809 1180 4878 qui
1232 4817 1422 4878 postea
1456 4818 1707 4875 negatur.
1737 4809 1915 4876 Alte:

307 4916 364 4955 ra
396 4917 414 4956 :
444 4901 581 4958 satis
605 4917 865 4974 magnum
900 4917 1023 4958 esse
1053 4901 1352 4956 discrimen
1381 4902 1524 4957 inter
1551 4901 1892 4958 Balsamonis

304 4999 362 5049 et
413 4991 770 5065 Pac'hymeris
810 5002 1050 5049 atatem.
1102 4994 1238 5048 Nam
1291 5004 1514 5048 centum
1576 4993 1690 5049 fere
1731 4993 1910 5048 annis.

302 5085 598 5142 Balsamon
647 5086 984 5159 Pachymere
1013 5087 1300 5156 antiquior
1331 5094 1436 5141 est.
1473 5087 1550 5141 Eo
1579 5094 1762 5141 autem
1805 5087 1892 5140 in-

300 5181 541 5238 tenallo
568 5181 747 5247 multa
784 5189 1004 5237 constat
1050 5180 1104 5236 in
1151 5180 1577 5250 magistratuum
1621 5180 1890 5236 ecclesia-

305 5255 1040 5332 sticarum-etl'secularium
1077 5275 1456 5346 praerogativis
1489 5284 1545 5331 et
1575 5275 1890 5332 honoribus

302 5367 476 5424 fuisse
515 5367 1008 5425 immutata.Unde
1043 5383 1276 5437 pronum
1317 5377 1401 5423 est
1430 5368 1642 5424 creditu
1691 5370 1760 5424 ab
1790 5369 1893 5425 im-

303 5461 658 5534 peratoribus
700 5459 1089 5526 schistnaticis,
1114 5471 1295 5515 suum
1328 5459 1891 5530 Constantinopolita-

305 5569 439 5609 num
482 5553 744 5608 thronum
792 5553 859 5607 ad
899 5553 1163 5608 invidiam
1198 5563 1254 5608 et
1287 5553 1697 5622 depressioncm
1723 5555 1886 5608 etiam

302 5637 572 5701 omnium.
593 5645 756 5717 primi
800 5645 1032 5701 Romani
1068 5629 1358 5700 ambitiose
1389 5645 1641 5700 attollere
1672 5655 1888 5725 certan-

303 5737 480 5797 tibus.
511 5737 672 5792 facile
724 5738 832 5792 isto
875 5737 1053 5806 spatio
1087 5751 1411 5792 concessum
1452 5744 1533 5799 ut,
1565 5750 1688 5789 cum
1724 5745 1886 5790 antea

307 5832 476 5887 unius
505 5829 824 5900 prmlatione
874 5829 1144 5898 lampadis
1179 5827 1507 5898 patriar-citae
1539 5827 1887 5882 honor-aren-

307 5932 420 5989 tur,
451 5921 717 5992 deinceps
780 5920 1022 5992 bilychni
1076 5935 1296 5991 quoque
1341 5920 1568 5975 lucerna
1607 5920 1720 5989 (qui
1767 5929 1886 5975 erat

1992 4811 2129 4864 sima
2181 4810 2413 4881 ideoque
2445 4814 2592 4882 quod
2644 4822 2777 4869 tunc
2812 4825 3000 4870 essent
3035 4816 3323 4869 notissima
3372 4815 3576 4872 litteris

1991 4901 2354 4957 scribentium
2383 4918 2490 4958 non
2525 4919 2807 4974 expressa.
2830 4905 2922 4961 Sic
2961 4906 3132 4960 fuisse
3175 4905 3230 4960 in
3269 4921 3368 4960 usu
3396 4921 3572 4977 quon-

1989 4992 2116 5047 dam
2143 5002 2199 5048 et
2239 4995 2417 5064 pretio
2451 4997 2744 5065 quemdam
2793 4997 3060 5052 honorem
3092 4996 3289 5051 bisellii
3318 5007 3573 5056 vocatum

1991 5088 2179 5155 (quem
2234 5095 2320 5141 est
2363 5087 2662 5143 verisimile
2701 5088 2866 5144 situm
2923 5090 3095 5146 fuisse
3138 5090 3197 5146 in
3251 5091 3572 5161 praelatione

1990 5177 2125 5230 sellis
2180 5181 2402 5248 gemina
2446 5179 2730 5248 aliquibus
2779 5179 2982 5235 eximie
3029 5182 3314 5252 concessa)
3361 5196 3430 5237 es
3461 5197 3572 5239 una

1992 5284 2169 5340 nuper
2243 5271 2516 5341 exscripta
2565 5282 2632 5328 et
2680 5273 2898 5344 vulgata
2959 5264 3189 5332 constat
3229 5291 3328 5345 per
3387 5275 3571 5332 virum

1992 5362 2372 5420 doctissimum
2421 5365 2878 5422 Cbimentellium
2919 5367 3104 5424 Pisani
3150 5369 3450 5425 marmoris
3484 5369 3571 5426 itt-

1992 5458 2588 5527 scriptitme,.reliquis
2620 5474 2686 5514 ea
2726 5460 2794 5514 de
2826 5476 2884 5517 re
2913 5465 3206 5517 vetustatis
3237 5477 3568 5518 monumen-

1993 5552 2069 5604 tis
2107 5551 2421 5606 silentibus.
2455 5549 2609 5608 Unde
2639 5567 2739 5607 uec
2773 5553 2819 5609 si
2848 5555 3059 5624 primus
3094 5567 3151 5611 et
3177 5555 3327 5613 solus
3353 5556 3569 5628 Pachy-

1993 5659 2173 5698 meres
2196 5645 2366 5698 istam
2397 5645 2470 5700 de
2500 5662 2618 5714 .qua
2659 5663 2808 5701 nunc
2847 5649 3063 5719 agimus
3116 5649 3421 5704 dibambuli
3467 5665 3570 5705 vo-

1992 5735 2189 5790 cabulo
2219 5734 2565 5807 desigatam
2587 5739 2820 5808 geminae
2855 5739 3127 5808 lampadis
3166 5747 3294 5795 ante
3335 5743 3568 5810 patriar-

1989 5827 2149 5882 cbam
2175 5827 2850 5900 Constantinopolitanum
2881 5834 3256 5904 pra-lationem
3289 5835 3571 5892 memorie

1991 5919 2348 5990 prodidisset,
2380 5920 2575 5978 mirari
2619 5924 2866 5995 prudens
2913 5925 3087 5984 lector
3118 5935 3213 5982 aut
3247 5913 3582 5995 suspectam.
