4058 6298
485 380 594 447 735

1402 387 1467 449 P.
1511 389 1815 452 possm
1852 373 2507 457 OBSERVATIONUM
2549 395 2779 459 1.13.1.

3618 394 3721 455 736

480 495 649 552 unius
675 493 877 553 habere
928 495 1091 554 ﬁdem
1145 507 1439 571 propterea
1471 501 1720 570 deberet.
1754 500 1861 557 Sed
1905 500 2051 572 quod
2087 510 2126 564 Α
2159 503 2349 574 censis)
2405 505 2692 558 celebraret
2720 545 2736 568 ,
2770 511 2819 558 et
2871 503 3090 571 quidam
3118 501 3312 573 ﬂabelli
3369 503 3720 563 ministerium

479 587 749 656 capimus
794 603 1020 660 agamus
1070 590 1140 646 de
1186 586 1405 664 origine
1455 595 1606 650 vocis
1671 594 2054 650 dibambulum.

479 679 660 734 Credo
689 680 949 748 equidem
976 681 1290 739 ministrum
1326 687 1419 754 qui
1448 687 1633 741 lumen
1659 687 2061 755 imperantibus

479 768 670 823 Romae
727 771 1008 840 preferret
1060 775 1220 846 vulgo
1272 776 1480 831 dictum
1539 777 1895 841 obambulum,
1928 778 2058 845 quin

478 867 539 913 et
590 852 966 921 instrumento
994 873 1088 920 aut
1119 867 1232 920 vasi
1265 884 1374 937 quo
1427 868 1471 921 is
1501 868 1608 939 igni
1643 870 1913 938 portando
1941 878 2063 924 ute-

482 957 638 1004 retur
668 952 919 1008 eamdem
951 971 1172 1026 quoque
1211 958 1640 1028 appellationem
1675 960 2061 1014 accommoda-

480 1049 590 1094 tam
619 1059 722 1098 usu
755 1047 1050 1115 populari;
1095 1056 1150 1102 el
1185 1050 1456 1104 translata
1492 1066 1590 1120 per
1634 1051 2058 1108 Constantinum

479 1150 512 1188 e
545 1133 718 1190 Roma
770 1147 958 1193 vetere
1000 1139 1054 1193 in
1103 1155 1302 1195 novam
1353 1143 1484 1198 sede
1542 1143 1806 1214 imperii,
1854 1160 2056 1199 nomen

469 1225 627 1281 idem
671 1227 879 1285 Latinae
910 1232 1141 1304 originis
1183 1233 1388 1291 Graecis
1429 1237 1631 1294 litteris
1658 1239 1954 1308 signatum.
1980 1239 2060 1293 Ac
2088 1299 2095 1302 ν

479 1333 606 1373 cum
653 1319 796 1376 forte
829 1331 1021 1391 postea
1049 1327 1345 1394 excogitati
1371 1329 1578 1396 gradus
1617 1331 1805 1396 essent
1835 1329 1891 1385 in
1926 1346 2060 1400 par-

487 1411 813 1480 ticipatione
852 1414 1017 1486 hujus
1062 1417 1311 1482 honoris,
1360 1420 1435 1475 ita
1493 1429 1554 1475 ut
1595 1421 1681 1476 l'ax
1714 1433 1810 1477 aut
1847 1425 2058 1494 lampas

481 1501 646 1555 unica
684 1512 811 1557 ante
841 1505 1113 1575 quosdam
1145 1518 1480 1577 portaretur,
1503 1521 1631 1565 ante
1662 1512 1798 1567 alios
1831 1512 2054 1582 duplex,

477 1593 805 1662 explicatam
831 1597 989 1652 istam
1021 1600 1394 1656 tliﬂ'erentiam
1423 1603 1650 1659 vocibus
1671 1604 1856 1662 Graeca
1884 1606 2058 1662 forma

477 1687 841 1755 compositis,
884 1689 960 1745 ita
1013 1700 1073 1746 ut
1116 1692 1542 1748 instrumentum
1595 1695 1811 1750 unicam
1861 1711 2056 1765 gerens

2159 595 2480 666 negligenter
2516 597 2798 659 exhiberet,
2845 592 3144 665 lampadem
3196 593 3408 664 impulit
3461 603 3522 647 et'
3552 594 3721 648 oleum

2155 701 2314 754 super
2343 685 2516 739 altare
2555 687 2712 754 fudit.
2758 687 2931 741 Erant
2989 700 3186 754 nempe
3239 685 3448 754 ριπίδια
3511 686 3721 764 lamina

2160 788 2353 833 tenues
2384 780 2438 833 in
2465 779 2672 834 alarum
2697 778 2913 834 formas
2940 777 3203 841 extensa,
3237 793 3358 847 quae
3387 778 3536 832 circa
3559 777 3720 833 (Ἀπί.

2158 871 2227 925 sti
2272 886 2498 940 corpus,
2538 870 2669 924 dum
2721 869 2774 922 in
2817 869 2980 924 altari
3009 870 3212 937 stabat,
3243 885 3270 922 a
3304 870 3577 925 ministris
3601 886 3722 925 mo-

2157 962 2449 1018 vebantur.
2486 961 2804 1016 Istiusmodi
2853 961 3216 1016 instrumenta
3265 962 3366 1016 tria
3410 977 3441 1017 e
3486 963 3724 1030 pretioso

2158 1056 2278 1111 fusa
2323 1057 2564 1121 metallo,
2621 1056 2717 1110 sed
2765 1066 2993 1110 contusa
3042 1063 3136 1108 aut
3175 1056 3454 1110 maculosa
3492 1054 3724 1123 ideoque

2141 1139 2525 1219 'reparationis
2553 1147 2794 1217 egentia,
2823 1145 3244 1215 haudquaquam
3282 1147 3458 1208 luere,
3506 1156 3568 1200 ut
3596 1147 3723 1210 alia,

2157 1238 2214 1293 in
2261 1239 2502 1310 priorem
2551 1237 2741 1292 relicta
2787 1246 2843 1290 et
2885 1236 3110 1288 climata
3163 1237 3415 1305 ﬁguram,
3448 1251 3640 1290 verum
3672 1239 3724 1292 in

2156 1331 2382 1385 unicum
2432 1329 2666 1385 conﬂata
2723 1326 3106 1383 dibambulum.
3151 1328 3298 1381 Ἀντὶ
3331 1325 3426 1381 τοῦ
3461 1327 3719 1398 ὲδρασθῆ·

2155 1438 2244 1476 ναι
2280 1421 2373 1475 καὶ
2425 1421 2876 1491 εὐτρεπισθῆναι,
2913 1418 2991 1481 ὡς
3039 1420 3132 1472 καὶ
3165 1421 3236 1472 τὰ
3265 1419 3429 1472 λοιπὰ
3456 1420 3720 1489 ηὐτρεπί-

2159 1514 2455 1584 aliquam...
2503 1514 2581 1576 ei;
2612 1511 2982 1582 δισάμόουλον
3023 1509 3584 1581 μετισκευάσθησαν,
3625 1511 3724 1580 τῆς

2159 1603 2376 1671 μορφῆς
2443 1600 2552 1655 τῶν
2617 1601 3017 1674 ὲξιπτερύγων
3057 1601 3383 1670 ἀποπτάσης
3431 1601 3464 1673 ἡ
3519 1602 3724 1655 ἀπελα-

2159 1691 2416 1762 σθείσης,
2461 1694 2660 1756 εἰπεῖν,
2716 1691 2773 1759 ἐξ
2826 1690 3044 1746 αὐτῶν·
3116 1690 3288 1745 Priori
3321 1691 3494 1762 {arma
3551 1692 3608 1745 in
3657 1692 3719 1746 iis

475 1775 786 1847 lampadem
813 1782 1297 1850 monobambulum,
1327 1787 1576 1855 geminas
1612 1788 1823 1844 habens
1847 1787 2056 1844 dibam-
2158 1783 2365 1852 sculpta
2420 1783 2833 1838 C/terubt'norum
2883 1784 2995 1839 ια’
3025 1785 3125 1842 alia
3167 1788 3545 1840 imtructorum
3599 1801 3725 1839 auo-

477 1868 662 1924 bulum
690 1884 1004 1930 vocaretur.
1046 1876 1204 1931 Dicet
1237 1878 1440 1950 aliquis
1469 1879 1819 1936 commodius
1842 1883 2052 1936 dibam-
2084 1859 2124 1914 Β
2156 1875 2321 1939 (ante.
2364 1886 2454 1930 aut
2489 1878 2631 1944 inde,
2667 1888 2722 1931 tt!
2755 1880 2828 1933 sic
2867 1878 3060 1941 dicam.
3097 1878 3340 1948 expulsa.
3373 1878 3456 1934 En
3499 1893 3632 1948 ergo
3659 1894 3725 1932 ex

481 1959 657 2016 aulum
700 1964 908 2020 dictum
954 1967 1128 2023 videri
1163 1986 1320 2038 posse
1359 1972 1518 2041 quasi
1559 1972 1920 2042 dibampulum
1981 1976 2050 2030 ab

478 2055 748 2124 ampulla,
787 2059 1000 2115 mollito
1024 2077 1056 2130 p
1089 2061 1144 2115 in
1175 2061 1227 2116 ὁ.
1261 2064 1426 2133 Atqui
1467 2064 1510 2118 si
1541 2064 1646 2120 hoc
1671 2075 1840 2132 esset,
1873 2084 2055 2121 mono-

478 2148 790 2203 bambulum
842 2165 911 2207 ex
976 2155 1225 2224 analogia
1263 2155 1488 2211 formari
1526 2157 1831 2214 debuisset.
1870 2160 2054 2231 Agno—

477 2255 699 2297 scatnus
753 2258 884 2314 ergo
923 2246 978 2299 in
1019 2260 1156 2301 voce
1191 2248 1651 2303 monobambulum
1698 2265 1885 2306 veram
1941 2261 2052 2307 tam

477 2333 870 2389 monobambali
934 2353 1097 2406 quam
1154 2339 1445 2394 dibambuli
1488 2340 1756 2412 originem
1795 2341 2050 2398 Latinum

472 2424 806 2501 vocabulum
829 2427 1339 2487 obambulumJHaec
1365 2448 1484 2488 mea
1515 2433 1662 2489 circa
1692 2433 2052 2490 dibambulum

474 2508 859 2590 coniectanea,
906 2530 966 2576 ut
1009 2523 1161 2578 soleo
1198 2539 1320 2583 meo
1352 2512 1562 2595 judicio
1603 2525 1874 2593 diuidere,
1921 2543 2049 2583 cum

471 2609 603 2666 aliis
631 2611 981 2668 discutienda
1023 2614 1199 2670 obtuli
1235 2599 1367 2671 viris
1393 2616 1664 2685 eruditis,
1696 2628 1811 2673 tum
1845 2619 2052 2675 doctis-

472 2703 616 2760 simo
649 2703 817 2776 674
867 2716 923 2761 et
957 2706 1092 2761 mihi
1133 2707 1471 2764 amicissimo
1522 2709 1804 2765 Dominico
1844 2711 2050 2780 Magrio

475 2798 737 2868 theologo
761 2800 1013 2854 ecclesiae
1039 2799 1442 2870 Viterbiensis;
1474 2801 1568 2872 qui
1611 2817 1725 2856 rem
1756 2801 1893 2857 adeo
1921 2819 2050 2874 pro-

472 2890 629 2944 bavit
689 2904 749 2947 ut
793 2893 1001 2956 statim,
1038 2909 1160 2964 quae
1213 2893 1423 2949 dudum
1485 2895 1786 2965 scripserat
1842 2896 1898 2950 in
1941 2912 2048 2952 suo

470 2981 828 3039 Onomastico
869 2984 1252 3040 ecclesiastico
1295 2984 1512 3040 duabus
1540 2987 1652 3056 jam
1709 2986 2049 3044 editionibus

471 3071 714 3142 vulgato,
765 3089 995 3144 qumque
1052 3075 1108 3143 in
1164 3076 1345 3145 tertia,
1383 3076 1438 3129 in
1471 3091 1576 3146 qua
1628 3093 1777 3132 nunc
1822 3078 2046 3147 prmium

469 3164 720 3264 laborat,
772 3167 1094 3222 decreverat
1152 3184 1357 3239 ponere
1415 3169 1497 3242 [Ρ.
1555 3169 1682 3242 ‘73]
1715 3171 1781 3225 de
1819 3170 2120 3268 “olim'eh

471 3254 624 3310 vocis
682 3256 1044 3310 dibambalum
1118 3258 1365 3328 opinioni
1421 3260 1645 3316 Meursii
1688 3269 1745 3317 et
1800 3261 2040 3318 Martinii

471 3358 864 3414 consentanea,
914 3349 971 3404 in
1011 3366 1189 3406 meam
1223 3353 1556 3407 sententiam
1600 3353 1904 3408 refinxerit.

541 3442 819 3498 Hactenus
881 3442 949 3498 de
1001 3443 1086 3499 his
1134 3445 1492 3513 scripseram,
1526 3461 1653 3500 cum
1686 3447 1827 3501 forte
1853 3448 2042 3504 incidit

471 3533 529 3589 in
563 3550 712 3590 meas
745 3551 940 3591 manus
970 3535 1210 3591 Historia
1236 3535 1426 3592 (ἐι-πω
1449 3537 1672 3593 concilii
1712 3538 2039 3604 Florentini,

469 3633 718 3686 auctore.
752 3636 813 3680 ut
863 3641 1111 3695 nuperus
1156 3626 1339 3682 editor
1369 3638 1549 3695 vocat,
1585 3629 1866 3701 Sylvestro
1907 3629 2043 3701 Sgu-

471 3718 711 3787 ropulo:
751 3719 846 3773 alii
901 3719 1236 3790 Syropulum
1293 3718 1504 3775 dictum
1567 3723 1779 3777 volunt.
1837 3723 1898 3776 In
1936 3723 2042 3778 hoc

467 3826 571 3880 ego
623 3810 767 3866 libro
813 3811 996 3882 reperi
1031 3812 1370 3868 luculentam
1401 3813 1878 3870 conﬁrmationem
1913 3828 2043 3890 con-j

469 3905 694 3974 iet-tura:
725 3902 794 3958 de
822 3904 1120 3959 dibambulo
1169 3920 1327 3971 meat,
1369 3921 1533 3975 quam
1585 3907 1806 3961 tacitam
1858 3915 2040 3962 transv

469 3998 689 4053 mittere
731 3997 1076 4068 praevaricari
1131 3999 1224 4055 sit.
1266 3997 1462 4053 Narrat
1507 3997 1554 4053 is
1579 3999 1840 4069 scriptor,
1873 4013 1922 4054 c.
1949 3998 2037 4066 l7,

465 4099 602 4146 sect.
635 4091 688 4153 5.
724 4105 782 4160 p.
824 4090 914 4156 62,
947 4106 1073 4146 cum
1108 4101 1253 4146 esset
1300 4091 1613 4162 patriarcha
1645 4090 2040 4147 Constantino-
2080 4112 2084 4116 κ

467 4185 748 4254 politanus
775 4183 828 4239 in
860 4184 1149 4254 procinctu
1184 4183 1511 4240 desiderata:
1539 4183 1642 4240 sibi
1673 4183 2038 4255 navigationis

467 4269 525 4325 in
565 4272 776 4327 Italiam
825 4272 893 4328 ad
928 4274 1227 4330 concilium
1262 4275 1371 4331 illic
1396 4275 1788 4330 celebrandum
1824 4282 1881 4330 et
1904 4289 2040 4330 con-

465 4367 711 4421 cordiam
746 4367 1112 4423 Ecclesiarum
1148 4369 1523 4431 statuendam.
1561 4366 2032 4438 voluisse,'repu-

426 4461 429 4463 “
466 4469 671 4528 gnante
716 4457 989 4530 Syropulo
1027 4469 1083 4516 et
1123 4461 1250 4515 aliis
1277 4460 1606 4531 quibusdam
1641 4461 1694 4514 in
1737 4461 2037 4515 schismate

2156 1968 2424 2024 relatione
2457 1968 2733 2040 Serpuli,
2771 1979 2880 2025 tres
2907 1970 3138 2025 laminas
3179 1979 3472 2041 argenteas
3501 1970 3725 2026 simula-

2154 2059 2265 2115 cris
2304 2059 2748 2115 Cherubinorum
2793 2059 3030 2127 cmlatas,
3057 2060 3110 2117 in
3141 2078 3310 2117 unum
3345 2062 3608 2118 conﬂatas
3639 2064 3722 2117 tli-

2155 2150 2474 2205 bamlmlum.
2536 2152 2724 2206 Restat
2777 2153 2965 2205 videre
3020 2152 3154 2222 quid
3204 2154 3423 2207 tandem
3483 2153 3564 2208 rei
3599 2169 3722 2209 esse

2153 2243 2509 2298 dibambulum
2543 2245 2959 2310 existimaverit,
2990 2246 3100 2300 imo
3138 2257 3290 2300 certo
3337 2248 3546 2310 scierit,
3571 2255 3718 2302 etex

2153 2335 2372 2405 publica
2405 2347 2535 2392 tunc
2561 2339 2803 2392 omnium
2836 2336 3030 2390 notitia
3060 2337 3294 2394 innuere
3331 2337 3465 2392 satis
3504 2336 3716 2393 habue-

2154 2426 2225 2480 rit
2280 2425 2582 2497 Syropulus
2642 2427 2806 2482 idem.
2857 2425 3190 2496 lntelligitur
3250 2426 3302 2480 id
3367 2443 3432 2482 ex
3481 2427 3721 2497 quadam

2153 2518 2329 2590 ipsius
2355 2522 2715 2590 auguratione
2753 2520 2880 2574 inde
2915 2529 3134 2590 captata
3157 2561 3172 2585 ,
3209 2535 3371 2590 quam
3414 2520 3505 2576 his
3536 2521 3722 2576 verbis

2151 2628 2276 2668 mox
2311 2611 2550 2683 explicat
2584 2629 2598 2665 :
2631 2613 2741 2665 Kal.
2797 2613 2923 2666 ἀντὶ
2971 2611 3066 2666 τοῦ
3118 2611 3238 2682 Θείᾳ
3299 2612 3718 2667 ἐναποτίθεοοαι

2149 2701 2426 2773 τραπέζῃ,
2469 2703 2544 2766 ὡς
2602 2702 2747 2774 ἱερὸν
2809 2705 3092 2773 ἀνάθημα,
3134 2703 3195 2756 τὸ
3245 2703 3300 2757 δὲ
3331 2704 3717 2777 λαμπαδοῦχον

2152 2795 2516 2864 περιάγεσθαι
2546 2789 2644 2850 ὧδε
2675 2797 2919 2860 κάκεῖσε,
2945 2797 3108 2868 675
3141 2797 3236 2850 καὶ
3258 2796 3333 2860 ὥς
3359 2799 3552 2869 ἔτυχεν
3586 2802 3735 2854 ἀποι

2147 2886 2396 2942 τίθεσθαι
2437 2891 2530 2942 καὶ
2581 2881 2893 2960 ῥιπτεῖσθαι
2950 2889 3258 2959 προοίμιον,
3311 2885 3466 2944 εἶπεν
3520 2893 3589 2948 ἄν
3635 2908 3719 2956 τις

2149 2976 2308 3050 τοῦτο
2359 2980 2458 3047 τῆς
2529 2979 2654 3031 ὅσον
2703 2976 2858 3031 οὔπω
2926 2977 3303 3050 γενησομένης
3328 2978 3716 3051 ,παρατροπῆς

2147 3066 2243 3122 τοῦ
2277 3068 2517 3138 καθαροῦ
2539 3056 2641 3122 ita!
2667 3068 2962 3138 ἀκισδήλου
3003 3069 3101 3138 τῆς
3150 3069 3480 3142 Ἐκκλησιας
3509 3071 3716 3143 δόγμα.-

2150 3178 2261 3224 τος.
2288 3159 2416 3217 llaee
2462 3171 2702 3218 sonant:
2737 3177 2803 3218 ex
2835 3163 2936 3219 ista
2965 3162 3303 3227 conﬂatione
3333 3164 3501 3220 trium
3536 3164 3716 3221 ventio

2149 3255 2428 3312 labrorum
2463 3273 2527 3312 ex
2562 3265 2787 3327 argento
2839 3256 3030 3313 formis
3068 3255 3510 3314 Cherubinorum
3558 3259 3716 3315 cala-

2079 3367 2083 3370 ’
2146 3357 2355 3416 torum,
2415 3348 2472 3404 in
2527 3364 2698 3404 unum
2740 3349 3142 3410 dibambulum.
3195 3359 3556 3406 consecutum
3592 3364 3712 3407 esse

2144 3447 2207 3493 ut
2237 3438 2328 3494 illa
2359 3441 2588 3494 materia
2619 3439 2891 3497 exciderit
2917 3440 3130 3498 honore
3155 3457 3267 3512 quo
3305 3442 3524 3512 dignata
3560 3441 3713 3512 prius

2142 3531 2343 3596 fuerat,
2376 3531 2653 3588 insidendi
2706 3548 2876 3589 sacra:
2900 3549 3124 3590 mensa:
3164 3544 3221 3589 et
3269 3550 3337 3590 ex
3371 3551 3434 3590 ea
3461 3537 3706 3607 speciem

2142 3633 2429 3696 augustam
2461 3625 2778 3682 ostentandi
2804 3627 3012 3682 circum
3043 3627 3462 3694 venerantibus,
3489 3629 3700 3701 dejeeta

2143 3733 2274 3774 vero
2312 3718 2476 3774 fuerit
2523 3719 2582 3775 in
2623 3734 2785 3775 usum
2835 3719 2998 3790 longe
3023 3719 3297 3787 viliorem,
3325 3720 3532 3792 quippe
3567 3720 3707 3776 facta

2141 3807 2531 3866 candelabrum
2562 3810 2672 3866 huc
2704 3810 2946 3881 illucque
2977 3810 3248 3881 portahile
3277 3821 3333 3866 et
3364 3812 3568 3882 deponi
3615 3821 3706 3867 aut

2139 3903 2332 3973 projici
2364 3901 2544 3959 ubivis
2578 3904 2822 3958 solitum.
2853 3903 3027 3970 Quam
3078 3917 3194 3958 rem
3228 3901 3554 3974 Syropulus,
3599 3905 3694 3974 qui

2139 3994 2418 4066 negotium
2447 3995 2850 4050 conciliationis
2873 3994 3240 4050 Ecclesiarum
3275 3994 3572 4061 Graeczeac
3603 3995 3708 4052 La-

2140 4090 2272 4146 tinae
2293 4106 2395 4146 nec
2418 4089 2624 4161 suscipi
2647 4104 2890 4160 unquam
2918 4089 3181 4146 voluisset
3206 4105 3309 4144 nec
3331 4098 3710 4161 perpetratum

2139 4182 2384 4256 admisit,
2415 4183 2472 4238 in
2507 4197 2676 4238 omen
2715 4183 2899 4254 rapuit
2935 4199 3060 4238 mox
3092 4192 3364 4238 secutura:
3398 4181 3710 4252 perversiu-

2138 4275 2227 4331 nis
2257 4275 2382 4346 puri
2438 4285 2495 4330 et
2542 4275 2749 4331 sinceri
2806 4273 3064 4330 Ecclesiae
3121 4274 3432 4345 dogmatis;
3491 4275 3708 4345 qualem

2137 4369 2417 4433 evenisse,
2462 4369 2697 4435 saneita,
2751 4367 3000 4421 unanimi
3075 4365 3319 4423 Orientis
3376 4381 3511 4421 cum-
3554 4365 3710 4423 Occi-

2140 4461 2304 4516 dente
2334 4474 2630 4524 consensu,
2682 4462 2740 4514 in
2780 4474 2940 4514 sacro
2979 4457 3300 4513 Florentino
3328 4459 3569 4513 concilio
3609 4459 3707 4513 do-

463 4561 522 4604 et
551 4551 680 4606 odio
713 4551 1032 4607 Latinorum
1065 4553 1394 4616 obarmatis,
1434 4553 1643 4622 portari
1688 4567 1876 4607 secum
1908 4567 2034 4605 vasa
2069 4560 2112 4616 ι)
2141 4552 2319 4608 ctrina
2343 4551 2714 4622 processiouis
2747 4549 2985 4620 Spiritus
3032 4549 3206 4604 sancti
3239 4566 3303 4604 ex
3349 4549 3510 4604 Patre
3540 4549 3699 4605 Filio-

464 4655 620 4697 sacra
664 4644 849 4698 omnia
882 4655 1084 4699 sancta:
1120 4645 1323 4716 Magnae
1349 4644 1608 4700 Ecclesia:
1640 4662 1653 4698 :
1684 4645 2039 4719 Πατριὰρχης

466 4736 914 4806 παρεκελεύσατο
963 4738 1362 4808 ὲτοιμασθῆναι
1433 4739 1526 4790 καὶ
1577 4738 1646 4791 τὰ
1683 4739 1804 4803 ἱερὰ
1863 4739 2035 4808 σκεύη

464 4829 645 4884 πάντα
673 4829 774 4901 τῆς
815 4830 1126 4899 ἁγιωτάτης
1162 4829 1416 4900 Μεγάλης
1453 4829 1804 4899 Ἐκκλησῑας,
1845 4829 2038 4900 δυσχε-

467 4922 770 4989 ριινόντων
806 4923 863 4977 δὲ
895 4923 1073 4994 ἡμῶν,
1113 4932 1220 4978 etc.
1269 4923 1344 4978 Ea
1371 4923 1685 4986 occasione,
1721 4937 1845 4977 cum
1880 4937 2034 4978 sacra

466 5013 558 5068 illa
594 5028 722 5070 vasa
775 5023 1200 5069 recenserentur
1254 5014 1312 5069 in
1346 5015 1592 5068 sarcinas
1634 5013 1874 5083 liganda,
1912 5030 2034 5083 quae

463 5098 709 5172 ipsorum
746 5118 864 5158 aevo
913 5113 1006 5158 aut
1053 5103 1217 5174 longo
1274 5118 1374 5160 usu
1406 5117 1569 5172 passa
1595 5100 1876 5171 quippiam
1918 5101 2037 5158 lue-

463 5205 608 5260 rant,
635 5196 1024 5252 reconcinnata
1056 5212 1119 5251 ac
1155 5205 1461 5252 restaurata
1487 5207 1652 5261 sunt;
1685 5197 1738 5251 in
1766 5213 1876 5267 quo
1902 5197 2030 5251 dum

459 5287 751 5343 elaborant
810 5289 1074 5351 artiﬁces.
1123 5289 1357 5360 contigit
1397 5290 1584 5346 oﬂ'erri
1631 5291 1711 5344 eis
1748 5291 1847 5345 tria
1881 5291 2028 5360 ῥιπί-

458 5383 569 5434 δια.
605 5380 951 5452 Creygtonus
997 5384 1194 5438 inscite
1225 5385 1441 5453 pyxides
1477 5384 1662 5438 vertit.
1721 5382 2024 5436 Ventilabra

457 5475 604 5527 enim
638 5475 731 5529 illa
771 5491 870 5529 vox
927 5485 1108 5540 sonat,
1161 5487 1255 5531 aut
1294 5488 1354 5530 ut
1385 5485 1576 5531 auctor
1606 5476 1866 5544 antiquus
1891 5475 2026 5529 Vita)

460 5565 523 5622 S.
556 5565 703 5620 Petri
744 5565 1027 5632 Cavensis,
1062 5567 1206 5638 apud
1236 5566 1639 5622 Henschcnium
1671 5566 1758 5621 die
1783 5565 1815 5620 ι
1853 5565 2028 5620 Martii

455 5674 507 5713 c.
541 5659 574 5713 ι
602 5659 1082 5730 εοτίδίιιβαὸειια.
1138 5661 1315 5717 Verba
1363 5660 1486 5728 ejus
1529 5660 1617 5715 hic
1644 5675 1878 5729 ponam,
1897 5661 2024 5728 quia

457 5767 617 5806 usum
652 5753 762 5805 τῶν
794 5755 1046 5824 ριπιδίων
1085 5755 1138 5810 in
1182 5771 1340 5810 sacro
1371 5754 1619 5808 indicant
1651 5741 1823 5809 :Cum
1873 5751 2030 5805 Tere-

451 5846 558 5902 tiui
605 5849 655 5902 in
697 5848 914 5905 ecclesia
953 5847 1012 5906 S.
1039 5849 1267 5906 Joannis
1324 5852 1512 5908 missas
1571 5849 1647 5920 (S.
1697 5847 1881 5902 Petrus
1919 5847 2024 5905 Ca-

2141 4659 2272 4713 que,
2308 4640 2399 4700 hic
2424 4645 2676 4714 pertinax
2719 4643 2776 4698 in
2824 4643 3021 4698 haeresi
3054 4651 3111 4697 et
3139 4644 3439 4701 schismate
3473 4644 3709 4712 scriptor

2140 4744 2348 4791 temere
2383 4751 2447 4790 ac
2473 4735 2794 4805 blaspheme
2825 4751 2935 4789 non
2973 4742 3203 4788 veretur
3240 4731 3533 4790 afﬁrmare.
3568 4731 3707 4788 illud

2140 4839 2324 4883 tamen
2379 4828 2496 4884 haec
2545 4829 2665 4899 ejus
2705 4827 2876 4896 impia
2901 4827 3170 4881 divinatio
3198 4825 3334 4881 mihi
3368 4824 3527 4880 aﬂ'ert
3559 4840 3711 4882 com-

2137 4920 2309 4985 modi,
2370 4930 2428 4975 ut
2473 4935 2537 4976 ex
2588 4935 2652 4975 ea
2706 4917 2993 4973 manifeste
3031 4925 3292 4986 appareat
3346 4913 3704 4972 dibambulum

2135 5012 2285 5068 aliud
2311 5013 2446 5068 nihil
2477 5029 2642 5084 quam
2671 5009 3081 5081 λαμπαδοῦχον,
3105 5010 3537 5064 instrumentum
3567 5009 3704 5064 lam—

2134 5106 2367 5177 padibus
2415 5105 2696 5177 gestandis
2738 5107 2793 5159 in
2829 5119 3028 5176 pompa
3078 5104 3327 5175 praeferri
3376 5104 3704 5173 patriarcha:

2135 5198 2392 5264 solitum,
2429 5198 2588 5266 quale
2621 5197 2668 5251 is
2708 5211 3040 5267 processum
3082 5195 3138 5248 in
3174 5193 3384 5249 Italiam
3427 5193 3557 5258 sibi,
3594 5209 3702 5264 quo

2136 5290 2372 5344 maxime
2400 5299 2689 5360 augustam
2739 5303 2922 5342 rerum
2958 5302 3181 5343 suarum
3225 5285 3464 5355 speciem
3490 5285 3700 5354 prtehe-

2135 5394 2214 5438 ret
2249 5382 2476 5446 Latinis,
2515 5398 2736 5437 curasse
2770 5392 2830 5435 ut
2859 5397 3021 5450 quam
3052 5380 3518 5450 speciosissimum
3555 5379 3700 5436 mole

2132 5491 2197 5531 ac
2241 5478 2418 5531 forma
2468 5484 2776 5544 pararetur,
2811 5474 2943 5529 hinc
2974 5472 3366 5543 intelligimus;
3394 5472 3538 5525 unde
3565 5472 3618 5525 in
3648 5471 3698 5525 id

2135 5585 2306 5624 unum
2338 5568 2567 5622 materia
2595 5583 2716 5637 qua:
2759 5565 2937 5620 tribus
2974 5564 3163 5619 altaris
3199 5561 3344 5616 vasis
3383 5559 3697 5627 suﬂ'ecerat,

2130 5673 2216 5719 est
2272 5663 2540 5729 impensa.
2591 5661 2656 5715 Et
2703 5661 2932 5730 pertulit
2980 5656 3062 5730 [Ρ.
3109 5653 3233 5727 474]
3283 5670 3478 5714 revera
3539 5667 3697 5708 suutn

2132 5754 2278 5808 istud
2328 5755 2409 5823 sic
2459 5753 2638 5807 fusum
2673 5767 2979 5822 casumque
3030 5748 3392 5803 dihambutum
3426 5747 3700 5816 Josephus

2132 5847 2776 5918 Constantinopolitanus
2808 5845 3120 5917 patriarcha
3141 5843 3500 5910 Florentium,
3533 5840 3693 5912 idque
