4058 6298
353 453 459 517 737

1721 403 2238 515 GLOSSARIUM.

3486 454 3599 521 738

351 569 426 623 ibi
467 568 701 623 solemni
748 583 848 624 suo
886 569 952 624 ad
1003 584 1198 641 papam
1254 583 1476 626 accessu
1504 576 1782 625 ostentare
1808 579 1922 622 stu-
1951 578 1990 632 Α
2025 565 2135 618 lunt
2179 582 2297 619 cum
2347 564 2612 637 lampade.
2642 564 2802 622 Aliud
2849 565 2997 622 enim
3045 576 3130 624 est
3193 568 3421 641 lampas,
3450 570 3598 630 aliud

350 660 490 716 duit.
549 660 822 716 Audiatur
874 661 1018 715 idem
1053 661 1378 734 Syropulus,
1437 678 1488 716 c.
1541 663 1634 724 21,
1689 671 1825 716 sect.
1862 662 1915 724 4,

347 767 406 823 p.
437 751 506 807 99
539 769 550 804 :
602 750 733 805 Εἶτα
762 753 1131 822 summm
1163 757 1189 804 ὁ
1225 755 1576 824 πατριάρχης
1607 753 1684 823 τῷ
1711 755 1919 822 πάππα

350 844 427 908 ὡς
469 827 726 914 βούλεται
756 846 851 898 καὶ
886 844 1015 899 ίδεῖν
1057 846 1258 910 αὑτὸν,
1293 845 1387 899 καὶ
1418 847 1503 898 ἵνα
1537 846 1677 919 τάξῃ
1703 847 1920 916 ἡμέραν

351 935 472 991 καθ’
503 938 570 1006 ἣν
603 937 932 1006 ἁπὸδέχεται
963 936 1126 990 τοῦτο
1178 940 1437 1008 ποιῆσαι·
1504 936 1702 992 Deinde
1750 939 1917 1008 signi-

346 1029 528 1098 ﬁcavit
563 1030 875 1097 patriarcha
929 1045 1085 1100 papa:
1123 1029 1255 1085 velle
1303 1047 1356 1084 se
1402 1031 1574 1100 ipsum
1607 1031 1796 1092 uisere,
1829 1045 1920 1082 ro-

347 1139 477 1193 gans
505 1134 564 1176 ut
585 1122 720 1178 diein
753 1124 1064 1178 admissioni
1087 1124 1408 1196 assignaret.
1435 1122 1606 1180 Paulo
1627 1111 1771 1194 post,
1802 1128 1919 1177 ἐπε·-

349 1213 557 1280 στάσης
610 1207 706 1264 οὖν
748 1211 849 1282 τῆς
880 1212 1289 1284 ἀποταχθείσης
1339 1214 1572 1286 ἡμέρας,
1619 1230 1738 1270 cum
1782 1231 1921 1274 prc-

344 1305 532 1357 stituta
574 1303 686 1357 dies
716 1303 1039 1371 advenisset,
1083 1308 1161 1360 ait
1199 1305 1508 1378 Syropulus
1547 1306 1918 1376 patriarcham

348 1388 491 1442 inter
514 1399 711 1446 caetera
753 1407 876 1461 quas
912 1392 978 1447 ad
1023 1409 1280 1465 pompam
1314 1395 1398 1450 sui
1423 1411 1620 1452 versus
1648 1411 1801 1469 papae
1823 1412 1922 1467 pa-

345 1479 541 1533 latium
597 1495 890 1549 processus
949 1483 1441 1540 commendandam
1487 1488 1751 1556 providit,
1805 1489 1924 1559 jus-

344 1569 486 1625 sisse
522 1578 581 1626 ut
620 1570 731 1626 sibi
770 1573 1132 1630 dibambulum
1160 1586 1215 1632 et
1239 1579 1559 1636 dicanicium
1590 1582 1921 1651 pralerren-

348 1670 484 1717 tur:
531 1663 791 1732 Ἐπὲταξι
839 1667 894 1721 δὲ
926 1668 1016 1722 ἵνα
1051 1669 1326 1741 κατέχωσι
1376 1676 1472 1727 καὶ
1513 1672 1576 1726 τὸ
1619 1657 1922 1745 διδάμϐουε

341 1755 431 1808 λον
479 1757 574 1809 καὶ
607 1757 666 1809 τ’)
705 1758 1008 1813 δικανίκιον
1067 1761 1383 1834 ἕμπροσθιν
1447 1763 1636 1820 αὑτοῦ.
1691 1766 1790 1822 Est
1829 1766 1915 1819 δι-

351 1848 602 1904 κανίκιον
659 1849 980 1908 dicanicium
1033 1855 1244 1925 aliquid
1309 1857 1490 1914 simile
1537 1859 1750 1914 baculis
1807 1860 1918 1915 illis

2020 667 2205 711 contus
2238 669 2448 725 gestans
2493 657 2817 730 lampadem.
2840 659 2996 726 Quod
3025 659 3070 715 si
3096 671 3306 737 contus
3325 663 3598 736 intelliga-

2029 758 2117 803 tur
2152 748 2350 803 liilidus
2383 751 2521 804 duos
2553 751 2709 819 quasi
2745 765 2926 805 ramos
2964 752 3324 821 prmendens,
3358 770 3597 826 quorum

2007 841 2257 920 quisque
2310 841 2365 894 in
2406 855 2622 894 summo
2653 839 2853 896 habeat
2880 841 3121 897 loculum
3151 845 3433 915 capienda
3463 847 3601 902 lam-

2023 931 2150 1002 padi
2174 940 2387 1001 aptum,
2418 947 2600 986 veram
2631 931 3004 1002 δισαμσούλου
3040 935 3405 1006 expressisset
3436 936 3599 996 Gret-

2022 1039 2184 1079 serus
2242 1025 2516 1092 formam;
2575 1032 2632 1080 et
2690 1024 2736 1081 si
2774 1025 2995 1082 audiret
3044 1041 3206 1082 suum
3262 1020 3623 1101 Syropulum.

2022 1113 2306 1186 Creigton,
2359 1115 2504 1171 idem
2552 1115 2668 1187 ipse
2700 1118 2911 1172 sentire
2942 1117 3235 1173 debuerat.
3295 1119 3389 1175 Sic
3441 1123 3593 1178 enim

2021 1220 2134 1261 non
2180 1207 2458 1263 laboraret
2510 1197 2568 1261 in
2613 1206 2914 1262 divinando
2961 1223 3229 1278 quorsum
3285 1210 3332 1264 is
3366 1211 3589 1281 λαμπα-

2023 1295 2241 1366 δοῠχου,
2272 1296 2608 1352 instrumenti
2637 1295 2969 1369 lampadibus
3006 1299 3272 1368 gestandis
3297 1317 3592 1357 accommo-

2030 1384 2142 1438 dati
2179 1386 2535 1454 mentionem,
2569 1402 2622 1442 ν.
2657 1387 2748 1450 55,
2789 1385 2968 1450 faciat.
3015 1404 3222 1457 ponens
3259 1391 3314 1446 id
3355 1392 3592 1449 vocabu-

2021 1476 2138 1532 lum
2197 1487 2456 1548 tanquam
2499 1495 2864 1552 synonymum
2906 1480 3295 1552 διδαμϐοὑλου.
3345 1485 3416 1541 At
3455 1488 3596 1544 nihil
3638 1498 3647 1504 ‘

2022 1567 2334 1640 mirabilius
2363 1577 2448 1622 est
2471 1583 2636 1638 quam
2670 1569 2818 1639 quod
2853 1570 3100 1624 omnium
3143 1570 3342 1627 horum
3393 1572 3599 1630 oblitus

2019 1656 2313 1729 Greygton,
2346 1659 2476 1714 dum
2515 1675 2566 1716 c.
2608 1661 2701 1726 24,
2735 1670 2871 1716 sect.
2909 1663 2964 1727 4,
3002 1677 3055 1732 p.
3106 1663 3197 1728 99.
3241 1664 3443 1722 iterum
3489 1665 3600 1723 illic

2020 1760 2388 1806 memoratum
2434 1767 2464 1806 a
2499 1768 2600 1806 suo
2632 1752 2905 1824 Serpulo
2929 1755 3294 1824 διϐἁμσουλον
3319 1757 3600 1829 interpre-

2021 1850 2188 1906 tatus,
2239 1846 2473 1898 testioum
2504 1844 2820 1915 papilionem
2882 1847 2934 1901 id
2991 1847 3255 1918 appellat.
3291 1849 3381 1904 'Et
3429 1849 3596 1906 Nota-

342 1949 439 1995 aut
471 1941 651 1997 contis
699 1947 976 2015 argenteis
1016 1952 1199 2016 specie
1232 1949 1512 2006 clavarum
1544 1952 1731 2023 (vulgo
1775 1969 1912 2010 mas-

2021 1949 2142 1989 rum
2203 1951 2258 2006 p.
2293 1936 2380 2003 18,
2415 1937 2561 1992 hunc
2595 1940 2772 1993 locum
2802 1938 3098 2010 indigitans
3123 1941 3202 1997 sic
3233 1943 3425 1997 scribit
3459 1945 3596 1997 εΔιο

343 2048 433 2090 sas
476 2034 700 2106 vocant)
743 2051 880 2106 quas
926 2039 1175 2108 praeferri
1221 2041 1475 2097 videmus
1519 2043 1571 2096 S.
1606 2041 1670 2096 Β.
1700 2043 1760 2099 Ε.
1795 2060 1917 2102 car-

343 2125 663 2190 dinalibus.
739 2127 868 2182 dum
921 2131 1240 2186 solemniter
1289 2132 1604 2202 incedunt;
1668 2137 1914 2207 qualium

344 2213 554 2272 Graecis
581 2219 912 2288 patriarchis
953 2225 1277 2278 usitatorum
1325 2225 1915 2285 meminitChronicon

347 2307 770 2382 Constantinop.
822 2312 910 2368 his
967 2314 1152 2370 verbis
1201 2328 1218 2370 :
1263 2315 1445 2382 ’ἰδίαις
1481 2320 1639 2390 χερσὶ
1686 2319 1919 2375 δέδωκιν

343 2393 493 2472 αὐτῷ
519 2401 822 2457 δικανίκιον
854 2404 1052 2460 πολλοῦ
1084 2406 1254 2475 ἄξιον,
1285 2397 1404 2481 ἦτοι
1437 2410 1635 2482 ῥάϐδον
1669 2412 1918 2485 ἀργυρᾶν

343 2497 948 2566 περικεχρυσωμένην·
993 2496 1237 2568 Propriis
1297 2501 1545 2555 manibus
1603 2501 1746 2558 dedit
1815 2505 1917 2575 ipsi

342 2577 660 2642 dicanicium
728 2591 909 2660 magni
965 2593 1150 2660 pretii,
1187 2594 1297 2646 sive
1339 2594 1545 2664 uirgam
1610 2606 1917 2668 argenteam

341 2682 820 2740 circumauratam.
867 2684 1065 2740 Motum
1136 2700 1266 2741 vero
1323 2701 1559 2757 pergens
1612 2687 1918 2761 Syropulus

345 2772 518 2829 fuisse
566 2775 738 2830 refert
785 2778 1114 2845 patriarchae
1145 2780 1579 2835 controversiam
1615 2781 1681 2837 de
1723 2784 1918 2852 praela-

347 2866 497 2920 tione
547 2867 835 2921 dibambuli
872 2876 925 2923 et
961 2870 1214 2924 dicanicii
1239 2911 1256 2937 ,
1307 2871 1534 2928 dicente
1578 2873 1658 2928 illi
1720 2889 1918 2946 magno

345 2956 798 3030 cbartopbylace,
832 2963 916 3014 ὅτι
966 2961 1205 3015 ἐνταῦθα
1251 2963 1406 3017 οὐδὲν
1453 2965 1719 3034 ἀνήκουσι
1746 2983 1917 3036 προη-

342 3050 561 3120 γεῖσθαι
591 3052 785 3120 ταῦτα,
825 3054 992 3125 676
1025 3054 1133 3110 καὶ
1177 3057 1225 3109 εί
1257 3056 1484 3125 ὁρίσας,
1538 3057 1920 3128 καταλειφθεί-

341 3143 556 3200 τωσαν’·
576 3147 702 3202 ﬂare
723 3148 818 3201 hoc
840 3149 952 3201 loco
967 3152 1280 3220 prages‘tari
1312 3150 1446 3205 nihil
1469 3151 1698 3217 attinet;
1725 3169 1912 3224 quare,

2017 2029 2332 2101 δάμσουλον
2385 2034 2438 2088 in
2497 2037 2591 2088 hoc
2634 2033 2747 2088 loco
2798 2038 2944 2090 omni
2996 2037 3153 2092 dubio
3184 2037 3371 2108 procul
3418 2039 3595 2096 uelum

2016 2123 2281 2194 signiﬁcat
2319 2125 2692 2181 umbratile....
2736 2126 2872 2181 illud
2927 2129 3067 2182 enim
3127 2129 3298 2184 velum
3353 2129 3500 2195 dum,
3531 2140 3589 2186 ut

2014 2215 2256 2270 umbram
2312 2228 2514 2283 arceat,
2568 2235 2601 2272 a
2628 2228 2780 2272 conto
2812 2218 3039 2291 longiori
3077 2237 3242 2291 supra
3274 2223 3467 2292 capitis
3501 2223 3589 2293 fa-

2014 2309 2229 2379 stigium
2278 2309 2611 2378 explicatur,
2646 2313 2928 2368 incurvum
2974 2323 3022 2367 et
3067 2325 3394 2370 cameratum
3426 2315 3594 2384 [orni-

2015 2416 2126 2453 cem
2154 2411 2519 2472 repraesentat,
2551 2402 2676 2458 dum
2713 2421 2894 2460 rursus
2932 2406 3004 2460 ad
3041 2417 3250 2461 contum
3297 2409 3590 2474 reducitur,

2018 2503 2314 2549 ventrosam
2364 2494 2702 2567 lagunculam
2745 2506 2840 2552 aut
2889 2498 3200 2569 ampullam.
3255 2499 3314 2556 In
3359 2500 3447 2556 his
3481 2516 3593 2557 non

2018 2600 2207 2652 quaero
2244 2602 2344 2639 cur
2384 2587 2601 2643 dicatur
2645 2589 2896 2654 umbella,
2927 2591 3063 2656 sive,
3118 2602 3176 2647 ut
3206 2590 3481 2664 Creygton
3512 2594 3594 2649 lo-

2018 2679 2245 2746 quitur,
2291 2681 2500 2734 a'stivus
2540 2681 2761 2750 papilio.
2809 2685 3050 2737 umbram
3082 2699 3280 2751 arcere,
3329 2701 3452 2740 cum
3490 2685 3592 2741 solt

2020 2773 2203 2838 potius
2233 2771 2456 2826 arcenda
2508 2771 2596 2843 [P.
2647 2774 2863 2848 ‘75]et
2906 2776 3116 2830 umbra:
3144 2778 3409 2835 faciendae
3439 2795 3590 2835 com-

2021 2874 2270 2932 paratum
2323 2869 2594 2938 ejusmodi
2640 2868 3066 2926 instrumentum
3111 2872 3205 2936 sit.
3242 2873 3383 2946 Illud
3424 2873 3592 2928 etiam

2017 2965 2182 3026 atque
2231 2960 2392 3014 etiam
2438 2961 2712 3031 explicare
2755 2961 3128 3036 Creygtonum
3177 2980 3246 3020 ne
3293 2975 3590 3037 gravetur,

2018 3063 2174 3120 rogo,
2221 3064 2328 3120 qua
2357 3053 2574 3109 tandem
2619 3053 2836 3112 ratione
2878 3056 3157 3112 metallum
3211 3058 3372 3111 trium
3433 3057 3592 3128 pyxi-

2016 3141 2141 3196 dum
2174 3143 2398 3199 conﬂari
2441 3146 2497 3201 in
2546 3147 2710 3218 677
2753 3164 2922 3203 unum
2975 3153 3211 3206 a’stivum
3260 3143 3591 3221 papilionem

339 3239 388 3292 εἰ
432 3239 528 3293 libi
567 3241 806 3306 videtur,
864 3241 1266 3330 relinquantur,
1308 3241 1512 3299 Contr.
1564 3252 1744 3300 tamen
1797 3256 1984 3330 κίῃς
2019 3234 2133 3289 sive
2164 3238 2455 3293 umbellam
2486 3242 2752 3310 potuerit.
2794 3241 2902 3296 Sed
2943 3246 3125 3299 omnia
3161 3243 3278 3300 haec
3309 3243 3589 3300 arbitran-

341 3329 506 3385 dente
546 3331 856 3400 patriarcha
879 3372 894 3396 ,
951 3334 1209 3388 convenit
1254 3322 1324 3388 ad
1379 3345 1689 3390 extremum
1744 3335 1915 3392 solius
1948 3322 1984 3330 ⁷
2016 3327 2087 3382 da
2123 3344 2279 3399 sequo
2308 3339 2362 3385 et
2401 3331 2622 3388 erudito
2660 3334 2854 3390 lectori
2896 3335 3288 3406 permittantur
3321 3354 3334 3390 :
3364 3335 3588 3402 interim

341 3419 650 3476 dibambuli
701 3423 1077 3493 praelationem
1132 3427 1334 3482 omitti.
1398 3427 1564 3497 Ομως
1615 3429 1796 3498 ἀφῆκε
1856 3429 1916 3483 τὸ

316 3512 728 3584 -διδάμδου).ον.
781 3514 1111 3571 Candelabri
1165 3517 1320 3573 bilidi
1374 3521 1755 3590 prtcgeststio,
1791 3531 1916 3577 tan-

339 3622 504 3678 quam
557 3608 627 3662 ab
669 3623 770 3662 usu
824 3609 881 3662 in
929 3608 1084 3664 italia
1132 3618 1353 3679 recepto
1383 3611 1550 3666 nimis
1597 3611 1800 3679 aliena,
1829 3613 1914 3670 vel

337 3700 503 3754 aliam
559 3698 863 3770 quamlibet
920 3700 990 3756 ob
1031 3715 1286 3768 causam,
1321 3703 1466 3758 ultro
1521 3718 1551 3758 a
1599 3705 1914 3774 patriarcha

339 3794 571 3848 remissa
621 3804 707 3848 est
741 3813 754 3849 :
788 3793 1090 3850 dibambula
1154 3795 1301 3849 domi
1379 3794 1597 3852 relicto.
1655 3797 1914 3854 Potuitne

338 3887 544 3941 clarius
577 3886 750 3942 astrui
798 3902 826 3940 a
859 3903 946 3942 nte
980 3886 1136 3956 prius
1171 3887 1367 3942 tradita
1415 3887 1782 3960 διδαμὸούλου
1818 3905 1914 3947 no-

339 3978 461 4034 tio?
492 3977 697 4034 Tamen
742 3979 846 4036 hoc
893 3979 1030 4034 mihi
1059 3980 1312 4051 Syropuli
1341 3981 1660 4052 suﬂ'ragium
1694 3983 1912 4054 eripere

336 4071 611 4143 Creygton
648 4074 924 4144 interpres
952 4083 1182 4128 conatur
1211 4090 1223 4127 :
1263 4089 1371 4143 quo
1403 4089 1684 4141 successu,
1720 4076 1912 4132 viden-

336 4163 468 4220 dum
525 4164 692 4219 modo
722 4171 914 4219 restat.
967 4165 1057 4219 llle
1108 4165 1275 4234 priori
1327 4181 1391 4218 ex
1440 4159 1699 4222 indicatis
1748 4167 1905 4232 locis.

333 4273 389 4314 c.
424 4257 511 4320 17,
535 4259 673 4313 sect.
693 4259 748 4319 5.
772 4273 832 4328 p.
867 4256 955 4320 6'2,
988 4257 1152 4311 verba
1190 4258 1300 4321 illa,
1331 4259 1397 4311 τὰ
1428 4259 1484 4312 δὲ
1509 4259 1644 4329 (hoc
1671 4267 1756 4314 est
1783 4260 1908 4329 τρία

337 4349 570 4420 ριπίδια)
599 4349 680 4411 si;
709 4348 1075 4419 διόάμόουλον
1105 4351 1649 4422 μετεσκευάτθησαν,
1675 4352 1758 4407 sic
1789 4369 1910 4407 vcr-

337 4439 402 4494 tit
434 4457 448 4494 :
483 4438 588 4493 Sed
620 4440 793 4495 lim...
820 4451 921 4493 tres
955 4442 1169 4510 pyxides
1219 4444 1274 4494 in
1308 4457 1494 4510 uuam,
1535 4444 1628 4496 sed
1669 4444 1907 4498 eamdem

334 4537 384 4583 et
435 4530 703 4600 geminam
751 4529 1047 4600 ampullam
1097 4531 1356 4600 prodiere.
1419 4530 1566 4586 idem
1637 4549 1799 4602 porro
1849 4535 1903 4587 in

2015 3418 2170 3488 dum,
2215 3437 2337 3492 qua
2372 3424 2539 3479 multa
2573 3439 2673 3481 nos
2701 3437 2903 3482 vocant
2937 3426 3063 3492 alia,
3104 3429 3516 3498 prosequimur.

2085 3521 2294 3587 Διωρία
2342 3537 2396 3590 ρ.
2453 3521 2577 3577 389.
2615 3521 2794 3578 Videri
2854 3533 3039 3593 posset
3091 3524 3317 3594 διωρίαν
3350 3523 3442 3579 hic
3473 3519 3586 3577 dici

2013 3611 2248 3667 duarum
2289 3613 2549 3669 horarum
2580 3618 2842 3686 spatium.
2890 3619 3033 3674 sicut
3080 3621 3359 3674 trihorium
3387 3619 3587 3687 (Auso-

2015 3703 2110 3757 nio
2138 3714 2316 3774 poetae
2366 3716 2629 3776 usurpata
2687 3711 2814 3778 vos)
2852 3719 2960 3765 tres
2992 3710 3156 3765 horas
3191 3710 3399 3766 indicat
3434 3727 3448 3763 :
3488 3711 3584 3767 sed

2014 3812 2124 3851 non
2175 3805 2260 3852 est
2290 3797 2387 3852 ita.
2421 3798 2552 3853 Nam
2581 3801 2775 3870 glossm
2822 3811 3037 3857 veteres
3071 3804 3372 3858 universim
3415 3819 3586 3874 expo-

2014 3893 2153 3938 nunt
2199 3884 2390 3955 διωρία
2421 3887 2778 3953 intercapedo,
2817 3893 3068 3959 spatium.
3098 3890 3158 3947 Et
3185 3891 3381 3948 Suidas
3409 3910 3422 3946 :
3453 3893 3584 3948 διωο

2015 3974 2125 4046 ρία,
2157 3976 2441 4046 ἀνακωχὴ,
2478 3979 2623 4047 quod
2657 3981 2852 4049 probat
2885 3982 3120 4037 adducto
3148 3985 3331 4038 statim
3363 3984 3483 4043 loco
3516 4000 3587 4041 ex

2011 4067 2268 4136 quodam.
2315 4079 2373 4122 ut
2404 4079 2652 4139 apparet,
2682 4072 2948 4127 historico
2982 4090 2995 4128 :
3023 4075 3192 4141 Δόξαν
3217 4076 3262 4130 δ’
3295 4077 3581 4134 ἐπανεῖναι

2010 4157 2106 4230 τὴν
2152 4160 2498 4232 πολιορκίαν,
2533 4164 2625 4216 καὶ
2678 4163 2904 4232 διωρίαν
2950 4165 3152 4234 βουλῆς
3189 4169 3304 4231 τοῖς
3358 4185 3584 4224 στασια-

2011 4252 2161 4314 σταῖς
2193 4256 2514 4322 παρασχεῖν.
2559 4252 2687 4309 Cum
2724 4263 2901 4308 autem
2950 4268 3079 4311 esset
3107 4261 3276 4312 uisum
3312 4261 3586 4315 remitten-

2009 4343 2131 4395 dam
2179 4345 2622 4414 Oppugnationem
2674 4348 2818 4400 urbis
2873 4355 2920 4400 et
2970 4351 3202 4418 spatium
3254 4343 3584 4408 deliberandi

2007 4436 2266 4489 seditiosis
2309 4437 2564 4490 dandum.
2600 4437 2743 4507 Ergo
2784 4449 2839 4493 et
2894 4441 2946 4493 in
2977 4440 3080 4495 hac
3108 4442 3318 4513 reliqua
3351 4443 3580 4499 historia

2010 4538 2203 4582 noster
2232 4529 2524 4598 aliquoties
2561 4529 2788 4598 διωρίαν
2835 4547 2935 4601 pro
2971 4547 3121 4587 mora
3154 4542 3208 4588 et
3240 4536 3436 4604 spatio,
3469 4551 3582 4606 quo

335 4623 482 4678 notis
528 4624 596 4678 ad
649 4637 775 4678 eum
825 4625 1006 4678 locum
1047 4623 1208 4678 docet
1255 4643 1268 4678 :
1310 4625 1663 4696 dibambylum
1715 4643 1834 4680 esse
1875 4627 1986 4688 aD
2016 4627 2262 4672 cessatur
2313 4629 2408 4672 aut
2460 4619 2820 4687 deliberatur,
2878 4623 3052 4691 ponit,
3111 4633 3169 4678 ut
3227 4641 3350 4694 pag.
3414 4627 3516 4682 497
3560 4647 3576 4684 :

332 4713 526 4770 Latina
562 4730 692 4770 voce
717 4715 978 4785 ampulla,
1012 4730 1318 4785 sonareque
1343 4717 1637 4786 ampullam
1671 4720 1905 4788 biguttu-

334 4827 442 4863 rem
472 4811 680 4879 gemino
711 4825 800 4862 ore
826 4825 915 4862 seu
953 4809 1226 4879 epistomio
1259 4826 1486 4878 superne
1518 4811 1771 4865 hiantem.
1806 4812 1908 4867 De-

333 4905 531 4957 buerat
565 4913 749 4955 autem
794 4901 998 4956 addere
1033 4915 1197 4971 quem
1227 4915 1384 4955 usum
1420 4902 1525 4958 tale
1561 4919 1655 4958 vas
1697 4905 1906 4961 habue-

332 4998 424 5064 rit,
461 5005 556 5050 aut
600 5010 760 5064 quam
787 4994 859 5048 ob
885 5009 1130 5060 causam,
1156 4996 1305 5049 ituro
1333 4993 1388 5047 in
1418 4994 1630 5048 Italiam
1668 4997 1904 5066 patriar-

329 5091 430 5145 cha
482 5089 912 5142 instrumentum
944 5086 1064 5155 ejus
1092 5085 1282 5141 formae
1314 5094 1421 5140 tam
1455 5087 1694 5143 sollicite
1745 5104 1906 5159 para-

335 5193 446 5238 tum
489 5183 679 5245 luerit,
716 5180 895 5234 tribus
925 5179 1090 5234 etiam
1132 5180 1309 5235 sacris
1349 5192 1418 5235 ex
1464 5181 1624 5235 altari
1659 5183 1806 5237 vasis
1846 5183 1902 5238 in

333 5278 386 5332 id
416 5275 666 5332 conﬂatis
698 5291 710 5326 :
743 5280 1038 5327 contentus
1063 5271 1269 5327 erroris
1291 5271 1552 5328 damnare
1585 5273 1902 5330 Gretserum

331 5371 616 5430 Jesuitam,
653 5366 797 5438 quod
841 5365 938 5418 lib.
968 5365 1274 5420 Comment.
1321 5365 1377 5418 in
1424 5364 1620 5420 Codm.
1669 5367 1724 5432 ’5,
1761 5383 1810 5422 c.
1847 5370 1898 5433 1,

334 5484 386 5534 p.
415 5465 520 5519 2i?
550 5459 901 5528 dibambylum
932 5475 1046 5512 cum
1081 5459 1324 5528 lampade
1352 5459 1646 5528 confundit.
1677 5461 1733 5515 ω
1772 5477 1900 5515 vero

333 5558 596 5611 Gretscro
632 5553 767 5608 falso
797 5551 1122 5621 imponitur.
1152 5552 1203 5604 ls
1235 5551 1379 5604 cnim
1415 5552 1489 5606 ibi
1533 5562 1742 5606 tantum
1768 5553 1900 5608 dicit

332 5649 433 5704 sibi
496 5649 633 5702 alias
677 5661 784 5698 non
830 5643 1178 5712 displicuisse
1240 5643 1605 5712 διόἀμδουλον
1657 5645 1763 5700 dici
1804 5662 1900 5698 au-

335 5759 475 5796 reum
507 5751 716 5795 contum
770 5738 855 5791 cui
910 5736 1114 5805 lampas
1175 5735 1576 5804 imponebatur,
1610 5738 1699 5790 sed
1742 5754 1796 5790 se
1844 5739 1900 5790 in

332 5836 441 5891 alia
478 5843 645 5888 mente
673 5848 812 5885 nunc
843 5846 970 5884 esse.
1000 5828 1104 5896 Qui
1139 5830 1240 5884 etsi
1307 5845 1415 5885 non
1464 5839 1731 5885 mutasset
1770 5847 1899 5887 sen-

336 5928 579 5994 tentiam,
619 5924 726 5979 dici
770 5937 876 5978 non
903 5930 1086 5992 posset
1111 5937 1236 5977 cum
1285 5923 1582 5995 confudisse
1625 5923 1896 5996 dibamby-

2021 4711 2111 4766 Ἐν
2133 4712 2379 4783 διωρίαις
2425 4711 2590 4766 ἐτίθει
2640 4713 2704 4766 τὰ
2745 4717 2862 4766 κατ’
2888 4718 3118 4771 ἐκεῖνον,
3157 4717 3342 4774 Utitur
3375 4729 3428 4774 ct
3474 4723 3581 4780 hoc

2008 4807 2277 4862 vocabulo
2337 4807 2395 4862 S.
2452 4807 2621 4861 abbas
2654 4806 2807 4861 Nilus
2853 4824 2905 4861 tn
2936 4811 3162 4877 epistola
3202 4813 3356 4884 juxta
3385 4816 3584 4874 editio-

2007 4913 2132 4954 nem
2187 4911 2430 4954 nostram
2465 4900 2586 4963 150,
2639 4916 2695 4970 p.
2731 4902 2831 4956 159
2857 4903 2932 4974 (in
2964 4906 3270 4974 posteriore
3308 4915 3365 4964 et
3410 4910 3570 4981 longe

2006 4993 2255 5065 pleniore
2285 4993 2554 5069 Alla_tiana
2586 5003 2673 5049 est
2703 4995 2828 5059 215,
2861 4996 2897 5050 l.
2935 5013 3012 5060 ιιι,
3037 5013 3089 5068 p.
3135 4998 3263 5066 396,
3307 5000 3574 5073 inscripta

2008 5089 2339 5153 Rodomino,
2378 5105 2502 5145 cum
2549 5091 2602 5145 in
2655 5090 2955 5162 archetypo
2988 5091 3133 5148 unde
3165 5092 3433 5163 descripsi
3464 5102 3576 5151 ue-

2005 5183 2162 5239 diceo
2196 5183 2384 5239 codice
2419 5183 2548 5238 olim
2583 5185 2807 5255 legerim
2837 5199 2939 5256 ego
2973 5192 3028 5240 et
3053 5185 3322 5241 ediderim
3352 5187 3576 5246 Rhodo-

2004 5277 2212 5349 uymo).
2254 5276 2332 5330 lbi
2357 5291 2488 5346 ergo
2518 5276 2630 5332 haec
2661 5277 2979 5346 loquentem
3011 5276 3143 5333 facit
3168 5289 3391 5335 sanctus
3411 5280 3575 5337 Pater

2003 5380 2352 5440 peccatorem
2409 5370 2844 5438 impmnitentem
2887 5371 2942 5426 in
2995 5370 3207 5441 judicio
3259 5387 3568 5443 supremo:

2007 5465 2168 5535 Οίμοι
2199 5463 2314 5528 πῶς
2348 5465 2612 5527 ἑκουσίως
2641 5463 2902 5517 ἀπώλεσα
2925 5466 3023 5531 τὴν
3047 5465 3272 5538 διωρίαν
3294 5467 3387 5520 τοῦ
3421 5485 3567 5541 παρ-

2002 5558 2247 5620 ελθόντος
2291 5557 2516 5628 χρόνουῐ
2551 5556 2650 5611 Hei
2683 5559 2824 5622 mihi,
2853 5557 2991 5626 quod
3035 5557 3212 5612 volens
3241 5576 3426 5630 passus
3450 5576 3566 5614 sum

2001 5654 2217 5724 efﬂuere
2253 5653 2308 5705 in
2364 5667 2553 5705 vanum
2616 5652 2848 5721 spatium
2884 5653 3140 5706 transacti
3202 5652 3449 5722 temporis
3501 5654 3571 5707 ad

2002 5742 2360 5812 paenitentiam
2398 5759 2695 5796 concessum
2716 5742 2736 5796 !

2076 5835 2504 5902 Ἐγκλητεύειν
2531 5849 2582 5903 p.
2625 5832 2748 5888 ⁸570.
2798 5834 2880 5890 An
2924 5835 3281 5906 ἐγκλητεύειν
3325 5835 3569 5907 reperia-

2005 5911 2091 5981 tur
2139 5925 2281 5997 apud
2335 5927 2506 5982 alium
2553 5925 2800 5983 Graecum
2864 5938 3168 5998 auctorem,
3231 5930 3417 5987 dicant
3468 5933 3565 6004 qui
