4058 6298
487 459 599 526 739

1416 447 1484 510 Ρ.
1524 442 1836 508 POSSINI
1873 435 2527 503 OBSERVATIONUM
2571 437 2722 498 LIB.
2767 435 2815 500 Ῑ.

3650 427 3756 495 740

485 586 684 630 munes
706 583 792 625 me
820 563 1146 638 diligentius
1169 563 1445 635 legerunt.
1487 560 1640 625 Mihi,
1674 560 1778 616 etsi
1811 557 2076 613 atibinon
2110 561 2150 614 Α
2183 575 2540 645 marginata“
2601 573 2895 628 ιεειίοηεω
2945 571 3172 643 probam
3226 569 3361 626 mue
3416 580 3484 624 ει
3547 565 3760 620 dum,

485 662 819 730 occurrerit,
860 677 973 716 non
1023 658 1130 715 fuit
1167 655 1336 713 dubia
1369 656 1490 727 ejus
1525 653 1703 718 notio,
1743 651 1937 722 utique
1989 664 2078 705 re-

487 757 740 818 cordanti
807 755 1080 826 ἔγκλητον
1132 748 1292 822 δίκην
1356 747 1547 805 vocari
1594 748 1750 802 litem
1809 745 1880 800 de
1915 743 2077 814 cujus

481 853 695 924 judicio
741 856 1098 922 provocatum
1127 846 1232 912 sit;
1277 851 1334 900 et
1364 842 1546 898 forum
1577 841 1632 895 in
1665 853 1777 910 quo
1832 854 1900 894 ex
1951 850 2080 908 pro-

489 945 782 1002 vocatione
819 944 1179 1012 disceptatur,
1212 935 1482 1006 ἐγκλητον
1522 935 1902 1005 δικαστήριον.

565 1039 905 1107 Ἕκφανσις
952 1051 1005 1106 p.
1063 1033 1185 1088 H5.
1243 1031 1430 1086 Verba
1495 1030 1611 1084 hac
1659 1026 1981 1084 referuntur
2008 1037 2076 1079 ex

492 1141 642 1188 tomo
667 1126 918 1198 Gregorii
952 1123 1162 1195 Cyprii,
1193 1117 1792 1190 Constantinopolitani
1841 1117 2079 1188 patriar-

491 1224 608 1280 cha:
634 1241 648 1276 :
679 1222 742 1276 Ei
763 1219 820 1273 δὲ
851 1217 945 1274 καὶ
975 1216 1128 1288 παρὰ
1149 1214 1228 1286 τῷ
1253 1213 1700 1284 θεολογικυπάτῳ
1728 1209 2078 1282 Δαμασκηνῷ

491 1319 555 1372 τὸ
596 1315 685 1371 διὰ
706 1313 868 1385 λόγου
903 1311 1131 1384 εὕρηται
1175 1308 1493 1382 προσολεὺς,
1521 1308 1585 1360 οὐ
1620 1307 1718 1378 τὴν
1748 1308 1826 1369 ei;
1856 1305 1917 1360 τὸ
1941 1301 2079 1358 εἶναι

493 1409 752 1481 καθαρῶς
799 1407 892 1460 τοῦ
953 1404 1268 1474 Πνεύματος
1309 1400 1539 1472 πρόοδον
1591 1402 1624 1471 ή
1691 1397 1837 1463 λέξις
1883 1397 2080 1469 δηλοῦν

495 1503 766 1577 βούλεται,
804 1499 940 1555 ἀλλὰ
974 1498 1074 1569 τὴν
1116 1498 1197 1559 εἰς
1239 1496 1415 1551 ἀΐδιον
1437 1493 1689 1565 ἔκφασιν.
1708 1493 1847 1549 Cum
1881 1494 2082 1564 saepius

495 1599 686 1670 paucis
721 1596 807 1651 his
841 1593 1100 1650 versibus
1127 1598 1409 1662 repetatur
1438 1599 1544 1644 vox
1590 1588 1874 1656 ἐκφανσις,
1909 1587 2079 1642 semel

497 1699 712 1745 tantum
746 1683 921 1744 codex
957 1695 1150 1741 noster
1183 1699 1305 1739 eam
1353 1681 1611 1752 exprimit
1643 1676 1841 1736 addito
1865 1700 1915 1744 ν,
1943 1681 2082 1736 alias

496 1784 724 1851 ἑκφασις
752 1781 1024 1837 scribens.
1058 1778 1216 1836 Unde
1252 1777 1486 1832 verebar
1511 1775 1770 1845 equidem
1803 1775 2081 1845 corrigere

497 1884 578 1930 tot
607 1876 724 1930 loca
759 1873 965 1928 indicio
997 1871 1183 1932 unius,
1230 1869 1337 1924 nisi
1371 1865 1890 1923 animadvertissem
1922 1864 2080 1920 codi-

497 1984 618 2024 Cem
695 1967 1019 2044 Vaticanum
1083 1971 1408 2020 constanter
1484 1960 1750 2029 ἐκφανσιν
1809 1958 2080 2014 scribere.

501 2060 634 2116 lude
691 2058 934 2114 intellexi
976 2056 1056 2112 sic
1105 2069 1297 2110 revera
1333 2051 1601 2122 scriptum
1648 2065 1678 2106 a
1720 2049 2080 2121 Pachymere,

501 2168 658 2209 more
705 2152 895 2222 utique
941 2159 1166 2218 recepto
1213 2135 1450 2201 alioruni
1478 2185 1492 2209 ,
1542 2142 1646 2198 'etsi
1690 2155 2084 2210 nonnusquam

500 2245 735 2315 ἔκφασις
768 2251 989 2314 quoque
1019 2241 1243 2311 legitur.
1273 2238 1377 2295 Sed
1416 2236 1644 2310 majoris
1671 2236 1936 2293 momenti
1965 2236 2086 2291 fue-

501 2342 576 2396 rit
607 2338 889 2394 notionem
947 2335 1186 2393 scrutari
1236 2332 1390 2389 vocis
1422 2333 1608 2403 hujus.
1639 2331 1814 2405 Vulgo
1856 2332 2020 2388 video
2051 2346 2083 2386 a

501 2432 737 2489 summis
768 2428 1043 2501 theologis
1074 2426 1262 2484 Graeca
1321 2426 1518 2482 Latine
1571 2424 1936 2481 reddentibus
1993 2424 2086 2478 εκ-

501 2542 722 2595 φανσιν,
742 2522 1128 2592 ὲκφαντορίαν,
1171 2519 1568 2591 ἑκφαντορικδν
1591 2517 1810 2589 πνεῦμα
1827 2517 2087 2574 enuntia-

505 2619 673 2674 tionis
699 2614 1012 2688 signiﬁcatu
1053 2611 1349 2670 declarari.
1383 2612 1506 2668 Non
1537 2609 1909 2678 reprehendo.
1951 2610 2087 2666 iure

507 2719 692 2766 tamen
731 2722 856 2765 meo
885 2707 1042 2764 visus
1084 2707 1224 2762 mihi
1263 2721 1384 2762 sum
1417 2720 1578 2777 posse
1623 2705 1730 2759 hoc
1754 2719 1958 2759 nomen
1985 2703 2090 2759 du-

505 2821 636 2861 cere
665 2804 735 2860 ab
767 2803 1032 2874 ὲκφαίνω,
1063 2811 1339 2870 quatenus
1369 2809 1529 2854 sonat
1564 2798 1760 2864 eiuceo,
1801 2805 1861 2852 ut
1887 2796 2091 2867 ἐκφαν-

508 2916 591 2962 σις
620 2907 772 2954 recte
813 2903 1063 2953 vertatur
1107 2892 1610 2964 exsplendescentia.
1648 2890 1803 2958 Quod
1847 2905 2089 2945 commo-

506 2995 635 3050 dius
686 2993 756 3049 ad
814 2990 1048 3062 subjecti
1083 2989 1190 3046 loci
1243 2987 1602 3050 sententiam,
1636 2986 1691 3040 ni
1727 2983 1890 3038 fallor
1945 2981 2091 3038 acci-

506 3088 612 3146 dit.

570 3180 797 3280 IPJ'IG]
812 3175 1314 3252 θῚΒἘνικανόω
1335 3190 1388 3244 p.
1420 3170 1537 3229 105.
1561 3172 1734 3244 Hujus
1751 3172 1929 3280 verbi‘,
1957 3169 2091 3226 satis

509 3265 759 3333 in'libris
780 3288 919 3344 quos
938 3270 1168 3327 viderim
1191 3269 1326 3336 rari,
1361 3269 1644 3325 notionem
1667 3283 1696 3320 e
1733 3265 2090 3335 paraphraste

509 3367 772 3422 Vaticani
806 3364 1041 3434 sumpsi,
1071 3371 1246 3418 totum
1279 3361 1428 3415 hunc
1457 3359 1642 3414 locum
1668 3357 1749 3412 sic
1778 3353 2045 3411 reddente
2070 3371 2083 3406 :

519 3460 750 3516 Ἑκατὸν
805 3462 1143 3531 πεντήκοντα
1176 3452 1466 3530 χρυσίνους
1515 3454 1697 3518 αὐτοῖς
1752 3451 2088 3523 ἐδωρήσατο.

508 3554 602 3612 Sic
630 3556 722 3611 ille
755 3556 1094 3625 conjungens
1141 3566 1264 3623 qua:
1315 3557 1509 3606 auctor
1537 3548 1901 3612 discreverat,
1955 3561 2088 3601 cen-

511 3658 628 3701 tum
660 3658 860 3700 aureos
893 3645 1094 3707 Vecco,
1126 3639 1526 3713 quinquaginta
1563 3638 1917 3695 Meliteniotae
1952 3652 2087 3706 sup-

511 3737 784 3809 peditatos
853 3750 1190 3791 memorans.
1265 3733 1366 3791 Cui
1426 3743 1700 3805 quatenus
1760 3730 2091 3802 simpliciter

511 3829 754 3887 donandi
785 3830 1154 3902 significatum
1183 3827 1454 3884 vocabulo
1484 3825 1798 3881 ὲνικανοῦτο
1841 3823 2088 3896 subiicit,

512 3925 772 3981 adbzereo
805 3919 1024 3979 defectu
1055 3921 1303 3978 melioris
1332 3921 1611 3987 auctoris;
1650 3919 1876 3976 interim
1909 3929 2090 3975 tamen

512 4018 802 4084 suspicans
869 4017 1302 4089 assignationem
1373 4029 1568 4069 annuat
1644 4013 1895 4084 pecuniae
1958 4013 2092 4066 istas

508 4116 755 4168 summas
784 4109 1074 4180 aequantis,
1102 4107 1322 4163 duobus
1343 4107 1632 4163 exsulibus
1649 4105 1708 4161 in
1739 4105 2002 4160 alimenta
2036 4112 2093 4159 et

513 4217 647 4264 usus
677 4201 802 4256 vitae
846 4212 1077 4276 caeteros
1117 4198 1452 4270 praebenda,
1491 4199 1599 4254 isto
1630 4197 1902 4254 vocabulo
1945 4196 2088 4252 indi-

511 4299 685 4350 catam
729 4310 758 4348 a
802 4293 1172 4366 Pachymere;
1205 4302 1266 4348 ut
1296 4291 1483 4347 dicere
1501 4293 1764 4355 voluerit,
1789 4305 1914 4346 cum
1941 4299 2092 4345 eate-

514 4401 619 4443 nus
645 4386 782 4441 nihil
816 4385 1196 4442 constituisset
1240 4385 1539 4456 imperator
1567 4383 1652 4447 de
1681 4385 1830 4439 victu
1861 4383 2094 4452 captivis

513 4479 734 4535 duobus
777 4480 1146 4550 suggerendo,
1195 4489 1331 4534 tunc
1379 4493 1479 4547 per
1521 4473 1956 4532 Alexandrinum
1999 4492 2094 4545 pa-

516 4569 815 4625 triarcham
865 4579 919 4624 et
974 4563 1308 4641 lagothctam
1361 4567 1498 4639 ipsis
1552 4569 1822 4638 assignari
1877 4585 1909 4623 e
1958 4565 2093 4622 ﬁsco

2178 667 2301 722 aliis
2333 668 2671 724 contulimus
2724 675 2786 722 ut
2822 667 2882 719 τὸ
2910 685 2938 720 ν
2964 665 3392 738 geminaremus.
3439 659 3581 718 Cum
3613 661 3756 715 enim
3789 692 3793 695 -

2181 759 2288 814 hoc
2316 760 2570 826 verbum,
2616 770 2676 813 ut
2738 775 2864 814 mox
2915 759 3294 824 ostendemus,
3355 756 3652 818 formetur,
3695 750 3760 808 ab

2181 852 2400 926 ἐννάτῃ,
2452 852 2598 923 quod
2641 851 2992 923 frequentius
3036 868 3134 922 per
3185 851 3386 921 duplex
3418 869 3448 901 ν
3477 849 3761 912 scribitur,

2180 945 2391 1001 rectius
2441 946 2762 1017 putavimus
2794 943 3103 1011 ,tvva'riCew
3129 960 3296 1015 quam
3328 943 3600 1009 ὲνατῑζειν
3630 941 3759 997 dici.

2181 1038 2295 1095 Etsi
2321 1054 2422 1095 nos
2456 1055 2569 1095 non
2599 1038 2737 1109 fugit
2782 1039 3144 1110 scriptionem
3201 1039 3296 1102 τοῦ
3333 1037 3498 1108 ἐνάτη
3532 1053 3638 1107 pro
3679 1035 3765 1088 ἑν·-

2179 1132 2316 1201 νάτη
2346 1146 2461 1187 non
2489 1132 2652 1189 modo
2677 1143 2739 1189 ut
2768 1135 2998 1205 probam
3029 1133 3254 1189 defendi
3285 1133 3352 1188 ab
3380 1130 3679 1188 Eustathio
3699 1129 3766 1185 ad

2181 1224 2345 1283 Iliad.
2377 1225 2430 1296 β,
2479 1242 2535 1298 p.
2601 1226 2712 1284 2‘33
2739 1227 2830 1282 ed.
2869 1227 3055 1290 Rom.,
3077 1226 3174 1282 sed
3206 1227 3369 1282 etiam
3405 1225 3473 1280 ad
3513 1223 3677 1280 Iliad.
3711 1223 3763 1290 θ,

2183 1333 2237 1387 p.
2294 1315 2431 1382 712,
2489 1318 2867 1373 commendari
2931 1327 3190 1388 tanquam
3255 1317 3460 1385 λογίοις
3515 1315 3753 1370 eruditis

2183 1417 2524 1476 usurpatam,
2582 1417 2641 1464 ut
2689 1409 2823 1463 dent
2867 1407 3053 1464 locum
3090 1409 3387 1480 ingeniosa:
3433 1406 3764 1477 trajectionit

2181 1495 2518 1564 litterarum,
2547 1516 2654 1572 qua
2692 1501 2882 1554 ἔνατον
2924 1502 2980 1556 in
3013 1502 3204 1555 νέατον
3235 1509 3479 1555 mutetur
3516 1516 3528 1552 :
3557 1501 3752 1551 nonum

2181 1593 2388 1663 quippe
2435 1610 2533 1665 per
2569 1593 2758 1648 ἔνατον
2812 1595 3110 1665 signatum,
3145 1609 3269 1650 cum
3312 1593 3381 1649 sit
3414 1592 3672 1648 ultimum
3705 1591 3760 1645 in

2185 1687 2436 1742 numeris
2489 1687 2859 1757 simplicibus,
2919 1688 3109 1739 νέατον
3157 1687 3302 1741 idem
3345 1700 3569 1755 quoque
3629 1694 3758 1738 est:

2184 1781 2301 1835 haec
2341 1780 2488 1834 enim
2525 1797 2630 1834 vox
2679 1791 2841 1836 sonat
2886 1782 3245 1834 novissimum.
3281 1779 3350 1835 At
3383 1779 3516 1832 mihi
3547 1777 3770 1848 quidem

2183 1872 2332 1929 haud
2369 1873 2550 1944 placet
2591 1873 2709 1927 haec
2743 1872 2982 1944 argutia,
3029 1888 3152 1942 qua
3185 1873 3512 1928 vocabulum
3561 1871 3628 1926 ab
3663 1871 3773 1926 ori-

2186 1967 2312 2036 gine
2343 1981 2440 2021 sua
2475 1965 2710 2021 divellit.
2756 1965 2813 2020 Si
2847 1965 2993 2020 enim
3031 1965 3218 2018 ἔνατον
3269 1965 3428 2037 quasi
3474 1959 3663 2021 νέατον
3693 1964 3772 2019 tli-

2185 2067 2335 2112 ctum
2359 2068 2468 2122 est,
2499 2057 2614 2127 jam
2652 2056 2759 2111 hoc
2790 2057 3079 2111 numerale
3117 2072 3318 2112 nomen
3351 2073 3380 2112 a
3413 2073 3513 2112 suo
3541 2073 3774 2113 numero

2185 2150 2342 2203 ἐννέα
2370 2166 2481 2203 non
2537 2149 2926 2217 derivabitur;
2971 2149 3134 2222 'quod
3177 2151 3475 2207 absurdum
3533 2150 3769 2206 videtur.

2186 2241 2321 2298 Utut
2360 2248 2453 2306 sit,
2496 2243 2762 2311 scriptum
2794 2257 2823 2296 a
2872 2243 3213 2315 Pachymere
3245 2243 3546 2308 ὲννατξζειν
3591 2261 3715 2299 cum
3744 2263 3774 2297 ν

2187 2335 2420 2406 duplici,
2453 2351 2518 2390 ex
2550 2334 2826 2406 scriptura
2851 2342 3148 2392 contextus
3173 2342 3230 2390 et
3279 2336 3527 2392 Vaticani
3564 2335 3777 2393 codicis

2185 2445 2298 2486 non
2336 2439 2567 2493 temere,
2605 2438 2666 2482 ut
2691 2438 2847 2500 puto,
2882 2431 3162 2500 auguror;
3189 2429 3565 2500 existimoque
3596 2431 3775 2485 usita-

2179 2531 2305 2582 tum
2369 2520 2425 2575 in
2473 2521 2830 2575 monasteriis
2879 2520 2987 2575 hoc
3020 2521 3252 2577 verbum
3302 2520 3371 2577 ad
3419 2520 3776 2580 indicandam

2189 2613 2553 2669 refectionem
2600 2613 2855 2683 corporis
2893 2613 3062 2668 semel
3113 2613 3166 2668 in
3208 2613 3298 2670 die
3326 2614 3615 2681 duntaxat,
3675 2631 3778 2672 nec

2189 2708 2346 2779 prius
2386 2706 2522 2761 hora
2569 2705 2640 2761 ab
2679 2715 2810 2761 ortu
2850 2706 2984 2762 solis
3026 2721 3189 2774 nona,
3241 2717 3598 2778 usurpatam;
3630 2708 3777 2779 quod

2189 2799 2390 2856 diebus
2418 2799 2678 2870 religioso
2698 2799 2913 2872 jejunio
2936 2801 3168 2855 sacratis
3188 2808 3400 2854 tantum
3425 2801 3557 2856 olim
3588 2801 3774 2858 (iebat.

2188 2891 2349 2950 Nunc
2380 2909 2513 2949 vero
2540 2893 2880 2950 Athanasius
2903 2895 3220 2966 patriarcha
3267 2895 3340 2951 ita
3380 2899 3630 2968 quotidie
3657 2898 3776 2956 ﬁeri

2185 2986 2441 3060 iubebat,
2483 2989 2818 3059 μσνοφαγίαν
2861 2988 2930 3042 δι’
2973 2989 3128 3050 ἔτους
3173 2989 3653 3062 ὲξακριϐούμενος.
3682 2992 3778 3047 Ni-

2191 3079 2394 3135 mirum
2421 3080 2514 3152 qui
2543 3081 2611 3136 ad
2637 3081 3008 3138 necessariam
3039 3083 3448 3140 observantiam
3481 3085 3779 3142 monastici

2194 3173 2436 3228 instituti
2469 3174 2758 3244 pertinere
2782 3173 3012 3230 duceret
3041 3183 3156 3232 toto
3179 3192 3328 3231 anno
3358 3179 3580 3234 nonnisi
3610 3179 3778 3236 semel

2119 3288 2166 3351 ο
2197 3265 2251 3320 in
2287 3265 2375 3321 die
2405 3266 2724 3331 comedere,
2756 3266 2924 3337 idque
2956 3283 3064 3323 non
3103 3279 3231 3325 ante
3268 3269 3461 3326 horam
3492 3288 3522 3326 a
3551 3273 3780 3328 meridie

2198 3361 2442 3424 tertiam,
2504 3375 2532 3414 a
2584 3360 2720 3415 solis
2757 3366 2884 3416 ortu
2924 3376 3153 3425 nonam,
3183 3362 3265 3418 sic
3299 3379 3399 3434 per
3445 3364 3780 3421 monaSteria

2196 3452 2319 3507 ﬁeri
2362 3453 2610 3524 quotidie
2645 3451 2898 3524 jubebat.
2949 3454 3034 3516 Ὡς
3066 3456 3159 3509 καὶ
3188 3456 3488 3522 ὲννατίςειν
3520 3459 3630 3524 ἀεὶ,
3677 3460 3780 3515 hoc

2198 3555 2307 3609 est,
2362 3545 2438 3600 ita
2474 3554 2533 3600 ut
2562 3544 2690 3601 inde
2719 3556 3045 3617 sequerentr
3079 3563 3295 3618 semper
3319 3550 3621 3606 monachos
3644 3552 3780 3606 hora

2197 3638 2466 3691 duntaxat
2500 3629 2650 3692 nona
2679 3634 2955 3707 jejunium
2999 3636 3251 3698 solvere.
3284 3639 3452 3692 etiam
3490 3637 3647 3694 festis
3678 3637 3780 3693 Do-

2196 3729 2330 3782 mini
2359 3737 2416 3783 et
2465 3727 2848 3784 Paschalibus.
2882 3727 3155 3799 Legitima
3187 3726 3447 3783 videlicet
3489 3728 3546 3783 in
3593 3744 3782 3797 cinno-

2196 3822 2308 3877 biis
2365 3823 2476 3889 iam
2519 3820 2670 3886 olim,
2720 3837 2832 3892 quo
2885 3820 2975 3876 die
3024 3821 3406 3893 jejunabatur,
3462 3820 3784 3876 refectionis

2200 3915 2337 3970 hora
2370 3930 2519 3969 nona
2557 3923 2674 3970 erat
2696 3959 2710 3983 ,
2765 3923 2932 3985 prout
2966 3915 3351 3970 demonstrare
3382 3929 3601 3986 possem
3646 3913 3784 3968 mul-

2197 4008 2268 4061 tis
2315 4007 2649 4062 testimoniis
2684 4014 2959 4072 veterum,
2999 4007 3106 4062 nisi
3137 4005 3306 4079 679
3346 4023 3476 4061 eum
3533 4006 3777 4062 laborem

2196 4112 2640 4173 prteoccupasset
2704 4102 3035 4160 ltosweidus
3092 4114 3284 4174 noster
3318 4103 3374 4159 in
3426 4102 3782 4159 Onomastico

2195 4197 2262 4253 ad
2299 4197 2454 4252 Vitas
2500 4197 2748 4262 Patrum,
2782 4200 2948 4252 verbo
2991 4216 3131 4252 nona
3166 4201 3318 4257 hora.
3349 4214 3513 4269 quem
3545 4197 3694 4253 vide.
3724 4199 3779 4253 In

2197 4291 2680 4347 conﬁrmationem
2745 4292 3018 4348 hactenus
3087 4294 3367 4348 dictorum
3431 4304 3623 4349 noster
3692 4294 3781 4349 hic

2197 4387 2342 4440 idem
2409 4394 2602 4441 auctor
2655 4385 2908 4450 inferius,
2964 4403 3017 4456 p.
3063 4386 3210 4450 6l8,
3291 4387 3450 4457 quasi
3497 4387 3785 4458 explicans

2196 4480 2329 4552 quid
2393 4481 2545 4548 prius
2601 4489 2851 4535 vocasset
2909 4480 3232 4542 ἑννατίζιιν.
3287 4481 3365 4536 ait
3415 4481 3777 4536 Athanasium

2200 4574 2450 4644 coegisse
2524 4573 2795 4643 μοναχοὺς
2855 4573 3195 4643 μονοφαγίαν
3245 4574 3368 4628 κατ’
3430 4575 3655 4638 ξννὰτας
3713 4575 3780 4628 δι’

514 4664 797 4720 curavisse
820 4678 1032 4718 annuas
1075 4663 1392 4736 pensiones.
1425 4663 1601 4718 Vecco
1639 4655 1864 4733 quidam
1901 4677 2096 4716 aureo-
2129 4643 2174 4698 Ῐ)
2204 4664 2358 4724 κτους
2393 4666 2586 4718 ἀσκεῖν
2613 4681 2626 4696 ο
2667 4667 2952 4720 monachos
2982 4666 3257 4736 jejunare'
3289 4666 3527 4736 quotidie
3572 4683 3668 4737 per
3705 4674 3784 4719 to-

551 4773 636 4811 um
664 4769 914 4823 centum,
944 4755 1302 4811 Meliteniotas
1331 4771 1462 4811 vero
1491 4755 1915 4826 quinquaginta.

583 4847 947 4909 Ἐννατίζειν
975 4865 1031 4920 p.
1067 4848 1191 4904 519.
1237 4847 1424 4904 Codex
1474 4849 1718 4919 Optimus
1762 4846 2098 4902 Barherinus

514 4946 568 4999 in
620 4953 881 5000 contextu
932 4943 1098 4999 habet
1131 4943 1627 5010 iuventam-sed
1689 4943 1997 5007 meliorem,
2036 4950 2098 4996 ut

518 5039 737 5108 Opinor,
769 5039 911 5093 idem
941 5038 1234 5093 lectionem
1271 5038 1324 5092 in
1359 5037 1609 5108 margine
1632 5036 1896 5107 suggerit,
1923 5034 2100 5088 ἐνατί-

519 5128 654 5197 ζειν.
687 5147 787 5202 pro
814 5148 925 5202 quo
962 5131 1257 5187 Vaticanus
1290 5130 1566 5195 ὲννεάζειν
1595 5130 1841 5186 exhibet.
1877 5129 1990 5185 Nos
2019 5128 2085 5183 ad

595 5326 655 5397 (⁸)
687 5321 815 5379 Post
870 5314 994 5397 haec
1020 5321 1222 5397 scripta
1284 5320 1748 5397 reperiuverbum
1793 5317 2096 5383 ἐννατιξειν

520 5391 625 5455 hoc
655 5397 772 5459 ipso
791 5408 952 5462 quem
981 5391 1320 5464 hicexposui
1354 5391 1672 5464 signiﬁcatu
1712 5402 2037 5464 usurpatum
2064 5402 2094 5441 a

523 5471 582 5525 S.
613 5459 904 5522 Theodoro
939 5465 1149 5519 Studita
1172 5459 1237 5518 in
1282 5459 1616 5519 Laudatioue
1649 5459 1860 5517 funebri
1895 5461 1953 5514 S.
1984 5459 2100 5514 Pla-

527 5541 672 5596 tonis
716 5536 996 5602 monachi,
1027 5551 1146 5602 qua:
1176 5551 1278 5588 ms.
1315 5545 1568 5588 servatur
1593 5534 1646 5587 in
1684 5532 1808 5588 cod.
1838 5530 2101 5585 Vaticano

526 5608 684 5666 £660.
719 5608 774 5663 ln
801 5620 862 5662 ea
895 5607 1142 5661 oratione
1170 5607 1332 5674 paulo
1365 5615 1490 5659 ante
1520 5604 1755 5660 medium
1792 5602 2105 5674 referuntur

525 5683 640 5739 haec
669 5678 831 5735 verba
864 5677 1084 5732 Antonii
1118 5673 1391 5741 monachi,
1417 5675 1508 5746 qui
1536 5674 1832 5744 discipulus
1854 5682 1904 5726 et
1944 5673 2105 5727 mini-

523 5769 638 5810 ster
664 5752 838 5805 fuerat
871 5749 928 5805 S.
963 5749 1204 5805 Platonis
1238 5748 1361 5802 dum
1397 5745 1574 5802 adhuc
1601 5748 1842 5799 viveret:
1873 5745 2096 5813 Ἀρτης,

525 5824 682 5892 φησι,
708 5822 784 5893 τῷ
818 5821 993 5890 “arpi
1016 5822 1107 5873 καὶ
1139 5818 1351 5889 κύαμος
1380 5820 1517 5893 προς
1535 5817 1908 5893 λαχάνοιςᾳκαὶ
1932 5820 2100 5893 ἐυερο-

522 5887 824 5964 ερῦοἰς,’ή
881 5887 1005 5961 καθ’
1058 5887 1272 5963 ἡμέραν
1307 5887 1656 5964 ὲνναξτίςοοσα
1697 5887 2097 5964 situmst}.

767 5956 933 6030 πλὴν
963 5956 1249 6034 Κυρῖαδίῆς
1287 5965 1377 6016 καὶ
1423 5962 1636 6036 ἑορτῆς,
1673 5960 1796 6014 καθ’
1829 5959 1891 6024 ἃς
1924 5956 2103 6012 εἰώθει

2202 4770 2308 4811 tum
2357 4776 2580 4824 annum,
2643 4758 2806 4814 semei
2837 4770 3042 4814 tantum
3093 4765 3145 4816 in
3170 4761 3272 4827 die,
3307 4761 3464 4832 idque
3516 4776 3620 4815 non
3663 4769 3783 4815 ante

2199 4855 2385 4907 horam
2421 4869 2616 4907 nonam
2645 4854 2962 4907 comedenda
2990 4854 3082 4922 (').

2273 4945 2356 5018 [Ρ.
2381 4946 2507 5018 t7?)
2535 4945 2890 5017 Ἐξαγώνια.
2923 4962 2977 5017 p.
3001 4947 3128 5001 εει.
3150 4944 3384 5002 Etiamsi
3417 4947 3579 5016 vulgo
3607 4960 3784 5020 gram-

2202 5037 2388 5090 matici
2439 5035 2710 5104 ἐξαγώνια
2749 5037 2856 5092 dici
2905 5047 3171 5093 censeant
3214 5037 3371 5107 quasi
3403 5037 3509 5104 ἔξω
3553 5037 3781 5108 ἀγῶνος,

2198 5146 2322 5200 qua:
2358 5131 2469 5184 sint
2503 5141 2655 5185 extra
2706 5141 3014 5198 certamen,
3066 5131 3299 5186 nihilad
3359 5147 3584 5188 causam
3652 5131 3783 5187 atti-

2202 5319 2582 5390 ὁμοτράπεζος
2618 5314 2763 5374 εἶναι
2807 5318 2874 5388 τῇ
2909 5321 3064 5389 κοινῇ
3121 5315 3468 5390 ἀδελφότητι.
3505 5316 3604 5374 Ubi
3639 5319 3788 5375 viales

2205 5389 2594 5454 ἐννατιζουσαν
2637 5390 2938 5460 διατροφὴν
2995 5391 3199 5451 vocari,
3263 5389 3618 5446 refectionem
3657 5391 3787 5446 liora

2205 5477 2350 5516 noua
2385 5472 2682 5530 sumptam.
2731 5461 2844 5514 Hoc
2897 5462 3042 5515 enim
3075 5471 3250 5514 totum
3305 5461 3677 5516 testimonium
3712 5465 3788 5517 sic

2211 5532 2405 5586 Latine
2461 5543 2669 5588 sonat:
2707 5532 2873 5586 Panis
2929 5532 3146 5603 (inquit)
3185 5530 3358 5598 Patri,
3408 5541 3456 5586 et
3489 5533 3618 5603 {alia
3671 5550 3786 5586 cum

2213 5605 2440 5658 oleribus
2475 5621 2538 5656 ac
2570 5605 2762 5658 teneris
2815 5603 3048 5670 fastigiis
3098 5606 3370 5675 stirpium,
3418 5604 3787 5675 quotidianam

2212 5684 2363 5728 erant
2387 5676 2498 5730 sine
2527 5675 2638 5730 oleo
2663 5679 2995 5738 alimentum,
3029 5689 3167 5730 nona
3197 5673 3298 5730 non
3322 5676 3466 5745 prius
3497 5676 3628 5728 hora
3655 5673 3788 5745 sumi

2206 5747 2457 5814 solitum,
2513 5747 2617 5801 nisi
2685 5745 2984 5799 Dominica
3015 5756 3148 5817 esset
3206 5756 3297 5800 aut
3325 5744 3529 5817 festum
3559 5760 3579 5799 :
3603 5744 3789 5814 quibus

2207 5818 2387 5872 diebus
2422 5819 2688 5874 communi
2719 5819 2920 5872 cunctis
2955 5816 3184 5890 {utribus
3224 5816 3403 5874 manu
3453 5825 3786 5873 consueverat

2208 5905 2369 5947 νισι-ι.
