4058 6298
345 422 470 491 7η

1710 414 2204 479 GLOSSARIUM

3494 420 3604 486 ’142

348 516 556 580 tientia.
592 515 1016 589 ἁπροσδιὸνυσα,
1065 514 1259 571 videor
1310 513 1446 568 mihi
1493 501 1674 569 tamen
1715 514 1800 569 vel
1849 530 1916 567 cx
1948 521 1991 576 Α
2021 512 2457 571 internecionem
2496 530 2668 587 usque
2709 513 3089 582 conflixerant,
3128 523 3316 573 secuta
3341 514 3468 573 inde
3505 519 3608 573 mi-

347 611 453 667 ltoc
479 612 652 666 nostri
684 611 810 664 loco
835 623 943 664 non
973 617 1180 665 temere
1207 608 1502 678 suSpicari,
1529 606 1829 679 significari
1857 621 1927 662 eo

345 703 613 758 vocabulo
640 719 761 774 quae
806 703 986 757 Latini
1036 701 1304 756 subseciva
1333 710 1556 764 vocant,
1603 699 1745 755 ultra
1778 715 1930 754 men-

343 810 533 850 suram
568 803 774 848 rectam
794 793 1112 856 excedentia
1143 793 1199 852 in
1225 791 1618 862 partitionibus
1647 805 1926 860 agrorum.

342 887 480 944 Cum
515 887 664 943 enim
710 885 1046 957 agrimensio
1076 901 1180 958 per
1230 884 1408 939 lineas
1453 883 1546 937 flat
1587 881 1828 936 invicem
1861 880 1929 935 ad

348 989 526 1035 rectos
590 978 820 1049 angulos
845 988 1069 1049 ascetas.
1136 991 1307 1047 saepe,
1335 977 1390 1030 in
1440 974 1653 1044 campis
1694 973 1932 1043 obliqua:

349 1074 536 1146 figura:
555 1071 908 1143 contingebat
937 1070 1220 1126 abundare
1258 1069 1493 1138 spatium
1529 1065 1752 1136 aliquod
1777 1075 1930 1119 extra

347 1166 643 1247 angulum,
686 1165 790 1232 ἔξω
813 1169 1034 1233 γωνίαις,
1070 1162 1216 1234 quod
1252 1162 1548 1230 ἐξαγώνιον
1586 1158 1785 1226 Graeci,
1829 1156 1934 1212 La-

350 1263 474 1324 tini.
523 1269 583 1315 ut
631 1260 770 1322 dixi.
809 1258 1165 1313 subsecivum
1203 1263 1485 1321 vocarent.
1519 1269 1662 1325 saepe
1690 1267 1787 1322 per
1817 1251 1933 1306 haec

348 1351 618 1407 vocabula
666 1349 891 1420 utrique
953 1355 1112 1420 tropo
1167 1344 1406 1418 quodam
1465 1346 1786 1401 indicantes
1845 1359 1935 1399 res

349 1445 688 1500 accesserias
725 1459 827 1498 nec
861 1443 1135 1517 praecipue
1167 1443 1432 1503 intentas,
1467 1440 1562 1494 sed
1597 1455 1715 1508 qua:
1747 1435 1932 1493 aucta-

351 1539 418 1593 rii
476 1539 602 1594 loco
647 1538 716 1592 ad
777 1537 1066 1607 primarias
1114 1533 1558 1598 accumulentur,
1621 1532 1765 1586 sicut
1816 1531 1934 1586 ista;

351 1632 656 1687 subseciva:
686 1630 801 1700 agri
861 1639 1048 1700 partes
1082 1627 1240 1682 alteri
1288 1625 1586 1681 confinium
1611 1624 1932 1680 colonorum

352 1725 720 1780 addebantur.
739 1723 1001 1795 Πάρεργα
1029 1721 1202 1777 Cra-ci
1225 1721 1386 1775 aliter
1405 1720 1704 1791 appellant.
1729 1707 1936 1788 quibus

352 1819 630 1892 prmcipue
660 1818 936 1872 intentum
964 1815 1274 1887 designans
1314 1813 1615 1884 respondet
1636 1813 1696 1865 τὸ
1725 1813 1933 1884 προύρ-

2042 1815 2159 1868 tica:
2183 1815 2326 1874 ratio
2356 1817 2659 1884 permittat.
3161 1890 3168 1899 Ι

1963 1901 2012 1962 Β
2111 1906 2491 1974 Ἐπιτύμϐιον
2516 1923 2568 1976 p.
2620 1906 2706 1963 66‘.
2738 1906 2865 1978 Agit
2897 1907 2964 1978 de
3010 1907 3292 1972 Nicandro
3322 1900 3622 1966 Larisseno

352 1930 475 1982 you.
508 1912 656 1983 quod
673 1921 729 1967 et
749 1910 846 1965 hic
875 1913 1060 1964 u’ostcr
1081 1919 1332 1976 usurpat.

427 2006 726 2071 Ἐξάντης
749 2019 804 2074 p.
836 2001 964 2061 265.
1002 2001 1131 2056 Scio
1164 1999 1391 2066 ὲξάντην
1427 1999 1591 2069 vulgo
1625 1997 1809 2068 putari
1839 1997 1923 2051 di-

355 2110 504 2154 ctum
528 2098 686 2169 quasi
709 2098 814 2164 ἔξω
843 2097 998 2166 ἄτης.
1025 2096 1136 2149 sine
1171 2109 1331 2166 ηοξᾳ,
1360 2093 1699 2158 incolumem,
1728 2092 1934 2172 indem-

355 2192 707 2263 nem._Cujus
733 2191 978 2246 nationis
1014 2189 1068 2244 in
1107 2183 1383 2243 Pltaadone
1415 2172 1657 2240 Platonis
1681 2175 1936 2255 exempla

355 2288 634 2357 leguntur.
669 2283 776 2338 Sed
818 2298 930 2337 non
987 2280 1286 2352 quadraret
1321 2279 1386 2333 ad
1447 2279 1554 2334 loci
1581 2279 1934 2343 sententiam

356 2378 767 2450 interpretatio.
812 2390 934 2448 quae
991 2375 1116 2431 istis
1176 2373 1463 2431 vocabulis
1520 2357 1933 2432 hic'uteretur.

354 2473 479 2528 Non
509 2472 656 2527 enim
708 2470 835 2527 ideo
893 2469 1172 2524 vocabant
1213 2464 1534 2537 Bulgariad
1569 2480 1798 2535 regnum
1835 2463 1934 2530 Mi-

358 2568 608 2624 chaelem
665 2565 1018 2622 Constantini
1070 2563 1214 2634 regis
1266 2560 1543 2632 quondam
1594 2558 1932 2620 sui'ﬁlium.

357 2661 506 2734 quod
549 2661 674 2732 ejus
729 2676 855 2714 cum
904 2673 999 2728 spe
1046 2670 1338 2712 successus
1391 2654 1690 2710 inchoandi
1730 2655 1932 2724 negotii

363 2767 580 2825 tempus
607 2767 755 2807 nunc
805 2765 928 2806 esse
988 2757 1268 2821 putarent.
1336 2763 1462 2801 cum
1519 2745 1746 2802 adversa
1781 2746 1932 2815 stirpi

358 2847 705 2904 Constantini
742 2834 988 2914 potentia
1020 2837 1402 2900 Tocharorum
1434 2840 1488 2895 in
1513 2837 1780 2907 Bulgaria:
1812 2852 1940 2891 eon-

365 2938 498 2994 ﬂnio
529 2935 936 2992 dominantium
972 2942 1144 2990 staret
1173 2931 1469 2987 incolumis
1499 2947 1513 2984 :
1541 2930 1636 2985 sed
1672 2929 1726 2984 id
1747 2929 1939 2985 volunt

363 3014 697 3103 significare,
732 3028 1005 3083 infirmam
1066 3041 1187 3082 esse
1243 3025 1407 3084 modo
1457 3023 1608 3079 illam
1644 3024 1938 3094 minusque

364 3137 526 3191 quam
553 3120 710 3192 prius
738 3119 1162 3194 formidabilem,
1193 3118 1338 3177 unde
1365 3117 1715 3172 occasionem
1747 3115 1936 3171 oll‘erri

367 3229 476 3267 non
525 3211 927 3283 aspernandam
961 3203 1266 3267 censebant
1297 3209 1582 3266 Michaelis
1628 3209 1684 3265 itt
1720 3212 1934 3280 patera!

367 3305 516 3376 regni
553 3305 956 3376 possessionem
985 3303 1308 3359 reducendi.
1341 3301 1454 3358 Nec
1475 3301 1692 3357 abludit
1731 3302 1800 3358 ab
1826 3303 1939 3357 ori-
1973 3296 2007 3310 ”

364 3397 491 3469 gine
519 3412 583 3454 ac
631 3398 941 3468 veriloquio
973 3399 1086 3471 jam
1115 3398 1282 3470 680
1309 3397 1552 3457 indicato
1584 3395 1737 3452 vocis
1776 3396 1941 3468 hujus

366 3495 486 3549 haec
537 3493 779 3550 secunda
840 3493 1015 3550 notio.
1079 3493 1219 3548 Nam
1272 3492 1504 3564 ὲξάντης
1549 3506 1638 3546 επ.
1668 3491 1720 3544 vi
1773 3491 1937 3562 etymi

367 3586 594 3658 proprie
648 3595 809 3643 sonat
861 3602 991 3641 eum
1041 3586 1136 3655 qui
1171 3586 1240 3639 οἱ
1265 3587 1418 3655 gravi
1453 3601 1596 3640 noxa
1639 3585 1938 3652 primulum

367 3693 651 3750 emergere
692 3679 906 3756 incipit
931 3688 987 3735 et
1029 3678 1132 3745 ἔξω
1167 3681 1303 3745 ᾶτης
1345 3694 1489 3736 esse.
1527 3679 1718 3750 Itaque
1746 3688 1938 3733 votum

367 3781 450 3826 est
479 3770 634 3827 febre
659 3771 964 3827 laborantis
992 3783 1049 3842 et
1079 3773 1668 3844 morbopericlitantis
1700 3774 1939 3850 sontico.

369 3866 466 3921 illo
524 3883 688 3923 versu
738 3882 1062 3939 expressum
1127 3884 1292 3940 quem
1346 3870 1543 3926 recitat
1579 3857 1941 3940 Eiymologici

373 3970 595 4028 auctor,
626 3955 670 4016 ὦ
697 3961 823 4028 Ζεῦ,
855 3962 1110 4031 γενέσθαι
1163 3962 1329 4033 τῆσδέ
1378 3962 1444 4032 ’μ’
1492 3961 1733 4031 ἑξάντην
1758 3962 1940 4018 νόσου.

374 4057 478 4121 Da,
496 4055 731 4128 Jupiter,
752 4056 972 4111 evadere
987 4073 1076 4113 me
1097 4056 1387 4128 periculum
1415 4046 1570 4125 hujus
1603 4057 1789 4113 morbi.
1822 4046 1942 4112 Jtitn

372 4166 538 4221 porro
563 4166 731 4207 sanus
761 4164 886 4206 esse
909 4148 1135 4214 dicitur,
1160 4151 1320 4219 cujus
1349 4140 1639 4204 remittens
1661 4156 1756 4204 aut
1786 4148 1944 4219 penis

373 4259 460 4300 tus
497 4259 721 4301 cessans
769 4243 941 4312 febris
993 4257 1144 4312 spem
1197 4241 1455 4296 rediturae
1495 4241 1824 4299 valetudinis
1854 4257 1984 4299 τεο.

374 4339 576 4410 linquit
620 4337 918 4408 integram.
948 4334 1118 4407 Cujus
1160 4333 1242 4393 rei
1273 4335 1402 4404 quia
1432 4349 1661 4390 somnus
1692 4335 1747 4388 in
1785 4343 1944 4389 acute

373 4429 738 4486 febrientibus
787 4429 1098 4484 interdum.
1129 4426 1345 4497 signum
1369 4435 1478 4487 est.
1524 4425 1782 4497 discipuli
1819 4425 1944 4480 dor-

373 4524 513 4579 mire
565 4519 1238 4594 languentemLasarum
1298 4536 1327 4574 a
1373 4519 1598 4574 Christo
1654 4519 1945 4585 audientes

2030 607 2265 661 serrima
2318 607 2660 664 desolatione
2718 609 2887 664 totius
2924 611 3170 679 ipsorum
3226 610 3488 681 regionis,
3552 619 3610 665 et

2029 691 2222 770 paucis
2277 701 2572 757 admodum
2621 702 2867 772 ipsorum
2919 701 3151 775 Tzacam
3205 704 3506 775 fugientem
3552 706 3611 759 in

2030 795 2339 866 Bnlgariam
2365 796 2593 861 secutis.
2621 813 2798 868 nuper
2829 797 2942 852 illic
2972 799 3251 868 oppressis
3276 799 3610 870 praevalente

2030 885 2536 957 mphentisthlabo.
2600 887 2780 945 Unum
2849 874 3114 960 superest
3177 889 3447 955 dubium,
3510 906 3612 946 cur

2032 979 2400 1050 Paehymcres
2431 980 2486 1034 in
2514 980 2762 1035 secundo
2785 996 2916 1036 casu
2949 981 3178 1052 ὲξὰντης
3211 978 3455 1038 scribat”:
3484 990 3611 1038 nam

2032 1073 2088 1127 in
2116 1073 2294 1143 primo
2324 1071 2497 1142 accipi
2560 1088 2668 1128 non
2721 1082 2922 1144 potest,
2975 1088 3099 1128 cum
3129 1073 3307 1129 tribus
3343 1089 3470 1139 ms
3516 1075 3613 1129 altl-

2028 1164 2234 1236 juuctis
2260 1163 2543 1219 femininis
2573 1164 2835 1236 genitivis
2884 1175 3173 1236 conpletur
3218 1168 3482 1240 φανείσης
3517 1171 3612 1224 To-

2033 1257 2272 1330 χαρικῆς
2322 1257 2597 1321 ἐξουσίας.
2648 1259 2732 1314 An
2782 1274 2940 1314 error
2985 1259 3075 1316 hic
3116 1263 3500 1331 agnoscendus
3557 1272 3614 1318 ct

2032 1351 2290 1416 ὲξάντους
2343 1350 2798 1418 rescribendum,
2853 1362 3046 1409 contra
3126 1353 3290 1410 fidem
3362 1355 3611 1412 codicum

2034 1442 2118 1516 [P.
2150 1443 2275 1516 4‘78]
2307 1446 2644 1514 optimorum
2671 1445 2713 1499 B
2749 1454 2804 1499 et
2829 1446 2873 1501 A
2897 1447 3068 1502 lnam
3093 1447 3391 1504 Vaticanus
3419 1449 3522 1504 hoc
3545 1450 3612 1505 de

2034 1551 2188 1592 more
2213 1523 2417 1594 omisit.
2443 1537 2525 1593 An
2562 1537 2750 1608 potius
2795 1539 3251 1608 existimandum,
3292 1538 3614 1596 e'nomina-

2034 1628 2148 1682 tivo
2182 1627 2448 1684 feminino
2475 1629 2672 1700 ἐξάντη
2704 1630 2943 1700 patrium
2974 1630 3126 1698 hunc
3148 1645 3335 1686 casum
3366 1647 3396 1687 a
3423 1642 3614 1687 nostro

2035 1722 2206 1775 duci?
2240 1721 2385 1791 quod
2421 1737 2618 1777 vereor
2652 1733 2710 1777 ut
2755 1723 3004 1795 analogia
3040 1718 3096 1778 et
3141 1734 3292 1780 recta
3344 1715 3617 1797 gramma-

2037 1815 2159 1868 tica:
2183 1815 2326 1874 ratio
2356 1817 2659 1884 permittat.
3406 1841 3412 1847 -
3470 1823 3478 1827 ·

2037 1997 2308 2053 irridente
2336 1998 2710 2055 Andronicum
2742 2001 2870 2056 olim
2897 2001 3221 2072 episcOpum
3260 2000 3614 2070 Sat-densent,

2037 2099 2226 2162 postea
2251 2093 2606 2161 monachum,
2639 2093 2735 2150 sed
2773 2110 2871 2164 per
2903 2096 3264 2152 ambitionem
3299 2111 3331 2152 e
3363 2096 3474 2152 vita
3498 2113 3616 2151 mo-

2038 2185 2246 2240 nastica
2307 2200 2591 2241 reversum
2643 2186 2710 2241 ad
2776 2187 3113 2258 dignitates;
3171 2191 3378 2260 quibus
3434 2190 3617 2246 subita

2038 2279 2403 2333 conversione
2441 2279 2608 2334 sortis
2636 2281 2868 2350 ejectns.
2906 2282 3094 2337 multis
3129 2299 3271 2353 quos
3301 2277 3618 2340 irritaverat

2037 2368 2342 2430 ludibrium
2399 2373 2616 2437 debuit.
2662 2376 2721 2428 in
2781 2376 2978 2446 primis
3043 2374 3325 2432 Nicandro
3352 2379 3440 2434 isti
3495 2380 3618 2450 ejus

2038 2478 2210 2534 opera
2254 2467 2571 2536 episcopatu
2605 2468 2790 2539 pulso.
2813 2470 2922 2536 Qui
2957 2481 3017 2526 ut
3052 2471 3372 2528 Andronico
3412 2487 3617 2542 ειμι-ο·
3656 2454 3658 2456 ν

2039 2556 2604 2616 brarctambitiosam.
2633 2563 3045 2633 eruptionem'e
3091 2573 3238 2621 statu
3287 2567 3616 2632 monastico,

2040 2653 2428 2732 monachicum
2485 2656 2922 2729 ei_e1:t-:tip6tov
2976 2657 3191 2727 injecit.
3253 2659 3373 2729 ipso
3426 2659 3615 2715 statim

2040 2747 2346 2818 rejiciente.
2383 2745 2501 2804 Non
2533 2751 2749 2818 reperio
2779 2753 2907 2806 alibi
2940 2752 3084 2808 hanc
3131 2767 3344 2819 vocem,
3376 2754 3466 2807 sed
3500 2769 3619 2808 ma-

2039 2840 2239 2899 nifestc
2265 2841 2429 2897 docet
2460 2842 2548 2906 hic
2580 2842 2701 2914 ipse
2734 2845 2902 2908 locus
2936 2844 3132 2914 capitis
3165 2853 3382 2915 tegmen
3424 2857 3621 2900 mona-

2039 2935 2268 2989 chorum
2335 2936 2618 3006 proprium
2659 2937 2740 2993 sic
2770 2938 3013 3004 dictum;
3058 2942 3204 2992 unde
3250 2947 3307 2993 et
3342 2940 3620 2995 cucullum

2040 3025 2233 3083 Latln'e
2256 3027 2497 3091 reddidi.
2530 3041 2590 3084 et
2617 3045 2743 3097 mox
2770 3030 2826 3084 in
2880 3024 3209 3102 repetitione
3255 3031 3338 3087 rei
3377 3032 3622 3103 ejusdem

2042 3122 2436 3178 ecclesiasticis
2488 3133 2810 3195 usurpatam
2869 3124 3244 3194 scriptoribus
3291 3141 3388 3195 pro
3420 3125 3622 3181 cuculli

2044 3219 2348 3287 synonyma
2399 3216 2603 3286 caputii
2636 3220 2847 3273 'vocem
2906 3216 3155 3274 adhibui.
3208 3218 3397 3286 Yideri
3451 3220 3625 3288 possit

2047 3308 2323 3362 cucullum
2377 3309 2742 3365 monasticum
2810 3310 2933 3366 ideo
3000 3310 3212 3385 dictum
3276 3311 3621 3381 ἐπιτύμϐιον,

2046 3403 2194 3473 quod
2217 3419 2342 3458 cum
2377 3404 2546 3459 vestis
2576 3405 2692 3474 ipsa
2721 3404 2793 3459 sit
2823 3404 2980 3475 quasi
3003 3404 3315 3474 sepulcrum
3341 3403 3622 3469 monachi,

2048 3496 2297 3560 cucullus
2325 3505 2504 3552 exstet
2531 3499 2677 3552 velut
2707 3514 2845 3567 apex
2868 3513 2931 3553 ne
2955 3498 3235 3568 fastigium
3269 3487 3492 3552 tumbae.
3554 3532 3558 3534 ~

2115 3591 2278 3662 681
2307 3591 2933 3660 Ἓσκαμμιῑτισμένος,
2967 3606 3018 3660 p.
3075 3592 3197 3645 115.
3235 3590 3376 3658 Quid
3419 3591 3488 3659 sil
3519 3591 3626 3646 hoc

2048 3685 2170 3739 loco
2213 3684 2739 3755 ἐσκαμματισμὲνος
2775 3688 2959 3738 minus
2993 3685 3194 3761 ntir‘um
3235 3695 3320 3739 est
3374 3685 3624 3754 ignotum

2051 3776 2185 3832 mihi
2231 3792 2351 3852 esse
2391 3763 2662 3848 nusquam
2718 3777 2849 3833 alibi
2881 3778 2989 3833 tale
3048 3777 3378 3832 vocabulum
3438 3786 3622 3842 nacte.

2049 3881 2172 3926 cum
2199 3885 2268 3925 ne
2301 3870 2566 3934 Vaticano
2595 3869 2821 3940 quidem
2855 3868 3230 3939 paraphrasta:
3257 3864 3411 3924 vocis
3459 3868 3626 3940 hujus

2051 3971 2291 4034 potestas
2317 3972 2604 4032 perSpeeta
2629 3961 2818 4024 fuerit.
2851 3969 3016 4032 prout
3043 3969 3273 4031 apparet
3295 3975 3364 4016 ex
3385 3972 3625 4032 eoquon

2050 4055 2576 4125 ὲσκαμματψμένδς
2617 4053 2724 4109 viri
2770 4069 2972 4108 nomen
3032 4053 3288 4125 intelligit
3318 4051 3563 4108 distincti
3594 4067 3627 4107 a

2050 4145 2482 4215 Moschampare,
2541 4145 2707 4215 hujus
2759 4145 3017 4200 videlicet
3081 4145 3135 4199 in
3183 4145 3628 4216 chartopbylacis

2051 4237 2612 4295 oﬂlciosuccessoris.
2651 4237 2742 4294 Sic
2770 4238 2919 4293 enim
2944 4237 3011 4293 ab
3038 4253 3101 4293 eo
3129 4238 3220 4294 hic
3250 4238 3406 4293 locus
3438 4239 3627 4292 reddi-

2053 4339 2143 4385 tur
2179 4347 2192 4383 :
2231 4329 2458 4400 Συμὸὰν
2499 4331 2553 4385 δέ
2587 4331 2770 4389 una!
2812 4331 2941 4403 περὶ
2974 4331 3066 4385 τὸν
3105 4331 3628 4402 ὲσκεμματισμένον

2053 4422 2446 4506 χαρτοφύ).ςκα
2476 4423 2573 4477 κει.)⁵
2615 4424 3036 4496 Mocillam-rapat.
3074 4424 3328 4494 Ἔχοντες
3361 4422 3453 4477 οὖν
3483 4416 3631 4477 οὗτοι

2054 4515 2148 4568 καὶ
2181 4516 2272 4569 τὸν
2306 4513 2836 4587 Πεντεκκλησιώτην
2867 4515 3151 4570 ὲνεκότουν
3182 4516 3257 4585 τῷ
3285 4516 3628 4588 πατριάρχῃ·

372 4615 552 4678 aiunt,
589 4614 746 4670 Ioatt.
787 4629 865 4679 ιι,
899 4613 968 4667 12
1006 4630 1020 4668 :
1064 4612 1258 4682 Κύριε,
1287 4614 1334 4663 εἰ
1381 4611 1735 4680 κεκοίμηται,
1769 4610 1943 4680 σωθήέ

2056 4610 2133 4665 Ita
2164 4610 2282 4676 ille,
2338 4618 2446 4665 tres
2482 4625 2718 4680 ponens,
2763 4610 2860 4665 ubi
2893 4611 3029 4666 satis
3071 4609 3362 4687 manifeste
3390 4609 3628 4688 duorum

375 4724 553 4763 σεται.
591 4705 830 4771 Domina,
882 4707 930 4760 si
986 4705 1201 4771 dormit,
1239 4703 1419 4760 salvus
1451 4706 1573 4758 erit.
1603 4704 1749 4775 Ergo
1801 4718 1948 4765 cum.

373 4817 541 4873 quem
598 4799 962 4870 Hippocrates
1022 4797 1252 4866 ὲξάντην
1306 4797 1463 4864 dicit,
1531 4796 1774 4852 Galenus
1823 4797 1950 4871 ὑγιῆ

374 4915 566 4954 sanum
594 4898 1014 4970 interpretatur,
1050 4894 1130 4951 sic
1159 4893 1578 4965 intelligendum
1604 4892 1866 4962 putarim.
1895 4903 1956 4948 ut

378 4991 524 5046 malo
591 4991 910 5046 defunctum
964 4996 1021 5043 et
1076 4987 1230 5043 febre
1272 5002 1488 5057 purum
1527 4987 1662 5042 velit
1711 4987 1952 5063 dicere:

378 5099 505 5139 nam
523 5091 579 5139 et
605 5082 662 5137 hi
686 5079 950 5138 dicuntur
969 5074 1256 5150 ὑγιάενειν,
1284 5078 1411 5134 licet
1439 5077 1508 5134 ad
1539 5078 1763 5149 plenum
1790 5078 1957 5134 robur

379 5177 579 5249 integri
609 5176 814 5248 vigoris
856 5175 1103 5232 nondum
1143 5171 1456 5229 conﬁrmati
1483 5171 1615 5249 sint,
1647 5171 1743 5228 sed
1774 5171 1956 5229 adhuc

378 5271 721 5329 debilitatem
753 5269 1168 5325 imminutarum
1209 5266 1406 5322 morbo
1453 5265 1656 5322 virium
1690 5265 1955 5322 sentiant.

380 5368 460 5424 Ac
497 5365 640 5422 forte
675 5379 829 5420 more
857 5378 958 5419 suo
985 5360 1245 5432 llesychii
1300 5360 1510 5432 glossas
1543 5359 1601 5414 in
1635 5360 1825 5429 animo
1862 5360 1958 5415 ha-

381 5460 571 5517 buerit
595 5459 961 5531 Pachymeres
983 5457 1101 5512 haec
1121 5454 1393 5521 scribens,
1419 5454 1512 5509 ubi
1527 5454 1734 5525 legerat
1761 5474 1774 5509 :
1798 5454 1955 5521 ἐξάν-

382 5574 507 5627 sq”
547 5555 576 5608 6
599 5553 696 5623 τῆς
734 5553 889 5606 νάσου
921 5548 1026 5616 ἔξω
1056 5548 1152 5604 ὢν.
1188 5548 1292 5616 Qui
1343 5557 1528 5604 autem
1575 5563 1607 5604 e
1640 5549 1838 5625 morbo
1871 5567 1962 5606 re-

381 5661 512 5705 cens
534 5645 790 5716 emergit,
817 5641 1017 5698 debilis
1048 5641 1311 5696 videlicet
1330 5637 1739 5711 imbecillisque
1775 5642 1959 5699 adhuc

384 5751 490 5805 est.
516 5741 708 5811 quales
737 5746 855 5792 tum
893 5735 1066 5791 videri
1099 5742 1356 5804 poterant
1409 5734 1785 5791 Tocharorum
1837 5736 1962 5791 Bul-

387 5834 530 5907 garis
561 5833 920 5887 finitimorum
951 5845 1106 5901 opes,
1137 5835 1330 5898 utpote
1353 5827 1448 5897 qui
1468 5829 1644 5899 paulo
1667 5838 1792 5885 ante
1815 5829 1961 5885 bello

392 5933 529 5988 inter
557 5946 615 5987 se
652 5929 828 5996 civili,
868 5927 1102 5984 ducibus
1127 5926 1257 5982 hinc
1286 5926 1480 5982 Tuctai
1525 5927 1654 5983 inde
1680 5927 1854 6000 Noga,
1890 5929 1958 5986 ad

2057 4713 2271 4761 tantum
2305 4712 2498 4759 auctor
2550 4704 2824 4772 meminit,
2878 4704 3314 4775 Moschamparis
3335 4701 3632 4759 excharto-

2055 4797 2306 4869 phylacis
2361 4806 2417 4851 et
2465 4795 3078 4867 Quinqneecclcsiensis
3139 4796 3428 4852 antistitis.
3492 4793 3628 4852 Nam

2056 4902 2182 4947 cum
2239 4892 2584 4946 nominasset
2636 4891 3163 4962 ὲσκαμματισμένον
3211 4890 3628 4963 χαρτοφύλακα,

2056 5001 2186 5057 mox
2233 4998 2516 5054 exponens
2553 4984 2678 5055 quis
2711 4984 2755 5038 is
2786 4985 2934 5041 esset
2982 4995 3039 5039 et
3083 4998 3249 5056 quam
3306 4984 3378 5040 ob
3410 4995 3634 5040 causam

2056 5080 2581 5159 ὲσκαμματισμένος
2631 5079 2935 5145 diceretur,
2997 5079 3379 5149 parenthesim
3440 5078 3636 5134 inserit

2056 5191 2165 5246 qua
2206 5178 2369 5230 docet
2418 5158 2889 5244 Moscbamparem
2946 5172 3123 5230 oflicio
3170 5158 3665 5245 chartOphylacis,'

2058 5270 2213 5340 prius
2237 5284 2400 5340 quam
2432 5269 2550 5323 lucc
2574 5267 2770 5322 fierent
2803 5267 3008 5336 quibus
3037 5282 3096 5324 se
3129 5267 3424 5323 narrandis
3453 5266 3638 5323 accin-

2032 5381 2034 5383 ’
2058 5366 2242 5436 gebat.
2268 5364 2592 5429 decessisse.
2620 5363 2725 5419 hoc
2753 5364 2870 5433 ipso
2900 5362 3161 5418 indicans
3179 5364 3642 5435 ὲσκαμματισμέ-

2059 5477 2148 5513 νον
2178 5457 2571 5529 χαρτοφύλακα
2612 5457 2702 5512 hic
2735 5472 2766 5511 a
2822 5471 2881 5511 se
2937 5457 3176 5526 positum
3213 5471 3313 5526 pro
3353 5457 3643 5512 excharto-

2065 5549 2293 5626 phylace
2371 5553 2485 5608 sive
2555 5551 2982 5623 chartophylaee
3047 5543 3439 5607 exaucwrato.
3497 5549 3642 5618 Quid

2062 5650 2292 5716 σκάμμα
2335 5645 2407 5699 sit
2467 5653 2524 5700 et
2588 5643 2720 5714 quid
2775 5645 2843 5696 τὰ
2896 5643 3250 5714 ἐσκαμμένα,
3289 5642 3501 5699 nemini
3559 5650 3645 5699 est

2049 5744 2311 5814 ignotum
2361 5755 2472 5794 non
2506 5739 2680 5808 plane
2702 5737 2996 5808 peregrino
3030 5739 3086 5792 in
3121 5736 3442 5794 Graecorum
3475 5738 3648 5793 libro-

2062 5834 2487 5891 rum-lectione.
2521 5831 2662 5898 Quid
2695 5842 2879 5894 autem
2917 5833 3006 5888 hic
3050 5829 3399 5887 comminisci
3444 5828 3646 5886 verisi-

2067 5929 2252 5985 milius
2306 5941 2598 6007 possumus
2641 5941 2804 5998 quam
2861 5926 2945 5982 Vel
2985 5925 3209 5983 ﬁnxisse
3243 5912 3643 5997 Pacltymerem
