4058 6298
466 393 577 464 ’343

1393 395 1458 456 1’-
1501 394 1798 456 POSSINl
1847 391 2505 457 OBSERVATIONUM
2550 391 2698 453 LIB.
2740 391 2793 454 Ι.

3624 387 3728 455 744

469 523 717 582 vernum
743 505 1151 579 σκλμμιιτὶζειν
1204 522 1270 563 ex
1321 509 1544 565 nomine
1589 511 1844 579 oxdppz,
1880 507 1965 562 vel
1999 505 2056 561 id
2089 528 2127 584 Δ
2159 505 2357 578 ligibili
2385 506 2607 560 cunctis
2631 518 2790 559 voce.
2823 501 2949 558 Post
2983 502 3128 573 quod
3156 508 3215 557 ut
3242 512 3517 574 praecepto
3545 501 3734 558 orandi

467 598 704 655 verbum
750 609 842 653 aut
885 601 1030 669 apud
1058 608 1340 656 auctorem
1388 601 1546 656 nobis
1580 599 1922 670 incognitum
1963 614 2054 653 re-

468 703 688 765 pertum
739 705 832 748 aut
875 709 974 749 usu
1019 695 1232 764 vulgari
1275 694 1551 749 sermonis
1599 689 1887 765 Byzantini
1924 701 2056 745 tunc

471 787 664 842 tritum
706 801 819 840 suae
864 786 1112 841 historia:
1152 786 1500 840 inseruisse?
1538 784 1849 860 Excogitari
1891 801 2056 854 porro

471 879 677 947 duplex
712 887 892 948 potest
923 878 1168 932 nationis
1200 878 1325 931 talis
1357 877 1489 932 huic
1525 876 1816 946 participio
1849 878 2057 945 ἐσκαμ-

473 972 808 1042 ματισμένος
837 970 944 1024 hoc
982 969 1103 1025 loco
1137 969 1326 1024 inditte
1366 969 1527 1023 ratio.
1563 970 1720 1023 Prior
1742 969 1869 1039 quia
1900 969 2059 1024 tabu-

473 1062 676 1118 larium
733 1062 1194 1127 ecclesiasticum,
1234 1061 1321 1117 cui
1375 1060 1740 1117 custodiendo
1794 1062 2051 1132 praeposi-

473 1165 564 1211 tus
591 1165 709 1209 erat
758 1155 1178 1227 cbartophylax,
1213 1155 1484 1210 credibile
1516 1167 1601 1211 est
1644 1156 1699 1209 in
1734 1157 1856 1211 loco
1888 1157 2060 1226 septis

472 1254 817 1309 circumdato
848 1252 1020 1308 fuisse
1065 1262 1368 1309 servatum.
1422 1252 1588 1323 Septa
1619 1262 1803 1307 autem
1850 1255 2060 1324 ἐσκαμ-

429 1382 432 1386 η
477 1345 616 1415 μένοι
659 1355 715 1401 et
763 1348 995 1416 σκάμμα
1027 1345 1182 1402 locus
1215 1345 1357 1399 fossa
1387 1355 1442 1400 et
1467 1345 1610 1399 vallo
1653 1344 2057 1400 circumclusus

473 1438 714 1502 dicitur;
750 1438 896 1494 unde
956 1440 1399 1510 σκαμματιοοεδς
1445 1449 1540 1495 aut
1594 1438 2059 1509 ἐσκαμματισμὲο

473 1547 562 1593 νος
593 1530 839 1598 dicatur,
872 1529 968 1600 qui
1005 1541 1161 1600 septo
1204 1531 1565 1587 ecclesiastici
1607 1530 1778 1587 archii
1807 1547 2061 1588 excesse-

474 1623 550 1678 rit
571 1626 696 1696 jure
741 1624 944 1678 amisso
982 1623 1097 1679 illic
1148 1623 1479 1694 praesidendi
1511 1632 1634 1694 post
1676 1624 2062 1698 chartophyla-

473 1715 554 1772 cis
587 1714 826 1771 oliicium
862 1716 1148 1773 amissum.
1185 1717 1284 1771 Est
1311 1727 1573 1785 praeterea
1612 1716 1847 1788 σκάμμα
1885 1717 2061 1788 magis

472 1807 697 1879 prOprie
731 1807 889 1862 locus
919 1807 1262 1864 certaminis.
1305 1794 1673 1879 Hieronymus
1702 1806 1770 1862 ad
1803 1805 2060 1862 Pamma-

2160 615 2262 672 pro
2297 597 2611 654 ordinando
2650 604 2902 667 pareant,
2949 605 3057 650 tam
3110 595 3202 670 qui
3245 605 3373 650 sunt
3417 596 3561 651 intra
3611 613 3740 652 can-

2158 693 2330 747 cellos
2367 689 2700 762 presbyterii
2749 705 2915 759 quam
2961 688 3056 758 qui
3099 699 3274 750 extra.
3319 690 3528 758 pariter
3560 691 3741 746 accla-

2159 786 2556 855 mant,Ktipts,
2594 783 2844 852 ὲλέησον,
2875 782 3116 846 Domine,
3153 784 3421 836 miserere.
3463 782 3623 837 Tunc
3654 798 3740 838 eeo

2159 879 2382 935 lebrans
2415 876 2694 949 Evangelii
2729 876 2984 932 volumen
3007 875 3249 946 explicat
3297 884 3354 930 et
3380 875 3463 929 sic
3492 886 3740 946 apertum

2162 974 2396 1044 imponit
2443 973 2609 1043 capiti
2653 981 2709 1026 et
2761 970 2904 1027 collo
2943 971 3063 1041 ejus
3105 969 3198 1040 qui
3236 968 3551 1034 ordinatur,
3589 969 3742 1041 adju-

2161 1067 2407 1121 tantibus
2442 1066 2591 1120 ineo
2623 1072 2681 1120 et
2722 1063 2848 1120 aliis
2887 1062 3164 1133 episcopis
3199 1082 3213 1114 :
3257 1062 3628 1118 ’Δναπτὺσσει
3683 1061 3743 1114 τὸ

2161 1159 2498 1228 Εὑοιγγέλιον
2527 1161 2554 1211 ὀ
2588 1157 2904 1229 ἀρχιερεὺς.
2941 1157 3034 1211 καὶ
3085 1156 3364 1228 ἐπιτίθησι
3417 1158 3483 1228 τῇ
3531 1153 3742 1226 κεφαλῇ

2160 1251 2258 1304 καὶ
2309 1249 2386 1322 τῷ
2425 1250 2687 1321 τραχήλῳ
2722 1248 2816 1302 τοῦ
2851 1248 3360 1321 χειροτονουμένου.
3409 1264 3746 1316 συνεφαπτοο

2167 1345 2342 1414 μένων
2402 1345 2496 1396 καὶ
2553 1343 2662 1395 τῶν
2714 1342 2892 1396 ἄλλων
2945 1341 3272 1413 ἀρχιερέων.
3329 1341 3409 1396 En
3477 1340 3613 1412 quid
3670 1342 3744 1396 sit

2163 1435 2328 1504 ζυγὸν
2385 1434 2479 1489 τοῦ
2540 1433 2697 1504 ἁγίου
2755 1433 3095 1504 Εὑαγγεὶὶου
3147 1434 3398 1498 τιθέναι,
3449 1434 3597 1506 quod
3656 1434 3746 1489 hic

2161 1538 2351 1586 noster
2405 1536 2694 1595 memorat,
2725 1528 3064 1585 caeremoniae
3117 1526 3486 1583 ordinationis
3531 1537 3743 1598 partem

2163 1621 2311 1676 illam
2343 1621 2497 1676 obire
2547 1636 2653 1691 qua
2698 1637 2858 1675 sacer
2887 1619 3178 1690 Evangelii
3230 1619 3406 1675 codex
3435 1620 3748 1690 explicatus

2161 1713 2390 1782 ponitur
2425 1727 2587 1782 supra
2629 1721 2798 1782 caput
2826 1721 2882 1768 et
2912 1711 3117 1768 collum
3152 1712 3272 1784 ejus
3315 1712 3412 1783 qui
3454 1711 3748 1767 ordinatur

2163 1802 2229 1857 ad
2263 1804 2486 1857 modum
2515 1804 2656 1874 jugi,
2685 1802 2874 1870 ζυγοῦ.
2906 1802 3084 1857 Porro
3133 1802 3190 1859 in
3233 1802 3443 1857 codicis
3490 1809 3746 1872 apertura

474 1899 663 1956 chium
700 1918 714 1954 :
745 1899 857 1954 Cur
900 1910 956 1953 tu
979 1901 1188 1954 omissis
1227 1915 1388 1966 super
1417 1900 1604 1969 quibus
1643 1916 1821 1971 pugna
1852 1909 1947 1966 est,
1998 1900 2062 1953 de
2091 1905 2134 1962 Β
2165 1897 2380 1950 curiosa
2438 1895 2765 1966 superstitio
2820 1894 3075 1966 captabat
3122 1909 3286 1951 omen
3337 1909 3405 1950 ex
3453 1893 3646 1950 verbis
3689 1894 3742 1949 in

469 1999 760 2046 scammate
798 1999 847 2045 et
879 1990 991 2044 loco
1012 1993 1319 2046 certaminis
1350 1991 1646 2060 egrediens.
1685 1993 1745 2046 in
1769 1992 2062 2062 peregrinis

471 2093 522 2140 ιι
553 2081 707 2155 longe
736 2084 921 2139 alienis
952 2085 1398 2153 disputationibus
1439 2083 1787 2138 immoraris?
1815 2083 1906 2140 Sic
1940 2099 2066 2138 san-
2093 2155 2096 2158 t

475 2185 600 2234 ctus
630 2176 828 2232 doctor
861 2194 875 2243 ;
905 2191 971 2230 ex
1001 2190 1112 2247 quo
1152 2175 1328 2246 liquet
1350 2175 1709 2231 usitatissimo
1756 2174 2064 2247 signiﬁcatu

476 2268 708 2338 σκάμμα
755 2266 993 2341 [R479]
1037 2267 1147 2324 dici
1191 2276 1410 2338 septum
1470 2271 1616 2324 intra
1649 2270 1799 2339 quod
1851 2277 2066 2326 certant

475 2360 717 2427 athletae,
755 2360 900 2430 quod
928 2359 1070 2415 Galli
1102 2360 1434 2431 champ-elos
1465 2369 1682 2417 vocant.
1723 2360 1863 2418 Hinc
1892 2362 2065 2418 altera

475 2453 699 2510 ducitur
728 2469 894 2508 causa
919 2469 1019 2508 cur
1043 2468 1073 2507 a
1106 2453 1440 2524 Pachymcre
1487 2452 1872 2523 Moschampar
1903 2455 2067 2509 char-

476 2547 742 2618 tuphylax
775 2545 883 2601 dici
943 2546 1470 2616 ἐσκαμματισμένος
1519 2547 1785 2617 potuerit.
1822 2545 2068 2602 Commi-

479 2647 629 2696 serat
657 2639 806 2693 enim
857 2636 902 2692 is
929 2651 1050 2691 sese
1088 2652 1212 2691 cum
1254 2636 1433 2692 Vecco
1471 2636 1525 2690 in
1565 2636 1772 2692 celebri
1823 2637 1921 2692 illo
1956 2637 2069 2693 col-

481 2731 695 2802 loquio,
748 2731 786 2784 l.
821 2747 861 2793 ι,
895 2745 946 2787 c.
984 2729 1052 2784 35
1083 2739 1330 2795 narrato,
1364 2738 1561 2784 contra
1592 2744 1720 2784 eum
1752 2729 2065 2800 disputans,

479 2824 583 2881 sed
615 2823 824 2898 infelici
871 2837 1131 2880 successu
1168 2843 1180 2877 :
1222 2838 1345 2878 nam
1399 2837 1520 2892 qua
1547 2822 1682 2879 dixit
1713 2821 1851 2879 adeo
1886 2823 2068 2880 valide

479 2926 610 2975 sunt
657 2933 687 2972 a
724 2917 905 2974 Vecco
952 2926 1159 2983 retusa,
1190 2923 1252 2970 ut
1303 2909 1372 2971 ab
1425 2916 1545 2987 ipso
1597 2915 1937 2987 patriarcha,
1973 2917 2067 2972 cui

478 3019 616 3066 tunc
647 3001 1037 3079 Moschampar
1080 3007 1372 3075 militabat,
1402 3007 1695 3078 reprobata
1726 3007 1858 3062 sint.
1884 3007 2066 3075 Quare

479 3102 628 3175 quod
663 3102 830 3158 victis
855 3101 1078 3157 athletis
1112 3111 1168 3156 et
1198 3109 1356 3172 septo
1383 3101 1557 3171 pulsis
1586 3101 1884 3157 convenire
1909 3101 2066 3158 vide-

478 3196 646 3253 batur
676 3193 1205 3266 ὲσκαμματισμένου
1247 3194 1364 3250 sive
1413 3193 1746 3258 ὲξωσθέντος
1779 3194 1844 3248 ἐκ
1883 3194 2066 3265 σκάμ·

2165 1990 2355 2046 oculos
2389 1989 2693 2044 astantium
2728 1989 3153 2044 incurrentibus
3181 1988 3300 2044 visu
3327 1990 3507 2059 primo
3536 1988 3746 2045 diducti

2164 2083 2516 2149 voluminis;
2576 2083 2738 2153 cujus
2796 2081 3055 2138 vanitatis
3115 2083 3430 2154 exemplum
3491 2081 3583 2136 hic
3643 2081 3748 2137 Pa-

2165 2176 2456 2247 chymeres
2489 2175 2708 2239 recitat,
2753 2186 2918 2245 prout
2973 2174 3029 2230 in
3079 2175 3432 2232 ordinatione
3461 2173 3748 2231 Athanasii

2166 2268 2426 2339 contigit.

2240 2357 2530 2428 Θεμέλιον
2561 2399 2576 2425 ,
2635 2373 2690 2428 p.
2751 2356 2878 2414 506.
2931 2357 3076 2427 Quid
3112 2368 3272 2415 vocet
3337 2358 3445 2416 hoc
3490 2359 3613 2416 loco
3646 2358 3748 2417 Pa.

2167 2452 2458 2524 cbymeres
2527 2451 2784 2518 θεμέλιον
2839 2453 3092 2524 πρῶτον,
3169 2455 3401 2526 exponit
3465 2469 3593 2510 mox
3650 2461 3744 2526 per

2167 2545 2261 2601 illa
2313 2544 2480 2600 verba
2531 2545 2721 2616 πρώτη
2755 2532 2936 2615 βάσις.
2977 2546 3074 2601 Est
3119 2562 3253 2617 ergo
3306 2562 3375 2603 ex
3411 2548 3531 2618 ejus
3565 2551 3768 2605 mente

2169 2638 2418 2707 θεμέλιον
2439 2638 2677 2710 σελήνης
2705 2639 2950 2711 πρῶτον,
2985 2639 3196 2710 primus
3220 2654 3251 2694 a
3282 2639 3494 2711 synodo
3526 2639 3745 2696 novlluo

2168 2733 2246 2788 nii
2277 2746 2594 2804 processus,
2642 2731 2748 2787 hoc
2777 2716 2880 2787 est
2905 2731 3176 2804 νουμηνία
3223 2743 3277 2787 et
3316 2747 3510 2788 verum
3545 2733 3750 2790 mensis

2167 2823 2379 2880 lunaris
2409 2822 2649 2879 initium.
2678 2821 2893 2880 Idcirco
2918 2833 3101 2880 autem
3135 2839 3245 2881 non
3270 2822 3470 2882 otiose'
3496 2824 3549 2883 id
3587 2835 3750 2883 nota-

2171 2926 2281 2986 tur,
2316 2916 2466 2989 quod
2498 2918 2823 2988 plerumque
2845 2918 2902 2973 iu
2924 2919 3228 2984 mensibus,
3259 2921 3454 2990 quales
3480 2928 3613 2992 sunt
3638 2920 3748 2979 Ro-

2167 3009 2338 3074 mani,
2386 3008 2660 3066 solarihus
2703 3009 2984 3081 contingat
3015 3010 3383 3081 plenilunium
3433 3021 3489 3066 et
3529 3027 3752 3070 neome-

2169 3102 2320 3158 niam
2376 3101 2446 3158 ad
2490 3117 2710 3159 menses
2751 3102 3004 3160 diversos
3032 3104 3342 3174 pertinere.
3381 3101 3752 3162 Ostendemus

2172 3204 2357 3252 autem
2386 3195 2529 3251 libro
2556 3195 2753 3250 harum
2785 3195 3250 3255 Observationum
3275 3197 3332 3260 3.
3359 3198 3457 3254 ubi
3488 3180 3755 3256 defectio-

482 3305 655 3361 ματος
714 3285 1068 3353 vocabulum,
1116 3286 1465 3358 adaptaverit
1527 3285 1618 3340 hic
1678 3295 1870 3342 noster
1926 3272 2139 3343 Mos-C
2174 3288 2262 3345 nis
2316 3288 2481 3360 hujus
2539 3289 2748 3344 lunaris
2802 3288 3048 3346 calculos
3115 3289 3409 3356 dabimus,
3460 3290 3752 3362 contigisse

480 3381 790 3452 champari.

553 3478 752 3546 Zvrdr
790 3470 1158 3546 Εὑαγγελὶου
1181 3476 1427 3540 τιθέναι,
1457 3491 1510 3545 p.
1536 3473 1658 3530 HG.
1687 3475 1812 3546 Agit
1858 3475 1927 3531 de
1961 3490 2069 3532 or-

482 3569 769 3622 dinatione
787 3569 1073 3623 Athanain
1099 3567 1425 3637 patriarchae
1442 3568 2066 3640 Constantinopolitani,

482 3661 539 3714 in
589 3674 698 3731 qua
752 3659 1108 3730 quaerendum
1165 3659 1234 3713 ad
1277 3661 1695 3731 intelligentiam
1733 3660 1897 3733 hujus
1937 3661 2068 3722 loci.

483 3749 614 3819 quid
641 3750 712 3803 sit
733 3750 926 3820 jugum
952 3753 1128 3804 sancti
1159 3749 1436 3823 Evangelii
1464 3751 1630 3824 684
1661 3769 1875 3824 ponere.
1902 3753 2071 3809 Docet

484 3841 539 3897 id
577 3857 677 3898 nos
720 3843 863 3900 ritus
898 3845 1268 3900 ordinationis
1303 3846 1689 3915 episcoporum
1730 3847 1874 3918 apud
1916 3847 2070 3904 Grae-

484 3949 602 3999 cos,
636 3935 727 4004 qui
759 3946 939 3990 exstat
981 3939 1034 3992 in
1076 3937 1441 4010 Euchelogio.
1477 3955 1533 4010 p.
1573 3940 1699 4004 302,
1743 3940 1834 3996 ubi
1867 3941 2070 3996 diserte

485 4030 729 4084 traditur
755 4030 1034 4100 completo
1065 4031 1314 4103 Trisagio
1341 4033 1710 4088 celebrantem
1747 4035 2068 4105 epismpum

483 4122 789 4177 ascendere
837 4123 891 4177 in
924 4123 1264 4192 crepidinem
1297 4139 1467 4179 sacra:
1497 4139 1721 4188 mense,
1765 4125 1949 4194 ibique
1991 4124 2070 4181 illi

484 4214 677 4270 oﬂ‘erri
704 4231 735 4269 a
767 4216 1136 4285 praesentibus
1166 4217 1340 4271 tribus
1375 4216 1652 4286 episcopis
1695 4216 2066 4272 ordinandum

487 4321 520 4359 a
567 4304 781 4360 dextris
837 4305 1210 4370 celebrantis;
1266 4323 1296 4362 a
1357 4306 1601 4362 sinistris
1655 4319 1838 4363 autem
1890 4317 2070 4365 astare

488 4394 992 4466 chartophylacem,
1024 4397 1119 4465 qui
1171 4396 1480 4450 celebranti
1517 4397 1767 4451 chartam
1800 4397 1982 4462 oti'ert,
2014 4397 2068 4452 in

489 4502 596 4556 qua
621 4488 984 4558 scriptumjsit
1015 4505 1028 4542 :
1055 4489 1223 4559 ψήφῳ
1247 4491 1337 4542 καὶ
1365 4489 1659 4561 δοκιμασίᾳ
1690 4489 1797 4543 τῶν
1825 4490 2068 4560 θεοφιλε-

490 4579 700 4632 στάτων
725 4579 1039 4632 ἐπισκόπων
1065 4583 1160 4633 καὶ
1187 4579 1296 4632 τῶν
1321 4580 1632 4634 ὁσιωτάτων
1657 4581 1929 4652 πρεσϐυτέ
1939 4599 2068 4652 ρων,

489 4671 524 4740 ἡ
555 4669 676 4724 θεία
711 4671 870 4740 χάρις
900 4675 932 4743 ἡ
961 4673 1194 4725 πάντοτε
1230 4675 1298 4726 τὰ
1331 4672 1533 4744 ἀσθενῆ
1563 4674 1944 4744 Θεραπεύουσοι
1970 4679 2065 4731 καὶ

489 4767 560 4821 τὰ
591 4767 907 4821 ἐλλείποντα
940 4769 1337 4840 ἀναπληροῦδα
1367 4770 1782 4842 προχειρίζεται
1810 4772 1902 4825 τὸν
1924 4774 2073 4827 δεῖνα

488 4859 581 4914 τὸν
612 4858 1031 4928 θεοφιλέστατον
1079 4861 1455 4929 πρεσϐύτερον
1489 4863 1790 4916 ἐπίσκοπον
1821 4867 1920 4934 τῆς
1953 4863 2074 4918 θεο-

490 4947 703 5002 σώστον
738 4950 946 5009 πόλεως
978 4951 1162 5020 τῆσδε.
1201 4949 1288 5020 [Ρ.
1323 4950 1450 5023 681]
1478 4951 1780 5020 Εὐξώμεθα
1809 4953 1901 5007 οὖν
1931 4954 2074 5025 ὑπὲρ

489 5042 657 5097 αὖτοῦ
711 5041 797 5095 ἵνα
853 5041 984 5116 ἔλθῃ
1020 5043 1106 5095 ἐπ’
1143 5044 1306 5096 αὐτὸν
1357 5046 1388 5114 ἡ
1437 5048 1597 5115 χάρις
1649 5045 1742 5099 τοῦ
1801 5050 2072 5117 παναγὶου

491 5136 829 5208 Πνεύματος.
868 5136 980 5191 Hoc
1025 5145 1106 5190 est
1137 5155 1150 5192 ;
1181 5133 1441 5208 Suﬂ‘rugia
1478 5148 1527 5191 et
1570 5140 1947 5208 appnbatione
1977 5143 2077 5197 Dei

491 5229 984 5282 amantissimorum
1008 5230 1370 5296 episcoporum
1394 5241 1443 5283 et
1473 5234 1926 5287 sanctissimorum
1956 5251 2076 5301 pre-

487 5323 818 5393 sbyterorum
854 5363 868 5385 ,
906 5322 1087 5376 divina
1119 5325 1318 5390 gratia,
1360 5340 1476 5393 qum
1519 5324 1702 5394 ubique
1732 5325 1950 5393 inﬁrma
1979 5345 2074 5381 cu-

493 5422 578 5466 rat
612 5420 663 5464 et
692 5411 990 5480 deﬁcientia
1021 5412 1248 5482 supplet,
1279 5423 1541 5478 promovet
1576 5413 1645 5467 Ν.
1693 5414 1786 5467 Dei
1815 5419 2076 5471 nutantis-

491 5504 690 5557 simum
721 5505 1081 5573 presbyterum
1110 5508 1411 5572 episcopum
1447 5522 1476 5556 a
1509 5503 1614 5556 Deo
1643 5515 1866 5560 servans
1890 5509 2076 5559 civita-

493 5596 563 5649 tis
607 5595 676 5648 Ν.
702 5592 921 5649 Oremus
967 5594 1130 5665 igitur
1159 5612 1253 5664 pro
1279 5613 1363 5656 eo,
1412 5605 1472 5649 ut
1524 5599 1697 5652 veniat
1745 5615 1904 5668 super
1954 5617 2072 5654 eum

495 5688 673 5759 gratia
703 5689 1020 5744 sanctissimi
1054 5688 1306 5760 Spiritus.
1341 5689 1442 5746 Ubi
1479 5691 1724 5745 chartam
1759 5693 1899 5747 hanc
1925 5695 2072 5748 cele-

497 5784 662 5838 brans
726 5784 984 5852 accepit.
1044 5786 1470 5842 archidiaconus
1533 5788 1869 5843 audientiam
1928 5790 2074 5844 indi-

493 5877 618 5940 cit,.
649 5875 914 5942 clamans,
953 5878 1309 5948 Πρὸσκωμεν,
1350 5883 1704 5934 attendamus.
1749 5881 1867 5935 Mox
1927 5884 2075 5937 cclc-

493 5968 664 6024 lrans
693 5983 812 6039 qua
847 5969 1054 6038 scripta
1084 5979 1212 6026 sunt
1242 5973 1297 6028 in
1323 5971 1511 6028 charta
1543 5975 1879 6044 pronuntiat,
1917 5975 2076 6031 intel—

2175 3378 2325 3436 illam
2379 3380 2468 3435 die
2517 3380 2584 3436 il
2632 3380 2878 3436 Januarii
2923 3397 3069 3437 anno
3112 3380 3247 3438 Chr.
3279 3381 3442 3440 i302.
3469 3382 3628 3439 Unde
3673 3389 3754 3438 est

2174 3485 2522 3543 consequens
2551 3474 2855 3544 νουμηνίαν
2905 3489 3027 3543 quae
3057 3477 3339 3545 praecessit
3371 3475 3479 3532 hoc
3519 3475 3752 3547 plenilu-

2173 3569 2329 3622 nium
2375 3565 2696 3638 eclipticum
2747 3568 2803 3622 in
2839 3567 2988 3638 ipsas
3022 3566 3268 3623 Januarii
3296 3566 3571 3624 Kalendas
3616 3567 3752 3624 inci-

2174 3659 2347 3715 disse.
2372 3659 2508 3715 Nam
2536 3659 2603 3713 14
2626 3659 2767 3714 luna
2790 3661 2878 3715 die
2911 3659 3213 3730 plenilunia
3245 3660 3404 3715 ﬁunt.
3433 3659 3752 3732 Exprimere

2176 3750 2346 3823 igitur
2391 3758 2584 3805 noster
2643 3751 2735 3805 hic
2794 3751 2972 3804 voluit
3022 3749 3189 3822 685
3235 3749 3380 3807 lunae
3410 3761 3751 3807 menstruum

2174 3859 2400 3900 cursum
2428 3845 2689 3916 allegoria
2712 3843 2947 3914 quadam
2983 3843 3227 3899 aedilicii.
3265 3842 3404 3911 Quia
3436 3846 3585 3901 enim
3621 3846 3754 3901 sub-

2173 3937 2499 3993 structionis
2544 3937 2762 3993 initium
2811 3936 3234 3994 fundamentum
3283 3945 3389 4002 est,
3419 3936 3626 3994 Graecis
3673 3935 3757 3994 di-

2174 4041 2324 4087 ctum
2348 4030 2622 4102 Οεμέλιον,
2652 4040 2804 4086 recte
2833 4030 3123 4085 transferri
3154 4045 3315 4100 posse
3341 4031 3395 4087 id
3427 4045 3628 4088 nomen
3655 4047 3758 4104 pu-

2177 4124 2310 4180 tavit
2357 4123 2426 4178 ad
2473 4123 2898 4194 signiﬁcandum
2947 4124 3168 4180 initium
3221 4132 3424 4191 motus,
3472 4140 3585 4197 quo
3621 4125 3752 4181 luna

2175 4217 2361 4272 statim
2388 4233 2416 4272 τι
2452 4227 2660 4286 puncto
2698 4217 2879 4272 coitus
2917 4232 3042 4272 cum
3074 4217 3190 4273 sole
3224 4216 3296 4272 ad
3325 4233 3526 4274 novum
3555 4219 3758 4275 circul-

2176 4318 2289 4364 tum
2338 4325 2459 4365 sese
2507 4309 2723 4366 incitat.
2764 4309 2930 4366 Forte
2963 4319 3150 4366 autem
3185 4312 3539 4384 κυριολογιαν
3568 4329 3756 4384 quam-

2173 4403 2299 4458 dam
2333 4413 2529 4459 auctor
2556 4405 2747 4477 posuit
2773 4405 2828 4459 in
2861 4420 2995 4461 voce
3022 4407 3149 4476 μὴν,
3179 4416 3240 4460 ut
3276 4423 3375 4479 per
3397 4422 3518 4464 eam
3552 4409 3753 4481 alioqui

2177 4507 2352 4552 totum
2386 4498 2900 4568 τριακονταήμερον
2937 4500 3178 4568 spatium
3213 4499 3458 4570 triginta,
3481 4513 3538 4558 et
3559 4502 3756 4574 siquid

2099 4624 2148 4678 υ
2177 4589 2442 4654 excurrit,
2467 4591 2684 4645 dierum
2716 4591 2962 4646 indicare
2993 4593 3156 4663 vulgo
3203 4594 3448 4660 solitam,
3491 4596 3584 4652 hic
3624 4613 3754 4669 pro-

2179 4683 2296 4750 prie
2334 4683 2667 4738 intellexerit
2698 4681 2966 4740 Kalendas
3002 4683 3147 4754 ipsas
3181 4685 3296 4741 sive
3329 4687 3562 4756 primam
3604 4703 3755 4742 men—

2179 4777 2254 4829 sis
2283 4774 2464 4841 diem;
2500 4776 2572 4830 ita
2603 4784 2684 4840 ut,
2703 4791 2828 4833 cum
2865 4776 3005 4833 dixit
3033 4779 3178 4848 μῆνα
3213 4780 3269 4832 δὲ
3297 4779 3520 4851 Ληναίῳ
3553 4780 3742 4851 πρώτη

2179 4866 2336 4937 βάσις
2390 4868 2580 4921 ἵστατο
2630 4869 2826 4938 μήνης,
2870 4871 3119 4926 indicare
3153 4871 3300 4942 quod
3337 4871 3450 4927 dixi
3493 4873 3752 4939 voluerit,

2177 4973 2420 5012 mensem
2447 4959 2698 5013 lunarem
2726 4975 2793 5014 eo
2811 4976 2956 5016 anno
2988 4977 3113 5016 cum
3140 4962 3286 5016 civili
3313 4962 3461 5032 paria
3488 4963 3756 5019 inchoan-

2178 5051 2249 5106 do
2282 5053 2501 5117 iecisse,
2531 5070 2594 5109 ac
2625 5056 2807 5124 primo
2837 5056 2959 5125 ipso
2983 5055 3234 5110 Januarii
3263 5054 3499 5124 primum
3532 5055 3756 5110 inivisse

2178 5143 2390 5199 lunaris
2438 5145 2648 5215 periodi
2707 5146 2882 5201 diem.
2931 5147 3088 5211 Quod
3134 5161 3201 5200 ex
3235 5146 3442 5201 tabulis
3479 5147 3754 5212 hodieque

2177 5237 2558 5291 astronomicis
2592 5239 2939 5291 Verissimum
2975 5238 3430 5308 deprehenditur.

2251 5330 2474 5395 'Inrap,
2529 5343 2580 5397 ιι.
2631 5330 2740 5386 45.›
2781 5329 2980 5386 lterum
3043 5347 3095 5400 p.
3169 5331 3290 5385 liit‘i.
3334 5331 3640 5402 Hesychius
3696 5331 3756 5385 τδ

2181 5419 2341 5490 ἵκταρ
2383 5421 2610 5484 exponit
2638 5422 2827 5490 ἐγγύς,
2852 5439 3034 5494 prope.
3070 5422 3214 5478 idem
3257 5424 3414 5478 docet
3435 5423 3758 5482 Eustathius

2179 5512 2244 5565 ad
2281 5511 2476 5582 Odyss.
2509 5511 2570 5582 ψ,
2615 5521 2673 5568 et
2700 5522 2931 5583 uterque
2957 5516 3147 5568 recitat
3178 5524 3502 5586 usurpatum
3540 5517 3755 5574 Platoni

2178 5603 2210 5657 9
2239 5603 2308 5658 de
2357 5604 2494 5675 Rep.
2529 5605 2810 5674 adagium.
2858 5605 2966 5659 οὐδ’
2996 5607 3159 5679 ἴκταρ
3186 5607 3393 5680 βάλλει,
3443 5612 3511 5667 dc
3543 5612 3754 5685 jacula-

2183 5708 2298 5753 tore
2328 5699 2558 5763 infelici,
2593 5701 2686 5768 qui
2723 5717 2833 5755 non
2866 5701 3042 5754 solum
3080 5718 3187 5758 non
3227 5703 3352 5760 ferit
3379 5720 3632 5777 secpum,
3660 5708 3752 5764 sed

2182 5806 2252 5845 ne
2287 5805 2455 5860 prope
2488 5792 2711 5859 quidem
2744 5792 2976 5847 accedit.
3011 5793 3088 5848 Ad
3127 5795 3267 5850 hanc
3305 5799 3472 5870 hujus
3511 5798 3593 5872 [P.
3624 5799 3751 5874 ιεη

2179 5885 2334 5937 vocis
2369 5883 2653 5939 notionem
2710 5887 3004 5956 cogitatam
3060 5892 3110 5942 in
3145 5889 3231 5945 his
3256 5891 3394 5947 locis
3431 5893 3749 5967 Pachymeri

2181 5977 2693 6046 interpretationem
2751 5979 3044 6050 utrobique
3087 5998 3264 6039 meam
3305 5988 3746 6051 accommodans.
