  <div class='ocr_page' id='page_1' title='image "/cluster/home/n/w/nwhite01/storage/ocr_20150623/144/mdp.39015046822246/396.png"; bbox 0 0 4058 6298; ppageno 0'>
   <div class='ocr_carea' id='block_1_1' title="bbox 252 359 396 431">
    <p class='ocr_par' dir='ltr' id='par_1_1' title="bbox 252 359 396 431">
     <span class='ocr_line' id='line_1_1' title="bbox 252 359 396 431; baseline -0.007 0"><span class='ocrx_word' id='word_1_1' title='bbox 252 359 365 431; x_wconf 66' lang='grc'><strong>’115</strong></span> <span class='ocrx_word' id='word_1_2' title='bbox 393 387 396 389; x_wconf 50' lang='grc' dir='ltr'><strong>λ</strong></span> 
     </span>
    </p>
   </div>
   <div class='ocr_carea' id='block_1_2' title="bbox 1650 344 2173 424">
    <p class='ocr_par' dir='ltr' id='par_1_2' title="bbox 1650 344 2173 424">
     <span class='ocr_line' id='line_1_2' title="bbox 1650 344 2173 424; baseline -0.002 0"><span class='ocrx_word' id='word_1_3' title='bbox 1650 344 2173 424; x_wconf 75' lang='lat' dir='ltr'><strong>GLOSSARIUM.</strong></span> 
     </span>
    </p>
   </div>
   <div class='ocr_carea' id='block_1_3' title="bbox 3412 332 3519 417">
    <p class='ocr_par' dir='ltr' id='par_1_3' title="bbox 3412 332 3519 417">
     <span class='ocr_line' id='line_1_3' title="bbox 3412 332 3519 417; baseline 0 -1"><span class='ocrx_word' id='word_1_4' title='bbox 3412 332 3519 417; x_wconf 71' lang='grc' dir='ltr'><strong>’με</strong></span> 
     </span>
    </p>
   </div>
   <div class='ocr_carea' id='block_1_4' title="bbox 258 452 3516 547">
    <p class='ocr_par' dir='ltr' id='par_1_4' title="bbox 258 452 3516 547">
     <span class='ocr_line' id='line_1_4' title="bbox 258 452 3516 547; baseline -0.004 -11"><span class='ocrx_word' id='word_1_5' title='bbox 258 478 402 536; x_wconf 77' lang='lat' dir='ltr'><strong>haud</strong></span> <span class='ocrx_word' id='word_1_6' title='bbox 444 476 841 535; x_wconf 82' lang='lat' dir='ltr'><strong>aberrasseme</strong></span> <span class='ocrx_word' id='word_1_7' title='bbox 875 472 945 530; x_wconf 87' lang='lat' dir='ltr'><strong>ab</strong></span> <span class='ocrx_word' id='word_1_8' title='bbox 968 473 1213 530; x_wconf 74' lang='lat' dir='ltr'><strong>auctoris</strong></span> <span class='ocrx_word' id='word_1_9' title='bbox 1263 472 1536 530; x_wconf 79' lang='lat' dir='ltr'><strong>sententia</strong></span> <span class='ocrx_word' id='word_1_10' title='bbox 1587 472 1828 547; x_wconf 83' lang='lat' dir='ltr'><strong>confido.</strong></span> <span class='ocrx_word' id='word_1_11' title='bbox 1860 480 1903 538; x_wconf 64' lang='grc' dir='ltr'><strong>Α</strong></span> <span class='ocrx_word' id='word_1_12' title='bbox 1936 473 2088 530; x_wconf 83' lang='lat' dir='ltr'><strong>Meus</strong></span> <span class='ocrx_word' id='word_1_13' title='bbox 2146 471 2446 543; x_wconf 78' lang='lat' dir='ltr'><strong>Procopius</strong></span> <span class='ocrx_word' id='word_1_14' title='bbox 2492 452 2751 525; x_wconf 86' lang='lat' dir='ltr'><strong>eumdem</strong></span> <span class='ocrx_word' id='word_1_15' title='bbox 2804 468 3001 523; x_wconf 87' lang='lat' dir='ltr'><strong>asserit</strong></span> <span class='ocrx_word' id='word_1_16' title='bbox 3043 466 3272 524; x_wconf 76' lang='lat' dir='ltr'><strong>Cabadis</strong></span> <span class='ocrx_word' id='word_1_17' title='bbox 3317 466 3516 522; x_wconf 73' lang='lat' dir='ltr'><strong>ﬁliuni.</strong></span> 
     </span>
    </p>
   </div>
   <div class='ocr_carea' id='block_1_5' title="bbox 252 567 1836 643">
    <p class='ocr_par' dir='ltr' id='par_1_5' title="bbox 252 567 1836 643">
     <span class='ocr_line' id='line_1_5' title="bbox 252 567 1836 643; baseline -0.004 -16"><span class='ocrx_word' id='word_1_18' title='bbox 252 570 521 643; x_wconf 78' lang='lat' dir='ltr'><strong>Adjiciam</strong></span> <span class='ocrx_word' id='word_1_19' title='bbox 545 569 729 624; x_wconf 78' lang='lat' dir='ltr'><strong>obiter</strong></span> <span class='ocrx_word' id='word_1_20' title='bbox 743 568 893 640; x_wconf 89' lang='lat' dir='ltr'><strong>quod</strong></span> <span class='ocrx_word' id='word_1_21' title='bbox 929 568 985 623; x_wconf 90' lang='lat' dir='ltr'><strong>in</strong></span> <span class='ocrx_word' id='word_1_22' title='bbox 1011 576 1255 624; x_wconf 90' lang='lat' dir='ltr'><strong>mentem</strong></span> <span class='ocrx_word' id='word_1_23' title='bbox 1280 567 1453 633; x_wconf 80' lang='lat' dir='ltr'><strong>venit,</strong></span> <span class='ocrx_word' id='word_1_24' title='bbox 1481 575 1704 638; x_wconf 82' lang='lat' dir='ltr'><strong>etymon</strong></span> <span class='ocrx_word' id='word_1_25' title='bbox 1735 579 1836 621; x_wconf 82' lang='lat' dir='ltr'><strong>vo-</strong></span> 
     </span>
    </p>
   </div>
   <div class='ocr_carea' id='block_1_6' title="bbox 253 650 1842 728">
    <p class='ocr_par' dir='ltr' id='par_1_6' title="bbox 253 650 1842 728">
     <span class='ocr_line' id='line_1_6' title="bbox 253 650 1842 728; baseline -0.004 -9"><span class='ocrx_word' id='word_1_26' title='bbox 253 666 337 719; x_wconf 86' lang='lat' dir='ltr'><strong>cis</strong></span> <span class='ocrx_word' id='word_1_27' title='bbox 369 663 579 719; x_wconf 69' lang='lat' dir='ltr'><strong>Latina:</strong></span> <span class='ocrx_word' id='word_1_28' title='bbox 614 663 791 717; x_wconf 72' lang='lat' dir='ltr'><strong>instar</strong></span> <span class='ocrx_word' id='word_1_29' title='bbox 820 675 932 715; x_wconf 89' lang='lat' dir='ltr'><strong>non</strong></span> <span class='ocrx_word' id='word_1_30' title='bbox 962 660 1185 717; x_wconf 77' lang='lat' dir='ltr'><strong>aliunde</strong></span> <span class='ocrx_word' id='word_1_31' title='bbox 1224 650 1398 715; x_wconf 85' lang='lat' dir='ltr'><strong>videri</strong></span> <span class='ocrx_word' id='word_1_32' title='bbox 1430 674 1592 728; x_wconf 90' lang='lat' dir='ltr'><strong>quam</strong></span> <span class='ocrx_word' id='word_1_33' title='bbox 1632 658 1701 713; x_wconf 86' lang='lat' dir='ltr'><strong>ab</strong></span> <span class='ocrx_word' id='word_1_34' title='bbox 1738 659 1842 713; x_wconf 88' lang='lat' dir='ltr'><strong>hac</strong></span> 
     </span>
    </p>
   </div>
   <div class='ocr_carea' id='block_1_7' title="bbox 255 748 1866 824">
    <p class='ocr_par' dir='ltr' id='par_1_7' title="bbox 255 748 1866 824">
     <span class='ocr_line' id='line_1_7' title="bbox 255 748 1866 824; baseline -0.005 -11"><span class='ocrx_word' id='word_1_35' title='bbox 255 754 441 813; x_wconf 78' lang='lat' dir='ltr'><strong>Gratea</strong></span> <span class='ocrx_word' id='word_1_36' title='bbox 467 755 630 823; x_wconf 74' lang='grc' dir='ltr'>ἴκταρ</span> <span class='ocrx_word' id='word_1_37' title='bbox 660 753 1048 824; x_wconf 86' lang='lat' dir='ltr'><strong>repetendum.</strong></span> <span class='ocrx_word' id='word_1_38' title='bbox 1082 753 1180 808; x_wconf 82' lang='lat' dir='ltr'><strong>Est</strong></span> <span class='ocrx_word' id='word_1_39' title='bbox 1204 753 1390 822; x_wconf 73' lang='grc' dir='ltr'><strong>ἴκταρ,</strong></span> <span class='ocrx_word' id='word_1_40' title='bbox 1421 762 1479 807; x_wconf 92' lang='lat' dir='ltr'><strong>ut</strong></span> <span class='ocrx_word' id='word_1_41' title='bbox 1511 759 1699 805; x_wconf 83' lang='lat' dir='ltr'><strong>monet</strong></span> <span class='ocrx_word' id='word_1_42' title='bbox 1731 748 1866 805; x_wconf 71' lang='lat' dir='ltr'><strong>ileo&#39;</strong></span> 
     </span>
    </p>
   </div>
   <div class='ocr_carea' id='block_1_8' title="bbox 258 843 1845 919">
    <p class='ocr_par' dir='ltr' id='par_1_8' title="bbox 258 843 1845 919">
     <span class='ocr_line' id='line_1_8' title="bbox 258 843 1845 919; baseline -0.004 -15"><span class='ocrx_word' id='word_1_43' title='bbox 258 848 505 919; x_wconf 79' lang='lat' dir='ltr'><strong>sychius,</strong></span> <span class='ocrx_word' id='word_1_44' title='bbox 533 846 643 902; x_wconf 71' lang='grc' dir='ltr'><strong>ἀπὸ</strong></span> <span class='ocrx_word' id='word_1_45' title='bbox 663 845 759 899; x_wconf 83' lang='grc' dir='ltr'><strong>τοῦ</strong></span> <span class='ocrx_word' id='word_1_46' title='bbox 790 846 1083 912; x_wconf 79' lang='grc' dir='ltr'><strong>ἱκνεῖσθαι,</strong></span> <span class='ocrx_word' id='word_1_47' title='bbox 1111 845 1258 910; x_wconf 82' lang='lat' dir='ltr'><strong>quod</strong></span> <span class='ocrx_word' id='word_1_48' title='bbox 1286 855 1446 900; x_wconf 87' lang='lat' dir='ltr'><strong>sonat</strong></span> <span class='ocrx_word' id='word_1_49' title='bbox 1464 843 1756 915; x_wconf 73' lang='lat' dir='ltr'><strong>peruenire,</strong></span> <span class='ocrx_word' id='word_1_50' title='bbox 1773 858 1845 900; x_wconf 77' lang='lat' dir='ltr'><strong>ex</strong></span> 
     </span>
    </p>
   </div>
   <div class='ocr_carea' id='block_1_9' title="bbox 256 932 1846 1010">
    <p class='ocr_par' dir='ltr' id='par_1_9' title="bbox 256 932 1846 1010">
     <span class='ocr_line' id='line_1_9' title="bbox 256 932 1846 1010; baseline -0.005 -13"><span class='ocrx_word' id='word_1_51' title='bbox 256 956 324 997; x_wconf 86' lang='lat' dir='ltr'><strong>ea</strong></span> <span class='ocrx_word' id='word_1_52' title='bbox 353 939 571 1010; x_wconf 89' lang='lat' dir='ltr'><strong>origine</strong></span> <span class='ocrx_word' id='word_1_53' title='bbox 600 938 1078 994; x_wconf 88' lang='lat' dir='ltr'><strong>accommodatum</strong></span> <span class='ocrx_word' id='word_1_54' title='bbox 1109 938 1177 993; x_wconf 85' lang='lat' dir='ltr'><strong>ad</strong></span> <span class='ocrx_word' id='word_1_55' title='bbox 1212 932 1410 1008; x_wconf 65' lang='lat' dir='ltr'><strong>signiﬁ.</strong></span> <span class='ocrx_word' id='word_1_56' title='bbox 1430 937 1635 992; x_wconf 85' lang='lat' dir='ltr'><strong>andum</strong></span> <span class='ocrx_word' id='word_1_57' title='bbox 1667 937 1846 991; x_wconf 85' lang='lat' dir='ltr'><strong>imita-</strong></span> 
     </span>
    </p>
   </div>
   <div class='ocr_carea' id='block_1_10' title="bbox 261 1028 1847 1098">
    <p class='ocr_par' dir='ltr' id='par_1_10' title="bbox 261 1028 1847 1098">
     <span class='ocr_line' id='line_1_10' title="bbox 261 1028 1847 1098; baseline -0.001 -14"><span class='ocrx_word' id='word_1_58' title='bbox 261 1033 472 1085; x_wconf 87' lang='lat' dir='ltr'><strong>tionem</strong></span> <span class='ocrx_word' id='word_1_59' title='bbox 505 1043 601 1086; x_wconf 87' lang='lat' dir='ltr'><strong>seu</strong></span> <span class='ocrx_word' id='word_1_60' title='bbox 637 1028 1050 1098; x_wconf 70' lang='lat' dir='ltr'><strong>expressionem</strong></span> <span class='ocrx_word' id='word_1_61' title='bbox 1081 1029 1292 1094; x_wconf 66' lang='lat' dir='ltr'><strong>format,</strong></span> <span class='ocrx_word' id='word_1_62' title='bbox 1334 1044 1457 1098; x_wconf 79' lang='lat' dir='ltr'><strong>quae</strong></span> <span class='ocrx_word' id='word_1_63' title='bbox 1481 1036 1699 1082; x_wconf 86' lang='lat' dir='ltr'><strong>tantum</strong></span> <span class='ocrx_word' id='word_1_64' title='bbox 1732 1042 1847 1083; x_wconf 89' lang='lat' dir='ltr'><strong>non</strong></span> 
     </span>
    </p>
   </div>
   <div class='ocr_carea' id='block_1_11' title="bbox 261 1110 1847 1197">
    <p class='ocr_par' dir='ltr' id='par_1_11' title="bbox 261 1110 1847 1197">
     <span class='ocr_line' id='line_1_11' title="bbox 261 1110 1847 1197; baseline -0.004 -20"><span class='ocrx_word' id='word_1_65' title='bbox 261 1122 519 1195; x_wconf 80' lang='lat' dir='ltr'><strong>pervenit</strong></span> <span class='ocrx_word' id='word_1_66' title='bbox 569 1130 633 1179; x_wconf 87' lang='lat' dir='ltr'><strong>et</strong></span> <span class='ocrx_word' id='word_1_67' title='bbox 667 1110 831 1178; x_wconf 79' lang='lat' dir='ltr'><strong>abest</strong></span> <span class='ocrx_word' id='word_1_68' title='bbox 865 1122 1114 1192; x_wconf 76' lang='lat' dir='ltr'><strong>proxime</strong></span> <span class='ocrx_word' id='word_1_69' title='bbox 1149 1132 1180 1175; x_wconf 80' lang='lat' dir='ltr'><strong>a</strong></span> <span class='ocrx_word' id='word_1_70' title='bbox 1207 1134 1336 1175; x_wconf 82' lang='lat' dir='ltr'><strong>vera</strong></span> <span class='ocrx_word' id='word_1_71' title='bbox 1362 1116 1724 1197; x_wconf 73' lang='lat' dir='ltr'><strong>similitudine</strong></span> <span class='ocrx_word' id='word_1_72' title='bbox 1754 1134 1847 1172; x_wconf 88' lang='lat' dir='ltr'><strong>ar-</strong></span> 
     </span>
    </p>
   </div>
   <div class='ocr_carea' id='block_1_12' title="bbox 265 1208 1846 1285">
    <p class='ocr_par' dir='ltr' id='par_1_12' title="bbox 265 1208 1846 1285">
     <span class='ocr_line' id='line_1_12' title="bbox 265 1208 1846 1285; baseline -0.004 -15"><span class='ocrx_word' id='word_1_73' title='bbox 265 1214 511 1285; x_wconf 85' lang='lat' dir='ltr'><strong>chetypi,</strong></span> <span class='ocrx_word' id='word_1_74' title='bbox 532 1223 598 1269; x_wconf 82' lang='lat' dir='ltr'><strong>ut</strong></span> <span class='ocrx_word' id='word_1_75' title='bbox 633 1223 786 1269; x_wconf 79' lang='lat' dir='ltr'><strong>recte</strong></span> <span class='ocrx_word' id='word_1_76' title='bbox 819 1214 994 1269; x_wconf 89' lang='lat' dir='ltr'><strong>instar</strong></span> <span class='ocrx_word' id='word_1_77' title='bbox 1022 1211 1169 1268; x_wconf 89' lang='lat' dir='ltr'><strong>illius</strong></span> <span class='ocrx_word' id='word_1_78' title='bbox 1206 1212 1379 1282; x_wconf 82' lang='lat' dir='ltr'><strong>possit</strong></span> <span class='ocrx_word' id='word_1_79' title='bbox 1401 1211 1617 1266; x_wconf 91' lang='lat' dir='ltr'><strong>haberi.</strong></span> <span class='ocrx_word' id='word_1_80' title='bbox 1651 1208 1846 1266; x_wconf 80' lang='lat' dir='ltr'><strong>Gram-</strong></span> 
     </span>
    </p>
   </div>
   <div class='ocr_carea' id='block_1_13' title="bbox 264 1300 1845 1373">
    <p class='ocr_par' dir='ltr' id='par_1_13' title="bbox 264 1300 1845 1373">
     <span class='ocr_line' id='line_1_13' title="bbox 264 1300 1845 1373; baseline -0.004 -12"><span class='ocrx_word' id='word_1_81' title='bbox 264 1306 478 1373; x_wconf 86' lang='lat' dir='ltr'><strong>tuatiei,</strong></span> <span class='ocrx_word' id='word_1_82' title='bbox 510 1310 569 1361; x_wconf 88' lang='lat' dir='ltr'><strong>et</strong></span> <span class='ocrx_word' id='word_1_83' title='bbox 590 1304 649 1360; x_wconf 89' lang='lat' dir='ltr'><strong>in</strong></span> <span class='ocrx_word' id='word_1_84' title='bbox 682 1304 769 1360; x_wconf 89' lang='lat' dir='ltr'><strong>bis</strong></span> <span class='ocrx_word' id='word_1_85' title='bbox 802 1304 1101 1358; x_wconf 78' lang='lat' dir='ltr'><strong>novissime</strong></span> <span class='ocrx_word' id='word_1_86' title='bbox 1123 1302 1574 1358; x_wconf 78' lang='lat' dir='ltr'><strong>accuratissimus</strong></span> <span class='ocrx_word' id='word_1_87' title='bbox 1598 1300 1845 1368; x_wconf 79' lang='lat' dir='ltr'><strong>Vossius,</strong></span> 
     </span>
    </p>
   </div>
   <div class='ocr_carea' id='block_1_14' title="bbox 264 1383 1848 1463">
    <p class='ocr_par' dir='ltr' id='par_1_14' title="bbox 264 1383 1848 1463">
     <span class='ocr_line' id='line_1_14' title="bbox 264 1383 1848 1463; baseline -0.004 -7"><span class='ocrx_word' id='word_1_88' title='bbox 264 1401 493 1463; x_wconf 80' lang='lat' dir='ltr'><strong>frustra,</strong></span> <span class='ocrx_word' id='word_1_89' title='bbox 526 1400 581 1453; x_wconf 88' lang='lat' dir='ltr'><strong>ni</strong></span> <span class='ocrx_word' id='word_1_90' title='bbox 615 1398 795 1462; x_wconf 90' lang='lat' dir='ltr'><strong>fallor,</strong></span> <span class='ocrx_word' id='word_1_91' title='bbox 829 1395 1220 1451; x_wconf 72' lang='lat' dir='ltr'><strong>conflictantur</strong></span> <span class='ocrx_word' id='word_1_92' title='bbox 1246 1383 1302 1450; x_wconf 82' lang='lat' dir='ltr'><strong>in</strong></span> <span class='ocrx_word' id='word_1_93' title='bbox 1332 1393 1690 1450; x_wconf 83' lang='lat' dir='ltr'><strong>extundendo</strong></span> <span class='ocrx_word' id='word_1_94' title='bbox 1728 1394 1848 1450; x_wconf 81' lang='lat' dir='ltr'><strong>Mu-</strong></span> 
     </span>
    </p>
   </div>
   <div class='ocr_carea' id='block_1_15' title="bbox 264 1487 1844 1561">
    <p class='ocr_par' dir='ltr' id='par_1_15' title="bbox 264 1487 1844 1561">
     <span class='ocr_line' id='line_1_15' title="bbox 264 1487 1844 1561; baseline -0.004 -13"><span class='ocrx_word' id='word_1_95' title='bbox 264 1493 342 1550; x_wconf 88' lang='lat' dir='ltr'><strong>sis</strong></span> <span class='ocrx_word' id='word_1_96' title='bbox 371 1491 565 1547; x_wconf 80' lang='lat' dir='ltr'><strong>invitis</strong></span> <span class='ocrx_word' id='word_1_97' title='bbox 597 1490 908 1561; x_wconf 88' lang='lat' dir='ltr'><strong>veriloqnio</strong></span> <span class='ocrx_word' id='word_1_98' title='bbox 956 1488 1108 1543; x_wconf 85' lang='lat' dir='ltr'><strong>vocis</strong></span> <span class='ocrx_word' id='word_1_99' title='bbox 1139 1488 1305 1557; x_wconf 84' lang='lat' dir='ltr'><strong>hujus</strong></span> <span class='ocrx_word' id='word_1_100' title='bbox 1342 1503 1373 1542; x_wconf 89' lang='lat' dir='ltr'><strong>e</strong></span> <span class='ocrx_word' id='word_1_101' title='bbox 1415 1487 1583 1541; x_wconf 85' lang='lat' dir='ltr'><strong>verbo</strong></span> <span class='ocrx_word' id='word_1_102' title='bbox 1621 1488 1844 1541; x_wconf 78' lang='lat' dir='ltr'><strong>instare.</strong></span> 
     </span>
    </p>
   </div>
   <div class='ocr_carea' id='block_1_16' title="bbox 266 1580 1844 1653">
    <p class='ocr_par' dir='ltr' id='par_1_16' title="bbox 266 1580 1844 1653">
     <span class='ocr_line' id='line_1_16' title="bbox 266 1580 1844 1653; baseline -0.004 -13"><span class='ocrx_word' id='word_1_103' title='bbox 266 1584 548 1641; x_wconf 79' lang='lat' dir='ltr'><strong>Habemus</strong></span> <span class='ocrx_word' id='word_1_104' title='bbox 605 1599 673 1637; x_wconf 78' lang='lat' dir='ltr'><strong>ex</strong></span> <span class='ocrx_word' id='word_1_105' title='bbox 717 1598 784 1637; x_wconf 89' lang='lat' dir='ltr'><strong>eo</strong></span> <span class='ocrx_word' id='word_1_106' title='bbox 814 1582 960 1653; x_wconf 88' lang='lat' dir='ltr'><strong>quod</strong></span> <span class='ocrx_word' id='word_1_107' title='bbox 993 1581 1283 1651; x_wconf 80' lang='lat' dir='ltr'><strong>subjiciam</strong></span> <span class='ocrx_word' id='word_1_108' title='bbox 1325 1581 1493 1635; x_wconf 85' lang='lat' dir='ltr'><strong>etiam</strong></span> <span class='ocrx_word' id='word_1_109' title='bbox 1530 1580 1766 1634; x_wconf 86' lang='lat' dir='ltr'><strong>litteram</strong></span> <span class='ocrx_word' id='word_1_110' title='bbox 1789 1594 1844 1643; x_wconf 82' lang='grc' dir='ltr'>η,</span> 
     </span>
    </p>
   </div>
   <div class='ocr_carea' id='block_1_17' title="bbox 263 1670 1849 1746">
    <p class='ocr_par' dir='ltr' id='par_1_17' title="bbox 263 1670 1849 1746">
     <span class='ocr_line' id='line_1_17' title="bbox 263 1670 1849 1746; baseline -0.003 -16"><span class='ocrx_word' id='word_1_111' title='bbox 263 1694 332 1737; x_wconf 76' lang='lat' dir='ltr'><strong>ex</strong></span> <span class='ocrx_word' id='word_1_112' title='bbox 375 1694 404 1729; x_wconf 88' lang='grc' dir='ltr'>ν</span> <span class='ocrx_word' id='word_1_113' title='bbox 453 1677 549 1730; x_wconf 80' lang='grc' dir='ltr'><strong>τοῦ</strong></span> <span class='ocrx_word' id='word_1_114' title='bbox 592 1677 859 1746; x_wconf 77' lang='grc' dir='ltr'><strong>ἰκνέομαι.</strong></span> <span class='ocrx_word' id='word_1_115' title='bbox 894 1675 1078 1744; x_wconf 87' lang='lat' dir='ltr'><strong>Cappa</strong></span> <span class='ocrx_word' id='word_1_116' title='bbox 1119 1688 1252 1728; x_wconf 89' lang='lat' dir='ltr'><strong>vero</strong></span> <span class='ocrx_word' id='word_1_117' title='bbox 1286 1670 1446 1727; x_wconf 80' lang='lat' dir='ltr'><strong>facile</strong></span> <span class='ocrx_word' id='word_1_118' title='bbox 1476 1673 1627 1727; x_wconf 87' lang='lat' dir='ltr'><strong>credi</strong></span> <span class='ocrx_word' id='word_1_119' title='bbox 1664 1678 1849 1742; x_wconf 81' lang='lat' dir='ltr'><strong>potest</strong></span> 
     </span>
    </p>
   </div>
   <div class='ocr_carea' id='block_1_18' title="bbox 264 1765 1849 1839">
    <p class='ocr_par' dir='ltr' id='par_1_18' title="bbox 264 1765 1849 1839">
     <span class='ocr_line' id='line_1_18' title="bbox 264 1765 1849 1839; baseline -0.005 -12"><span class='ocrx_word' id='word_1_120' title='bbox 264 1771 336 1827; x_wconf 89' lang='lat' dir='ltr'><strong>ob</strong></span> <span class='ocrx_word' id='word_1_121' title='bbox 361 1769 702 1839; x_wconf 82' lang='lat' dir='ltr'><strong>euphoniam</strong></span> <span class='ocrx_word' id='word_1_122' title='bbox 737 1769 1015 1824; x_wconf 87' lang='lat' dir='ltr'><strong>sublatum</strong></span> <span class='ocrx_word' id='word_1_123' title='bbox 1053 1776 1148 1821; x_wconf 86' lang='lat' dir='ltr'><strong>aut</strong></span> <span class='ocrx_word' id='word_1_124' title='bbox 1186 1766 1239 1820; x_wconf 85' lang='lat' dir='ltr'><strong>in</strong></span> <span class='ocrx_word' id='word_1_125' title='bbox 1265 1783 1289 1820; x_wconf 70' lang='grc' dir='ltr'><em>ε</em></span> <span class='ocrx_word' id='word_1_126' title='bbox 1319 1766 1629 1820; x_wconf 87' lang='lat' dir='ltr'><strong>emollitum</strong></span> <span class='ocrx_word' id='word_1_127' title='bbox 1656 1765 1711 1819; x_wconf 90' lang='lat' dir='ltr'><strong>in</strong></span> <span class='ocrx_word' id='word_1_128' title='bbox 1749 1778 1849 1820; x_wconf 82' lang='lat' dir='ltr'><strong>vo-</strong></span> 
     </span>
    </p>
   </div>
   <div class='ocr_carea' id='block_1_19' title="bbox 1944 558 3518 636">
    <p class='ocr_par' dir='ltr' id='par_1_19' title="bbox 1944 558 3518 636">
     <span class='ocr_line' id='line_1_19' title="bbox 1944 558 3518 636; baseline -0.007 -14"><span class='ocrx_word' id='word_1_129' title='bbox 1944 566 2136 622; x_wconf 86' lang='lat' dir='ltr'><strong>Liceat</strong></span> <span class='ocrx_word' id='word_1_130' title='bbox 2171 562 2444 636; x_wconf 87' lang='lat' dir='ltr'><strong>suspicari</strong></span> <span class='ocrx_word' id='word_1_131' title='bbox 2480 560 2847 635; x_wconf 82' lang='lat' dir='ltr'><strong>exscriptores</strong></span> <span class='ocrx_word' id='word_1_132' title='bbox 2878 560 3007 615; x_wconf 91' lang='lat' dir='ltr'><strong>libri</strong></span> <span class='ocrx_word' id='word_1_133' title='bbox 3054 559 3189 616; x_wconf 87' lang='lat' dir='ltr'><strong>Scth</strong></span> <span class='ocrx_word' id='word_1_134' title='bbox 3224 558 3388 623; x_wconf 63' lang='lat' dir='ltr'><strong>casas</strong></span> <span class='ocrx_word' id='word_1_135' title='bbox 3420 574 3518 629; x_wconf 88' lang='lat' dir='ltr'><strong>pro</strong></span> 
     </span>
    </p>
   </div>
   <div class='ocr_carea' id='block_1_20' title="bbox 1944 652 3520 729">
    <p class='ocr_par' dir='ltr' id='par_1_20' title="bbox 1944 652 3520 729">
     <span class='ocr_line' id='line_1_20' title="bbox 1944 652 3520 729; baseline -0.004 -16"><span class='ocrx_word' id='word_1_136' title='bbox 1944 659 2139 714; x_wconf 79' lang='grc' dir='ltr'><strong>Καὸάδ</strong></span> <span class='ocrx_word' id='word_1_137' title='bbox 2182 658 2379 714; x_wconf 82' lang='lat' dir='ltr'><strong>vitiose</strong></span> <span class='ocrx_word' id='word_1_138' title='bbox 2434 658 2685 729; x_wconf 74' lang='lat' dir='ltr'><strong>posuisse</strong></span> <span class='ocrx_word' id='word_1_139' title='bbox 2721 671 2887 724; x_wconf 77' lang='lat' dir='ltr'><strong>:narn</strong></span> <span class='ocrx_word' id='word_1_140' title='bbox 2919 654 2974 710; x_wconf 92' lang='lat' dir='ltr'><strong>in</strong></span> <span class='ocrx_word' id='word_1_141' title='bbox 3018 663 3128 709; x_wconf 90' lang='lat' dir='ltr'><strong>tota</strong></span> <span class='ocrx_word' id='word_1_142' title='bbox 3165 652 3392 708; x_wconf 82' lang='lat' dir='ltr'><strong>historia</strong></span> <span class='ocrx_word' id='word_1_143' title='bbox 3431 668 3520 707; x_wconf 89' lang='lat' dir='ltr'><strong>re-</strong></span> 
     </span>
    </p>
   </div>
   <div class='ocr_carea' id='block_1_21' title="bbox 1942 744 3517 823">
    <p class='ocr_par' dir='ltr' id='par_1_21' title="bbox 1942 744 3517 823">
     <span class='ocr_line' id='line_1_21' title="bbox 1942 744 3517 823; baseline -0.003 -20"><span class='ocrx_word' id='word_1_144' title='bbox 1942 750 2070 823; x_wconf 85' lang='lat' dir='ltr'><strong>gum</strong></span> <span class='ocrx_word' id='word_1_145' title='bbox 2114 748 2462 804; x_wconf 79' lang='lat' dir='ltr'><strong>Persicorum</strong></span> <span class='ocrx_word' id='word_1_146' title='bbox 2515 747 2700 802; x_wconf 89' lang='lat' dir='ltr'><strong>nullus</strong></span> <span class='ocrx_word' id='word_1_147' title='bbox 2748 747 3030 816; x_wconf 87' lang='lat' dir='ltr'><strong>reperitur</strong></span> <span class='ocrx_word' id='word_1_148' title='bbox 3091 744 3262 809; x_wconf 80' lang='lat' dir='ltr'><strong>David</strong></span> <span class='ocrx_word' id='word_1_149' title='bbox 3312 744 3517 800; x_wconf 91' lang='lat' dir='ltr'><strong>dictus.</strong></span> 
     </span>
    </p>
   </div>
   <div class='ocr_carea' id='block_1_22' title="bbox 1944 834 3522 907">
    <p class='ocr_par' dir='ltr' id='par_1_22' title="bbox 1944 834 3522 907">
     <span class='ocr_line' id='line_1_22' title="bbox 1944 834 3522 907; baseline -0.003 -13"><span class='ocrx_word' id='word_1_150' title='bbox 1944 834 2087 894; x_wconf 87' lang='lat' dir='ltr'><strong>Puto</strong></span> <span class='ocrx_word' id='word_1_151' title='bbox 2110 838 2273 893; x_wconf 88' lang='lat' dir='ltr'><strong>etiam</strong></span> <span class='ocrx_word' id='word_1_152' title='bbox 2297 852 2395 894; x_wconf 86' lang='lat' dir='ltr'><strong>eos</strong></span> <span class='ocrx_word' id='word_1_153' title='bbox 2414 851 2631 893; x_wconf 80' lang='lat' dir='ltr'><strong>errasse</strong></span> <span class='ocrx_word' id='word_1_154' title='bbox 2657 836 2711 893; x_wconf 91' lang='lat' dir='ltr'><strong>in</strong></span> <span class='ocrx_word' id='word_1_155' title='bbox 2737 835 2959 892; x_wconf 86' lang='lat' dir='ltr'><strong>nomine</strong></span> <span class='ocrx_word' id='word_1_156' title='bbox 2991 836 3224 892; x_wconf 81' lang='lat' dir='ltr'><strong>Perzoes</strong></span> <span class='ocrx_word' id='word_1_157' title='bbox 3252 834 3522 907; x_wconf 68' lang='lat' dir='ltr'><strong>traiectio-</strong></span> 
     </span>
    </p>
   </div>
   <div class='ocr_carea' id='block_1_23' title="bbox 1945 925 3518 998">
    <p class='ocr_par' dir='ltr' id='par_1_23' title="bbox 1945 925 3518 998">
     <span class='ocr_line' id='line_1_23' title="bbox 1945 925 3518 998; baseline -0.003 -13"><span class='ocrx_word' id='word_1_158' title='bbox 1945 944 2015 985; x_wconf 88' lang='lat' dir='ltr'><strong>ne</strong></span> <span class='ocrx_word' id='word_1_159' title='bbox 2041 929 2372 993; x_wconf 81' lang='lat' dir='ltr'><strong>litterarum,</strong></span> <span class='ocrx_word' id='word_1_160' title='bbox 2398 943 2524 983; x_wconf 90' lang='lat' dir='ltr'><strong>cum</strong></span> <span class='ocrx_word' id='word_1_161' title='bbox 2556 925 2781 983; x_wconf 75' lang='lat' dir='ltr'><strong>Perozes</strong></span> <span class='ocrx_word' id='word_1_162' title='bbox 2809 936 2955 987; x_wconf 87' lang='lat' dir='ltr'><strong>recta</strong></span> <span class='ocrx_word' id='word_1_163' title='bbox 2986 926 3210 998; x_wconf 84' lang='lat' dir='ltr'><strong>scriptio</strong></span> <span class='ocrx_word' id='word_1_164' title='bbox 3240 927 3313 982; x_wconf 86' lang='lat' dir='ltr'><strong>sit</strong></span> <span class='ocrx_word' id='word_1_165' title='bbox 3344 945 3358 983; x_wconf 86' lang='lat'><strong>:</strong></span> <span class='ocrx_word' id='word_1_166' title='bbox 3389 942 3518 981; x_wconf 89' lang='lat' dir='ltr'><strong>nam</strong></span> 
     </span>
    </p>
   </div>
   <div class='ocr_carea' id='block_1_24' title="bbox 1948 1018 3519 1099">
    <p class='ocr_par' dir='ltr' id='par_1_24' title="bbox 1948 1018 3519 1099">
     <span class='ocr_line' id='line_1_24' title="bbox 1948 1018 3519 1099; baseline -0.003 -23"><span class='ocrx_word' id='word_1_167' title='bbox 1948 1022 2054 1078; x_wconf 89' lang='lat' dir='ltr'><strong>hoc</strong></span> <span class='ocrx_word' id='word_1_168' title='bbox 2085 1036 2286 1078; x_wconf 86' lang='lat' dir='ltr'><strong>nomen</strong></span> <span class='ocrx_word' id='word_1_169' title='bbox 2323 1021 2511 1099; x_wconf 85' lang='lat' dir='ltr'><strong>Persis</strong></span> <span class='ocrx_word' id='word_1_170' title='bbox 2539 1021 2800 1076; x_wconf 88' lang='lat' dir='ltr'><strong>usitatum</strong></span> <span class='ocrx_word' id='word_1_171' title='bbox 2824 1020 3117 1091; x_wconf 87' lang='lat' dir='ltr'><strong>reperitur.</strong></span> <span class='ocrx_word' id='word_1_172' title='bbox 3139 1018 3318 1087; x_wconf 83' lang='lat' dir='ltr'><strong>Quare</strong></span> <span class='ocrx_word' id='word_1_173' title='bbox 3345 1019 3519 1074; x_wconf 81' lang='lat' dir='ltr'><strong>corri~</strong></span> 
     </span>
    </p>
   </div>
   <div class='ocr_carea' id='block_1_25' title="bbox 1944 1110 3522 1185">
    <p class='ocr_par' dir='ltr' id='par_1_25' title="bbox 1944 1110 3522 1185">
     <span class='ocr_line' id='line_1_25' title="bbox 1944 1110 3522 1185; baseline -0.001 -17"><span class='ocrx_word' id='word_1_174' title='bbox 1944 1115 2184 1185; x_wconf 86' lang='lat' dir='ltr'><strong>gendum</strong></span> <span class='ocrx_word' id='word_1_175' title='bbox 2254 1128 2476 1184; x_wconf 86' lang='lat' dir='ltr'><strong>quoque</strong></span> <span class='ocrx_word' id='word_1_176' title='bbox 2524 1122 2660 1185; x_wconf 89' lang='lat' dir='ltr'><strong>puto</strong></span> <span class='ocrx_word' id='word_1_177' title='bbox 2709 1112 3064 1169; x_wconf 78' lang='lat' dir='ltr'><strong>Ammianum</strong></span> <span class='ocrx_word' id='word_1_178' title='bbox 3119 1110 3522 1177; x_wconf 70' lang='lat' dir='ltr'><strong>Marcellinum,</strong></span> 
     </span>
    </p>
   </div>
   <div class='ocr_carea' id='block_1_26' title="bbox 1946 1202 3525 1281">
    <p class='ocr_par' dir='ltr' id='par_1_26' title="bbox 1946 1202 3525 1281">
     <span class='ocr_line' id='line_1_26' title="bbox 1946 1202 3525 1281; baseline -0.003 -19"><span class='ocrx_word' id='word_1_179' title='bbox 1946 1208 2044 1264; x_wconf 87' lang='lat' dir='ltr'><strong>lib.</strong></span> <span class='ocrx_word' id='word_1_180' title='bbox 2070 1223 2182 1274; x_wconf 74' lang='lat' dir='ltr'><strong>xxx,</strong></span> <span class='ocrx_word' id='word_1_181' title='bbox 2212 1206 2342 1261; x_wconf 88' lang='lat' dir='ltr'><strong>dum</strong></span> <span class='ocrx_word' id='word_1_182' title='bbox 2388 1206 2609 1261; x_wconf 83' lang='lat' dir='ltr'><strong>Pirosen</strong></span> <span class='ocrx_word' id='word_1_183' title='bbox 2630 1222 2731 1279; x_wconf 85' lang='lat' dir='ltr'><strong>pro</strong></span> <span class='ocrx_word' id='word_1_184' title='bbox 2768 1206 3105 1281; x_wconf 57' lang='lat' dir='ltr'><strong>Peraeam-ut</strong></span> <span class='ocrx_word' id='word_1_185' title='bbox 3134 1202 3352 1277; x_wconf 86' lang='lat' dir='ltr'><strong>opinor,</strong></span> <span class='ocrx_word' id='word_1_186' title='bbox 3388 1206 3525 1261; x_wconf 85' lang='lat' dir='ltr'><strong>scri-</strong></span> 
     </span>
    </p>
   </div>
   <div class='ocr_carea' id='block_1_27' title="bbox 1948 1298 3527 1373">
    <p class='ocr_par' dir='ltr' id='par_1_27' title="bbox 1948 1298 3527 1373">
     <span class='ocr_line' id='line_1_27' title="bbox 1948 1298 3527 1373; baseline -0.003 -16"><span class='ocrx_word' id='word_1_187' title='bbox 1948 1300 2051 1357; x_wconf 81' lang='lat' dir='ltr'><strong>bit.</strong></span> <span class='ocrx_word' id='word_1_188' title='bbox 2082 1298 2282 1356; x_wconf 89' lang='lat' dir='ltr'><strong>Totum</strong></span> <span class='ocrx_word' id='word_1_189' title='bbox 2313 1302 2496 1358; x_wconf 87' lang='lat' dir='ltr'><strong>locum</strong></span> <span class='ocrx_word' id='word_1_190' title='bbox 2531 1301 2603 1357; x_wconf 86' lang='lat' dir='ltr'><strong>ita</strong></span> <span class='ocrx_word' id='word_1_191' title='bbox 2638 1309 2693 1359; x_wconf 89' lang='lat' dir='ltr'><strong>et</strong></span> <span class='ocrx_word' id='word_1_192' title='bbox 2722 1302 2955 1371; x_wconf 86' lang='lat' dir='ltr'><strong>legerem</strong></span> <span class='ocrx_word' id='word_1_193' title='bbox 2985 1309 3041 1356; x_wconf 90' lang='lat' dir='ltr'><strong>et</strong></span> <span class='ocrx_word' id='word_1_194' title='bbox 3071 1298 3157 1372; x_wconf 72' lang='grc' dir='ltr'><strong>[Ρ.</strong></span> <span class='ocrx_word' id='word_1_195' title='bbox 3188 1298 3319 1373; x_wconf 71' lang='lat'><strong>185]</strong></span> <span class='ocrx_word' id='word_1_196' title='bbox 3351 1300 3527 1356; x_wconf 85' lang='lat' dir='ltr'><strong>inter-</strong></span> 
     </span>
    </p>
   </div>
   <div class='ocr_carea' id='block_1_28' title="bbox 1951 1392 3528 1465">
    <p class='ocr_par' dir='ltr' id='par_1_28' title="bbox 1951 1392 3528 1465">
     <span class='ocr_line' id='line_1_28' title="bbox 1951 1392 3528 1465; baseline 0.001 -18"><span class='ocrx_word' id='word_1_197' title='bbox 1951 1401 2201 1464; x_wconf 75' lang='lat' dir='ltr'><strong>preta’rer</strong></span> <span class='ocrx_word' id='word_1_198' title='bbox 2228 1408 2361 1465; x_wconf 84' lang='lat' dir='ltr'><strong>pace</strong></span> <span class='ocrx_word' id='word_1_199' title='bbox 2384 1394 2688 1450; x_wconf 81' lang='lat' dir='ltr'><strong>doctissimi</strong></span> <span class='ocrx_word' id='word_1_200' title='bbox 2712 1394 2909 1449; x_wconf 87' lang='lat' dir='ltr'><strong>Valesii</strong></span> <span class='ocrx_word' id='word_1_201' title='bbox 2935 1411 2949 1447; x_wconf 86' lang='lat'><strong>:</strong></span> <span class='ocrx_word' id='word_1_202' title='bbox 2972 1392 3153 1449; x_wconf 77' lang='lat' dir='ltr'><strong>Persis</strong></span> <span class='ocrx_word' id='word_1_203' title='bbox 3180 1392 3442 1465; x_wconf 89' lang='lat' dir='ltr'><strong>Saporem</strong></span> <span class='ocrx_word' id='word_1_204' title='bbox 3473 1407 3528 1449; x_wconf 91' lang='lat' dir='ltr'><strong>et</strong></span> 
     </span>
    </p>
   </div>
   <div class='ocr_carea' id='block_1_29' title="bbox 1949 1484 3525 1557">
    <p class='ocr_par' dir='ltr' id='par_1_29' title="bbox 1949 1484 3525 1557">
     <span class='ocr_line' id='line_1_29' title="bbox 1949 1484 3525 1557; baseline 0.001 -17"><span class='ocrx_word' id='word_1_205' title='bbox 1949 1486 2242 1542; x_wconf 73' lang='lat' dir='ltr'><strong>Xahan-xa</strong></span> <span class='ocrx_word' id='word_1_206' title='bbox 2277 1496 2334 1542; x_wconf 90' lang='lat' dir='ltr'><strong>et</strong></span> <span class='ocrx_word' id='word_1_207' title='bbox 2362 1485 2596 1541; x_wconf 73' lang='lat' dir='ltr'><strong>Perozen</strong></span> <span class='ocrx_word' id='word_1_208' title='bbox 2631 1486 3055 1557; x_wconf 80' lang='lat' dir='ltr'><strong>appellantibus,</strong></span> <span class='ocrx_word' id='word_1_209' title='bbox 3106 1484 3285 1556; x_wconf 83' lang='lat' dir='ltr'><strong>regum</strong></span> <span class='ocrx_word' id='word_1_210' title='bbox 3334 1503 3525 1557; x_wconf 78' lang='lat' dir='ltr'><strong>regem,</strong></span> 
     </span>
    </p>
   </div>
   <div class='ocr_carea' id='block_1_30' title="bbox 1949 1575 3530 1663">
    <p class='ocr_par' dir='ltr' id='par_1_30' title="bbox 1949 1575 3530 1663">
     <span class='ocr_line' id='line_1_30' title="bbox 1949 1575 3530 1663; baseline 0.003 -35"><span class='ocrx_word' id='word_1_211' title='bbox 1949 1584 2003 1628; x_wconf 87' lang='lat' dir='ltr'><strong>et</strong></span> <span class='ocrx_word' id='word_1_212' title='bbox 2030 1575 2420 1644; x_wconf 80' lang='lat' dir='ltr'><strong>dissipatorem,</strong></span> <span class='ocrx_word' id='word_1_213' title='bbox 2462 1577 2657 1646; x_wconf 81' lang='lat' dir='ltr'><strong>sapple</strong></span> <span class='ocrx_word' id='word_1_214' title='bbox 2700 1575 2965 1643; x_wconf 83' lang='lat' dir='ltr'><strong>hostium,</strong></span> <span class='ocrx_word' id='word_1_215' title='bbox 2988 1590 3020 1631; x_wconf 88' lang='lat' dir='ltr'><strong>a</strong></span> <span class='ocrx_word' id='word_1_216' title='bbox 3049 1583 3173 1663; x_wconf 53' lang='lat' dir='ltr'><strong>vn:</strong></span> <span class='ocrx_word' id='word_1_217' title='bbox 3204 1590 3387 1648; x_wconf 73' lang='lat' dir='ltr'><strong>parat:</strong></span> <span class='ocrx_word' id='word_1_218' title='bbox 3425 1578 3530 1633; x_wconf 86' lang='lat' dir='ltr'><strong>He-</strong></span> 
     </span>
    </p>
   </div>
   <div class='ocr_carea' id='block_1_31' title="bbox 1951 1666 3529 1744">
    <p class='ocr_par' dir='ltr' id='par_1_31' title="bbox 1951 1666 3529 1744">
     <span class='ocr_line' id='line_1_31' title="bbox 1951 1666 3529 1744; baseline 0.002 -22"><span class='ocrx_word' id='word_1_219' title='bbox 1951 1668 2116 1725; x_wconf 82' lang='lat' dir='ltr'><strong>braeo.</strong></span> <span class='ocrx_word' id='word_1_220' title='bbox 2149 1666 2305 1726; x_wconf 83' lang='lat' dir='ltr'><strong>Unde</strong></span> <span class='ocrx_word' id='word_1_221' title='bbox 2334 1667 2462 1723; x_wconf 86' lang='lat' dir='ltr'><strong>Baal</strong></span> <span class='ocrx_word' id='word_1_222' title='bbox 2509 1672 2774 1739; x_wconf 83' lang='lat' dir='ltr'><strong>peratsim</strong></span> <span class='ocrx_word' id='word_1_223' title='bbox 2823 1671 3009 1726; x_wconf 86' lang='lat' dir='ltr'><strong>dictus</strong></span> <span class='ocrx_word' id='word_1_224' title='bbox 3045 1671 3200 1744; x_wconf 84' lang='lat' dir='ltr'><strong>locus</strong></span> <span class='ocrx_word' id='word_1_225' title='bbox 3232 1670 3321 1726; x_wconf 91' lang='lat' dir='ltr'><strong>ubi</strong></span> <span class='ocrx_word' id='word_1_226' title='bbox 3352 1671 3529 1727; x_wconf 78' lang='lat' dir='ltr'><strong>divisit</strong></span> 
     </span>
    </p>
   </div>
   <div class='ocr_carea' id='block_1_32' title="bbox 1949 1756 3532 1835">
    <p class='ocr_par' dir='ltr' id='par_1_32' title="bbox 1949 1756 3532 1835">
     <span class='ocr_line' id='line_1_32' title="bbox 1949 1756 3532 1835; baseline 0.004 -20"><span class='ocrx_word' id='word_1_227' title='bbox 1949 1760 2205 1815; x_wconf 75' lang='lat' dir='ltr'><strong>Dominus</strong></span> <span class='ocrx_word' id='word_1_228' title='bbox 2235 1763 2476 1818; x_wconf 73' lang='lat' dir='ltr'><strong>inimicos</strong></span> <span class='ocrx_word' id='word_1_229' title='bbox 2502 1764 2717 1818; x_wconf 77' lang='lat' dir='ltr'><strong>Davidis</strong></span> <span class='ocrx_word' id='word_1_230' title='bbox 2739 1756 2807 1835; x_wconf 81' lang='lat' dir='ltr'><strong>(ii</strong></span> <span class='ocrx_word' id='word_1_231' title='bbox 2832 1762 2983 1820; x_wconf 83' lang='lat' dir='ltr'><strong>Sam.</strong></span> <span class='ocrx_word' id='word_1_232' title='bbox 3002 1781 3053 1829; x_wconf 84' lang='grc' dir='ltr'><strong>ν,</strong></span> <span class='ocrx_word' id='word_1_233' title='bbox 3071 1764 3184 1835; x_wconf 68' lang='grc' dir='ltr'><strong>ΞΟ).</strong></span> <span class='ocrx_word' id='word_1_234' title='bbox 3207 1784 3224 1818; x_wconf 75' lang='lat' dir='ltr'><strong>t</strong></span> <span class='ocrx_word' id='word_1_235' title='bbox 3249 1765 3375 1821; x_wconf 75' lang='lat' dir='ltr'><strong>llaec</strong></span> <span class='ocrx_word' id='word_1_236' title='bbox 3400 1766 3532 1822; x_wconf 77' lang='lat' dir='ltr'><strong>Mal-</strong></span> 
     </span>
    </p>
   </div>
   <div class='ocr_carea' id='block_1_33' title="bbox 264 1840 3528 1930">
    <p class='ocr_par' dir='ltr' id='par_1_33' title="bbox 264 1840 3528 1930">
     <span class='ocr_line' id='line_1_33' title="bbox 264 1840 3528 1930; baseline -0.002 -11"><span class='ocrx_word' id='word_1_237' title='bbox 264 1864 465 1919; x_wconf 86' lang='lat' dir='ltr'><strong>cabulo</strong></span> <span class='ocrx_word' id='word_1_238' title='bbox 524 1862 722 1917; x_wconf 90' lang='lat' dir='ltr'><strong>Latino</strong></span> <span class='ocrx_word' id='word_1_239' title='bbox 764 1864 958 1918; x_wconf 81' lang='lat' dir='ltr'><strong>instar.</strong></span> <span class='ocrx_word' id='word_1_240' title='bbox 1012 1860 1104 1917; x_wconf 88' lang='lat' dir='ltr'><strong>Sic</strong></span> <span class='ocrx_word' id='word_1_241' title='bbox 1161 1858 1430 1930; x_wconf 84' lang='lat' dir='ltr'><strong>opinabar</strong></span> <span class='ocrx_word' id='word_1_242' title='bbox 1468 1857 1760 1929; x_wconf 83' lang='lat' dir='ltr'><strong>:judicent</strong></span> <span class='ocrx_word' id='word_1_243' title='bbox 1799 1855 1849 1910; x_wconf 73' lang='lat' dir='ltr'><strong>et</strong></span> <span class='ocrx_word' id='word_1_244' title='bbox 1882 1848 1921 1905; x_wconf 68' lang='grc' dir='ltr'>Β</span> <span class='ocrx_word' id='word_1_245' title='bbox 1952 1864 2148 1921; x_wconf 88' lang='lat' dir='ltr'><strong>tretns,</strong></span> <span class='ocrx_word' id='word_1_246' title='bbox 2192 1856 2394 1926; x_wconf 82' lang='lat' dir='ltr'><strong>quibus</strong></span> <span class='ocrx_word' id='word_1_247' title='bbox 2416 1840 2560 1912; x_wconf 85' lang='lat' dir='ltr'><strong>addo</strong></span> <span class='ocrx_word' id='word_1_248' title='bbox 2592 1858 2735 1928; x_wconf 89' lang='lat' dir='ltr'><strong>quod</strong></span> <span class='ocrx_word' id='word_1_249' title='bbox 2758 1858 2920 1912; x_wconf 81' lang='lat' dir='ltr'><strong>amici</strong></span> <span class='ocrx_word' id='word_1_250' title='bbox 2951 1856 3227 1914; x_wconf 86' lang='lat' dir='ltr'><strong>Florentia</strong></span> <span class='ocrx_word' id='word_1_251' title='bbox 3252 1859 3528 1925; x_wconf 84' lang='lat' dir='ltr'><strong>scribunt,</strong></span> 
     </span>
    </p>
   </div>
   <div class='ocr_carea' id='block_1_34' title="bbox 264 1948 1851 2025">
    <p class='ocr_par' dir='ltr' id='par_1_34' title="bbox 264 1948 1851 2025">
     <span class='ocr_line' id='line_1_34' title="bbox 264 1948 1851 2025; baseline -0.004 -14"><span class='ocrx_word' id='word_1_252' title='bbox 264 1956 499 2011; x_wconf 82' lang='grc' dir='ltr'><strong>τοιαῦτα</strong></span> <span class='ocrx_word' id='word_1_253' title='bbox 528 1955 714 2019; x_wconf 74' lang='grc' dir='ltr'><strong>δεινοί,</strong></span> <span class='ocrx_word' id='word_1_254' title='bbox 751 1969 985 2025; x_wconf 89' lang='lat' dir='ltr'><strong>quorum</strong></span> <span class='ocrx_word' id='word_1_255' title='bbox 1016 1952 1264 2009; x_wconf 85' lang='lat' dir='ltr'><strong>arbitriis</strong></span> <span class='ocrx_word' id='word_1_256' title='bbox 1284 1951 1557 2007; x_wconf 79' lang='lat' dir='ltr'><strong>obnoxius</strong></span> <span class='ocrx_word' id='word_1_257' title='bbox 1579 1957 1635 2004; x_wconf 80' lang='lat' dir='ltr'><strong>et</strong></span> <span class='ocrx_word' id='word_1_258' title='bbox 1670 1948 1851 2004; x_wconf 87' lang='lat' dir='ltr'><strong>libens</strong></span> 
     </span>
    </p>
   </div>
   <div class='ocr_carea' id='block_1_35' title="bbox 267 2042 1850 2117">
    <p class='ocr_par' dir='ltr' id='par_1_35' title="bbox 267 2042 1850 2117">
     <span class='ocr_line' id='line_1_35' title="bbox 267 2042 1850 2117; baseline -0.005 -12"><span class='ocrx_word' id='word_1_259' title='bbox 267 2059 504 2105; x_wconf 85' lang='lat' dir='ltr'><strong>stetero.</strong></span> <span class='ocrx_word' id='word_1_260' title='bbox 556 2047 868 2117; x_wconf 81' lang='lat' dir='ltr'><strong>Antequam</strong></span> <span class='ocrx_word' id='word_1_261' title='bbox 915 2046 1134 2112; x_wconf 86' lang='lat' dir='ltr'><strong>desino,</strong></span> <span class='ocrx_word' id='word_1_262' title='bbox 1180 2045 1457 2100; x_wconf 81' lang='lat' dir='ltr'><strong>admoneo</strong></span> <span class='ocrx_word' id='word_1_263' title='bbox 1502 2044 1728 2100; x_wconf 84' lang='lat' dir='ltr'><strong>tertium</strong></span> <span class='ocrx_word' id='word_1_264' title='bbox 1769 2042 1850 2097; x_wconf 88' lang='lat' dir='ltr'><strong>uti</strong></span> 
     </span>
    </p>
   </div>
   <div class='ocr_carea' id='block_1_36' title="bbox 267 2133 1851 2211">
    <p class='ocr_par' dir='ltr' id='par_1_36' title="bbox 267 2133 1851 2211">
     <span class='ocr_line' id='line_1_36' title="bbox 267 2133 1851 2211; baseline -0.004 -16"><span class='ocrx_word' id='word_1_265' title='bbox 267 2141 440 2196; x_wconf 90' lang='lat' dir='ltr'><strong>verbo</strong></span> <span class='ocrx_word' id='word_1_266' title='bbox 494 2140 602 2195; x_wconf 93' lang='lat' dir='ltr'><strong>hoc</strong></span> <span class='ocrx_word' id='word_1_267' title='bbox 648 2139 1070 2211; x_wconf 83' lang='lat' dir='ltr'><strong>Pacliymerem,</strong></span> <span class='ocrx_word' id='word_1_268' title='bbox 1109 2153 1164 2208; x_wconf 77' lang='lat' dir='ltr'><strong>p&#39;.</strong></span> <span class='ocrx_word' id='word_1_269' title='bbox 1206 2137 1471 2195; x_wconf 87' lang='lat' dir='ltr'><strong>nimirum</strong></span> <span class='ocrx_word' id='word_1_270' title='bbox 1506 2137 1617 2193; x_wconf 69' lang='lat'><strong>290</strong></span> <span class='ocrx_word' id='word_1_271' title='bbox 1663 2147 1679 2187; x_wconf 87' lang='lat'><strong>:</strong></span> <span class='ocrx_word' id='word_1_272' title='bbox 1728 2133 1851 2190; x_wconf 78' lang='grc' dir='ltr'><strong>Οὐδ’</strong></span> 
     </span>
    </p>
   </div>
   <div class='ocr_carea' id='block_1_37' title="bbox 267 2227 1850 2302">
    <p class='ocr_par' dir='ltr' id='par_1_37' title="bbox 267 2227 1850 2302">
     <span class='ocr_line' id='line_1_37' title="bbox 267 2227 1850 2302; baseline -0.004 -14"><span class='ocrx_word' id='word_1_273' title='bbox 267 2233 432 2302; x_wconf 67' lang='grc' dir='ltr'>ἴκταρ</span> <span class='ocrx_word' id='word_1_274' title='bbox 479 2232 629 2297; x_wconf 76' lang='grc' dir='ltr'><strong>ἄξιον</strong></span> <span class='ocrx_word' id='word_1_275' title='bbox 683 2231 948 2302; x_wconf 69' lang='grc' dir='ltr'><strong>κρίνουσα</strong></span> <span class='ocrx_word' id='word_1_276' title='bbox 980 2230 1042 2283; x_wconf 81' lang='grc' dir='ltr'><strong>τὸ</strong></span> <span class='ocrx_word' id='word_1_277' title='bbox 1072 2228 1453 2299; x_wconf 72' lang='grc' dir='ltr'><strong>συνάλλαγμα,</strong></span> <span class='ocrx_word' id='word_1_278' title='bbox 1500 2228 1569 2284; x_wconf 84' lang='lat' dir='ltr'><strong>de</strong></span> <span class='ocrx_word' id='word_1_279' title='bbox 1606 2227 1850 2299; x_wconf 78' lang='lat' dir='ltr'><strong>Augusta</strong></span> 
     </span>
    </p>
   </div>
   <div class='ocr_carea' id='block_1_38' title="bbox 268 2320 1849 2394">
    <p class='ocr_par' dir='ltr' id='par_1_38' title="bbox 268 2320 1849 2394">
     <span class='ocr_line' id='line_1_38' title="bbox 268 2320 1849 2394; baseline -0.004 -13"><span class='ocrx_word' id='word_1_280' title='bbox 268 2334 446 2381; x_wconf 86' lang='lat' dir='ltr'><strong>matre</strong></span> <span class='ocrx_word' id='word_1_281' title='bbox 496 2324 726 2381; x_wconf 78' lang='lat' dir='ltr'><strong>Joannis</strong></span> <span class='ocrx_word' id='word_1_282' title='bbox 772 2324 1020 2393; x_wconf 69' lang='lat' dir='ltr'><strong>despotic</strong></span> <span class='ocrx_word' id='word_1_283' title='bbox 1069 2322 1235 2394; x_wconf 86' lang='lat' dir='ltr'><strong>hujus</strong></span> <span class='ocrx_word' id='word_1_284' title='bbox 1264 2320 1678 2376; x_wconf 85' lang='lat' dir='ltr'><strong>matrimonium</strong></span> <span class='ocrx_word' id='word_1_285' title='bbox 1724 2334 1849 2374; x_wconf 91' lang='lat' dir='ltr'><strong>cum</strong></span> 
     </span>
    </p>
   </div>
   <div class='ocr_carea' id='block_1_39' title="bbox 266 2412 1853 2487">
    <p class='ocr_par' dir='ltr' id='par_1_39' title="bbox 266 2412 1853 2487">
     <span class='ocr_line' id='line_1_39' title="bbox 266 2412 1853 2487; baseline -0.001 -19"><span class='ocrx_word' id='word_1_286' title='bbox 266 2414 379 2469; x_wconf 74' lang='lat' dir='ltr'><strong>tilia</strong></span> <span class='ocrx_word' id='word_1_287' title='bbox 408 2413 649 2470; x_wconf 90' lang='lat' dir='ltr'><strong>Chumni</strong></span> <span class='ocrx_word' id='word_1_288' title='bbox 683 2414 925 2487; x_wconf 61' lang='lat' dir='ltr'><strong>prafecti</strong></span> <span class='ocrx_word' id='word_1_289' title='bbox 953 2414 1221 2476; x_wconf 86' lang='lat' dir='ltr'><strong>canicleo,</strong></span> <span class='ocrx_word' id='word_1_290' title='bbox 1252 2412 1384 2469; x_wconf 87' lang='lat' dir='ltr'><strong>licet</strong></span> <span class='ocrx_word' id='word_1_291' title='bbox 1418 2412 1470 2467; x_wconf 88' lang='lat' dir='ltr'><strong>id</strong></span> <span class='ocrx_word' id='word_1_292' title='bbox 1502 2412 1853 2467; x_wconf 73' lang='lat' dir='ltr'><strong>Andronicus</strong></span> 
     </span>
    </p>
   </div>
   <div class='ocr_carea' id='block_1_40' title="bbox 270 2494 1854 2581">
    <p class='ocr_par' dir='ltr' id='par_1_40' title="bbox 270 2494 1854 2581">
     <span class='ocr_line' id='line_1_40' title="bbox 270 2494 1854 2581; baseline -0.002 -15"><span class='ocrx_word' id='word_1_293' title='bbox 270 2494 435 2581; x_wconf 86' lang='lat' dir='ltr'><strong>pater</strong></span> <span class='ocrx_word' id='word_1_294' title='bbox 467 2510 716 2580; x_wconf 65' lang='lat' dir='ltr'><strong>despotic</strong></span> <span class='ocrx_word' id='word_1_295' title='bbox 739 2519 983 2580; x_wconf 80' lang='lat' dir='ltr'><strong>optaret,</strong></span> <span class='ocrx_word' id='word_1_296' title='bbox 1010 2508 1193 2578; x_wconf 88' lang='lat' dir='ltr'><strong>impar</strong></span> <span class='ocrx_word' id='word_1_297' title='bbox 1219 2507 1474 2579; x_wconf 77' lang='lat' dir='ltr'><strong>dignitati</strong></span> <span class='ocrx_word' id='word_1_298' title='bbox 1512 2507 1605 2563; x_wconf 82' lang='lat' dir='ltr'><strong>lilii</strong></span> <span class='ocrx_word' id='word_1_299' title='bbox 1645 2496 1854 2564; x_wconf 82' lang='lat' dir='ltr'><strong>ducen-</strong></span> 
     </span>
    </p>
   </div>
   <div class='ocr_carea' id='block_1_41' title="bbox 270 2583 1855 2670">
    <p class='ocr_par' dir='ltr' id='par_1_41' title="bbox 270 2583 1855 2670">
     <span class='ocr_line' id='line_1_41' title="bbox 270 2583 1855 2670; baseline 0.001 -16"><span class='ocrx_word' id='word_1_300' title='bbox 270 2614 347 2656; x_wconf 88' lang='lat' dir='ltr'><strong>te.</strong></span> <span class='ocrx_word' id='word_1_301' title='bbox 392 2601 505 2657; x_wconf 83' lang='lat' dir='ltr'><strong>Sed</strong></span> <span class='ocrx_word' id='word_1_302' title='bbox 550 2611 608 2657; x_wconf 90' lang='lat' dir='ltr'><strong>et</strong></span> <span class='ocrx_word' id='word_1_303' title='bbox 642 2602 783 2655; x_wconf 83' lang='lat' dir='ltr'><strong>alter</strong></span> <span class='ocrx_word' id='word_1_304' title='bbox 818 2583 1081 2656; x_wconf 70' lang='lat' dir='ltr'><strong>occurrit</strong></span> <span class='ocrx_word' id='word_1_305' title='bbox 1108 2600 1285 2664; x_wconf 89' lang='lat' dir='ltr'><strong>locus,</strong></span> <span class='ocrx_word' id='word_1_306' title='bbox 1333 2614 1389 2670; x_wconf 90' lang='lat' dir='ltr'><strong>p.</strong></span> <span class='ocrx_word' id='word_1_307' title='bbox 1435 2596 1543 2654; x_wconf 74' lang='lat'><strong>502</strong></span> <span class='ocrx_word' id='word_1_308' title='bbox 1585 2614 1601 2652; x_wconf 89' lang='lat'><strong>:</strong></span> <span class='ocrx_word' id='word_1_309' title='bbox 1652 2598 1855 2669; x_wconf 66' lang='lat' dir='ltr'><strong>Tb&#39;piv</strong></span> 
     </span>
    </p>
   </div>
   <div class='ocr_carea' id='block_1_42' title="bbox 266 2691 1854 2766">
    <p class='ocr_par' dir='ltr' id='par_1_42' title="bbox 266 2691 1854 2766">
     <span class='ocr_line' id='line_1_42' title="bbox 266 2691 1854 2766; baseline -0.001 -17"><span class='ocrx_word' id='word_1_310' title='bbox 266 2694 478 2764; x_wconf 71' lang='grc' dir='ltr'><strong>δσαπερ</strong></span> <span class='ocrx_word' id='word_1_311' title='bbox 518 2693 685 2766; x_wconf 73' lang='grc' dir='ltr'>ᾔτουν</span> <span class='ocrx_word' id='word_1_312' title='bbox 747 2694 972 2759; x_wconf 75' lang='grc' dir='ltr'><strong>διδόναι,</strong></span> <span class='ocrx_word' id='word_1_313' title='bbox 1009 2692 1118 2747; x_wconf 82' lang='grc' dir='ltr'><strong>οὐδ’</strong></span> <span class='ocrx_word' id='word_1_314' title='bbox 1148 2693 1312 2760; x_wconf 75' lang='grc' dir='ltr'>ἰκταρ</span> <span class='ocrx_word' id='word_1_315' title='bbox 1345 2691 1558 2764; x_wconf 80' lang='grc' dir='ltr'><strong>βάλλων</strong></span> <span class='ocrx_word' id='word_1_316' title='bbox 1587 2691 1854 2761; x_wconf 70' lang='grc' dir='ltr'>οὐμενοῦν</span> 
     </span>
    </p>
   </div>
   <div class='ocr_carea' id='block_1_43' title="bbox 268 2767 1852 2858">
    <p class='ocr_par' dir='ltr' id='par_1_43' title="bbox 268 2767 1852 2858">
     <span class='ocr_line' id='line_1_43' title="bbox 268 2767 1852 2858; baseline 0.001 -19"><span class='ocrx_word' id='word_1_317' title='bbox 268 2767 587 2857; x_wconf 66' lang='grc' dir='ltr'><strong>ἐδθκιμαζε.</strong></span> <span class='ocrx_word' id='word_1_318' title='bbox 628 2786 916 2858; x_wconf 86' lang='lat' dir='ltr'><strong>Significat</strong></span> <span class='ocrx_word' id='word_1_319' title='bbox 943 2800 1012 2840; x_wconf 90' lang='lat' dir='ltr'><strong>ne</strong></span> <span class='ocrx_word' id='word_1_320' title='bbox 1041 2785 1222 2855; x_wconf 88' lang='lat' dir='ltr'><strong>prima</strong></span> <span class='ocrx_word' id='word_1_321' title='bbox 1257 2784 1483 2855; x_wconf 88' lang='lat' dir='ltr'><strong>quidem</strong></span> <span class='ocrx_word' id='word_1_322' title='bbox 1516 2783 1852 2853; x_wconf 76' lang='lat' dir='ltr'><strong>cogitatione</strong></span> 
     </span>
    </p>
   </div>
   <div class='ocr_carea' id='block_1_44' title="bbox 270 2872 1854 2955">
    <p class='ocr_par' dir='ltr' id='par_1_44' title="bbox 270 2872 1854 2955">
     <span class='ocr_line' id='line_1_44' title="bbox 270 2872 1854 2955; baseline -0.002 -22"><span class='ocrx_word' id='word_1_323' title='bbox 270 2888 439 2934; x_wconf 80' lang='lat' dir='ltr'><strong>tenus</strong></span> <span class='ocrx_word' id='word_1_324' title='bbox 466 2879 681 2955; x_wconf 83' lang='lat' dir='ltr'><strong>venisse</strong></span> <span class='ocrx_word' id='word_1_325' title='bbox 715 2879 770 2934; x_wconf 92' lang='lat' dir='ltr'><strong>in</strong></span> <span class='ocrx_word' id='word_1_326' title='bbox 793 2886 1036 2934; x_wconf 89' lang='lat' dir='ltr'><strong>mentem</strong></span> <span class='ocrx_word' id='word_1_327' title='bbox 1067 2872 1389 2947; x_wconf 83' lang='lat' dir='ltr'><strong>imperatori</strong></span> <span class='ocrx_word' id='word_1_328' title='bbox 1422 2876 1554 2931; x_wconf 89' lang='lat' dir='ltr'><strong>dare</strong></span> <span class='ocrx_word' id='word_1_329' title='bbox 1574 2874 1854 2931; x_wconf 86' lang='lat' dir='ltr'><strong>Catelanis</strong></span> 
     </span>
    </p>
   </div>
   <div class='ocr_carea' id='block_1_45' title="bbox 268 2958 1847 3043">
    <p class='ocr_par' dir='ltr' id='par_1_45' title="bbox 268 2958 1847 3043">
     <span class='ocr_line' id='line_1_45' title="bbox 268 2958 1847 3043; baseline -0.003 -15"><span class='ocrx_word' id='word_1_330' title='bbox 268 2958 544 3043; x_wconf 79' lang='lat' dir='ltr'><strong>stipendia</strong></span> <span class='ocrx_word' id='word_1_331' title='bbox 573 2970 945 3042; x_wconf 81' lang='lat' dir='ltr'><strong>ﬂagitantibus</strong></span> <span class='ocrx_word' id='word_1_332' title='bbox 978 2979 1243 3041; x_wconf 86' lang='lat' dir='ltr'><strong>quantum</strong></span> <span class='ocrx_word' id='word_1_333' title='bbox 1282 2968 1531 3040; x_wconf 67' lang='lat' dir='ltr'><strong>pecuniae</strong></span> <span class='ocrx_word' id='word_1_334' title='bbox 1575 2981 1847 3039; x_wconf 77' lang='lat' dir='ltr'><strong>poposce-</strong></span> 
     </span>
    </p>
   </div>
   <div class='ocr_carea' id='block_1_46' title="bbox 268 3050 1000 3135">
    <p class='ocr_par' dir='ltr' id='par_1_46' title="bbox 268 3050 1000 3135">
     <span class='ocr_line' id='line_1_46' title="bbox 268 3050 1000 3135; baseline 0.001 -15"><span class='ocrx_word' id='word_1_335' title='bbox 268 3050 416 3120; x_wconf 80' lang='lat' dir='ltr'><strong>rant.</strong></span> <span class='ocrx_word' id='word_1_336' title='bbox 439 3061 575 3120; x_wconf 77' lang='lat' dir='ltr'><strong>Vide</strong></span> <span class='ocrx_word' id='word_1_337' title='bbox 602 3064 768 3120; x_wconf 90' lang='lat' dir='ltr'><strong>etiam</strong></span> <span class='ocrx_word' id='word_1_338' title='bbox 792 3080 849 3135; x_wconf 86' lang='lat' dir='ltr'><strong>p.</strong></span> <span class='ocrx_word' id='word_1_339' title='bbox 871 3062 1000 3121; x_wconf 63' lang='lat'><strong>180.</strong></span> 
     </span>
    </p>
   </div>
   <div class='ocr_carea' id='block_1_47' title="bbox 351 3179 1927 3273">
    <p class='ocr_par' dir='ltr' id='par_1_47' title="bbox 351 3179 1927 3273">
     <span class='ocr_line' id='line_1_47' title="bbox 351 3179 1927 3273; baseline 0.001 -17"><span class='ocrx_word' id='word_1_340' title='bbox 351 3200 555 3268; x_wconf 71' lang='grc' dir='ltr'><strong>Ἰπνὸς</strong></span> <span class='ocrx_word' id='word_1_341' title='bbox 581 3199 768 3269; x_wconf 77' lang='grc' dir='ltr'><strong>ἅγιος,</strong></span> <span class='ocrx_word' id='word_1_342' title='bbox 804 3215 861 3272; x_wconf 90' lang='lat' dir='ltr'><strong>p.</strong></span> <span class='ocrx_word' id='word_1_343' title='bbox 900 3199 991 3256; x_wconf 83' lang='lat'><strong>80.</strong></span> <span class='ocrx_word' id='word_1_344' title='bbox 1024 3199 1256 3273; x_wconf 78' lang='lat' dir='ltr'><strong>Vulgata</strong></span> <span class='ocrx_word' id='word_1_345' title='bbox 1285 3198 1705 3265; x_wconf 66' lang='grc' dir='ltr'><strong>ηοιίοηθηῑπνὸς</strong></span> <span class='ocrx_word' id='word_1_346' title='bbox 1740 3186 1859 3256; x_wconf 15' lang='grc' dir='ltr'><strong>[αι’-ν</strong></span> <span class='ocrx_word' id='word_1_347' title='bbox 1879 3179 1927 3257; x_wconf 59' lang='grc' dir='ltr'><strong>(ἶ</strong></span> 
     </span>
    </p>
   </div>
   <div class='ocr_carea' id='block_1_48' title="bbox 273 3292 1855 3364">
    <p class='ocr_par' dir='ltr' id='par_1_48' title="bbox 273 3292 1855 3364">
     <span class='ocr_line' id='line_1_48' title="bbox 273 3292 1855 3364; baseline -0.001 -16"><span class='ocrx_word' id='word_1_348' title='bbox 273 3308 382 3349; x_wconf 83' lang='lat' dir='ltr'><strong>nus</strong></span> <span class='ocrx_word' id='word_1_349' title='bbox 418 3303 523 3360; x_wconf 85' lang='lat' dir='ltr'><strong>est,</strong></span> <span class='ocrx_word' id='word_1_350' title='bbox 559 3302 657 3349; x_wconf 87' lang='lat' dir='ltr'><strong>aut</strong></span> <span class='ocrx_word' id='word_1_351' title='bbox 686 3293 855 3349; x_wconf 87' lang='lat' dir='ltr'><strong>etiam</strong></span> <span class='ocrx_word' id='word_1_352' title='bbox 891 3292 1135 3349; x_wconf 86' lang='lat' dir='ltr'><strong>iimetum</strong></span> <span class='ocrx_word' id='word_1_353' title='bbox 1180 3303 1235 3349; x_wconf 89' lang='lat' dir='ltr'><strong>et</strong></span> <span class='ocrx_word' id='word_1_354' title='bbox 1273 3293 1688 3364; x_wconf 86' lang='lat' dir='ltr'><strong>receptaculum</strong></span> <span class='ocrx_word' id='word_1_355' title='bbox 1729 3308 1855 3349; x_wconf 85' lang='lat' dir='ltr'><strong>sor-</strong></span> 
     </span>
    </p>
   </div>
   <div class='ocr_carea' id='block_1_49' title="bbox 274 3384 1855 3456">
    <p class='ocr_par' dir='ltr' id='par_1_49' title="bbox 274 3384 1855 3456">
     <span class='ocr_line' id='line_1_49' title="bbox 274 3384 1855 3456; baseline 0.001 -16"><span class='ocrx_word' id='word_1_356' title='bbox 274 3384 453 3441; x_wconf 86' lang='lat' dir='ltr'><strong>dium.</strong></span> <span class='ocrx_word' id='word_1_357' title='bbox 485 3385 625 3441; x_wconf 81' lang='lat' dir='ltr'><strong>llinc</strong></span> <span class='ocrx_word' id='word_1_358' title='bbox 662 3385 715 3440; x_wconf 86' lang='lat' dir='ltr'><strong>in</strong></span> <span class='ocrx_word' id='word_1_359' title='bbox 750 3385 965 3441; x_wconf 65' lang='lat' dir='ltr'><strong>aedibus</strong></span> <span class='ocrx_word' id='word_1_360' title='bbox 996 3384 1167 3441; x_wconf 80' lang='lat' dir='ltr'><strong>sacris</strong></span> <span class='ocrx_word' id='word_1_361' title='bbox 1194 3385 1351 3441; x_wconf 86' lang='lat' dir='ltr'><strong>locus</strong></span> <span class='ocrx_word' id='word_1_362' title='bbox 1385 3387 1441 3441; x_wconf 90' lang='lat' dir='ltr'><strong>in</strong></span> <span class='ocrx_word' id='word_1_363' title='bbox 1468 3400 1632 3456; x_wconf 88' lang='lat' dir='ltr'><strong>quem</strong></span> <span class='ocrx_word' id='word_1_364' title='bbox 1660 3399 1748 3441; x_wconf 91' lang='lat' dir='ltr'><strong>res</strong></span> <span class='ocrx_word' id='word_1_365' title='bbox 1771 3399 1855 3440; x_wconf 83' lang='lat' dir='ltr'><strong>sa-</strong></span> 
     </span>
    </p>
   </div>
   <div class='ocr_carea' id='block_1_50' title="bbox 269 3476 1854 3551">
    <p class='ocr_par' dir='ltr' id='par_1_50' title="bbox 269 3476 1854 3551">
     <span class='ocr_line' id='line_1_50' title="bbox 269 3476 1854 3551; baseline 0.001 -17"><span class='ocrx_word' id='word_1_366' title='bbox 269 3492 383 3534; x_wconf 75' lang='lat' dir='ltr'><strong>cras</strong></span> <span class='ocrx_word' id='word_1_367' title='bbox 432 3480 724 3551; x_wconf 85' lang='lat' dir='ltr'><strong>putredine</strong></span> <span class='ocrx_word' id='word_1_368' title='bbox 771 3478 999 3535; x_wconf 86' lang='lat' dir='ltr'><strong>inutiles</strong></span> <span class='ocrx_word' id='word_1_369' title='bbox 1039 3477 1429 3534; x_wconf 70' lang='lat' dir='ltr'><strong>consumenda:</strong></span> <span class='ocrx_word' id='word_1_370' title='bbox 1459 3476 1854 3551; x_wconf 88' lang='lat' dir='ltr'><strong>projiciuntur,</strong></span> 
     </span>
    </p>
   </div>
   <div class='ocr_carea' id='block_1_51' title="bbox 272 3567 1857 3640">
    <p class='ocr_par' dir='ltr' id='par_1_51' title="bbox 272 3567 1857 3640">
     <span class='ocr_line' id='line_1_51' title="bbox 272 3567 1857 3640; baseline 0 -14"><span class='ocrx_word' id='word_1_371' title='bbox 272 3567 502 3633; x_wconf 67' lang='lat' dir='ltr'><strong>Graecis,</strong></span> <span class='ocrx_word' id='word_1_372' title='bbox 535 3579 594 3625; x_wconf 88' lang='lat' dir='ltr'><strong>ut</strong></span> <span class='ocrx_word' id='word_1_373' title='bbox 642 3569 733 3625; x_wconf 88' lang='lat' dir='ltr'><strong>hic</strong></span> <span class='ocrx_word' id='word_1_374' title='bbox 765 3570 963 3626; x_wconf 87' lang='lat' dir='ltr'><strong>doceat</strong></span> <span class='ocrx_word' id='word_1_375' title='bbox 994 3581 1206 3638; x_wconf 85' lang='lat' dir='ltr'><strong>noster,</strong></span> <span class='ocrx_word' id='word_1_376' title='bbox 1236 3573 1387 3634; x_wconf 70' lang='grc' dir='ltr'><strong>ἰπνὸς</strong></span> <span class='ocrx_word' id='word_1_377' title='bbox 1431 3569 1589 3640; x_wconf 71' lang='grc' dir='ltr'>ἅγιος</span> <span class='ocrx_word' id='word_1_378' title='bbox 1649 3572 1857 3629; x_wconf 89' lang='lat' dir='ltr'><strong>dicitur</strong></span> 
     </span>
    </p>
   </div>
   <div class='ocr_carea' id='block_1_52' title="bbox 270 3645 1854 3737">
    <p class='ocr_par' dir='ltr' id='par_1_52' title="bbox 270 3645 1854 3737">
     <span class='ocr_line' id='line_1_52' title="bbox 270 3645 1854 3737; baseline 0.004 -21"><span class='ocrx_word' id='word_1_379' title='bbox 270 3662 443 3734; x_wconf 73' lang='lat' dir='ltr'><strong>ese</strong></span> <span class='ocrx_word' id='word_1_380' title='bbox 461 3661 682 3729; x_wconf 75' lang='lat' dir='ltr'><strong>Memini</strong></span> <span class='ocrx_word' id='word_1_381' title='bbox 720 3672 777 3719; x_wconf 90' lang='lat' dir='ltr'><strong>et</strong></span> <span class='ocrx_word' id='word_1_382' title='bbox 796 3664 997 3720; x_wconf 76' lang='lat' dir='ltr'><strong>alicubi</strong></span> <span class='ocrx_word' id='word_1_383' title='bbox 1031 3665 1213 3736; x_wconf 85' lang='lat' dir='ltr'><strong>legere</strong></span> <span class='ocrx_word' id='word_1_384' title='bbox 1240 3662 1544 3737; x_wconf 70' lang='grc' dir='ltr'>δεξαμενὴν</span> <span class='ocrx_word' id='word_1_385' title='bbox 1578 3645 1854 3723; x_wconf 73' lang='lat' dir='ltr'><strong>vocatum.</strong></span> 
     </span>
    </p>
   </div>
   <div class='ocr_carea' id='block_1_53' title="bbox 274 3753 1070 3829">
    <p class='ocr_par' dir='ltr' id='par_1_53' title="bbox 274 3753 1070 3829">
     <span class='ocr_line' id='line_1_53' title="bbox 274 3753 1070 3829; baseline 0.005 -20"><span class='ocrx_word' id='word_1_386' title='bbox 274 3753 459 3829; x_wconf 74' lang='lat' dir='ltr'><strong>Latini</strong></span> <span class='ocrx_word' id='word_1_387' title='bbox 487 3756 749 3827; x_wconf 76' lang='lat' dir='ltr'><strong>piscinam</strong></span> <span class='ocrx_word' id='word_1_388' title='bbox 773 3756 1070 3827; x_wconf 84' lang='lat' dir='ltr'><strong>appellant.</strong></span> 
     </span>
    </p>
   </div>
   <div class='ocr_carea' id='block_1_54' title="bbox 363 3891 1856 3966">
    <p class='ocr_par' dir='ltr' id='par_1_54' title="bbox 363 3891 1856 3966">
     <span class='ocr_line' id='line_1_54' title="bbox 363 3891 1856 3966; baseline 0.001 -17"><span class='ocrx_word' id='word_1_389' title='bbox 363 3893 754 3964; x_wconf 74' lang='grc' dir='ltr'><strong>Ἰχνηλὰτης.</strong></span> <span class='ocrx_word' id='word_1_390' title='bbox 780 3891 899 3950; x_wconf 80' lang='lat' dir='ltr'><strong>Hoc</strong></span> <span class='ocrx_word' id='word_1_391' title='bbox 923 3895 1157 3950; x_wconf 86' lang='lat' dir='ltr'><strong>verbum</strong></span> <span class='ocrx_word' id='word_1_392' title='bbox 1182 3895 1357 3966; x_wconf 88' lang='lat' dir='ltr'><strong>priori</strong></span> <span class='ocrx_word' id='word_1_393' title='bbox 1390 3912 1421 3952; x_wconf 87' lang='lat' dir='ltr'><strong>a</strong></span> <span class='ocrx_word' id='word_1_394' title='bbox 1459 3911 1546 3952; x_wconf 90' lang='lat' dir='ltr'><strong>me</strong></span> <span class='ocrx_word' id='word_1_395' title='bbox 1574 3894 1856 3953; x_wconf 81' lang='lat' dir='ltr'><strong>Glossario</strong></span> 
     </span>
    </p>
   </div>
   <div class='ocr_carea' id='block_1_55' title="bbox 277 3986 1885 4059">
    <p class='ocr_par' dir='ltr' id='par_1_55' title="bbox 277 3986 1885 4059">
     <span class='ocr_line' id='line_1_55' title="bbox 277 3986 1885 4059; baseline -0.001 -16"><span class='ocrx_word' id='word_1_396' title='bbox 277 3995 572 4043; x_wconf 87' lang='lat' dir='ltr'><strong>tractatum</strong></span> <span class='ocrx_word' id='word_1_397' title='bbox 603 4001 835 4057; x_wconf 86' lang='lat' dir='ltr'><strong>repono,</strong></span> <span class='ocrx_word' id='word_1_398' title='bbox 860 4001 930 4040; x_wconf 91' lang='lat' dir='ltr'><strong>ne</strong></span> <span class='ocrx_word' id='word_1_399' title='bbox 980 3986 1244 4042; x_wconf 90' lang='lat' dir='ltr'><strong>lectorem</strong></span> <span class='ocrx_word' id='word_1_400' title='bbox 1297 3986 1507 4044; x_wconf 86' lang='lat' dir='ltr'><strong>lateant</strong></span> <span class='ocrx_word' id='word_1_401' title='bbox 1539 4004 1662 4059; x_wconf 81' lang='lat' dir='ltr'><strong>quae</strong></span> <span class='ocrx_word' id='word_1_402' title='bbox 1695 3987 1885 4044; x_wconf 71' lang='lat' dir='ltr'><strong>Clau-&#39;</strong></span> 
     </span>
    </p>
   </div>
   <div class='ocr_carea' id='block_1_56' title="bbox 275 4078 1855 4151">
    <p class='ocr_par' dir='ltr' id='par_1_56' title="bbox 275 4078 1855 4151">
     <span class='ocr_line' id='line_1_56' title="bbox 275 4078 1855 4151; baseline 0.001 -17"><span class='ocrx_word' id='word_1_403' title='bbox 275 4078 404 4134; x_wconf 88' lang='lat' dir='ltr'><strong>dius</strong></span> <span class='ocrx_word' id='word_1_404' title='bbox 453 4078 743 4134; x_wconf 79' lang='lat' dir='ltr'><strong>Maltretus</strong></span> <span class='ocrx_word' id='word_1_405' title='bbox 796 4078 908 4133; x_wconf 88' lang='lat' dir='ltr'><strong>illic</strong></span> <span class='ocrx_word' id='word_1_406' title='bbox 958 4094 989 4134; x_wconf 90' lang='lat' dir='ltr'><strong>a</strong></span> <span class='ocrx_word' id='word_1_407' title='bbox 1046 4095 1132 4134; x_wconf 83' lang='lat' dir='ltr'><strong>rue</strong></span> <span class='ocrx_word' id='word_1_408' title='bbox 1160 4079 1367 4150; x_wconf 86' lang='lat' dir='ltr'><strong>scripta</strong></span> <span class='ocrx_word' id='word_1_409' title='bbox 1412 4079 1601 4151; x_wconf 82' lang='lat' dir='ltr'><strong>legens</strong></span> <span class='ocrx_word' id='word_1_410' title='bbox 1647 4080 1716 4135; x_wconf 88' lang='lat' dir='ltr'><strong>de</strong></span> <span class='ocrx_word' id='word_1_411' title='bbox 1753 4095 1855 4135; x_wconf 86' lang='lat' dir='ltr'><strong>suo</strong></span> 
     </span>
    </p>
   </div>
   <div class='ocr_carea' id='block_1_57' title="bbox 277 4170 1885 4236">
    <p class='ocr_par' dir='ltr' id='par_1_57' title="bbox 277 4170 1885 4236">
     <span class='ocr_line' id='line_1_57' title="bbox 277 4170 1885 4236; baseline -0.001 -9"><span class='ocrx_word' id='word_1_412' title='bbox 277 4172 517 4227; x_wconf 85' lang='lat' dir='ltr'><strong>contulit</strong></span> <span class='ocrx_word' id='word_1_413' title='bbox 567 4170 634 4224; x_wconf 87' lang='lat' dir='ltr'><strong>ad</strong></span> <span class='ocrx_word' id='word_1_414' title='bbox 674 4186 790 4226; x_wconf 89' lang='lat' dir='ltr'><strong>rem</strong></span> <span class='ocrx_word' id='word_1_415' title='bbox 825 4171 971 4226; x_wconf 84' lang='lat' dir='ltr'><strong>illam</strong></span> <span class='ocrx_word' id='word_1_416' title='bbox 1021 4172 1424 4236; x_wconf 83' lang='lat' dir='ltr'><strong>illustrandam,</strong></span> <span class='ocrx_word' id='word_1_417' title='bbox 1475 4185 1614 4226; x_wconf 87' lang='lat' dir='ltr'><strong>auro</strong></span> <span class='ocrx_word' id='word_1_418' title='bbox 1665 4184 1885 4226; x_wconf 63' lang='lat' dir='ltr'><strong>contra&#39;</strong></span> 
     </span>
    </p>
   </div>
   <div class='ocr_carea' id='block_1_58' title="bbox 278 4263 1853 4335">
    <p class='ocr_par' dir='ltr' id='par_1_58' title="bbox 278 4263 1853 4335">
     <span class='ocr_line' id='line_1_58' title="bbox 278 4263 1853 4335; baseline -0.001 -14"><span class='ocrx_word' id='word_1_419' title='bbox 278 4282 389 4321; x_wconf 89' lang='lat' dir='ltr'><strong>non</strong></span> <span class='ocrx_word' id='word_1_420' title='bbox 419 4280 569 4320; x_wconf 90' lang='lat' dir='ltr'><strong>cara.</strong></span> <span class='ocrx_word' id='word_1_421' title='bbox 604 4283 624 4316; x_wconf 85' lang='grc'><strong><em>‹</em></strong></span> <span class='ocrx_word' id='word_1_422' title='bbox 658 4263 899 4332; x_wconf 71' lang='lat' dir='ltr'><strong>Texeira,</strong></span> <span class='ocrx_word' id='word_1_423' title='bbox 941 4264 1143 4335; x_wconf 88' lang='lat' dir='ltr'><strong>inquit,</strong></span> <span class='ocrx_word' id='word_1_424' title='bbox 1172 4264 1475 4320; x_wconf 86' lang='lat' dir='ltr'><strong>Lusitanus</strong></span> <span class='ocrx_word' id='word_1_425' title='bbox 1520 4265 1584 4320; x_wconf 89' lang='lat' dir='ltr'><strong>in</strong></span> <span class='ocrx_word' id='word_1_426' title='bbox 1612 4264 1853 4320; x_wconf 80' lang='lat' dir='ltr'><strong>Historia</strong></span> 
     </span>
    </p>
   </div>
   <div class='ocr_carea' id='block_1_59' title="bbox 276 4336 1857 4429">
    <p class='ocr_par' dir='ltr' id='par_1_59' title="bbox 276 4336 1857 4429">
     <span class='ocr_line' id='line_1_59' title="bbox 276 4336 1857 4429; baseline -0.003 -14"><span class='ocrx_word' id='word_1_427' title='bbox 276 4360 533 4423; x_wconf 77' lang='lat' dir='ltr'><strong>Persidis,</strong></span> <span class='ocrx_word' id='word_1_428' title='bbox 561 4358 599 4414; x_wconf 91' lang='lat' dir='ltr'><strong>l.</strong></span> <span class='ocrx_word' id='word_1_429' title='bbox 634 4374 671 4421; x_wconf 89' lang='lat' dir='ltr'><strong>t,</strong></span> <span class='ocrx_word' id='word_1_430' title='bbox 694 4372 743 4413; x_wconf 88' lang='lat' dir='ltr'><strong>c.</strong></span> <span class='ocrx_word' id='word_1_431' title='bbox 768 4358 859 4426; x_wconf 80' lang='grc'><strong>55,</strong></span> <span class='ocrx_word' id='word_1_432' title='bbox 888 4358 1142 4412; x_wconf 89' lang='lat' dir='ltr'><strong>meminit</strong></span> <span class='ocrx_word' id='word_1_433' title='bbox 1174 4336 1317 4428; x_wconf 76' lang='lat' dir='ltr'><strong>regis</strong></span> <span class='ocrx_word' id='word_1_434' title='bbox 1341 4357 1629 4429; x_wconf 83' lang='lat' dir='ltr'><strong>cujusdam</strong></span> <span class='ocrx_word' id='word_1_435' title='bbox 1664 4356 1857 4413; x_wconf 79' lang='lat' dir='ltr'><strong>Resere</strong></span> 
     </span>
    </p>
   </div>
   <div class='ocr_carea' id='block_1_60' title="bbox 274 4450 1856 4520">
    <p class='ocr_par' dir='ltr' id='par_1_60' title="bbox 274 4450 1856 4520">
     <span class='ocr_line' id='line_1_60' title="bbox 274 4450 1856 4520; baseline -0.001 -14"><span class='ocrx_word' id='word_1_436' title='bbox 274 4452 559 4507; x_wconf 73' lang='lat' dir='ltr'><strong>Anaxiron</strong></span> <span class='ocrx_word' id='word_1_437' title='bbox 591 4450 794 4506; x_wconf 87' lang='lat' dir='ltr'><strong>vocati.</strong></span> <span class='ocrx_word' id='word_1_438' title='bbox 820 4451 867 4507; x_wconf 89' lang='lat' dir='ltr'><strong>ls</strong></span> <span class='ocrx_word' id='word_1_439' title='bbox 891 4451 1154 4507; x_wconf 89' lang='lat' dir='ltr'><strong>nimirum</strong></span> <span class='ocrx_word' id='word_1_440' title='bbox 1185 4459 1270 4508; x_wconf 89' lang='lat' dir='ltr'><strong>est</strong></span> <span class='ocrx_word' id='word_1_441' title='bbox 1298 4450 1551 4520; x_wconf 80' lang='lat' dir='ltr'><strong>Chosroes</strong></span> <span class='ocrx_word' id='word_1_442' title='bbox 1582 4451 1856 4505; x_wconf 72' lang='lat' dir='ltr'><strong>Anasura-</strong></span> 
     </span>
    </p>
   </div>
   <div class='ocr_carea' id='block_1_61' title="bbox 1954 1938 3529 2022">
    <p class='ocr_par' dir='ltr' id='par_1_61' title="bbox 1954 1938 3529 2022">
     <span class='ocr_line' id='line_1_61' title="bbox 1954 1938 3529 2022; baseline 0.004 -21"><span class='ocrx_word' id='word_1_443' title='bbox 1954 1962 2153 2017; x_wconf 86' lang='lat' dir='ltr'><strong>nempe</strong></span> <span class='ocrx_word' id='word_1_444' title='bbox 2194 1938 2309 2004; x_wconf 87' lang='lat' dir='ltr'><strong>illic</strong></span> <span class='ocrx_word' id='word_1_445' title='bbox 2359 1950 2414 2004; x_wconf 91' lang='lat' dir='ltr'><strong>in</strong></span> <span class='ocrx_word' id='word_1_446' title='bbox 2457 1949 2820 2005; x_wconf 88' lang='lat' dir='ltr'><strong>celeberrima</strong></span> <span class='ocrx_word' id='word_1_447' title='bbox 2860 1950 3027 2006; x_wconf 87' lang='lat' dir='ltr'><strong>Ducis</strong></span> <span class='ocrx_word' id='word_1_448' title='bbox 3071 1950 3246 2022; x_wconf 76' lang='lat' dir='ltr'><strong>Magni</strong></span> <span class='ocrx_word' id='word_1_449' title='bbox 3287 1952 3529 2021; x_wconf 83' lang='lat' dir='ltr'><strong>Medicea</strong></span> 
     </span>
    </p>
   </div>
   <div class='ocr_carea' id='block_1_62' title="bbox 1954 2035 3532 2117">
    <p class='ocr_par' dir='ltr' id='par_1_62' title="bbox 1954 2035 3532 2117">
     <span class='ocr_line' id='line_1_62' title="bbox 1954 2035 3532 2117; baseline 0.004 -23"><span class='ocrx_word' id='word_1_450' title='bbox 1954 2035 2291 2097; x_wconf 81' lang='lat' dir='ltr'><strong>bibliotheca</strong></span> <span class='ocrx_word' id='word_1_451' title='bbox 2340 2043 2552 2098; x_wconf 87' lang='lat' dir='ltr'><strong>servari</strong></span> <span class='ocrx_word' id='word_1_452' title='bbox 2582 2043 2868 2113; x_wconf 82' lang='lat' dir='ltr'><strong>exemplar</strong></span> <span class='ocrx_word' id='word_1_453' title='bbox 2898 2039 3150 2098; x_wconf 78' lang='lat' dir='ltr'><strong>Graecum</strong></span> <span class='ocrx_word' id='word_1_454' title='bbox 3182 2042 3347 2116; x_wconf 85' lang='lat' dir='ltr'><strong>hujus</strong></span> <span class='ocrx_word' id='word_1_455' title='bbox 3381 2045 3532 2117; x_wconf 88' lang='lat' dir='ltr'><strong>ejus-</strong></span> 
     </span>
    </p>
   </div>
   <div class='ocr_carea' id='block_1_63' title="bbox 1954 2118 3533 2206">
    <p class='ocr_par' dir='ltr' id='par_1_63' title="bbox 1954 2118 3533 2206">
     <span class='ocr_line' id='line_1_63' title="bbox 1954 2118 3533 2206; baseline 0.002 -18"><span class='ocrx_word' id='word_1_456' title='bbox 1954 2133 2079 2188; x_wconf 91' lang='lat' dir='ltr'><strong>dem</strong></span> <span class='ocrx_word' id='word_1_457' title='bbox 2112 2132 2263 2201; x_wconf 88' lang='lat' dir='ltr'><strong>libri,</strong></span> <span class='ocrx_word' id='word_1_458' title='bbox 2290 2140 2427 2190; x_wconf 67' lang='lat' dir='ltr'><strong>cum’</strong></span> <span class='ocrx_word' id='word_1_459' title='bbox 2458 2118 2665 2191; x_wconf 88' lang='lat' dir='ltr'><strong>indicio</strong></span> <span class='ocrx_word' id='word_1_460' title='bbox 2700 2136 2989 2205; x_wconf 87' lang='lat' dir='ltr'><strong>temporis,</strong></span> <span class='ocrx_word' id='word_1_461' title='bbox 3022 2151 3133 2206; x_wconf 91' lang='lat' dir='ltr'><strong>quo</strong></span> <span class='ocrx_word' id='word_1_462' title='bbox 3160 2134 3207 2191; x_wconf 91' lang='lat' dir='ltr'><strong>is</strong></span> <span class='ocrx_word' id='word_1_463' title='bbox 3239 2148 3325 2193; x_wconf 87' lang='lat' dir='ltr'><strong>est</strong></span> <span class='ocrx_word' id='word_1_464' title='bbox 3351 2154 3381 2194; x_wconf 90' lang='lat' dir='ltr'><strong>c</strong></span> <span class='ocrx_word' id='word_1_465' title='bbox 3405 2137 3533 2193; x_wconf 81' lang='lat' dir='ltr'><strong>bar-</strong></span> 
     </span>
    </p>
   </div>
   <div class='ocr_carea' id='block_1_64' title="bbox 1955 2224 3532 2297">
    <p class='ocr_par' dir='ltr' id='par_1_64' title="bbox 1955 2224 3532 2297">
     <span class='ocr_line' id='line_1_64' title="bbox 1955 2224 3532 2297; baseline 0.004 -17"><span class='ocrx_word' id='word_1_466' title='bbox 1955 2224 2143 2282; x_wconf 86' lang='lat' dir='ltr'><strong>barica</strong></span> <span class='ocrx_word' id='word_1_467' title='bbox 2162 2228 2217 2281; x_wconf 90' lang='lat' dir='ltr'><strong>in</strong></span> <span class='ocrx_word' id='word_1_468' title='bbox 2248 2227 2489 2283; x_wconf 69' lang='lat' dir='ltr'><strong>Graecam</strong></span> <span class='ocrx_word' id='word_1_469' title='bbox 2523 2228 2821 2284; x_wconf 86' lang='lat' dir='ltr'><strong>translatus</strong></span> <span class='ocrx_word' id='word_1_470' title='bbox 2846 2228 3054 2297; x_wconf 82' lang='lat' dir='ltr'><strong>lingua.</strong></span> <span class='ocrx_word' id='word_1_471' title='bbox 3078 2229 3360 2286; x_wconf 84' lang='lat' dir='ltr'><strong>Asseritur</strong></span> <span class='ocrx_word' id='word_1_472' title='bbox 3383 2234 3532 2287; x_wconf 90' lang='lat' dir='ltr'><strong>enim</strong></span> 
     </span>
    </p>
   </div>
   <div class='ocr_carea' id='block_1_65' title="bbox 1956 2318 3635 2393">
    <p class='ocr_par' dir='ltr' id='par_1_65' title="bbox 1956 2318 3635 2393">
     <span class='ocr_line' id='line_1_65' title="bbox 1956 2318 3635 2393; baseline 0.002 -20"><span class='ocrx_word' id='word_1_473' title='bbox 1956 2318 2010 2373; x_wconf 90' lang='lat' dir='ltr'><strong>id</strong></span> <span class='ocrx_word' id='word_1_474' title='bbox 2045 2319 2247 2375; x_wconf 87' lang='lat' dir='ltr'><strong>factum</strong></span> <span class='ocrx_word' id='word_1_475' title='bbox 2283 2321 2439 2392; x_wconf 85' lang='lat' dir='ltr'><strong>jussu</strong></span> <span class='ocrx_word' id='word_1_476' title='bbox 2464 2320 2640 2376; x_wconf 76' lang='lat' dir='ltr'><strong>Alexii</strong></span> <span class='ocrx_word' id='word_1_477' title='bbox 2670 2319 2963 2384; x_wconf 74' lang='lat' dir='ltr'><strong>Gomneni.</strong></span> <span class='ocrx_word' id='word_1_478' title='bbox 2985 2337 3149 2392; x_wconf 85' lang='lat' dir='ltr'><strong>quem</strong></span> <span class='ocrx_word' id='word_1_479' title='bbox 3182 2332 3399 2393; x_wconf 85' lang='lat' dir='ltr'><strong>constat</strong></span> <span class='ocrx_word' id='word_1_480' title='bbox 3432 2323 3535 2377; x_wconf 88' lang='lat' dir='ltr'><strong>im-</strong></span> <span class='ocrx_word' id='word_1_481' title='bbox 3634 2368 3635 2371; x_wconf 53' lang='grc' dir='ltr'><strong>η</strong></span> 
     </span>
    </p>
   </div>
   <div class='ocr_carea' id='block_1_66' title="bbox 1955 2410 3533 2483">
    <p class='ocr_par' dir='ltr' id='par_1_66' title="bbox 1955 2410 3533 2483">
     <span class='ocr_line' id='line_1_66' title="bbox 1955 2410 3533 2483; baseline 0.004 -14"><span class='ocrx_word' id='word_1_482' title='bbox 1955 2410 2170 2483; x_wconf 90' lang='lat' dir='ltr'><strong>perium</strong></span> <span class='ocrx_word' id='word_1_483' title='bbox 2208 2414 2487 2472; x_wconf 89' lang='lat' dir='ltr'><strong>Orientale</strong></span> <span class='ocrx_word' id='word_1_484' title='bbox 2521 2417 2765 2472; x_wconf 88' lang='lat' dir='ltr'><strong>tenuisse</strong></span> <span class='ocrx_word' id='word_1_485' title='bbox 2785 2418 2855 2474; x_wconf 90' lang='lat' dir='ltr'><strong>ab</strong></span> <span class='ocrx_word' id='word_1_486' title='bbox 2885 2433 3030 2473; x_wconf 87' lang='lat' dir='ltr'><strong>anno</strong></span> <span class='ocrx_word' id='word_1_487' title='bbox 3056 2419 3259 2476; x_wconf 76' lang='lat' dir='ltr'><strong>Christi</strong></span> <span class='ocrx_word' id='word_1_488' title='bbox 3301 2421 3438 2477; x_wconf 91' lang='lat'><strong>1080</strong></span> <span class='ocrx_word' id='word_1_489' title='bbox 3463 2421 3533 2483; x_wconf 85' lang='lat' dir='ltr'><strong>ad</strong></span> 
     </span>
    </p>
   </div>
   <div class='ocr_carea' id='block_1_67' title="bbox 1957 2506 3533 2588">
    <p class='ocr_par' dir='ltr' id='par_1_67' title="bbox 1957 2506 3533 2588">
     <span class='ocr_line' id='line_1_67' title="bbox 1957 2506 3533 2588; baseline 0.008 -27"><span class='ocrx_word' id='word_1_490' title='bbox 1957 2506 2118 2563; x_wconf 84' lang='lat' dir='ltr'><strong>1l18.</strong></span> <span class='ocrx_word' id='word_1_491' title='bbox 2151 2506 2263 2563; x_wconf 83' lang='lat' dir='ltr'><strong>Nec</strong></span> <span class='ocrx_word' id='word_1_492' title='bbox 2300 2508 2567 2565; x_wconf 84' lang='lat' dir='ltr'><strong>abhorret</strong></span> <span class='ocrx_word' id='word_1_493' title='bbox 2618 2511 2690 2566; x_wconf 90' lang='lat' dir='ltr'><strong>ab</strong></span> <span class='ocrx_word' id='word_1_494' title='bbox 2721 2511 2827 2570; x_wconf 84' lang='lat' dir='ltr'><strong>hac</strong></span> <span class='ocrx_word' id='word_1_495' title='bbox 2869 2513 3227 2584; x_wconf 90' lang='lat' dir='ltr'><strong>chronologia</strong></span> <span class='ocrx_word' id='word_1_496' title='bbox 3264 2524 3396 2577; x_wconf 63' lang='lat' dir='ltr'><strong>atlas</strong></span> <span class='ocrx_word' id='word_1_497' title='bbox 3433 2516 3533 2588; x_wconf 83' lang='lat' dir='ltr'><strong>Sy-</strong></span> 
     </span>
    </p>
   </div>
   <div class='ocr_carea' id='block_1_68' title="bbox 1958 2596 3532 2676">
    <p class='ocr_par' dir='ltr' id='par_1_68' title="bbox 1958 2596 3532 2676">
     <span class='ocr_line' id='line_1_68' title="bbox 1958 2596 3532 2676; baseline 0.006 -23"><span class='ocrx_word' id='word_1_498' title='bbox 1958 2601 2171 2656; x_wconf 88' lang='lat' dir='ltr'><strong>meonis</strong></span> <span class='ocrx_word' id='word_1_499' title='bbox 2212 2596 2389 2665; x_wconf 85' lang='lat' dir='ltr'><strong>Sethi,</strong></span> <span class='ocrx_word' id='word_1_500' title='bbox 2422 2602 2626 2674; x_wconf 88' lang='lat' dir='ltr'><strong>quippe</strong></span> <span class='ocrx_word' id='word_1_501' title='bbox 2654 2619 2818 2676; x_wconf 90' lang='lat' dir='ltr'><strong>quem</strong></span> <span class='ocrx_word' id='word_1_502' title='bbox 2853 2605 3133 2663; x_wconf 81' lang='lat' dir='ltr'><strong>illuSIriss.</strong></span> <span class='ocrx_word' id='word_1_503' title='bbox 3159 2607 3272 2662; x_wconf 92' lang='lat' dir='ltr'><strong>Leo</strong></span> <span class='ocrx_word' id='word_1_504' title='bbox 3288 2608 3532 2663; x_wconf 19' lang='lat' dir='ltr'><strong>.Allatius</strong></span> 
     </span>
    </p>
   </div>
   <div class='ocr_carea' id='block_1_69' title="bbox 1957 2691 3533 2770">
    <p class='ocr_par' dir='ltr' id='par_1_69' title="bbox 1957 2691 3533 2770">
     <span class='ocr_line' id='line_1_69' title="bbox 1957 2691 3533 2770; baseline 0.006 -23"><span class='ocrx_word' id='word_1_505' title='bbox 1957 2691 2195 2749; x_wconf 85' lang='lat' dir='ltr'><strong>diatriba</strong></span> <span class='ocrx_word' id='word_1_506' title='bbox 2248 2694 2318 2751; x_wconf 89' lang='lat' dir='ltr'><strong>de</strong></span> <span class='ocrx_word' id='word_1_507' title='bbox 2367 2694 2685 2751; x_wconf 88' lang='lat' dir='ltr'><strong>Sitneonum</strong></span> <span class='ocrx_word' id='word_1_508' title='bbox 2736 2698 2980 2769; x_wconf 87' lang='lat' dir='ltr'><strong>scriptis,</strong></span> <span class='ocrx_word' id='word_1_509' title='bbox 3022 2700 3238 2770; x_wconf 82' lang='lat' dir='ltr'><strong>p.181,</strong></span> <span class='ocrx_word' id='word_1_510' title='bbox 3276 2700 3533 2757; x_wconf 82' lang='lat' dir='ltr'><strong>floruisse</strong></span> 
     </span>
    </p>
   </div>
   <div class='ocr_carea' id='block_1_70' title="bbox 1962 2783 3531 2863">
    <p class='ocr_par' dir='ltr' id='par_1_70' title="bbox 1962 2783 3531 2863">
     <span class='ocr_line' id='line_1_70' title="bbox 1962 2783 3531 2863; baseline 0.006 -26"><span class='ocrx_word' id='word_1_511' title='bbox 1962 2790 2195 2838; x_wconf 86' lang='lat' dir='ltr'><strong>testatur</strong></span> <span class='ocrx_word' id='word_1_512' title='bbox 2228 2783 2332 2840; x_wconf 90' lang='lat' dir='ltr'><strong>sub</strong></span> <span class='ocrx_word' id='word_1_513' title='bbox 2359 2783 2695 2856; x_wconf 86' lang='lat' dir='ltr'><strong>imperatore</strong></span> <span class='ocrx_word' id='word_1_514' title='bbox 2728 2788 2993 2846; x_wconf 77' lang='lat' dir='ltr'><strong>Michaele</strong></span> <span class='ocrx_word' id='word_1_515' title='bbox 3016 2790 3162 2846; x_wconf 89' lang='lat' dir='ltr'><strong>Duca</strong></span> <span class='ocrx_word' id='word_1_516' title='bbox 3189 2807 3204 2857; x_wconf 88' lang='lat'><strong>;</strong></span> <span class='ocrx_word' id='word_1_517' title='bbox 3237 2792 3398 2863; x_wconf 90' lang='lat' dir='ltr'><strong>cujus</strong></span> <span class='ocrx_word' id='word_1_518' title='bbox 3426 2793 3531 2846; x_wconf 88' lang='lat' dir='ltr'><strong>im-</strong></span> 
     </span>
    </p>
   </div>
   <div class='ocr_carea' id='block_1_71' title="bbox 1957 2875 3532 2956">
    <p class='ocr_par' dir='ltr' id='par_1_71' title="bbox 1957 2875 3532 2956">
     <span class='ocr_line' id='line_1_71' title="bbox 1957 2875 3532 2956; baseline 0.006 -25"><span class='ocrx_word' id='word_1_519' title='bbox 1957 2875 2173 2945; x_wconf 86' lang='lat' dir='ltr'><strong>perium</strong></span> <span class='ocrx_word' id='word_1_520' title='bbox 2205 2892 2329 2932; x_wconf 90' lang='lat' dir='ltr'><strong>cum</strong></span> <span class='ocrx_word' id='word_1_521' title='bbox 2360 2877 2428 2934; x_wconf 84' lang='lat' dir='ltr'><strong>ab</strong></span> <span class='ocrx_word' id='word_1_522' title='bbox 2468 2889 2615 2935; x_wconf 85' lang='lat' dir='ltr'><strong>anno</strong></span> <span class='ocrx_word' id='word_1_523' title='bbox 2660 2878 2865 2936; x_wconf 88' lang='lat' dir='ltr'><strong>Christi</strong></span> <span class='ocrx_word' id='word_1_524' title='bbox 2913 2882 3041 2937; x_wconf 84' lang='lat'><strong>1071</strong></span> <span class='ocrx_word' id='word_1_525' title='bbox 3079 2876 3151 2938; x_wconf 85' lang='lat' dir='ltr'><strong>ad</strong></span> <span class='ocrx_word' id='word_1_526' title='bbox 3178 2876 3313 2940; x_wconf 80' lang='lat'><strong>1078</strong></span> <span class='ocrx_word' id='word_1_527' title='bbox 3354 2887 3532 2956; x_wconf 86' lang='lat' dir='ltr'><strong>perti-</strong></span> 
     </span>
    </p>
   </div>
   <div class='ocr_carea' id='block_1_72' title="bbox 1958 2968 3533 3043">
    <p class='ocr_par' dir='ltr' id='par_1_72' title="bbox 1958 2968 3533 3043">
     <span class='ocr_line' id='line_1_72' title="bbox 1958 2968 3533 3043; baseline 0.009 -21"><span class='ocrx_word' id='word_1_528' title='bbox 1958 2968 2168 3036; x_wconf 83' lang='lat' dir='ltr'><strong>nuerit,</strong></span> <span class='ocrx_word' id='word_1_529' title='bbox 2214 2970 2374 3027; x_wconf 81' lang='lat' dir='ltr'><strong>facile</strong></span> <span class='ocrx_word' id='word_1_530' title='bbox 2416 2973 2599 3043; x_wconf 88' lang='lat' dir='ltr'><strong>potuit</strong></span> <span class='ocrx_word' id='word_1_531' title='bbox 2647 2973 2901 3032; x_wconf 81' lang='lat' dir='ltr'><strong>ﬂorentis</strong></span> <span class='ocrx_word' id='word_1_532' title='bbox 2946 2986 3076 3033; x_wconf 88' lang='lat' dir='ltr'><strong>tunc</strong></span> <span class='ocrx_word' id='word_1_533' title='bbox 3105 2979 3283 3036; x_wconf 66' lang='lat' dir='ltr'><strong>aetatis</strong></span> <span class='ocrx_word' id='word_1_534' title='bbox 3327 2978 3533 3036; x_wconf 88' lang='lat' dir='ltr'><strong>Sethus</strong></span> 
     </span>
    </p>
   </div>
   <div class='ocr_carea' id='block_1_73' title="bbox 1960 3050 3534 3141">
    <p class='ocr_par' dir='ltr' id='par_1_73' title="bbox 1960 3050 3534 3141">
     <span class='ocr_line' id='line_1_73' title="bbox 1960 3050 3534 3141; baseline 0.007 -25"><span class='ocrx_word' id='word_1_535' title='bbox 1960 3061 2127 3118; x_wconf 86' lang='lat' dir='ltr'><strong>vitam</strong></span> <span class='ocrx_word' id='word_1_536' title='bbox 2179 3061 2250 3118; x_wconf 85' lang='lat' dir='ltr'><strong>ad</strong></span> <span class='ocrx_word' id='word_1_537' title='bbox 2279 3064 2484 3121; x_wconf 88' lang='lat' dir='ltr'><strong>multos</strong></span> <span class='ocrx_word' id='word_1_538' title='bbox 2508 3050 2639 3122; x_wconf 84' lang='lat' dir='ltr'><strong>inde</strong></span> <span class='ocrx_word' id='word_1_539' title='bbox 2670 3082 2855 3124; x_wconf 84' lang='lat' dir='ltr'><strong>annos</strong></span> <span class='ocrx_word' id='word_1_540' title='bbox 2876 3083 3207 3141; x_wconf 80' lang='lat' dir='ltr'><strong>prOpagasse</strong></span> <span class='ocrx_word' id='word_1_541' title='bbox 3246 3080 3303 3127; x_wconf 90' lang='lat' dir='ltr'><strong>et</strong></span> <span class='ocrx_word' id='word_1_542' title='bbox 3339 3087 3534 3129; x_wconf 86' lang='lat' dir='ltr'><strong>conse-</strong></span> 
     </span>
    </p>
   </div>
   <div class='ocr_carea' id='block_1_74' title="bbox 1961 3156 3246 3225">
    <p class='ocr_par' dir='ltr' id='par_1_74' title="bbox 1961 3156 3246 3225">
     <span class='ocr_line' id='line_1_74' title="bbox 1961 3156 3246 3225; baseline 0.007 -15"><span class='ocrx_word' id='word_1_543' title='bbox 1961 3164 2195 3225; x_wconf 86' lang='lat' dir='ltr'><strong>quenter</strong></span> <span class='ocrx_word' id='word_1_544' title='bbox 2217 3156 2312 3212; x_wconf 87' lang='lat' dir='ltr'><strong>diu</strong></span> <span class='ocrx_word' id='word_1_545' title='bbox 2351 3157 2555 3216; x_wconf 81' lang='lat' dir='ltr'><strong>vixisse</strong></span> <span class='ocrx_word' id='word_1_546' title='bbox 2583 3159 2905 3216; x_wconf 50' lang='lat' dir='ltr'><strong>sub&#39;Alexio</strong></span> <span class='ocrx_word' id='word_1_547' title='bbox 2940 3161 3246 3220; x_wconf 87' lang='lat' dir='ltr'><strong>Comneno.</strong></span> 
     </span>
    </p>
   </div>
   <div class='ocr_carea' id='block_1_75' title="bbox 2036 3295 3533 3375">
    <p class='ocr_par' dir='ltr' id='par_1_75' title="bbox 2036 3295 3533 3375">
     <span class='ocr_line' id='line_1_75' title="bbox 2036 3295 3533 3375; baseline 0.009 -26"><span class='ocrx_word' id='word_1_548' title='bbox 2036 3295 2482 3366; x_wconf 69' lang='grc' dir='ltr'>Καϐαλλαρικαὶ</span> <span class='ocrx_word' id='word_1_549' title='bbox 2521 3300 2698 3366; x_wconf 72' lang='grc' dir='ltr'><strong>τιμαί,</strong></span> <span class='ocrx_word' id='word_1_550' title='bbox 2729 3315 2781 3370; x_wconf 87' lang='lat' dir='ltr'><strong>p.</strong></span> <span class='ocrx_word' id='word_1_551' title='bbox 2816 3301 2941 3357; x_wconf 73' lang='grc'><strong>498.</strong></span> <span class='ocrx_word' id='word_1_552' title='bbox 2974 3302 3101 3375; x_wconf 83' lang='lat' dir='ltr'><strong>Agit</strong></span> <span class='ocrx_word' id='word_1_553' title='bbox 3139 3304 3207 3359; x_wconf 91' lang='lat' dir='ltr'><strong>de</strong></span> <span class='ocrx_word' id='word_1_554' title='bbox 3242 3306 3533 3363; x_wconf 78' lang='lat' dir='ltr'><strong>comitibus</strong></span> 
     </span>
    </p>
   </div>
   <div class='ocr_carea' id='block_1_76' title="bbox 1963 3381 3538 3468">
    <p class='ocr_par' dir='ltr' id='par_1_76' title="bbox 1963 3381 3538 3468">
     <span class='ocr_line' id='line_1_76' title="bbox 1963 3381 3538 3468; baseline 0.009 -30"><span class='ocrx_word' id='word_1_555' title='bbox 1963 3381 2273 3457; x_wconf 82' lang='lat' dir='ltr'><strong>Mpyrigerii</strong></span> <span class='ocrx_word' id='word_1_556' title='bbox 2297 3386 2539 3453; x_wconf 74' lang='lat' dir='ltr'><strong>Tentzae,</strong></span> <span class='ocrx_word' id='word_1_557' title='bbox 2574 3405 2807 3457; x_wconf 83' lang='lat' dir='ltr'><strong>quorum</strong></span> <span class='ocrx_word' id='word_1_558' title='bbox 2827 3390 3039 3461; x_wconf 85' lang='lat' dir='ltr'><strong>aliquos</strong></span> <span class='ocrx_word' id='word_1_559' title='bbox 3065 3393 3227 3449; x_wconf 88' lang='lat' dir='ltr'><strong>docet</strong></span> <span class='ocrx_word' id='word_1_560' title='bbox 3258 3395 3327 3449; x_wconf 90' lang='lat' dir='ltr'><strong>ab</strong></span> <span class='ocrx_word' id='word_1_561' title='bbox 3358 3396 3538 3468; x_wconf 81' lang='lat' dir='ltr'><strong>impe-</strong></span> 
     </span>
    </p>
   </div>
   <div class='ocr_carea' id='block_1_77' title="bbox 1964 3480 3541 3550">
    <p class='ocr_par' dir='ltr' id='par_1_77' title="bbox 1964 3480 3541 3550">
     <span class='ocr_line' id='line_1_77' title="bbox 1964 3480 3541 3550; baseline 0.009 -20"><span class='ocrx_word' id='word_1_562' title='bbox 1964 3488 2147 3533; x_wconf 84' lang='lat' dir='ltr'><strong>ratore</strong></span> <span class='ocrx_word' id='word_1_563' title='bbox 2178 3480 2532 3550; x_wconf 88' lang='lat' dir='ltr'><strong>equestribus</strong></span> <span class='ocrx_word' id='word_1_564' title='bbox 2560 3480 2729 3537; x_wconf 84' lang='lat' dir='ltr'><strong>fuisse</strong></span> <span class='ocrx_word' id='word_1_565' title='bbox 2764 3482 3074 3541; x_wconf 81' lang='lat' dir='ltr'><strong>honoribus</strong></span> <span class='ocrx_word' id='word_1_566' title='bbox 3093 3484 3345 3545; x_wconf 69' lang='lat' dir='ltr'><strong>allectos.</strong></span> <span class='ocrx_word' id='word_1_567' title='bbox 3372 3489 3541 3544; x_wconf 88' lang='lat' dir='ltr'><strong>intel-</strong></span> 
     </span>
    </p>
   </div>
   <div class='ocr_carea' id='block_1_78' title="bbox 1963 3568 3540 3649">
    <p class='ocr_par' dir='ltr' id='par_1_78' title="bbox 1963 3568 3540 3649">
     <span class='ocr_line' id='line_1_78' title="bbox 1963 3568 3540 3649; baseline 0.01 -25"><span class='ocrx_word' id='word_1_568' title='bbox 1963 3568 2106 3641; x_wconf 86' lang='lat' dir='ltr'><strong>ligit,</strong></span> <span class='ocrx_word' id='word_1_569' title='bbox 2166 3573 2386 3642; x_wconf 88' lang='lat' dir='ltr'><strong>opinor,</strong></span> <span class='ocrx_word' id='word_1_570' title='bbox 2415 3584 2726 3643; x_wconf 87' lang='lat' dir='ltr'><strong>equestrem</strong></span> <span class='ocrx_word' id='word_1_571' title='bbox 2776 3576 2942 3648; x_wconf 72' lang='lat'><strong>687</strong></span> <span class='ocrx_word' id='word_1_572' title='bbox 2993 3579 3312 3649; x_wconf 79' lang='lat' dir='ltr'><strong>dignitatem</strong></span> <span class='ocrx_word' id='word_1_573' title='bbox 3368 3584 3540 3639; x_wconf 80' lang='lat' dir='ltr'><strong>certis</strong></span> 
     </span>
    </p>
   </div>
   <div class='ocr_carea' id='block_1_79' title="bbox 1963 3660 3556 3742">
    <p class='ocr_par' dir='ltr' id='par_1_79' title="bbox 1963 3660 3556 3742">
     <span class='ocr_line' id='line_1_79' title="bbox 1963 3660 3556 3742; baseline 0.008 -25"><span class='ocrx_word' id='word_1_574' title='bbox 1963 3660 2219 3719; x_wconf 75' lang='lat' dir='ltr'><strong>formulis</strong></span> <span class='ocrx_word' id='word_1_575' title='bbox 2250 3674 2306 3720; x_wconf 93' lang='lat' dir='ltr'><strong>et</strong></span> <span class='ocrx_word' id='word_1_576' title='bbox 2334 3666 2553 3736; x_wconf 88' lang='lat' dir='ltr'><strong>publica</strong></span> <span class='ocrx_word' id='word_1_577' title='bbox 2578 3670 2907 3723; x_wconf 64' lang='lat' dir='ltr'><strong>caremonia</strong></span> <span class='ocrx_word' id='word_1_578' title='bbox 2949 3671 3082 3742; x_wconf 88' lang='lat' dir='ltr'><strong>ipsis</strong></span> <span class='ocrx_word' id='word_1_579' title='bbox 3126 3671 3195 3727; x_wconf 88' lang='lat' dir='ltr'><strong>ab</strong></span> <span class='ocrx_word' id='word_1_580' title='bbox 3220 3670 3556 3733; x_wconf 77' lang='lat' dir='ltr'><strong>Andronico</strong></span> 
     </span>
    </p>
   </div>
   <div class='ocr_carea' id='block_1_80' title="bbox 1963 3754 3537 3829">
    <p class='ocr_par' dir='ltr' id='par_1_80' title="bbox 1963 3754 3537 3829">
     <span class='ocr_line' id='line_1_80' title="bbox 1963 3754 3537 3829; baseline 0.008 -18"><span class='ocrx_word' id='word_1_581' title='bbox 1963 3754 2210 3829; x_wconf 76' lang='lat' dir='ltr'><strong>Augusto</strong></span> <span class='ocrx_word' id='word_1_582' title='bbox 2242 3757 2542 3814; x_wconf 85' lang='lat' dir='ltr'><strong>honorifice</strong></span> <span class='ocrx_word' id='word_1_583' title='bbox 2574 3760 2850 3816; x_wconf 86' lang='lat' dir='ltr'><strong>collatam.</strong></span> <span class='ocrx_word' id='word_1_584' title='bbox 2876 3760 3034 3829; x_wconf 84' lang='lat' dir='ltr'><strong>Quod</strong></span> <span class='ocrx_word' id='word_1_585' title='bbox 3075 3763 3132 3818; x_wconf 91' lang='lat' dir='ltr'><strong>in</strong></span> <span class='ocrx_word' id='word_1_586' title='bbox 3163 3764 3410 3822; x_wconf 88' lang='lat' dir='ltr'><strong>historiis</strong></span> <span class='ocrx_word' id='word_1_587' title='bbox 3435 3769 3537 3823; x_wconf 62' lang='lat' dir='ltr'><strong>sevi</strong></span> 
     </span>
    </p>
   </div>
   <div class='ocr_carea' id='block_1_81' title="bbox 1964 3848 3538 3927">
    <p class='ocr_par' dir='ltr' id='par_1_81' title="bbox 1964 3848 3538 3927">
     <span class='ocr_line' id='line_1_81' title="bbox 1964 3848 3538 3927; baseline 0.006 -25"><span class='ocrx_word' id='word_1_588' title='bbox 1964 3848 2241 3904; x_wconf 89' lang='lat' dir='ltr'><strong>citerioris</strong></span> <span class='ocrx_word' id='word_1_589' title='bbox 2270 3850 2467 3911; x_wconf 88' lang='lat' dir='ltr'><strong>crebro</strong></span> <span class='ocrx_word' id='word_1_590' title='bbox 2494 3850 2799 3907; x_wconf 84' lang='lat' dir='ltr'><strong>factitatum</strong></span> <span class='ocrx_word' id='word_1_591' title='bbox 2831 3868 2859 3907; x_wconf 91' lang='lat' dir='ltr'><strong>a</strong></span> <span class='ocrx_word' id='word_1_592' title='bbox 2886 3855 3108 3925; x_wconf 87' lang='lat' dir='ltr'><strong>regibus</strong></span> <span class='ocrx_word' id='word_1_593' title='bbox 3133 3855 3385 3926; x_wconf 85' lang='lat' dir='ltr'><strong>legimus,</strong></span> <span class='ocrx_word' id='word_1_594' title='bbox 3407 3866 3538 3927; x_wconf 78' lang='lat' dir='ltr'><strong>puta</strong></span> 
     </span>
    </p>
   </div>
   <div class='ocr_carea' id='block_1_82' title="bbox 1964 3943 3539 4016">
    <p class='ocr_par' dir='ltr' id='par_1_82' title="bbox 1964 3943 3539 4016">
     <span class='ocr_line' id='line_1_82' title="bbox 1964 3943 3539 4016; baseline 0.006 -22"><span class='ocrx_word' id='word_1_595' title='bbox 1964 3953 2090 3994; x_wconf 88' lang='lat' dir='ltr'><strong>cum</strong></span> <span class='ocrx_word' id='word_1_596' title='bbox 2125 3956 2287 3996; x_wconf 89' lang='lat' dir='ltr'><strong>manu</strong></span> <span class='ocrx_word' id='word_1_597' title='bbox 2328 3957 2426 3996; x_wconf 85' lang='lat' dir='ltr'><strong>sua</strong></span> <span class='ocrx_word' id='word_1_598' title='bbox 2474 3943 2705 3997; x_wconf 87' lang='lat' dir='ltr'><strong>calcaria</strong></span> <span class='ocrx_word' id='word_1_599' title='bbox 2763 3944 3045 4016; x_wconf 89' lang='lat' dir='ltr'><strong>nobilibus</strong></span> <span class='ocrx_word' id='word_1_600' title='bbox 3095 3946 3200 4002; x_wconf 88' lang='lat' dir='ltr'><strong>sibi</strong></span> <span class='ocrx_word' id='word_1_601' title='bbox 3235 3947 3421 4003; x_wconf 89' lang='lat' dir='ltr'><strong>charis</strong></span> <span class='ocrx_word' id='word_1_602' title='bbox 3455 3950 3539 4003; x_wconf 93' lang='lat' dir='ltr'><strong>in-</strong></span> 
     </span>
    </p>
   </div>
   <div class='ocr_carea' id='block_1_83' title="bbox 1964 4024 3538 4112">
    <p class='ocr_par' dir='ltr' id='par_1_83' title="bbox 1964 4024 3538 4112">
     <span class='ocr_line' id='line_1_83' title="bbox 1964 4024 3538 4112; baseline 0.008 -27"><span class='ocrx_word' id='word_1_603' title='bbox 1964 4030 2165 4093; x_wconf 86' lang='lat' dir='ltr'><strong>duunt,</strong></span> <span class='ocrx_word' id='word_1_604' title='bbox 2216 4042 2309 4087; x_wconf 89' lang='lat' dir='ltr'><strong>aut</strong></span> <span class='ocrx_word' id='word_1_605' title='bbox 2368 4043 2619 4107; x_wconf 79' lang='lat' dir='ltr'><strong>torquem</strong></span> <span class='ocrx_word' id='word_1_606' title='bbox 2672 4037 2724 4090; x_wconf 93' lang='lat' dir='ltr'><strong>in</strong></span> <span class='ocrx_word' id='word_1_607' title='bbox 2766 4024 2967 4093; x_wconf 88' lang='lat' dir='ltr'><strong>collum</strong></span> <span class='ocrx_word' id='word_1_608' title='bbox 3012 4038 3288 4109; x_wconf 86' lang='lat' dir='ltr'><strong>injiciunt,</strong></span> <span class='ocrx_word' id='word_1_609' title='bbox 3322 4038 3538 4112; x_wconf 88' lang='lat' dir='ltr'><strong>insigne</strong></span> 
     </span>
    </p>
   </div>
   <div class='ocr_carea' id='block_1_84' title="bbox 1967 4121 3440 4198">
    <p class='ocr_par' dir='ltr' id='par_1_84' title="bbox 1967 4121 3440 4198">
     <span class='ocr_line' id='line_1_84' title="bbox 1967 4121 3440 4198; baseline 0.007 -23"><span class='ocrx_word' id='word_1_610' title='bbox 1967 4121 2324 4177; x_wconf 85' lang='lat' dir='ltr'><strong>honorarium</strong></span> <span class='ocrx_word' id='word_1_611' title='bbox 2356 4126 2631 4198; x_wconf 81' lang='lat' dir='ltr'><strong>equestris</strong></span> <span class='ocrx_word' id='word_1_612' title='bbox 2666 4125 2969 4198; x_wconf 80' lang='lat' dir='ltr'><strong>dignitatis.</strong></span> <span class='ocrx_word' id='word_1_613' title='bbox 3438 4152 3440 4156; x_wconf 54' lang='grc' dir='ltr'><strong>λ</strong></span> 
     </span>
    </p>
   </div>
   <div class='ocr_carea' id='block_1_85' title="bbox 2037 4258 3540 4336">
    <p class='ocr_par' dir='ltr' id='par_1_85' title="bbox 2037 4258 3540 4336">
     <span class='ocr_line' id='line_1_85' title="bbox 2037 4258 3540 4336; baseline 0.005 -22"><span class='ocrx_word' id='word_1_614' title='bbox 2037 4258 2201 4326; x_wconf 82' lang='grc' dir='ltr'><strong>Κὰκη</strong></span> <span class='ocrx_word' id='word_1_615' title='bbox 2258 4259 2357 4314; x_wconf 74' lang='grc' dir='ltr'><strong>καὶ</strong></span> <span class='ocrx_word' id='word_1_616' title='bbox 2409 4260 2607 4328; x_wconf 75' lang='grc' dir='ltr'><strong>κάκην</strong></span> <span class='ocrx_word' id='word_1_617' title='bbox 2639 4263 2939 4328; x_wconf 81' lang='grc' dir='ltr'><strong>ἐπιλύειν,</strong></span> <span class='ocrx_word' id='word_1_618' title='bbox 2985 4261 3200 4334; x_wconf 75' lang='lat' dir='ltr'><strong>p.128.</strong></span> <span class='ocrx_word' id='word_1_619' title='bbox 3242 4265 3381 4336; x_wconf 79' lang='grc' dir='ltr'><strong>Μηδ²</strong></span> <span class='ocrx_word' id='word_1_620' title='bbox 3419 4270 3540 4321; x_wconf 75' lang='grc' dir='ltr'><strong>ἐπι-</strong></span> 
     </span>
    </p>
   </div>
   <div class='ocr_carea' id='block_1_86' title="bbox 1950 4353 3540 4429">
    <p class='ocr_par' dir='ltr' id='par_1_86' title="bbox 1950 4353 3540 4429">
     <span class='ocr_line' id='line_1_86' title="bbox 1950 4353 3540 4429; baseline 0.006 -23"><span class='ocrx_word' id='word_1_621' title='bbox 1950 4353 2115 4407; x_wconf 77' lang='grc' dir='ltr'>·λύειν</span> <span class='ocrx_word' id='word_1_622' title='bbox 2162 4355 2260 4423; x_wconf 80' lang='grc' dir='ltr'>τὴν</span> <span class='ocrx_word' id='word_1_623' title='bbox 2292 4356 2495 4424; x_wconf 76' lang='grc' dir='ltr'><strong>κάκην.</strong></span> <span class='ocrx_word' id='word_1_624' title='bbox 2532 4354 2605 4408; x_wconf 88' lang='lat' dir='ltr'><strong>ita</strong></span> <span class='ocrx_word' id='word_1_625' title='bbox 2638 4355 2811 4410; x_wconf 77' lang='lat' dir='ltr'><strong>codex</strong></span> <span class='ocrx_word' id='word_1_626' title='bbox 2841 4367 3075 4429; x_wconf 85' lang='lat' dir='ltr'><strong>uterque</strong></span> <span class='ocrx_word' id='word_1_627' title='bbox 3107 4359 3443 4417; x_wconf 87' lang='lat' dir='ltr'><strong>Barberinus</strong></span> <span class='ocrx_word' id='word_1_628' title='bbox 3483 4372 3540 4416; x_wconf 89' lang='lat' dir='ltr'><strong>et</strong></span> 
     </span>
    </p>
   </div>
   <div class='ocr_carea' id='block_1_87' title="bbox 1965 4446 3540 4519">
    <p class='ocr_par' dir='ltr' id='par_1_87' title="bbox 1965 4446 3540 4519">
     <span class='ocr_line' id='line_1_87' title="bbox 1965 4446 3540 4519; baseline 0.004 -17"><span class='ocrx_word' id='word_1_629' title='bbox 1965 4446 2288 4510; x_wconf 79' lang='lat' dir='ltr'><strong>Allntianus,</strong></span> <span class='ocrx_word' id='word_1_630' title='bbox 2316 4462 2437 4516; x_wconf 75' lang='lat' dir='ltr'><strong>qua:</strong></span> <span class='ocrx_word' id='word_1_631' title='bbox 2474 4447 2768 4519; x_wconf 76' lang='lat' dir='ltr'><strong>vaticanus</strong></span> <span class='ocrx_word' id='word_1_632' title='bbox 2806 4449 3032 4515; x_wconf 85' lang='lat' dir='ltr'><strong>omittit.</strong></span> <span class='ocrx_word' id='word_1_633' title='bbox 3068 4452 3124 4507; x_wconf 89' lang='lat' dir='ltr'><strong>lu</strong></span> <span class='ocrx_word' id='word_1_634' title='bbox 3152 4453 3257 4509; x_wconf 88' lang='lat' dir='ltr'><strong>hoc</strong></span> <span class='ocrx_word' id='word_1_635' title='bbox 3284 4454 3405 4509; x_wconf 91' lang='lat' dir='ltr'><strong>loco</strong></span> <span class='ocrx_word' id='word_1_636' title='bbox 3433 4469 3540 4508; x_wconf 87' lang='lat' dir='ltr'><strong>no-</strong></span> 
     </span>
    </p>
   </div>
   <div class='ocr_carea' id='block_1_88' title="bbox 278 4530 3540 4616">
    <p class='ocr_par' dir='ltr' id='par_1_88' title="bbox 278 4530 3540 4616">
     <span class='ocr_line' id='line_1_88' title="bbox 278 4530 3540 4616; baseline 0.001 -19"><span class='ocrx_word' id='word_1_637' title='bbox 278 4559 381 4597; x_wconf 80' lang='lat' dir='ltr'><strong>nus</strong></span> <span class='ocrx_word' id='word_1_638' title='bbox 432 4544 508 4597; x_wconf 91' lang='lat' dir='ltr'><strong>toi</strong></span> <span class='ocrx_word' id='word_1_639' title='bbox 558 4540 844 4615; x_wconf 77' lang='lat' dir='ltr'><strong>Symeonis</strong></span> <span class='ocrx_word' id='word_1_640' title='bbox 893 4540 1049 4597; x_wconf 86' lang='lat' dir='ltr'><strong>Seth.</strong></span> <span class='ocrx_word' id='word_1_641' title='bbox 1081 4542 1251 4598; x_wconf 83' lang='lat' dir='ltr'><strong>Addit</strong></span> <span class='ocrx_word' id='word_1_642' title='bbox 1287 4542 1519 4597; x_wconf 80' lang='lat' dir='ltr'><strong>Texeira</strong></span> <span class='ocrx_word' id='word_1_643' title='bbox 1560 4542 1682 4613; x_wconf 78' lang='lat' dir='ltr'><strong>ejus</strong></span> <span class='ocrx_word' id='word_1_644' title='bbox 1714 4541 1859 4611; x_wconf 89' lang='lat' dir='ltr'><strong>regis</strong></span> <span class='ocrx_word' id='word_1_645' title='bbox 1967 4546 2127 4595; x_wconf 81' lang='lat' dir='ltr'><strong>tanda</strong></span> <span class='ocrx_word' id='word_1_646' title='bbox 2160 4540 2464 4611; x_wconf 73' lang='lat' dir='ltr'><strong>pnesertim</strong></span> <span class='ocrx_word' id='word_1_647' title='bbox 2504 4556 2602 4594; x_wconf 82' lang='lat' dir='ltr'><strong>vox</strong></span> <span class='ocrx_word' id='word_1_648' title='bbox 2631 4542 2810 4611; x_wconf 80' lang='grc' dir='ltr'>κάκην</span> <span class='ocrx_word' id='word_1_649' title='bbox 2858 4559 2983 4598; x_wconf 91' lang='lat' dir='ltr'><strong>cum</strong></span> <span class='ocrx_word' id='word_1_650' title='bbox 3009 4556 3241 4601; x_wconf 88' lang='lat' dir='ltr'><strong>accentu</strong></span> <span class='ocrx_word' id='word_1_651' title='bbox 3269 4546 3325 4600; x_wconf 90' lang='lat' dir='ltr'><strong>in</strong></span> <span class='ocrx_word' id='word_1_652' title='bbox 3355 4547 3540 4616; x_wconf 88' lang='lat' dir='ltr'><strong>priore</strong></span> 
     </span>
    </p>
   </div>
   <div class='ocr_carea' id='block_1_89' title="bbox 282 4634 1858 4704">
    <p class='ocr_par' dir='ltr' id='par_1_89' title="bbox 282 4634 1858 4704">
     <span class='ocr_line' id='line_1_89' title="bbox 282 4634 1858 4704; baseline -0.001 -14"><span class='ocrx_word' id='word_1_653' title='bbox 282 4646 533 4704; x_wconf 86' lang='lat' dir='ltr'><strong>tempore</strong></span> <span class='ocrx_word' id='word_1_654' title='bbox 571 4635 785 4689; x_wconf 86' lang='lat' dir='ltr'><strong>delatos</strong></span> <span class='ocrx_word' id='word_1_655' title='bbox 820 4650 885 4690; x_wconf 79' lang='lat' dir='ltr'><strong>ex</strong></span> <span class='ocrx_word' id='word_1_656' title='bbox 913 4634 1071 4701; x_wconf 86' lang='lat' dir='ltr'><strong>india</strong></span> <span class='ocrx_word' id='word_1_657' title='bbox 1113 4635 1169 4693; x_wconf 89' lang='lat' dir='ltr'><strong>in</strong></span> <span class='ocrx_word' id='word_1_658' title='bbox 1194 4635 1478 4689; x_wconf 85' lang='lat' dir='ltr'><strong>Persidem</strong></span> <span class='ocrx_word' id='word_1_659' title='bbox 1513 4634 1687 4689; x_wconf 88' lang='lat' dir='ltr'><strong>libros</strong></span> <span class='ocrx_word' id='word_1_660' title='bbox 1717 4634 1858 4689; x_wconf 87' lang='lat' dir='ltr'><strong>duos</strong></span> 
     </span>
    </p>
   </div>
   <div class='ocr_carea' id='block_1_90' title="bbox 279 4725 1858 4796">
    <p class='ocr_par' dir='ltr' id='par_1_90' title="bbox 279 4725 1858 4796">
     <span class='ocr_line' id='line_1_90' title="bbox 279 4725 1858 4796; baseline 0 -16"><span class='ocrx_word' id='word_1_661' title='bbox 279 4727 719 4796; x_wconf 83' lang='lat' dir='ltr'><strong>philosophicos,</strong></span> <span class='ocrx_word' id='word_1_662' title='bbox 747 4741 983 4796; x_wconf 88' lang='lat' dir='ltr'><strong>quorum</strong></span> <span class='ocrx_word' id='word_1_663' title='bbox 1018 4727 1110 4780; x_wconf 86' lang='lat' dir='ltr'><strong>uni</strong></span> <span class='ocrx_word' id='word_1_664' title='bbox 1140 4741 1341 4780; x_wconf 88' lang='lat' dir='ltr'><strong>nomen</strong></span> <span class='ocrx_word' id='word_1_665' title='bbox 1375 4725 1478 4779; x_wconf 86' lang='lat' dir='ltr'><strong>fuit</strong></span> <span class='ocrx_word' id='word_1_666' title='bbox 1510 4725 1737 4787; x_wconf 72' lang='lat' dir='ltr'><strong>Celiiah,</strong></span> <span class='ocrx_word' id='word_1_667' title='bbox 1774 4727 1858 4780; x_wconf 78' lang='lat' dir='ltr'><strong>al-</strong></span> 
     </span>
    </p>
   </div>
   <div class='ocr_carea' id='block_1_91' title="bbox 283 4818 1901 4875">
    <p class='ocr_par' dir='ltr' id='par_1_91' title="bbox 283 4818 1901 4875">
     <span class='ocr_line' id='line_1_91' title="bbox 283 4818 1901 4875; baseline -0.001 -2"><span class='ocrx_word' id='word_1_668' title='bbox 283 4820 387 4874; x_wconf 86' lang='lat' dir='ltr'><strong>teri</strong></span> <span class='ocrx_word' id='word_1_669' title='bbox 430 4818 794 4875; x_wconf 82' lang='lat' dir='ltr'><strong>Vuademana.</strong></span> <span class='ocrx_word' id='word_1_670' title='bbox 832 4818 1013 4874; x_wconf 87' lang='lat' dir='ltr'><strong>Unum</strong></span> <span class='ocrx_word' id='word_1_671' title='bbox 1042 4819 1307 4873; x_wconf 90' lang='lat' dir='ltr'><strong>nimirum</strong></span> <span class='ocrx_word' id='word_1_672' title='bbox 1344 4820 1546 4875; x_wconf 86' lang='lat' dir='ltr'><strong>librum</strong></span> <span class='ocrx_word' id='word_1_673' title='bbox 1578 4819 1765 4873; x_wconf 84' lang='lat' dir='ltr'><strong>divisit</strong></span> <span class='ocrx_word' id='word_1_674' title='bbox 1802 4820 1856 4872; x_wconf 90' lang='lat' dir='ltr'><strong>in</strong></span> <span class='ocrx_word' id='word_1_675' title='bbox 1898 4850 1901 4851; x_wconf 53' lang='grc' dir='ltr'><strong>ν</strong></span> 
     </span>
    </p>
   </div>
   <div class='ocr_carea' id='block_1_92' title="bbox 281 4913 1856 4989">
    <p class='ocr_par' dir='ltr' id='par_1_92' title="bbox 281 4913 1856 4989">
     <span class='ocr_line' id='line_1_92' title="bbox 281 4913 1856 4989; baseline -0.003 -19"><span class='ocrx_word' id='word_1_676' title='bbox 281 4914 446 4977; x_wconf 83' lang='lat' dir='ltr'><strong>duos,</strong></span> <span class='ocrx_word' id='word_1_677' title='bbox 481 4929 583 4989; x_wconf 87' lang='lat' dir='ltr'><strong>pro</strong></span> <span class='ocrx_word' id='word_1_678' title='bbox 621 4913 844 4983; x_wconf 88' lang='lat' dir='ltr'><strong>duplice</strong></span> <span class='ocrx_word' id='word_1_679' title='bbox 872 4913 1099 4970; x_wconf 89' lang='lat' dir='ltr'><strong>nomine</strong></span> <span class='ocrx_word' id='word_1_680' title='bbox 1130 4914 1365 4968; x_wconf 80' lang='lat' dir='ltr'><strong>duorum</strong></span> <span class='ocrx_word' id='word_1_681' title='bbox 1403 4914 1856 4969; x_wconf 86' lang='lat' dir='ltr'><strong>interlocutorum</strong></span> 
     </span>
    </p>
   </div>
   <div class='ocr_carea' id='block_1_93' title="bbox 284 4989 1852 5082">
    <p class='ocr_par' dir='ltr' id='par_1_93' title="bbox 284 4989 1852 5082">
     <span class='ocr_line' id='line_1_93' title="bbox 284 4989 1852 5082; baseline -0.002 -21"><span class='ocrx_word' id='word_1_682' title='bbox 284 5007 477 5078; x_wconf 73' lang='lat' dir='ltr'><strong>prima:</strong></span> <span class='ocrx_word' id='word_1_683' title='bbox 516 5004 949 5062; x_wconf 81' lang='lat' dir='ltr'><strong>dissertationis.</strong></span> <span class='ocrx_word' id='word_1_684' title='bbox 986 4989 1109 5066; x_wconf 64' lang='lat'><strong>575:</strong></span> <span class='ocrx_word' id='word_1_685' title='bbox 1157 5005 1373 5071; x_wconf 74' lang='lat' dir='ltr'><strong>cetilaii,</strong></span> <span class='ocrx_word' id='word_1_686' title='bbox 1425 5007 1569 5073; x_wconf 88' lang='lat' dir='ltr'><strong>apud</strong></span> <span class='ocrx_word' id='word_1_687' title='bbox 1617 5005 1852 5082; x_wconf 80' lang='lat' dir='ltr'><strong>Schind-</strong></span> 
     </span>
    </p>
   </div>
   <div class='ocr_carea' id='block_1_94' title="bbox 283 5096 1861 5169">
    <p class='ocr_par' dir='ltr' id='par_1_94' title="bbox 283 5096 1861 5169">
     <span class='ocr_line' id='line_1_94' title="bbox 283 5096 1861 5169; baseline -0.001 -14"><span class='ocrx_word' id='word_1_688' title='bbox 283 5101 488 5163; x_wconf 88' lang='lat' dir='ltr'><strong>lerum,</strong></span> <span class='ocrx_word' id='word_1_689' title='bbox 539 5114 594 5169; x_wconf 91' lang='lat' dir='ltr'><strong>p.</strong></span> <span class='ocrx_word' id='word_1_690' title='bbox 636 5098 765 5165; x_wconf 85' lang='lat'><strong>861,</strong></span> <span class='ocrx_word' id='word_1_691' title='bbox 802 5096 1071 5168; x_wconf 81' lang='lat' dir='ltr'><strong>signiﬁcat</strong></span> <span class='ocrx_word' id='word_1_692' title='bbox 1112 5098 1344 5153; x_wconf 79' lang='lat' dir='ltr'><strong>Arabiae</strong></span> <span class='ocrx_word' id='word_1_693' title='bbox 1368 5113 1583 5160; x_wconf 85' lang='lat' dir='ltr'><strong>corona,</strong></span> <span class='ocrx_word' id='word_1_694' title='bbox 1616 5098 1673 5154; x_wconf 90' lang='lat' dir='ltr'><strong>in</strong></span> <span class='ocrx_word' id='word_1_695' title='bbox 1724 5112 1861 5153; x_wconf 84' lang='lat' dir='ltr'><strong>voce</strong></span> 
     </span>
    </p>
   </div>
   <div class='ocr_carea' id='block_1_95' title="bbox 283 5188 1859 5260">
    <p class='ocr_par' dir='ltr' id='par_1_95' title="bbox 283 5188 1859 5260">
     <span class='ocr_line' id='line_1_95' title="bbox 283 5188 1859 5260; baseline -0.002 -14"><span class='ocrx_word' id='word_1_696' title='bbox 283 5194 618 5246; x_wconf 75' lang='lat' dir='ltr'><strong>vuadsmana</strong></span> <span class='ocrx_word' id='word_1_697' title='bbox 675 5190 915 5260; x_wconf 89' lang='lat' dir='ltr'><strong>primum</strong></span> <span class='ocrx_word' id='word_1_698' title='bbox 964 5205 991 5243; x_wconf 85' lang='grc' dir='ltr'><strong><em>υ</em></strong></span> <span class='ocrx_word' id='word_1_699' title='bbox 1037 5188 1357 5259; x_wconf 88' lang='lat' dir='ltr'><strong>conjunctio</strong></span> <span class='ocrx_word' id='word_1_700' title='bbox 1398 5199 1481 5243; x_wconf 82' lang='lat' dir='ltr'><strong>est</strong></span> <span class='ocrx_word' id='word_1_701' title='bbox 1521 5199 1563 5248; x_wconf 70' lang='grc' dir='ltr'><strong>Ἰ.</strong></span> <span class='ocrx_word' id='word_1_702' title='bbox 1610 5188 1859 5243; x_wconf 82' lang='lat' dir='ltr'><strong>Secunda</strong></span> 
     </span>
    </p>
   </div>
   <div class='ocr_carea' id='block_1_96' title="bbox 285 5281 1861 5355">
    <p class='ocr_par' dir='ltr' id='par_1_96' title="bbox 285 5281 1861 5355">
     <span class='ocr_line' id='line_1_96' title="bbox 285 5281 1861 5355; baseline -0.002 -16"><span class='ocrx_word' id='word_1_703' title='bbox 285 5283 488 5355; x_wconf 80' lang='lat' dir='ltr'><strong>syllaba</strong></span> <span class='ocrx_word' id='word_1_704' title='bbox 519 5300 588 5337; x_wconf 71' lang='lat' dir='ltr'><strong>ea</strong></span> <span class='ocrx_word' id='word_1_705' title='bbox 607 5292 695 5337; x_wconf 84' lang='lat' dir='ltr'><strong>est</strong></span> <span class='ocrx_word' id='word_1_706' title='bbox 722 5283 948 5336; x_wconf 85' lang='lat' dir='ltr'><strong>verbum</strong></span> <span class='ocrx_word' id='word_1_707' title='bbox 981 5292 1058 5341; x_wconf 65' lang='lat' dir='ltr'><strong>tu</strong></span> <span class='ocrx_word' id='word_1_708' title='bbox 1094 5298 1179 5346; x_wconf 75' lang='lat' dir='ltr'><strong>ea,</strong></span> <span class='ocrx_word' id='word_1_709' title='bbox 1207 5282 1493 5351; x_wconf 79' lang='lat' dir='ltr'><strong>ingressus,</strong></span> <span class='ocrx_word' id='word_1_710' title='bbox 1520 5281 1603 5335; x_wconf 86' lang='lat' dir='ltr'><strong>vel</strong></span> <span class='ocrx_word' id='word_1_711' title='bbox 1634 5283 1760 5350; x_wconf 80' lang='lat' dir='ltr'><strong>quid</strong></span> <span class='ocrx_word' id='word_1_712' title='bbox 1793 5297 1861 5336; x_wconf 75' lang='lat' dir='ltr'><strong>ex</strong></span> 
     </span>
    </p>
   </div>
   <div class='ocr_carea' id='block_1_97' title="bbox 284 5354 1863 5444">
    <p class='ocr_par' dir='ltr' id='par_1_97' title="bbox 284 5354 1863 5444">
     <span class='ocr_line' id='line_1_97' title="bbox 284 5354 1863 5444; baseline -0.003 -13"><span class='ocrx_word' id='word_1_713' title='bbox 284 5354 352 5431; x_wconf 81' lang='lat' dir='ltr'><strong>eo</strong></span> <span class='ocrx_word' id='word_1_714' title='bbox 378 5375 710 5430; x_wconf 79' lang='lat' dir='ltr'><strong>derivatum.</strong></span> <span class='ocrx_word' id='word_1_715' title='bbox 742 5373 992 5443; x_wconf 77' lang='lat' dir='ltr'><strong>Reliquae</strong></span> <span class='ocrx_word' id='word_1_716' title='bbox 1021 5354 1133 5427; x_wconf 73' lang='lat' dir='ltr'><strong>tres</strong></span> <span class='ocrx_word' id='word_1_717' title='bbox 1165 5375 1387 5444; x_wconf 66' lang='lat' dir='ltr'><strong>syllaba:</strong></span> <span class='ocrx_word' id='word_1_718' title='bbox 1414 5375 1640 5427; x_wconf 73' lang='lat' dir='ltr'><strong>rtemann</strong></span> <span class='ocrx_word' id='word_1_719' title='bbox 1670 5375 1863 5427; x_wconf 84' lang='lat' dir='ltr'><strong>viden-</strong></span> 
     </span>
    </p>
   </div>
   <div class='ocr_carea' id='block_1_98' title="bbox 289 5464 1863 5531">
    <p class='ocr_par' dir='ltr' id='par_1_98' title="bbox 289 5464 1863 5531">
     <span class='ocr_line' id='line_1_98' title="bbox 289 5464 1863 5531; baseline -0.002 -8"><span class='ocrx_word' id='word_1_720' title='bbox 289 5478 381 5523; x_wconf 89' lang='lat' dir='ltr'><strong>tur</strong></span> <span class='ocrx_word' id='word_1_721' title='bbox 399 5483 519 5523; x_wconf 89' lang='lat' dir='ltr'><strong>esse</strong></span> <span class='ocrx_word' id='word_1_722' title='bbox 545 5482 575 5522; x_wconf 90' lang='lat' dir='ltr'><strong>a</strong></span> <span class='ocrx_word' id='word_1_723' title='bbox 595 5476 718 5526; x_wconf 75' lang='lat' dir='ltr'><strong>nm</strong></span> <span class='ocrx_word' id='word_1_724' title='bbox 742 5466 929 5529; x_wconf 78' lang='lat' dir='ltr'><strong>doma,</strong></span> <span class='ocrx_word' id='word_1_725' title='bbox 951 5464 1257 5519; x_wconf 79' lang='lat' dir='ltr'><strong>observavit.</strong></span> <span class='ocrx_word' id='word_1_726' title='bbox 1283 5465 1428 5520; x_wconf 85' lang='lat' dir='ltr'><strong>unde</strong></span> <span class='ocrx_word' id='word_1_727' title='bbox 1450 5481 1575 5519; x_wconf 91' lang='lat' dir='ltr'><strong>cum</strong></span> <span class='ocrx_word' id='word_1_728' title='bbox 1607 5466 1863 5531; x_wconf 82' lang='lat' dir='ltr'><strong>adjuncto</strong></span> 
     </span>
    </p>
   </div>
   <div class='ocr_carea' id='block_1_99' title="bbox 284 5555 1861 5625">
    <p class='ocr_par' dir='ltr' id='par_1_99' title="bbox 284 5555 1861 5625">
     <span class='ocr_line' id='line_1_99' title="bbox 284 5555 1861 5625; baseline -0.003 -11"><span class='ocrx_word' id='word_1_729' title='bbox 284 5569 313 5619; x_wconf 70' lang='lat'><strong>3</strong></span> <span class='ocrx_word' id='word_1_730' title='bbox 362 5558 488 5613; x_wconf 71' lang='lat' dir='ltr'><strong>Nam</strong></span> <span class='ocrx_word' id='word_1_731' title='bbox 534 5560 854 5613; x_wconf 69' lang='lat' dir='ltr'><strong>Iucmanﬂ&#39;co</strong></span> <span class='ocrx_word' id='word_1_732' title='bbox 891 5571 1089 5611; x_wconf 87' lang='lat' dir='ltr'><strong>nomen</strong></span> <span class='ocrx_word' id='word_1_733' title='bbox 1127 5556 1394 5610; x_wconf 81' lang='lat' dir='ltr'><strong>formatur</strong></span> <span class='ocrx_word' id='word_1_734' title='bbox 1423 5556 1737 5625; x_wconf 56' lang='lat' dir='ltr'><strong>significatus</strong></span> <span class='ocrx_word' id='word_1_735' title='bbox 1771 5555 1861 5609; x_wconf 88' lang='lat' dir='ltr'><strong>ob-</strong></span> 
     </span>
    </p>
   </div>
   <div class='ocr_carea' id='block_1_100' title="bbox 286 5650 1864 5723">
    <p class='ocr_par' dir='ltr' id='par_1_100' title="bbox 286 5650 1864 5723">
     <span class='ocr_line' id='line_1_100' title="bbox 286 5650 1864 5723; baseline -0.003 -16"><span class='ocrx_word' id='word_1_736' title='bbox 286 5664 600 5707; x_wconf 79' lang='lat' dir='ltr'><strong>servatorem</strong></span> <span class='ocrx_word' id='word_1_737' title='bbox 625 5667 921 5723; x_wconf 79' lang='lat' dir='ltr'><strong>gressuum,</strong></span> <span class='ocrx_word' id='word_1_738' title='bbox 948 5650 1242 5719; x_wconf 68' lang='grc' dir='ltr'><strong>ἰχνηλάτην</strong></span> <span class='ocrx_word' id='word_1_739' title='bbox 1269 5650 1528 5703; x_wconf 85' lang='lat' dir='ltr'><strong>videlicet</strong></span> <span class='ocrx_word' id='word_1_740' title='bbox 1556 5665 1619 5702; x_wconf 90' lang='lat' dir='ltr'><strong>ac</strong></span> <span class='ocrx_word' id='word_1_741' title='bbox 1634 5652 1864 5721; x_wconf 51' lang='lat' dir='ltr'><strong>castiga-</strong></span> 
     </span>
    </p>
   </div>
   <div class='ocr_carea' id='block_1_101' title="bbox 288 5742 1865 5821">
    <p class='ocr_par' dir='ltr' id='par_1_101' title="bbox 288 5742 1865 5821">
     <span class='ocr_line' id='line_1_101' title="bbox 288 5742 1865 5821; baseline -0.001 -23"><span class='ocrx_word' id='word_1_742' title='bbox 288 5756 456 5800; x_wconf 81' lang='lat' dir='ltr'><strong>torem</strong></span> <span class='ocrx_word' id='word_1_743' title='bbox 479 5755 656 5800; x_wconf 85' lang='lat' dir='ltr'><strong>tuum.</strong></span> <span class='ocrx_word' id='word_1_744' title='bbox 682 5744 921 5817; x_wconf 81' lang='lat' dir='ltr'><strong>Symeon</strong></span> <span class='ocrx_word' id='word_1_745' title='bbox 956 5743 1086 5797; x_wconf 87' lang='lat' dir='ltr'><strong>Seth</strong></span> <span class='ocrx_word' id='word_1_746' title='bbox 1121 5744 1198 5796; x_wconf 88' lang='lat' dir='ltr'><strong>ait</strong></span> <span class='ocrx_word' id='word_1_747' title='bbox 1223 5742 1379 5796; x_wconf 89' lang='lat' dir='ltr'><strong>initio</strong></span> <span class='ocrx_word' id='word_1_748' title='bbox 1409 5743 1569 5811; x_wconf 83' lang='lat' dir='ltr'><strong>primi</strong></span> <span class='ocrx_word' id='word_1_749' title='bbox 1608 5743 1865 5821; x_wconf 52' lang='lat' dir='ltr'><strong>Ilrolego—</strong></span> 
     </span>
    </p>
   </div>
   <div class='ocr_carea' id='block_1_102' title="bbox 290 5836 1858 5899">
    <p class='ocr_par' dir='ltr' id='par_1_102' title="bbox 290 5836 1858 5899">
     <span class='ocr_line' id='line_1_102' title="bbox 290 5836 1858 5899; baseline -0.004 0"><span class='ocrx_word' id='word_1_750' title='bbox 290 5841 435 5899; x_wconf 73' lang='lat' dir='ltr'><strong>lieni</strong></span> <span class='ocrx_word' id='word_1_751' title='bbox 475 5841 742 5899; x_wconf 81' lang='lat' dir='ltr'><strong>Chosroen</strong></span> <span class='ocrx_word' id='word_1_752' title='bbox 780 5841 1156 5894; x_wconf 82' lang='lat' dir='ltr'><strong>Anasuranum</strong></span> <span class='ocrx_word' id='word_1_753' title='bbox 1198 5837 1367 5892; x_wconf 79' lang='lat' dir='ltr'><strong>fuisse</strong></span> <span class='ocrx_word' id='word_1_754' title='bbox 1408 5837 1584 5892; x_wconf 68' lang='lat' dir='ltr'><strong>filium</strong></span> <span class='ocrx_word' id='word_1_755' title='bbox 1624 5836 1858 5893; x_wconf 80' lang='lat' dir='ltr'><strong>Davidis.</strong></span> 
     </span>
    </p>
   </div>
   <div class='ocr_carea' id='block_1_103' title="bbox 656 5933 1397 5997">
    <p class='ocr_par' dir='ltr' id='par_1_103' title="bbox 656 5933 1397 5997">
     <span class='ocr_line' id='line_1_103' title="bbox 656 5933 1397 5997; baseline -0.003 0"><span class='ocrx_word' id='word_1_756' title='bbox 656 5938 926 5997; x_wconf 61' lang='lat' dir='ltr'><strong>Panos.</strong></span> <span class='ocrx_word' id='word_1_757' title='bbox 971 5935 1086 5995; x_wconf 81' lang='lat' dir='ltr'><strong>Gn.</strong></span> <span class='ocrx_word' id='word_1_758' title='bbox 1128 5933 1397 5996; x_wconf 76' lang='lat' dir='ltr'><strong>CXLIV.</strong></span> 
     </span>
    </p>
   </div>
   <div class='ocr_carea' id='block_1_104' title="bbox 1948 4632 3542 4710">
    <p class='ocr_par' dir='ltr' id='par_1_104' title="bbox 1948 4632 3542 4710">
     <span class='ocr_line' id='line_1_104' title="bbox 1948 4632 3542 4710; baseline 0.001 -22"><span class='ocrx_word' id='word_1_759' title='bbox 1948 4634 2193 4704; x_wconf 67' lang='lat' dir='ltr'><strong>syllaba,</strong></span> <span class='ocrx_word' id='word_1_760' title='bbox 2214 4633 2374 4702; x_wconf 78' lang='lat' dir='ltr'><strong>longe</strong></span> <span class='ocrx_word' id='word_1_761' title='bbox 2403 4632 2526 4687; x_wconf 86' lang='lat' dir='ltr'><strong>ideo</strong></span> <span class='ocrx_word' id='word_1_762' title='bbox 2554 4634 2768 4689; x_wconf 76' lang='lat' dir='ltr'><strong>diversa</strong></span> <span class='ocrx_word' id='word_1_763' title='bbox 2801 4650 2829 4689; x_wconf 85' lang='lat' dir='ltr'><strong>a</strong></span> <span class='ocrx_word' id='word_1_764' title='bbox 2858 4636 3122 4690; x_wconf 78' lang='lat' dir='ltr'><strong>feminino</strong></span> <span class='ocrx_word' id='word_1_765' title='bbox 3155 4637 3410 4710; x_wconf 81' lang='lat' dir='ltr'><strong>adjectivi</strong></span> <span class='ocrx_word' id='word_1_766' title='bbox 3444 4656 3542 4691; x_wconf 84' lang='grc' dir='ltr'><strong>κα-</strong></span> 
     </span>
    </p>
   </div>
   <div class='ocr_carea' id='block_1_105' title="bbox 1966 4724 3542 4794">
    <p class='ocr_par' dir='ltr' id='par_1_105' title="bbox 1966 4724 3542 4794">
     <span class='ocr_line' id='line_1_105' title="bbox 1966 4724 3542 4794; baseline 0.004 -18"><span class='ocrx_word' id='word_1_767' title='bbox 1966 4726 2079 4788; x_wconf 75' lang='grc' dir='ltr'><strong>κός,</strong></span> <span class='ocrx_word' id='word_1_768' title='bbox 2115 4724 2258 4794; x_wconf 84' lang='lat' dir='ltr'><strong>quod</strong></span> <span class='ocrx_word' id='word_1_769' title='bbox 2288 4738 2506 4792; x_wconf 83' lang='lat' dir='ltr'><strong>semper</strong></span> <span class='ocrx_word' id='word_1_770' title='bbox 2531 4727 2672 4794; x_wconf 78' lang='grc' dir='ltr'><strong>κακή</strong></span> <span class='ocrx_word' id='word_1_771' title='bbox 2708 4741 2829 4778; x_wconf 89' lang='lat' dir='ltr'><strong>cum</strong></span> <span class='ocrx_word' id='word_1_772' title='bbox 2856 4726 3006 4793; x_wconf 82' lang='lat' dir='ltr'><strong>gra&#39;vi</strong></span> <span class='ocrx_word' id='word_1_773' title='bbox 3040 4726 3091 4779; x_wconf 89' lang='lat' dir='ltr'><strong>in</strong></span> <span class='ocrx_word' id='word_1_774' title='bbox 3119 4726 3309 4781; x_wconf 86' lang='lat' dir='ltr'><strong>ultima</strong></span> <span class='ocrx_word' id='word_1_775' title='bbox 3341 4729 3542 4783; x_wconf 88' lang='lat' dir='ltr'><strong>scribi-</strong></span> 
     </span>
    </p>
   </div>
   <div class='ocr_carea' id='block_1_106' title="bbox 1968 4816 3542 4887">
    <p class='ocr_par' dir='ltr' id='par_1_106' title="bbox 1968 4816 3542 4887">
     <span class='ocr_line' id='line_1_106' title="bbox 1968 4816 3542 4887; baseline 0.002 -15"><span class='ocrx_word' id='word_1_776' title='bbox 1968 4828 2075 4872; x_wconf 88' lang='lat' dir='ltr'><strong>tur.</strong></span> <span class='ocrx_word' id='word_1_777' title='bbox 2102 4816 2213 4871; x_wconf 86' lang='lat' dir='ltr'><strong>Nec</strong></span> <span class='ocrx_word' id='word_1_778' title='bbox 2242 4817 2484 4886; x_wconf 83' lang='lat' dir='ltr'><strong>antiquis</strong></span> <span class='ocrx_word' id='word_1_779' title='bbox 2516 4817 2695 4887; x_wconf 85' lang='lat' dir='ltr'><strong>ignota</strong></span> <span class='ocrx_word' id='word_1_780' title='bbox 2732 4828 2815 4872; x_wconf 84' lang='lat' dir='ltr'><strong>est</strong></span> <span class='ocrx_word' id='word_1_781' title='bbox 2848 4820 2963 4873; x_wconf 70' lang='lat' dir='ltr'><strong>haec</strong></span> <span class='ocrx_word' id='word_1_782' title='bbox 2993 4819 3326 4875; x_wconf 83' lang='lat' dir='ltr'><strong>diii‘erentia.</strong></span> <span class='ocrx_word' id='word_1_783' title='bbox 3364 4820 3542 4875; x_wconf 86' lang='lat' dir='ltr'><strong>Enar-</strong></span> 
     </span>
    </p>
   </div>
   <div class='ocr_carea' id='block_1_107' title="bbox 1912 4909 3539 4980">
    <p class='ocr_par' dir='ltr' id='par_1_107' title="bbox 1912 4909 3539 4980">
     <span class='ocr_line' id='line_1_107' title="bbox 1912 4909 3539 4980; baseline 0.002 -17"><span class='ocrx_word' id='word_1_784' title='bbox 1912 4927 1917 4932; x_wconf 69' lang='grc'><em>’</em></span> <span class='ocrx_word' id='word_1_785' title='bbox 1969 4924 2049 4965; x_wconf 88' lang='lat' dir='ltr'><strong>rat</strong></span> <span class='ocrx_word' id='word_1_786' title='bbox 2075 4909 2378 4980; x_wconf 73' lang='lat' dir='ltr'><strong>Hesychius</strong></span> <span class='ocrx_word' id='word_1_787' title='bbox 2400 4910 2691 4979; x_wconf 86' lang='lat' dir='ltr'><strong>quemdam</strong></span> <span class='ocrx_word' id='word_1_788' title='bbox 2714 4910 2894 4965; x_wconf 90' lang='lat' dir='ltr'><strong>locum</strong></span> <span class='ocrx_word' id='word_1_789' title='bbox 2917 4910 3246 4966; x_wconf 88' lang='lat' dir='ltr'><strong>innominati</strong></span> <span class='ocrx_word' id='word_1_790' title='bbox 3272 4914 3539 4973; x_wconf 86' lang='lat' dir='ltr'><strong>auctoris.</strong></span> 
     </span>
    </p>
   </div>
   <div class='ocr_carea' id='block_1_108' title="bbox 1969 5002 3541 5074">
    <p class='ocr_par' dir='ltr' id='par_1_108' title="bbox 1969 5002 3541 5074">
     <span class='ocr_line' id='line_1_108' title="bbox 1969 5002 3541 5074; baseline 0.002 -17"><span class='ocrx_word' id='word_1_791' title='bbox 1969 5004 2023 5057; x_wconf 90' lang='lat' dir='ltr'><strong>in</strong></span> <span class='ocrx_word' id='word_1_792' title='bbox 2058 5018 2169 5072; x_wconf 87' lang='lat' dir='ltr'><strong>quo</strong></span> <span class='ocrx_word' id='word_1_793' title='bbox 2195 5002 2515 5057; x_wconf 72' lang='lat' dir='ltr'><strong>viSchantur</strong></span> <span class='ocrx_word' id='word_1_794' title='bbox 2549 5004 2663 5056; x_wconf 76' lang='lat' dir='ltr'><strong>haec</strong></span> <span class='ocrx_word' id='word_1_795' title='bbox 2694 5003 2856 5057; x_wconf 83' lang='lat' dir='ltr'><strong>verba</strong></span> <span class='ocrx_word' id='word_1_796' title='bbox 2887 5005 2988 5074; x_wconf 81' lang='grc' dir='ltr'><strong>τῆς</strong></span> <span class='ocrx_word' id='word_1_797' title='bbox 3027 5003 3166 5074; x_wconf 77' lang='grc' dir='ltr'><strong>ἐμῆς</strong></span> <span class='ocrx_word' id='word_1_798' title='bbox 3191 5004 3388 5074; x_wconf 70' lang='grc' dir='ltr'><strong>κάκης,</strong></span> <span class='ocrx_word' id='word_1_799' title='bbox 3417 5003 3541 5060; x_wconf 84' lang='lat' dir='ltr'><strong>voci</strong></span> 
     </span>
    </p>
   </div>
   <div class='ocr_carea' id='block_1_109' title="bbox 1968 5096 3543 5167">
    <p class='ocr_par' dir='ltr' id='par_1_109' title="bbox 1968 5096 3543 5167">
     <span class='ocr_line' id='line_1_109' title="bbox 1968 5096 3543 5167; baseline 0.001 -17"><span class='ocrx_word' id='word_1_800' title='bbox 1968 5096 2145 5164; x_wconf 81' lang='grc' dir='ltr'><strong>κάκης</strong></span> <span class='ocrx_word' id='word_1_801' title='bbox 2195 5103 2257 5149; x_wconf 89' lang='lat' dir='ltr'><strong>ut</strong></span> <span class='ocrx_word' id='word_1_802' title='bbox 2303 5109 2660 5167; x_wconf 84' lang='lat' dir='ltr'><strong>synonymam</strong></span> <span class='ocrx_word' id='word_1_803' title='bbox 2696 5096 2996 5166; x_wconf 87' lang='lat' dir='ltr'><strong>subjiciens</strong></span> <span class='ocrx_word' id='word_1_804' title='bbox 3019 5110 3207 5151; x_wconf 87' lang='lat' dir='ltr'><strong>vocem</strong></span> <span class='ocrx_word' id='word_1_805' title='bbox 3242 5098 3543 5162; x_wconf 77' lang='grc' dir='ltr'><strong>κακουχίας</strong></span> 
     </span>
    </p>
   </div>
   <div class='ocr_carea' id='block_1_110' title="bbox 1920 5188 3542 5262">
    <p class='ocr_par' dir='ltr' id='par_1_110' title="bbox 1920 5188 3542 5262">
     <span class='ocr_line' id='line_1_110' title="bbox 1920 5188 3542 5262; baseline 0.001 -19"><span class='ocrx_word' id='word_1_806' title='bbox 1920 5214 1928 5222; x_wconf 92' lang='grc'><strong>·</strong></span> <span class='ocrx_word' id='word_1_807' title='bbox 1968 5189 2233 5257; x_wconf 88' lang='lat' dir='ltr'><strong>(rescribe</strong></span> <span class='ocrx_word' id='word_1_808' title='bbox 2280 5191 2624 5259; x_wconf 74' lang='grc' dir='ltr'><strong>κακουχίας).</strong></span> <span class='ocrx_word' id='word_1_809' title='bbox 2653 5188 2978 5244; x_wconf 86' lang='lat' dir='ltr'><strong>Eustathius</strong></span> <span class='ocrx_word' id='word_1_810' title='bbox 3017 5204 3238 5260; x_wconf 85' lang='lat' dir='ltr'><strong>quoque</strong></span> <span class='ocrx_word' id='word_1_811' title='bbox 3265 5190 3542 5262; x_wconf 81' lang='grc' dir='ltr'><strong>παρεκσο-</strong></span> 
     </span>
    </p>
   </div>
   <div class='ocr_carea' id='block_1_111' title="bbox 1967 5281 3546 5354">
    <p class='ocr_par' dir='ltr' id='par_1_111' title="bbox 1967 5281 3546 5354">
     <span class='ocr_line' id='line_1_111' title="bbox 1967 5281 3546 5354; baseline 0.001 -19"><span class='ocrx_word' id='word_1_812' title='bbox 1967 5284 2087 5347; x_wconf 80' lang='grc' dir='ltr'>λαῖς</span> <span class='ocrx_word' id='word_1_813' title='bbox 2118 5284 2183 5337; x_wconf 83' lang='lat' dir='ltr'><strong>ad</strong></span> <span class='ocrx_word' id='word_1_814' title='bbox 2212 5281 2374 5337; x_wconf 79' lang='lat' dir='ltr'><strong>Iliad.</strong></span> <span class='ocrx_word' id='word_1_815' title='bbox 2406 5299 2456 5346; x_wconf 88' lang='grc' dir='ltr'><strong>ν,</strong></span> <span class='ocrx_word' id='word_1_816' title='bbox 2499 5282 2563 5336; x_wconf 74' lang='lat' dir='ltr'><strong>a&#39;l</strong></span> <span class='ocrx_word' id='word_1_817' title='bbox 2598 5283 2750 5337; x_wconf 90' lang='lat' dir='ltr'><strong>illum</strong></span> <span class='ocrx_word' id='word_1_818' title='bbox 2778 5297 2994 5337; x_wconf 84' lang='lat' dir='ltr'><strong>versum</strong></span> <span class='ocrx_word' id='word_1_819' title='bbox 3019 5283 3146 5347; x_wconf 71' lang='grc'>651,</span> <span class='ocrx_word' id='word_1_820' title='bbox 3178 5284 3283 5336; x_wconf 83' lang='grc' dir='ltr'>Ἦν</span> <span class='ocrx_word' id='word_1_821' title='bbox 3312 5284 3413 5354; x_wconf 73' lang='grc' dir='ltr'><strong>ἐμὲ</strong></span> <span class='ocrx_word' id='word_1_822' title='bbox 3442 5284 3546 5339; x_wconf 69' lang='grc' dir='ltr'><strong>λω-</strong></span> 
     </span>
    </p>
   </div>
   <div class='ocr_carea' id='block_1_112' title="bbox 1918 5374 3548 5448">
    <p class='ocr_par' dir='ltr' id='par_1_112' title="bbox 1918 5374 3548 5448">
     <span class='ocr_line' id='line_1_112' title="bbox 1918 5374 3548 5448; baseline 0 -19"><span class='ocrx_word' id='word_1_823' title='bbox 1918 5396 1921 5401; x_wconf 94' lang='grc'>·</span> <span class='ocrx_word' id='word_1_824' title='bbox 1958 5374 2229 5448; x_wconf 77' lang='grc' dir='ltr'><strong>³6ήσασϐε,</strong></span> <span class='ocrx_word' id='word_1_825' title='bbox 2280 5376 2451 5429; x_wconf 78' lang='grc' dir='ltr'>κακαὶ</span> <span class='ocrx_word' id='word_1_826' title='bbox 2498 5374 2676 5439; x_wconf 82' lang='grc' dir='ltr'><strong>κύνες,</strong></span> <span class='ocrx_word' id='word_1_827' title='bbox 2728 5376 2978 5443; x_wconf 75' lang='lat' dir='ltr'><strong>agnoscit</strong></span> <span class='ocrx_word' id='word_1_828' title='bbox 3025 5376 3355 5432; x_wconf 81' lang='lat' dir='ltr'><strong>vocabulum</strong></span> <span class='ocrx_word' id='word_1_829' title='bbox 3400 5378 3548 5445; x_wconf 81' lang='grc' dir='ltr'>κάκη</span> 
     </span>
    </p>
   </div>
   <div class='ocr_carea' id='block_1_113' title="bbox 1968 5468 3549 5541">
    <p class='ocr_par' dir='ltr' id='par_1_113' title="bbox 1968 5468 3549 5541">
     <span class='ocr_line' id='line_1_113' title="bbox 1968 5468 3549 5541; baseline -0.002 -16"><span class='ocrx_word' id='word_1_830' title='bbox 1968 5472 2247 5526; x_wconf 86' lang='lat' dir='ltr'><strong>diversum</strong></span> <span class='ocrx_word' id='word_1_831' title='bbox 2277 5484 2307 5524; x_wconf 88' lang='lat' dir='ltr'><strong>a</strong></span> <span class='ocrx_word' id='word_1_832' title='bbox 2328 5470 2495 5536; x_wconf 79' lang='grc' dir='ltr'><strong>κακή.</strong></span> <span class='ocrx_word' id='word_1_833' title='bbox 2524 5471 2602 5525; x_wconf 88' lang='lat' dir='ltr'><strong>sic</strong></span> <span class='ocrx_word' id='word_1_834' title='bbox 2633 5468 2901 5525; x_wconf 86' lang='lat' dir='ltr'><strong>adnotans</strong></span> <span class='ocrx_word' id='word_1_835' title='bbox 2926 5485 2941 5523; x_wconf 90' lang='lat'><strong>:</strong></span> <span class='ocrx_word' id='word_1_836' title='bbox 2968 5470 3127 5541; x_wconf 82' lang='grc' dir='ltr'><strong>Κάκη</strong></span> <span class='ocrx_word' id='word_1_837' title='bbox 3153 5470 3263 5541; x_wconf 80' lang='grc' dir='ltr'><strong>γὰρ</strong></span> <span class='ocrx_word' id='word_1_838' title='bbox 3292 5474 3351 5524; x_wconf 68' lang='grc' dir='ltr'><strong>οὔ</strong></span> <span class='ocrx_word' id='word_1_839' title='bbox 3382 5472 3549 5540; x_wconf 76' lang='grc' dir='ltr'>μόνον</span> 
     </span>
    </p>
   </div>
   <div class='ocr_carea' id='block_1_114' title="bbox 1925 5560 3543 5633">
    <p class='ocr_par' dir='ltr' id='par_1_114' title="bbox 1925 5560 3543 5633">
     <span class='ocr_line' id='line_1_114' title="bbox 1925 5560 3543 5633; baseline -0.004 -16"><span class='ocrx_word' id='word_1_840' title='bbox 1925 5584 1930 5590; x_wconf 92' lang='grc'>·</span> <span class='ocrx_word' id='word_1_841' title='bbox 1969 5566 2002 5633; x_wconf 81' lang='grc' dir='ltr'>ἡ</span> <span class='ocrx_word' id='word_1_842' title='bbox 2044 5563 2233 5623; x_wconf 77' lang='grc' dir='ltr'>κακία,</span> <span class='ocrx_word' id='word_1_843' title='bbox 2263 5560 2405 5613; x_wconf 79' lang='grc' dir='ltr'><strong>κατά</strong></span> <span class='ocrx_word' id='word_1_844' title='bbox 2442 5560 2566 5623; x_wconf 75' lang='grc' dir='ltr'><strong>τοὺς</strong></span> <span class='ocrx_word' id='word_1_845' title='bbox 2592 5560 2722 5629; x_wconf 68' lang='grc' dir='ltr'>περὶ</span> <span class='ocrx_word' id='word_1_846' title='bbox 2760 5560 3044 5627; x_wconf 78' lang='grc' dir='ltr'>Πλάτωνα,</span> <span class='ocrx_word' id='word_1_847' title='bbox 3069 5560 3208 5615; x_wconf 75' lang='grc' dir='ltr'>ἀλλὰ</span> <span class='ocrx_word' id='word_1_848' title='bbox 3240 5562 3335 5613; x_wconf 70' lang='grc' dir='ltr'><strong>καὶ</strong></span> <span class='ocrx_word' id='word_1_849' title='bbox 3373 5561 3403 5628; x_wconf 84' lang='grc' dir='ltr'>ἡ</span> <span class='ocrx_word' id='word_1_850' title='bbox 3432 5561 3543 5633; x_wconf 64' lang='grc' dir='ltr'><strong>ῥει-</strong></span> 
     </span>
    </p>
   </div>
   <div class='ocr_carea' id='block_1_115' title="bbox 1968 5651 3547 5725">
    <p class='ocr_par' dir='ltr' id='par_1_115' title="bbox 1968 5651 3547 5725">
     <span class='ocr_line' id='line_1_115' title="bbox 1968 5651 3547 5725; baseline -0.001 -18"><span class='ocrx_word' id='word_1_851' title='bbox 1968 5656 2077 5708; x_wconf 72' lang='grc' dir='ltr'><strong>λίκ.</strong></span> <span class='ocrx_word' id='word_1_852' title='bbox 2110 5655 2354 5725; x_wconf 82' lang='lat' dir='ltr'><strong>Denique</strong></span> <span class='ocrx_word' id='word_1_853' title='bbox 2384 5654 2646 5722; x_wconf 88' lang='lat' dir='ltr'><strong>antiquus</strong></span> <span class='ocrx_word' id='word_1_854' title='bbox 2666 5653 3058 5724; x_wconf 84' lang='lat' dir='ltr'><strong>grammaticus</strong></span> <span class='ocrx_word' id='word_1_855' title='bbox 3079 5662 3272 5709; x_wconf 85' lang='lat' dir='ltr'><strong>auctor</strong></span> <span class='ocrx_word' id='word_1_856' title='bbox 3294 5651 3547 5722; x_wconf 89' lang='lat' dir='ltr'><strong>opusculi</strong></span> 
     </span>
    </p>
   </div>
   <div class='ocr_carea' id='block_1_116' title="bbox 1970 5744 3558 5818">
    <p class='ocr_par' dir='ltr' id='par_1_116' title="bbox 1970 5744 3558 5818">
     <span class='ocr_line' id='line_1_116' title="bbox 1970 5744 3558 5818; baseline -0.003 -16"><span class='ocrx_word' id='word_1_857' title='bbox 1970 5749 2058 5802; x_wconf 88' lang='lat' dir='ltr'><strong>cui</strong></span> <span class='ocrx_word' id='word_1_858' title='bbox 2094 5748 2283 5801; x_wconf 84' lang='lat' dir='ltr'><strong>titulos</strong></span> <span class='ocrx_word' id='word_1_859' title='bbox 2315 5756 2434 5801; x_wconf 90' lang='lat' dir='ltr'><strong>est:</strong></span> <span class='ocrx_word' id='word_1_860' title='bbox 2465 5746 2627 5799; x_wconf 70' lang='grc' dir='ltr'><strong>Ὅσαι</strong></span> <span class='ocrx_word' id='word_1_861' title='bbox 2651 5746 2821 5811; x_wconf 81' lang='grc' dir='ltr'><strong>λέξεις</strong></span> <span class='ocrx_word' id='word_1_862' title='bbox 2852 5746 2989 5818; x_wconf 74' lang='grc' dir='ltr'><strong>πρὸς</strong></span> <span class='ocrx_word' id='word_1_863' title='bbox 3009 5746 3267 5815; x_wconf 61' lang='grc' dir='ltr'><strong>διάφορον</strong></span> <span class='ocrx_word' id='word_1_864' title='bbox 3291 5744 3558 5814; x_wconf 77' lang='grc' dir='ltr'><strong>σημαινό-</strong></span> 
     </span>
    </p>
   </div>
   <div class='ocr_carea' id='block_1_117' title="bbox 1981 5839 3554 5911">
    <p class='ocr_par' dir='ltr' id='par_1_117' title="bbox 1981 5839 3554 5911">
     <span class='ocr_line' id='line_1_117' title="bbox 1981 5839 3554 5911; baseline 0.002 -18"><span class='ocrx_word' id='word_1_865' title='bbox 1981 5857 2143 5911; x_wconf 71' lang='grc' dir='ltr'>μενον</span> <span class='ocrx_word' id='word_1_866' title='bbox 2170 5840 2430 5909; x_wconf 76' lang='grc' dir='ltr'><strong>διάφορον</strong></span> <span class='ocrx_word' id='word_1_867' title='bbox 2476 5840 2721 5910; x_wconf 79' lang='grc' dir='ltr'><strong>δέχονται</strong></span> <span class='ocrx_word' id='word_1_868' title='bbox 2752 5840 2932 5909; x_wconf 72' lang='grc' dir='ltr'>τόνον,</span> <span class='ocrx_word' id='word_1_869' title='bbox 2974 5841 3118 5896; x_wconf 83' lang='lat' dir='ltr'><strong>inter</strong></span> <span class='ocrx_word' id='word_1_870' title='bbox 3154 5839 3420 5895; x_wconf 83' lang='lat' dir='ltr'><strong>vocabula</strong></span> <span class='ocrx_word' id='word_1_871' title='bbox 3452 5852 3554 5910; x_wconf 86' lang='lat' dir='ltr'><strong>pro</strong></span> 
     </span>
    </p>
   </div>
   <div class='ocr_carea' id='block_1_118' title="bbox 3166 5933 3252 6000">
    <p class='ocr_par' dir='ltr' id='par_1_118' title="bbox 3166 5933 3252 6000">
     <span class='ocr_line' id='line_1_118' title="bbox 3166 5933 3252 6000; baseline 0 -5"><span class='ocrx_word' id='word_1_872' title='bbox 3166 5933 3252 6000; x_wconf 72' lang='grc'><strong>24</strong></span> 
     </span>
    </p>
   </div>
  </div>
