4058 6298
480 265 591 330 ’147

1437 265 1502 329 P.
1539 263 1848 329 POSSINI
1878 263 2537 333 OBSERVATIONUM
2577 271 2721 338 LIB.
2773 271 2820 335 ἰ.

3648 277 3761 343 7‘48

483 388 750 461 accentus
795 379 1118 438 diversitate
1172 379 1540 453 signiﬁcatum
1582 384 1852 438 mutantia
1875 395 2070 438 recen-
2095 388 2140 446 Α
2171 384 2339 442 uideo
2377 369 2943 461 praeratNicepborns
2967 388 3258 456 Chumnus,
3284 367 3504 464 sapiens
3532 401 3584 448 et
3611 413 3762 450 num

485 483 572 531 set
618 474 792 546 κάκη,
834 472 1163 529 vocabulum
1221 471 1389 542 aliud,
1425 486 1629 530 sonans
1684 486 1850 542 quam
1893 473 2065 539 κακή.

488 565 681 623 Restat
707 582 858 623 nunc
888 566 1245 623 statuendum
1275 580 1440 637 quam
1469 564 1604 620 huic
1623 566 1754 620 voci
1783 565 2070 620 notionem

472 661 595 719 hoc
649 661 772 717 loco
832 661 1095 732 subjiciat
1149 659 1539 732 Pachymeres.
1589 659 1739 713 Alias
1777 655 2068 712 observavi

484 755 728 828 pendere
782 755 937 810 illum
970 771 1041 810 ex
1073 752 1368 825 liesychio.
1413 750 1721 824 Hesychius
1769 759 1976 814 autem,
2009 757 2070 804 ut

490 849 655 904 modo
678 846 895 910 monui,
922 847 1102 914 κάκην
1125 860 1222 915 per
1246 841 1547 914 κακουχίαν
1573 839 1819 910 exponit.
1846 841 2072 896 Rescis—

493 959 616 1000 mus
647 951 832 998 autem
869 941 999 995 licet
1027 955 1095 995 ex
1121 937 1314 994 eodem
1353 935 1623 1008 llesychio
1667 949 1788 1005 quae
1816 935 1888 988 sit
1922 931 2069 1004 apud

493 1036 673 1107 ipsum
719 1034 804 1090 vis
849 1033 1018 1104 hujus
1065 1029 1338 1087 vocabuli.
1377 1027 1684 1100 Κακουχία,
1723 1029 1903 1097 inquit
1953 1027 2070 1096 ille,

492 1127 772 1193 ἀσθένεια,
796 1125 1051 1196 ἀμέλεια,
1080 1118 1487 1194 ἀθεραπευσίας
1507 1122 1605 1176 Est
1635 1134 1766 1191 ergo
1798 1119 2071 1190 Hesychia

493 1219 764 1294 κακουχῐα
794 1235 907 1276 non
937 1218 1200 1290 quaelibet
1238 1215 1553 1282 inﬁrmitas,
1582 1215 1679 1272 sed
1717 1214 1966 1271 incurata
2013 1221 2072 1268 et

490 1319 764 1389 neglecta.
798 1314 941 1384 Quid
971 1330 1104 1386 ergo
1149 1313 1242 1368 hic
1276 1311 1382 1368 sibi
1409 1312 1604 1368 volunt
1647 1310 1961 1382 Ephesinus
2017 1319 2072 1364 et

488 1412 795 1486 Cyaicenus
820 1408 1086 1480 episcopi,
1114 1417 1405 1479 negantes,
1431 1404 1823 1461 declarandum
1841 1418 1961 1458 esse
1981 1417 2070 1457 or-

492 1504 794 1560 thodoxam
824 1501 1151 1574 Gregorium
1174 1499 1434 1573 Cyprium
1465 1500 1784 1570 priusquam
1797 1495 2072 1570 judicium

490 1596 750 1661 subierit,
773 1602 828 1650 et
851 1609 1015 1651 secus
1037 1593 1219 1648 facere
1261 1591 1509 1647 dicentes
1536 1589 1652 1645 fore
1693 1588 1942 1649 ἐπιλύειν
1972 1586 2072 1658 τὴν

489 1691 692 1761 κάκην,
742 1687 947 1744 solvere
997 1685 1216 1760 plagam
1273 1681 1624 1740 incuratam?
1673 1679 1809 1746 Hoc,
1848 1680 2126 1761 opinor,"

2097 1735 2145 1797 B

487 1785 726 1840 volunt:
761 1791 870 1838 tam
900 1795 1191 1852 perperam
1238 1778 1292 1834 id
1345 1787 1530 1832 actum
1561 1775 1652 1842 iri,
1686 1791 1850 1846 quam
1875 1774 2066 1849 incon-

489 1879 634 1934 sulte
698 1857 951 1931 medicus
1003 1872 1300 1942 chirurgus
1355 1869 1556 1925 vulnus
1598 1869 1772 1922 altum
1822 1866 2069 1920 nondum

487 1969 752 2027 coalitum
776 1977 871 2025 aut
905 1967 1164 2024 cicatrice
1195 1964 1433 2020 obducta
1457 1970 1812 2035 persanatum
1835 1959 2072 2016 solveret

486 2064 678 2124 fasciis
708 2074 763 2122 et
793 2079 892 2135 pro
925 2064 1087 2136 plane
1109 2067 1301 2118 curato
1322 2059 1718 2139 dimittet-etne
1753 2063 1959 2131 temere
1983 2055 2071 2124 ja-

486 2169 683 2217 ctaret.
750 2157 910 2213 Hunc
966 2169 1187 2212 sensum
1227 2152 1528 2208 adstruunt
1593 2148 1716 2204 dum
1764 2146 1891 2211 illm,
1934 2159 2070 2216 quas

488 2253 753 2311 continuo
812 2249 1176 2321 subiungunt,
1230 2241 1607 2316 proverbiales
1644 2240 1736 2312 μ).
1767 2237 1895 2312 4841
1936 2240 2068 2293 item

487 2344 819 2412 locutiones,
862 2341 996 2399 ἄλλα
1040 2339 1337 2402 κεύθοντας
1397 2335 1534 2390 ἄλλα
1576 2333 1784 2405 βάζειν,
1830 2331 1942 2387 alia
1989 2347 2074 2385 oc-

489 2437 751 2494 cultantes
810 2435 922 2491 alia
972 2434 1194 2505 effutire,
1228 2439 1284 2486 et
1315 2425 1741 2497 οἱκονομσῦντας
1793 2421 2071 2478 ἀνοικονό-

491 2549 662 2604 μητα,
691 2536 1002 2587 excusantes
1032 2523 1432 2587 inexcusabitia,
1469 2537 1592 2593 quae
1639 2521 1695 2574 in
1730 2532 1916 2590 parem
1946 2532 2073 2572 sen-

485 2617 715 2682 tentiam
765 2623 927 2681 facile
976 2621 1184 2679 coeunt
1235 2634 1334 2692 pro
1380 2614 1701 2673 conditione
1760 2610 2072 2689 argumenti

486 2715 748 2790 subjecti.

553 2851 806 2924 Πόμπος
857 2847 1249 2922 μαινομένου,
1292 2861 1347 2918 p.
1398 2844 1523 2902 δη.
1562 2841 1753 2916 Campi
1805 2839 2103 2903 Latinum-

470 2937 698 3011 vttomen
741 2941 917 3005 Grani
954 2941 1300 2998 recentiores
1336 2939 1452 2997 suis
1497 2937 1700 2994 litteris
1731 2933 1925 2993 eadem
1963 2946 2067 2987 no-

485 3039 639 3094 tione
687 3035 1051 3106 scripserunt.
1078 3030 1343 3103 Exempla
1371 3029 1464 3085 dat
1500 3028 1796 3091 Meursius.
1829 3025 1942 3081 Nec
1966 3023 2070 3099 du:

481 3131 640 3189 anum
664 3128 886 3185 videtur
908 3126 1040 3198 quin
1064 3127 1154 3182 hic
1178 3126 1246 3182 de
1276 3139 1474 3194 campo
1500 3123 1738 3193 quodam
1760 3130 1817 3175 et
1841 3117 2070 3188 planitie

487 3232 707 3297 agatur,
732 3216 881 3278 forte
915 3219 1182 3275 interiore
1221 3217 1419 3273 di—tioni
1452 3216 1713 3271 Romana:
1741 3223 1798 3268 et
1831 3212 2069 3268 distante

480 3335 520 3375 ι
544 3318 743 3381 limite,
777 3331 951 3386 usque
983 3315 1037 3368 in
1066 3327 1230 3384 quam
1255 3321 1435 3367 tamen
1473 3310 1703 3365 licenter
1724 3309 2072 3362 excurrendo

487 3405 712 3463 barbari
745 3400 1108 3475 penetrarint.
1151 3400 1285 3468 Quis
1333 3399 1554 3471 proprie
1595 3398 1686 3454 hic
1725 3397 1883 3454 locus
1928 3397 2074 3452 inter

488 3499 799 3557 Orientales
822 3495 1227 3568 imperii688
1246 3492 1499 3565 regiones
1521 3493 1707 3558 tuerit,
1743 3502 1798 3547 et
1820 3507 1920 3546 cur
1943 3507 2072 3562 μαι-

489 3594 719 3665 νομένου
757 3591 1003 3661 κὰμπος,
1032 3586 1253 3660 furentis
1292 3602 1507 3654 campus
1553 3584 1885 3655 appellatus,
1925 3600 2070 3639 non-

491 3689 626 3743 dum
665 3685 872 3756 reperi,
925 3682 1029 3738 etsi
1079 3681 1386 3752 rcpererim‘
1420 3679 1477 3734 in
1523 3679 1663 3733 actis
1721 3677 1780 3732 S.
1827 3678 2072 3734 Platonis

490 3766 764 3852 Ancyrani
819 3776 1076 3848 martyris
1139 3771 1542 3844 elegantissime
1587 3769 1773 3826 Graece
1826 3771 2068 3839 scriptis,

491 3891 614 3945 quas
649 3886 815 3928 manu
867 3869 1071 3939 scripta
1113 3872 1402 3921 servantur
1443 3863 1498 3917 in
1540 3863 1873 3919 bibliotheca
1917 3861 2069 3918 Vati-

491 3981 653 4032 cana,
710 3966 880 4022 luisse
945 3976 1117 4034 prope
1176 3959 1445 4032 Ancyram
1509 3959 1716 4022 locum,
1775 3958 1869 4028 qui
1909 3958 2070 4029 Κάμ-

494 4050 596 4127 ero:
627 4062 951 4118 vocabatur.
987 4056 1042 4112 in
1065 4070 1177 4127 quo
1203 4064 1452 4109 sanctum
1482 4052 1603 4124 ejus
1645 4051 1901 4122 martyris
1948 4066 2073 4107 cor-

491 4134 598 4229 pus
631 4168 664 4208 a
689 4147 1019 4209 Christianis
1063 4145 1340 4218 sepultum
1373 4153 1481 4229 est,
1534 4143 1625 4198 ubi
1664 4153 1721 4199 et
1771 4143 1914 4198 idem
1948 4159 2068 4197 am-

497 4227 689 4321 putato
747 4243 930 4315 capite
979 4237 1307 4316 martyrium
1374 4227 1877 4292 consumtnaverat.
1943 4234 2069 4291 Haec

493 4342 639 4400 enitr)
675 4338 788 4394 illic
810 4337 1072 4407 leguntur
1103 4349 1119 4388 :
1146 4331 1222 4386 Τὸ
1260 4329 1318 4386 δὲ
1342 4329 1525 4399 τῖμιον
1559 4331 1654 4383 καὶ
1687 4329 1843 4395 ἅγιον
1880 4329 2070 4399 λείψα-

493 4452 583 4496 νον
617 4429 716 4491 τοῦ.
745 4426 1018 4504 μακαρίου
1066 4424 1377 4484 Πλάτωνος,
1403 4419 1660 4484 λαϐόντες
1698 4420 1748 4473 ot
1799 4422 2065 4491 Χριστια-

495 4530 597 4592 νοὶ,
643 4523 939 4586 κατέθεντο
973 4521 1031 4574 ὲν
1071 4517 1151 4590 τῷ
1185 4515 1334 4586 αὐτῷ
1361 4514 1538 4584 τόπῳ,
1569 4513 1648 4582 τῷ
1694 4514 2068 4584 ἐπιλεγομένῳ

495 4621 740 4694 Κάμπῳ.

566 4748 944 4809 Κανικλεῖον,
979 4763 1033 4817 p.
1071 4745 1189 4800 l95.
1222 4743 1364 4811 Quid
1397 4754 1541 4801 esset
1566 4743 1895 4810 κανικλείον,
1932 4761 2065 4800 nus-

495 4861 662 4917 quam
715 4845 848 4899 satis
879 4841 1210 4910 explicatum
1243 4838 1499 4894 occurrit.
1534 4838 1745 4894 Vereor
1785 4849 1969 4893 autem
2008 4824 2070 4892 ut,

497 4939 700 5011 possim
735 4933 962 4990 credere
989 4933 1237 4988 Pontano
1267 4945 1448 4988 arcem
1495 4930 1548 4985 id
1579 4939 1633 4986 et
1664 4929 2064 4985 monasterium

496 5028 665 5086 fuisse
704 5024 1184 5096 Constantinopoli
1222 5024 1411 5091 aienti,
1448 5023 1595 5078 notis
1642 5024 1708 5078 ad
1750 5039 1801 5078 c.
1848 5024 1934 5088 M,
1972 5024 2006 5079 ι.
2051 5040 2067 5078 ι

497 5126 740 5182 historize
769 5120 1161 5186 Cantacuzeni,
1189 5117 1280 5174 ubi
1331 5118 1399 5173 de
1442 5117 1547 5173 hoc
1594 5118 1714 5187 ipso
1754 5117 2069 5187 Nicephoro

494 5215 770 5278 Chomno.
805 5229 970 5287 quem
998 5214 1360 5286 Pachymeres
1404 5211 1494 5267 hic
1537 5210 1614 5265 ait
1656 5211 1898 5268 canieleo
1932 5228 2070 5281 prae-

499 5316 737 5384 positum
774 5309 945 5365 fuisse
973 5308 1042 5363 ab
1077 5307 1346 5377 Augusto,
1381 5320 1656 5376 quemque
1682 5306 1834 5375 prius
1856 5321 1909 5382 p.
1942 5305 2068 5368 itii,

497 5408 713 5460 dixerat
743 5420 809 5458 ex
845 5402 1116 5473 questore
1143 5409 1388 5455 creatum
1429 5397 1497 5452 ab
1527 5396 1721 5452 eodem
1755 5397 2066 5468 mysticum.

497 5499 919 5554 Cantaeuzenus
963 5503 1336 5561 consentanee
1397 5500 1588 5546 nostro
1650 5491 1767 5545 haec
1819 5490 2007 5546 scribit
2048 5508 2061 5542 :

500 5588 614 5643 Καὶ
634 5589 661 5639 ὁ
685 5588 779 5639 ἐπὶ
797 5584 888 5639 τοῦ
929 5583 1242 5639 κανικλείου
1282 5583 1597 5652 Νικηφόρος
1625 5583 1652 5633 ὁ
1679 5580 1948 5651 Χοῦμνο;,
1981 5598 2071 5634 σο-

501 5683 599 5750 φὸς
656 5680 794 5752 ἀνὴρ
849 5681 942 5732 καὶ
991 5679 1295 5749 θαυμάσιος
1351 5678 1410 5728 ἐν
1457 5677 1738 5745 φρονήσει,
1780 5673 1981 5742 πολλῆς
2013 5692 2068 5726 τε

498 5774 788 5829 emi-after
815 5773 1082 5846 βαειλὲως
1107 5771 1318 5835 εὐνοίας
1349 5786 1407 5823 τί
1436 5769 1532 5825 καὶ
1560 5768 1745 5840 τιμῆς.
1771 5769 1832 5824 Et
1859 5769 1947 5840 qui
1979 5784 2066 5821 ca-

2171 479 2467 548 prudentiw
2497 482 2600 549 vir,
2624 483 2678 535 in
2700 484 2888 554 primis
2909 484 3101 540 cﬁarus
3138 487 3446 558 imperatori
3475 488 3758 559 magnique

2170 568 2237 623 ab
2272 585 2331 624 eo
2361 571 2594 627 habitus.
2626 572 2823 628 Arcem
2869 572 3040 630 fuisse
3089 572 3572 648 Constantinopoli
3606 577 3757 632 cani-

2159 661 2352 717 cleum
2383 673 2634 720 vocatam
2668 680 2779 720 non
2807 665 3032 722 utemini
3054 666 3266 737 legere.
3291 666 3612 725 Monasterii
3640 669 3757 741 ejus

2173 753 2415 808 nominis
2445 755 2701 811 meminit
2730 757 2912 812 obiter
2940 756 3186 814 Zonaras
3215 757 3270 812 iu
3305 757 3496 814 Alexio
3523 751 3758 817 Conme-

2173 860 2268 911 no,
2304 845 2437 902 dum
2477 847 2553 902 ait
2578 847 2890 926 Comnenos
2921 849 3124 907 fratres
3159 850 3296 907 urbe
3330 858 3498 921 capta
3529 851 3640 921 jam
3674 865 3759 911 se-

2162 951 2337 992 curos
2388 935 2645 994 evocasse
2677 948 2907 997 matrem
2952 951 3008 997 et
3055 941 3319 1012 coniuges
3363 941 3761 999 emonasterio

2171 1028 2406 1086 caniclei
2472 1031 2527 1084 in
2585 1031 2880 1102 palatium.
2912 1033 3094 1091 Verba
3127 1037 3356 1089 Zonaras
3399 1042 3532 1091 sunt
3570 1052 3584 1090 :
3619 1035 3760 1103 "ll-5n

2172 1117 2218 1173 δ’
2248 1122 2306 1176 ὲν
2333 1123 2572 1193 ἀσφαλεῖ
2599 1127 2890 1194 γεγονότες
2917 1129 2965 1180 ol
2986 1128 3263 1200 Κομνηνοὶ
3293 1127 3389 1181 καὶ
3414 1127 3514 1199 τὴν
3538 1129 3758 1200 μητέρα

2177 1214 2329 1284 σφῶν
2353 1218 2448 1269 καὶ
2479 1211 2956 1287 τὰς’ὁμευνέτιδας
3021 1221 3086 1274 ὲκ
3127 1221 3228 1291 τῆς
3261 1222 3427 1292 μονῆς
3467 1220 3565 1272 τοῦ
3607 1237 3761 1273 xam-

2175 1309 2357 1364 κλέὶου
2419 1310 2554 1379 πρὸς
2587 1311 2654 1386 τὰ
2691 1312 2946 1382 βασίλεια
2981 1313 3416 1381 μετεστείλαντο.
3458 1311 3668 1368 Tamen
3706 1312 3760 1368 id

2175 1405 2596 1478 monasterium,
2631 1421 2743 1476 quo
2778 1406 3081 1482 abstractas
3119 1421 3149 1462 e
3183 1407 3389 1478 templo
3418 1405 3475 1461 S.
3512 1407 3757 1477 Sophim,

2174 1493 2233 1548 in
2266 1495 2574 1570 quod'asyli
2595 1497 3125 1576 jure-confugerant,
3149 1511 3428 1555 matronas
3453 1497 3761 1556 Comneno-

2174 1603 2298 1644 rum
2327 1588 2642 1647 Botaniates
2672 1593 3048 1658 transtulerat,
3083 1602 3142 1647 ut
3172 1592 3317 1648 idem
3359 1592 3605 1648 Zonaras
3631 1608 3756 1649 mox

2174 1680 2273 1744 ait,
2315 1679 2471 1736 Anna
2527 1681 2810 1739 Comnena
2861 1700 2976 1741 rem
3035 1685 3288 1740 eamdem
3335 1683 3586 1741 referens
3632 1685 3670 1739 l.
3711 1701 3753 1749 ι,

2173 1789 2231 1846 p.
2262 1775 2357 1838 54,
2380 1787 2542 1832 vocat
2571 1777 2892 1844 γυναικείαν
2925 1777 3099 1849 μονὴν
3125 1779 3233 1833 τῶν
3263 1779 3530 1849 Πετρίων,
3569 1777 3758 1834 mulie-

2173 1866 2264 1924 bre
2311 1869 2694 1923 monasterium
2746 1869 3071 1934 Pelriorum,
3142 1869 3289 1941 quod
3349 1870 3529 1930 et-ait
3586 1870 3754 1926 situm

2171 1959 2343 2016 fuisse
2373 1976 2535 2032 prope
2558 1961 2810 2017 Ferream
2840 1963 2937 2034 τὴν
2964 1963 3136 2036 ἀγχοῦ
3159 1963 3262 2035 τῆς
3287 1964 3518 2038 Σιδηριίς
3551 1964 3757 2018 διακει-

2176 2057 2367 2126 μένην.
2396 2054 2662 2125 Suspicor
2695 2055 3000 2123 κανικλεῖον
3035 2054 3188 2113 aedes
3232 2055 3405 2113 fuisse
3463 2057 3522 2127 in
3554 2057 3758 2129 quibus

2172 2150 2601 2205 asservabantur
2635 2150 2921 2219 scripturae
2972 2136 3226 2220 publicae,
3258 2156 3316 2204 et
3366 2148 3461 2204 ubi
3496 2149 3758 2220 expedie-

2143 2267 2145 2269 -
2173 2241 2380 2298 bantur
2408 2242 2761 2310 imperatoria
2795 2241 3115 2312 diplomata,
3145 2240 3309 2312 quale
3337 2241 3525 2297 Roma:
3558 2241 3758 2296 visitur

2172 2335 2436 2406 palatium
2458 2335 2834 2402 cancellariae;
2861 2336 3362 2407 monasteriumque
3387 2334 3520 2390 illud
3545 2333 3756 2391 Petrio—

2174 2443 2298 2482 rum
2352 2425 2576 2498 proprie
2622 2435 2876 2485 vocatum
2924 2442 2992 2482 ex
3034 2427 3158 2500 ejus
3186 2428 3386 2485 domus
3427 2426 3664 2499 publica:
3692 2442 3758 2484 ac

2173 2520 2476 2577 notissime
2502 2520 2704 2576 vicinia
2738 2520 3038 2576 indicatum
3067 2531 3125 2576 et
3144 2520 3558 2577 denominatum
3593 2536 3625 2579 a
3647 2520 3755 2576 Ζοσ

2172 2625 2309 2665 nara
2364 2609 2554 2676 fuisse,
2598 2610 2918 2681 praefectum
2965 2621 3150 2670 autem
3195 2611 3429 2668 caniclei
3470 2619 3750 2677 vocatum,

2172 2718 2339 2778 quem
2365 2704 2755 2760 cancellarium
2783 2703 3039 2770 dicimus,
3070 2704 3162 2759 cui
3190 2713 3340 2761 esset
3371 2705 3630 2760 tabularii
3661 2719 3748 2760 re-

2171 2798 2248 2875 gii
2269 2798 2519 2855 custodia
2548 2806 2605 2854 et
2625 2797 2943 2854 chartarum
2965 2797 3449 2866 imperatoriarum
3471 2796 3750 2867 expeditio

2173 2893 2490 2957 commissa,
2525 2891 2769 2961 amplum
2812 2892 2926 2962 jam
2974 2901 3030 2946 et
3053 2891 3292 2948 celebris
3319 2892 3375 2946 in
3399 2891 3541 2948 aulis
3573 2891 3749 2946 omni-

2174 2984 2280 3042 bus
2325 2985 2639 3057 splendoris
2671 2983 2930 3042 cilicium.
2966 2985 3264 3041 Auctorem
3297 2985 3477 3044 habeo
3512 2985 3748 3042 Radet'i-

2096 3097 2140 3156 ο
2171 3095 2321 3146 cum,
2351 3081 2390 3134 l.
2425 3095 2441 3134 ι
2493 3078 2570 3132 De
2636 3079 2792 3149 gestis
2847 3077 3112 3132 Friderici
3160 3081 3518 3149 imperatoris,
3547 3094 3596 3133 c.
3632 3078 3701 3133 47
3727 3094 3749 3133 :-

2179 3173 2344 3240 Unus,
2386 3173 2484 3241 ait,
2529 3173 2594 3227 de
2653 3175 2814 3227 seruis
2866 3172 3078 3244 palatii,
3139 3171 3432 3246 caniciinus
3489 3170 3745 3236 uidelicet,

2170 3285 2328 3340 quem
2375 3284 2469 3324 nos
2523 3269 2908 3322 canceliarium
2960 3270 3136 3322 dicere
3169 3283 3469 3339 possumus.
3499 3266 3592 3323 Sic-
3628 3267 3738 3331 ille.

2171 3359 2394 3425 melius,
2431 3358 2649 3430 Opinor,
2677 3373 2843 3429 quam
2895 3357 3237 3423 Guntherus,
3274 3357 3367 3429 qui
3406 3356 3567 3413 metri
3603 3355 3741 3411 forte

2171 3451 2624 3508 commoditatem
2684 3460 2938 3519 secutus,
2967 3451 3290 3506 caniclinum
3347 3451 3742 3522 interpretatur

2170 3546 2550 3598 camerarium.

2380 3705 2548 3777 689
2580 3705 2749 3762 Gra'ci
2778 3708 3105 3776 cognominis
3142 3724 3241 3763 usu

2279 3777 2374 3830 Hic
2407 3777 2699 3831 caniclinus
2733 3789 2872 3833 erat.
2907 3777 3073 3833 Nobis
3109 3779 3436 3835 cantet-arias
3463 3781 3602 3835 idem

2277 3847 2408 3903 Esse
2425 3859 2616 3903 potest.

2328 3864 2408 3902 ue
2423 3864 2616 3920 pomi.

2170 4005 2340 4062 Estin
2370 4007 2560 4062 eadem
2585 4009 2858 4065 sententia
2891 4008 3260 4080 Spelmannus
3281 4011 3336 4066 in
3365 4011 3737 4085 Archaologo,

2172 4097 2342 4152 verbo
2398 4097 2768 4154 Cancellarius
2821 4108 2876 4156 et
2931 4099 3266 4158 Caniclinur.
3320 4103 3556 4158 Videtur
3597 4105 3736 4160 idem

2169 4191 2496 4246 conﬁrmare
2529 4191 2774 4255 Nicetes,
2802 4193 2839 4248 l.
2871 4209 2932 4257 ιι,
2968 4193 3025 4247 in
3057 4195 3271 4258 Alexio,
3304 4194 3435 4249 dum
3463 4196 3530 4252 de
3557 4197 3738 4254 ofﬁcio

2169 4281 2412 4352 praefecti
2442 4283 2690 4337 canicleo
2725 4281 2808 4355 [P.
2850 4281 2978 4355 485]
3017 4286 3244 4349 scribit,
3276 4287 3650 4345 existimatum
3686 4287 3740 4343 id

2170 4374 2339 4430 fuisse
2363 4391 2592 4431 suntmze
2637 4377 2780 4446 apud
2823 4377 3214 4448 imperatorem
3249 4388 3343 4433 aut
3376 4380 3478 4437 sub
3508 4380 3741 4451 impera-

2033 4505 2067 4550 ὦ
2102 4461 2142 4515 D
2173 4477 2294 4524 tore
2345 4473 2651 4538 poteSIatis.
2682 4465 2859 4525 Verba
2917 4473 3036 4548 ejus
3100 4484 3230 4526 sunt
3261 4489 3277 4526 :
3333 4474 3497 4543 Παρὰ
3533 4475 3742 4550 βασιλεῖ

2169 4560 2429 4615 δύνασθαι
2473 4563 2540 4615 τὰ
2587 4562 2763 4615 πάντα
2813 4564 3059 4631 οἰόμενος
3109 4564 3169 4617 τὸ
3203 4564 3300 4632 μὲν
3336 4565 3429 4620 ἐπὶ
3468 4566 3560 4618 τοῦ
3591 4585 3740 4619 κανε-

2170 4653 2349 4709 κλεξου
2401 4655 2676 4725 ὀφφὶκιον.
2717 4656 2871 4722 Quod
2909 4658 2996 4710 cui
3029 4662 3201 4727 magis
3245 4674 3409 4726 quam
3455 4660 3654 4728 magni,
3684 4671 3740 4714 ut

2170 4763 2270 4802 nos
2329 4747 2630 4816 loquimur.
2675 4749 2986 4804 cancellarii
3034 4749 3218 4805 ofﬁcio
3272 4753 3587 4816 conveniat,
3632 4770 3737 4810 non

2170 4840 2332 4894 video
2356 4855 2368 4892 :
2390 4841 2494 4896 hoc
2517 4840 2668 4897 enim
2689 4841 2782 4910 qui
2813 4853 3231 4908 exercet,mens
3263 4845 3436 4901 veluti
3463 4854 3521 4899 ct
3546 4861 3740 4900 manus

2168 4942 2254 4988 est
2285 4933 2568 5002 principis.
2599 4934 2961 4988 Κανικλείονα
3008 4951 3120 4992 uno
3163 4937 3737 5011 vocabulo,lcanicleo-

2171 5044 2310 5090 nem,
2338 5029 2442 5083 isto
2474 5028 2789 5099 fungentem
2827 5029 3150 5102 magistratu
3183 5031 3363 5086 virum
3408 5033 3734 5103 appellatum

2168 5120 2776 5194 aiﬁrmatGregentius.
2796 5124 2977 5194 Agens
3009 5125 3154 5180 enim
3187 5124 3255 5182 de
3279 5123 3515 5192 quodam
3543 5125 3737 5192 Herba,

2173 5215 2403 5283 probato
2431 5224 2488 5268 et
2513 5213 2682 5267 charo
2734 5216 3073 5288 imperatori,
3106 5216 3198 5284 qui
3249 5224 3305 5270 et
3351 5217 3498 5271 hunc
3528 5233 3558 5272 e
3585 5233 3740 5271 sacro

2169 5308 2321 5361 fonte
2361 5315 2714 5376 susceperat,
2748 5310 2820 5362 ait
2855 5324 2982 5374 cum
3028 5325 3059 5364 a
3102 5310 3319 5364 favente
3359 5310 3464 5379 ipsi
3495 5311 3740 5383 Augusto

2169 5411 2484 5479 coeptatam
2535 5401 2588 5452 in
2637 5411 2891 5455 senatum
2955 5386 3035 5455 et.
3076 5401 3282 5456 factum
3334 5395 3737 5472 ὑπεκ’κ).ησίονα

2170 5488 2632 5559 Ιιειρεσειεεέοηεηι,
2656 5489 2886 5560 qualem,
2912 5499 2967 5543 ut
3004 5490 3176 5553 addit,
3200 5491 3428 5546 Romani
3457 5497 3738 5563 patricium

2170 5593 2219 5638 et
2268 5583 2620 5639 canicleonem
2700 5584 2993 5653 appeliant.
3077 5585 3212 5638 Ἕνα
3271 5589 3368 5656 τῆς
3434 5589 3737 5656 συγκλήτου

2169 5676 2361 5729 τοῦτον
2406 5679 2689 5746 ἀπέφηνε,
2724 5676 3132 5747 ὑπεκκλησίονι
3186 5680 3348 5732 αὐτὸν
3391 5682 3645 5749 ποιήσας,
3683 5679 3739 5732 ὃν

2171 5771 2218 5822 ol
2259 5768 2516 5838 Ῥωμαῖοι
2563 5770 2849 5838 πατρίκιον
2881 5771 2973 5824 καὶ⁵
2994 5771 3334 5824 κανικῦ.εἷονα
3369 5773 3737 5845 προσαγορεύ-
