4058 6298
198 381 312 450 τις

1583 377 2102 449 GLOSSARlUM.

3361 384 3470 449 750

206 519 346 556 τ-υςι.
391 498 494 558 Ubi
546 500 728 556 obiter
761 497 1032 556 habemus
1082 506 1193 555 non
1231 506 1613 556 memoratum
1641 496 1789 552 [alibi
1817 491 1866 557 Α
1897 498 2146 547 noverat.
2186 485 2401 545 Etenim
2437 486 2694 543 Sinarum
2738 500 2878 550 rex,
2909 502 3085 560 quem
3128 489 3287 548 Κααη
3339 497 3474 552 vicit

203 597 565 667 magistratus
593 596 762 669 hujus
796 609 999 651 nomen
1029 590 1464 665 ὕπεκκλησίονα.
1499 593 1572 649 De
1603 605 1786 666 etymo

204 690 463 746 vocabuli
515 691 700 761 hujus,
731 690 836 745 nisi
897 693 988 744 est
1021 705 1051 745 a
1085 688 1281 745 Latina
1344 699 1478 744 voce
1535 686 1782 754 cancelli,

203 783 355 838 unde
407 784 788 839 centenarium
835 785 1037 840 merito
1088 783 1464 856 Spelmannus
1533 783 1783 848 deducit,

205 880 484 932 rationem
522 877 755 948 originis
796 878 1103 948 explicans,
1138 876 1374 948 amplius
1419 877 1784 948 qumrendum

205 979 365 1040 puto.
1252 1031 1260 1040 ,

277 1067 487 1134 Κὰνις,
512 1085 566 1140 p.
593 1068 716 1126 455.
746 1069 827 1126 De
859 1084 992 1127 voce
1022 1069 1193 1130 Κάνις
1214 1082 1330 1136 aut,
1350 1073 1410 1126 ut
1439 1066 1568 1126 alibi
1600 1079 1787 1126 noster

194 1163 403 1218 scribit
449 1164 656 1232 Κάνης,
701 1165 812 1218 dixi
858 1165 1108 1236 quadam
1161 1163 1440 1220 Glossario
1485 1162 1683 1233 priori.
1712 1163 1788 1220 lis

204 1270 356 1309 nunc
391 1257 504 1310 haec
528 1257 706 1310 babeo
733 1270 853 1327 quae
887 1254 1103 1310 addam.
1132 1255 1508 1310 Animadverti
1533 1255 1591 1310 in
1615 1252 1787 1309 Chro-

192 1351 332 1401 nico
362 1348 597 1403 Arabico
622 1349 1040 1419 Abulpbaragii,
1059 1348 1206 1405 unde
1235 1346 1546 1403 universam
1568 1347 1782 1418 imperii

201 1438 586 1496 Tocharorum
627 1441 880 1512 Mognlici
929 1441 1368 1511 ehmnologiam,
1419 1453 1692 1512 quatenus
1718 1440 1786 1496 ad

201 1533 656 1604 Pachymeriame
729 1535 973 1589 historiae
1036 1535 1460 1591 illustrationeru
1524 1533 1787 1604 pertinet,

203 1628 440 1681 inferius
467 1627 611 1682 libro
629 1628 824 1681 harum
853 1627 1288 1682 Observationum
1310 1628 1363 1691 '5,
1382 1642 1433 1682 c.
1459 1627 1490 1681 7
1517 1627 1785 1697 digeram,

192 1721 600 1784 animadverti,
653 1721 902 1790 inquam,
958 1720 1236 1791 duplicem
1285 1719 1338 1774 in
1374 1735 1478 1774 usu
1524 1715 1786 1776 0ricnta~

200 1813 341 1868 lium
388 1813 632 1884 gentium
680 1813 864 1870 amnis
894 1813 1020 1868 soni
1073 1828 1263 1868 vocem
1302 1813 1478 1868 fuisse
1517 1823 1787 1882 Suprema:

203 1906 590 1961 indicativam
621 1902 928 1977 potestatis,
976 1915 1210 1976 quarum
1258 1906 1432 1960 altera
1477 1905 1789 1960 communis

203 2000 475 2056 Tocharis
531 2015 656 2055 cum
710 1999 1283 2056 Prmsteiannensibus
1334 2008 1390 2055 et
1437 1996 1787 2062 Sinensibus,

203 2095 314 2150 alia
363 2094 762 2164 Mogulensium
815 2093 921 2150 fuit
973 2094 1220 2165 propria.
1273 2093 1449 2149 Voces
1509 2094 1590 2148 lue
1659 2104 1791 2149 sunt

205 2187 360 2242 Clum
391 2196 446 2242 et
474 2184 659 2240 Kaan.
705 2183 899 2242 Priore
936 2186 1236 2258 insignitus
1293 2186 1497 2257 legitur
1530 2185 1624 2253 qui
1662 2186 1792 2241 ulti-

207 2295 335 2336 mus
388 2284 438 2336 ei
483 2279 704 2351 praefuit
765 2281 1001 2351 imperio
1042 2281 1191 2351 quod
1224 2279 1533 2352 presbyteri
1560 2278 1794 2336 Joannis

204 2375 632 2445 appellabatur;
686 2388 752 2428 ex
787 2375 946 2444 cujus
991 2374 1284 2429 eversione
1335 2374 1667 2446 lliogulicum
1701 2391 1795 2430 on-

207 2477 326 2521 tum
385 2477 486 2521 est.
553 2466 744 2523 Refert
801 2467 951 2520 enim
993 2466 1433 2539 Abulpharagius
1484 2476 1793 2522 extremum

205 2559 365 2614 illunt
415 2559 679 2613 Joannem
723 2557 894 2612 fuisse
930 2558 1159 2628 proprio
1193 2558 1464 2613 vocabulo
1496 2557 1795 2630 Ung-Chan

197 2651 569 2720 appellatum.
609 2647 765 2703 Hunc
817 2648 914 2718 qui
956 2648 1166 2704 occidit
1220 2649 1456 2720 ejusque
1504 2649 1796 2720 occupavit

207 2743 412 2798 solium
471 2741 784 2796 Tamuiimts
851 2741 1091 2811 primum
1145 2742 1364 2806 dictus,
1413 2759 1555 2797 novo
1594 2745 1796 2800 deinde

141 2878 145 2881 .
199 2836 427 2891 adscito
463 2836 649 2906 Gingiz
680 2835 892 2890 nomini
941 2833 1141 2890 Chattis
1185 2835 1685 2892 nomenclationem
1735 2846 1798 2893 ut

210 2932 368 3002 regni
403 2931 646 2985 indicem
674 2927 914 2992 addidit,
941 2926 1396 2986 Ginhiz—Chanes
1419 2941 1796 2999 nuncupatus.

211 3023 386 3094 llujus
419 3023 563 3078 titius
603 3034 660 3077 et
689 3023 867 3077 haeres
902 3023 1055 3091 prius
1091 3029 1320 3079 vocatus
1378 3015 1558 3092 Ogtai,
1591 3021 1798 3080 Kartnis

211 3120 267 3173 in
325 3117 591 3188 auspiciis
643 3115 796 3187 regni
845 3117 1184 3171 vocabulum
1239 3113 1486 3185 accepit,
1542 3112 1687 3186 quod
1743 3124 1800 3171 et

212 3211 428 3267 illustre
473 3210 718 3265 reddidit
764 3211 935 3279 gestis
966 3209 1132 3264 rebus
1162 3207 1527 3278 victoriisque
1555 3206 1798 3263 clarissi-

207 3306 339 3359 mis.
369 3304 501 3358 Inde
533 3304 736 3360 factum
768 3314 903 3374 puto
937 3311 996 3357 ut
1025 3302 1253 3374 quidam
1294 3302 1415 3374 ejus
1448 3309 1796 3373 posterorum

215 3413 417 3453 nomen
452 3396 594 3452 illud
653 3411 773 3468 pre
806 3396 965 3464 regni
1004 3396 1209 3467 insigni
1259 3409 1611 3466 usurparent.
1666 3396 1798 3451 Dico

204 3492 440 3562 quidam
483 3509 494 3544 :
556 3506 662 3544 non
710 3490 858 3546 enim
892 3505 1122 3552 onmes,
1153 3505 1277 3545 cum
1322 3490 1419 3560 qui
1454 3491 1800 3545 Kaauilbuic

205 3585 318 3655 ipsi
375 3586 594 3655 ἀμέσως
650 3584 922 3640 successit
973 3584 1094 3654 ejus
1143 3581 1288 3637 filius
1318 3581 1638 3654 Cayuchus,
1688 3590 1798 3635 non

212 3677 446 3741 Kaanis,
479 3677 577 3732 sed
622 3676 823 3733 Cltnm'a
855 3675 1216 3746 appendicem
1274 3676 1327 3728 in
1351 3675 1573 3744 imperii
1611 3685 1797 3730 notant

205 3771 429 3839 privato
461 3763 671 3823 nomini
697 3768 1011 3839 ailjunxerit
1036 3765 1201 3838 690
1223 3776 1455 3820 vocatus
1481 3776 1801 3821 constanter

199 3861 632 3934 Cayucb-chan.
682 3861 900 3916 Primus
932 3861 1025 3930 qui
1055 3857 1316 3929 Cayucho
1356 3857 1648 3912 decedenti
1681 3858 1796 3914 suf-

211 3954 393 4008 fectos
423 3960 530 4015 est,
565 3948 906 4006 Munkaltaus
943 3964 1052 4002 non
1080 3947 1276 4002 Chattis
1307 3944 1402 4000 sed
1442 3945 1649 4001 Kaam’s
1680 3948 1800 4016 epis

204 4046 409 4101 theton
448 4044 663 4098 ascivit.
722 4039 1030 4097 Llunkakao
1071 4047 1292 4094 mortuo
1327 4048 1382 4093 et
1416 4039 1536 4110 ejus
1580 4053 1804 4094 succes-

205 4139 370 4190 sione
399 4135 612 4189 incerta
639 4145 870 4202 propter
898 4130 1099 4186 Knblai
1139 4141 1195 4186 et
1227 4129 1486 4200 Aribugte
1538 4130 1802 4186 candida-

208 4240 400 4285 torum
432 4228 646 4299 imperii
675 4243 772 4298 per
794 4226 1175 4293 duodeviginti
1207 4237 1382 4281 annos
1419 4225 1557 4280 bello
1593 4225 1798 4292 civilia,

213 4323 428 4379 Habitu
474 4322 646 4376 lrater
693 4318 1252 4385 hiunkakai,.missus
1297 4318 1505 4373 dudum
1539 4318 1606 4372 ab
1641 4333 1708 4373 eo
1741 4324 1802 4372 ut

215 4434 317 4488 pro
355 4432 413 4472 se
449 4425 714 4487 prmesset
763 4413 1024 4473 Occiduis
1069 4412 1290 4482 imperii
1347 4412 1636 4475 tractibus,
1671 4411 1799 4477 etsi,

214 4521 502 4576 nunquam
551 4504 658 4561 rite
706 4506 886 4561 lectus
935 4514 1030 4559 aut
1065 4504 1428 4573 inauguratus
1472 4504 1797 4573 imperator,

212 4600 367 4656 haud
417 4600 605 4655 obtine
637 4614 673 4655 θ
720 4598 1005 4653 videretur
1052 4613 1243 4652 ver-um
1288 4599 1378 4666 jus
1413 4597 1563 4667 regni
1603 4597 1790 4665 Mogo-
1833 4594 1875 4650 Β

211 4695 476 4758 iensimn,
514 4701 693 4747 tamen
723 4691 853 4762 quia
895 4691 963 4746 de
989 4691 1136 4746 facto
1171 4691 1260 4744 tali
1297 4700 1570 4760 potestate
1605 4689 1801 4758 iunge-

217 4791 406 4849 batur.
439 4787 507 4842 ab
549 4786 960 4857 Abulpharagio
982 4784 1285 4857 aliquando
1332 4784 1646 4855 appellatur
1693 4782 1804 4836 Hu-

217 4879 343 4935 lacu
400 4880 438 4934 il
489 4881 659 4935 Chao.
713 4877 827 4934 Hoc
882 4895 1017 4934 vero
1069 4890 1324 4944 mortuo,
1382 4877 1480 4931 ubi
1539 4875 1802 4946 legitimis

219 4975 502 5044 suffragiis
553 4976 736 5047 gentis
767 4975 1102 5030 collocatum
1141 4971 1198 5027 in
1232 4971 1631 5042 Mogulensium
1664 4969 1803 5024 solio

221 5069 466 5124 Abakam
490 5067 696 5123 Hulacu
731 5066 903 5122 ﬁlium
931 5065 1143 5131 retulit,
1161 5079 1384 5135 semper
1416 5064 1574 5120 illum
1603 5062 1804 5118 deinde

221 5162 474 5218 Abnka-rt
509 5162 660 5217 Chan
711 5161 956 5217 Abakam
1005 5159 1250 5215 Chanem
1297 5159 1571 5218 nominat.
1605 5166 1664 5211 ut
1695 5173 1806 5210 em-

225 5258 438 5328 phasim
473 5255 943 5328 αὺτοκρειτορικῆς
995 5252 1332 5309 monarchim
1367 5252 1422 5305 in
1472 5267 1607 5306 voce
1655 5250 1806 5305 Cium

226 5367 336 5406 non
396 5351 617 5406 dubiam
683 5356 962 5421 agnoscat.
1019 5347 1271 5403 Cazanen
1349 5344 1580 5408 deinde,
1640 5356 1806 5413 quem

230 5444 592 5515 l’achymeres
619 5443 861 5498 celebrat
892 5439 1204 5511 principum
1239 5443 1495 5490 veterum
1529 5435 1582 5489 in
1617 5435 1809 5504 paucis

229 5535 527 5591 illustrium
581 5535 938 5590 ambitiosum
983 5532 1388 5592 renutlatorem,
1423 5528 1585 5583 facile
1625 5527 1810 5581 credi-

229 5630 405 5686 derim
438 5629 647 5684 Kaania
680 5625 906 5683 secundi
947 5637 1059 5679 suae
1088 5622 1268 5693 gentis
1312 5621 1471 5692 longe
1514 5619 1806 5675 clarissimi

233 5723 543 5777 monarcha:
571 5736 876 5790 cognomen
914 5719 1099 5789 potius
1125 5724 1344 5784 optasse
1382 5729 1547 5784 quam
1591 5713 1806 5773 Chattis,

233 5816 377 5883 quod
415 5815 467 5868 in
506 5829 665 5886 reges
713 5827 935 5885 quoque
965 5824 1078 5866 sme
1115 5807 1297 5879 gentis
1346 5822 1454 5861 non
1490 5805 1811 5860 laudatissi<

233 5924 352 5965 n.os
390 5910 669 5982 vulgatum
700 5918 752 5962 et
788 5906 842 5960 in
876 5906 1002 5960 aliis
1039 5905 1266 5974 insuper
1289 5902 1506 5972 populi-5
1543 5901 1809 5955 usitatum

1893 584 1974 658 [Ρ.
2033 582 2157 655 486]
2204 592 2264 638 et
2309 584 2375 638 ad
2434 589 2629 637 necem
2677 585 2824 640 ultro
2856 582 2970 640 sibi
3019 585 3471 644 nanciscendam

1889 678 2092 750 adegit,
2127 677 2471 734 Attanvcnan
2499 681 2816 735 nominatus
2868 679 3124 735 traditur.
3172 679 3300 738 Haec
3344 698 3469 739 cum

1889 772 1965 827 ita
1999 773 2131 838 sint,
2167 772 2553 844 Pachymeres,
2585 771 2666 826 uti
2694 781 2754 826 et
2781 773 2937 827 multi
2987 771 3083 827 alii
3137 774 3464 846 Scriptores,

1887 879 1958 920 ex
1989 863 2139 920 Chan
2160 879 2220 919 et
2244 866 2404 919 (tuan
2422 862 2645 919 unicam
2680 862 2988 920 eonﬁat-unt
3018 859 3468 936 appellationem,

1889 960 2213 1016 Tatarorum
2244 999 2260 1026 ,
2301 967 2361 1014 ut
2412 967 2609 1031 putant
2638 1000 2652 1025 ,
2717 958 3053 1030 peculiarem
3114 961 3466 1032 principum,

1889 1069 2016 1108 cum
2079 1062 2261 1107 tamen
2297 1053 2390 1114 sit.
2429 1067 2555 1109 meo
2595 1052 2836 1123 judicio,
2873 1054 3234 1110 verisimilius
3278 1069 3471 1111 vocem

1888 1145 2113 1214 quidem
2171 1145 2332 1201 Kaan
2370 1149 2655 1218 propriam
2692 1145 2872 1218 gentis
2925 1145 3215 1218 Mogulicat
3267 1146 3472 1212 fuisse,

1889 1239 2040 1295 Clzan
2086 1247 2270 1295 autem
2304 1240 2629 1298 Sinensibus
2666 1241 2860 1297 saltem
2899 1248 2955 1295 et
2982 1240 3475 1296 Pratsteiannensi-

1889 1337 2015 1397 bus.
2055 1336 2306 1392 fortassis
2359 1335 2527 1392 etiam
2577 1345 2636 1391 et
2667 1334 2792 1392 aliis
2840 1335 3124 1390 interioris
3159 1334 3300 1392 Asiae
3347 1351 3475 1406 geu-

1891 1430 2027 1486 tium
2058 1430 2308 1503 dynastis
2335 1429 2508 1486 tribui
2543 1437 2809 1502 praeterea
2840 1426 3017 1485 fuisse
3046 1427 3294 1486 solitam.

1963 1570 2253 1640 Κάραϐος,
2287 1585 2342 1641 p.
2387 1569 2516 1625 2H.
2547 1567 2854 1643 Hesychius
2883 1568 3130 1641 κάραϐον
3155 1583 3186 1624 a
3217 1567 3474 1623 Macedo—

1892 1665 2059 1720 nibus
2075 1663 2186 1717 diri
2215 1663 2292 1718 ait
2323 1662 2521 1735 πύλην.
2563 1662 2692 1720 Haec
2722 1663 2838 1719 sola
2869 1678 2900 1719 e
2921 1661 3111 1718 multis
3135 1661 3302 1735 hujus
3326 1661 3478 1717 vocis

1892 1757 2220 1812 actionibus
2268 1757 2374 1813 huc
2425 1759 2683 1828 quadrat,
2708 1755 2842 1812 dum
2868 1771 2944 1812 ea
2981 1769 3084 1828 pro
3113 1765 3314 1813 natura
3342 1756 3473 1810 sub-

1823 1868 1862 1922 B
1885 1851 2048 1919 iectas
2078 1853 2166 1906 rei
2202 1849 2544 1918 signiﬁcatus
2581 1862 2842 1921 putemus
2884 1851 3068 1906 exitus
3097 1849 3318 1921 paludis
3357 1849 3478 1905 sive

1894 1943 2114 2000 canales
2143 1945 2312 2000 certis
2339 1944 2476 2001 locis
2502 1943 2755 2000 defossos
2771 1955 2843 2000 et.
2870 1944 3000 1999 hinc
3027 1943 3156 2001 inde
3176 1943 3344 2015 tignis
3366 1943 3478 1999 alte

1894 2039 2016 2095 lixis
2053 2040 2298 2095 munitos
2339 2039 2408 2095 ad
2447 2054 2654 2112 aquam
2698 2038 3110 2095 corrivandam.
3150 2035 3359 2094 Horum
3385 2053 3481 2093 ca-

1893 2134 2006 2204 pita
2034 2135 2305 2188 exstantia
2335 2135 2608 2204 tignorum
2627 2133 2870 2202 primum
2900 2130 3211 2187 devinxisse
3237 2130 3478 2186 invicem

1895 2225 2096 2281 validis
2155 2224 2382 2280 funibus
2453 2225 2964 2294 Philanthropenus
3032 2224 3123 2279 hic
3189 2231 3478 2284 narratur,

1894 2317 2108 2374 deinde-
2147 2317 2475 2373 instravisse
2537 2319 2873 2372 transVersis
2920 2318 3146 2382 tabulis,
3199 2326 3316 2373 tum
3375 2315 3483 2371 hoc

1896 2412 2060 2483 plano
2091 2427 2194 2482 pro
2244 2411 2416 2468 fundo
2449 2427 2580 2466 usus
2615 2411 2867 2466 turribus
2900 2412 3184 2476 tollendis,
3217 2398 3482 2484 aquibus

1897 2517 2078 2559 arcem
2104 2515 2472 2574 oppugnaret.
2511 2503 2629 2558 Non
2661 2517 2748 2558 me
2775 2503 2986 2558 latebat
3021 2519 3149 2559 cum
3182 2503 3301 2558 hac
3337 2505 3480 2559 acrb-

1897 2596 2087 2650 berem
2124 2596 2369 2667 κάραϐον
2401 2611 2595 2650 navem
2624 2611 2843 2667 quoque
2873 2596 3213 2667 signiﬁcare.
3246 2595 3382 2652 Nam
3422 2605 3482 2651 et

1895 2689 2030 2743 alibi
2060 2688 2204 2743 hanc
2233 2696 2560 2756 usurpatam
2584 2704 2612 2742 a
2643 2687 2988 2760 Paebymere
3021 2704 3212 2745 vocem
3244 2688 3327 2745 sic
3357 2702 3481 2743 sum

1898 2779 2320 2850 interpretatus.
2355 2779 2484 2835 ideo
2527 2774 2713 2845 tamen
2752 2780 2885 2834 mihi
2939 2782 3122 2835 minus
3175 2781 3483 2839 verisimile

1899 2875 2076 2930 visum
2123 2883 2233 2938 est,
2261 2873 2314 2929 id
2354 2873 2683 2928 vocabulbm
2727 2877 2834 2929 isto
2859 2874 2980 2928 loco
3014 2891 3044 2928 a
3078 2885 3271 2930 nostro
3297 2874 3483 2930 histo-

1896 2967 2020 3022 rico
2051 2967 2105 3022 in
2141 2968 2245 3022 hac
2287 2966 2502 3038 vulgari
2531 2969 2761 3022 notione
2785 2976 3134 3039 usurpatum,
3157 2969 3306 3040 quod
3327 2971 3486 3026 navi-

1900 3059 2077 3124 culas,
2110 3059 2529 3130 quantumlibet
2577 3061 2723 3116 inter
2769 3075 2830 3115 se
2871 3062 3120 3129 vinctas,
3162 3060 3485 3121 innatantes

1901 3165 2115 3224 Stagno,
2137 3168 2330 3222 parum
2357 3153 2599 3208 solidum
2623 3151 2854 3207 fundum
2885 3153 3259 3210 existimarem
3280 3157 3487 3226 paliur-

1825 3225 1868 3282 (ἶ
1902 3246 2094 3301 ceticis
2148 3246 2419 3300 machinis
2474 3245 2838 3310 sustinendis,
2897 3255 3064 3316 prout
3110 3225 3321 3304 factum
3371 3249 3487 3308 illic

1905 3349 2186 3392 narratum
2239 3337 2424 3408 exigit.
2465 3336 2604 3403 Quia
2657 3351 2837 3393 tamen
2864 3339 3116 3409 exempla
3143 3355 3257 3396 non
3285 3340 3490 3398 desunt

1907 3431 2178 3500 μοσύνων,
2214 3415 2622 3485 obsidionalium
2651 3432 2907 3498 turrium,
2939 3441 2994 3487 et
3009 3433 3398 3489 machinarum
3433 3435 3489 3489 id

1904 3538 2101 3592 genus,
2145 3521 2474 3589 ἑλεπόλεων,
2510 3523 2746 3580 navibus
2797 3524 3185 3595 imposita-rum
3217 3525 3272 3580 in
3307 3528 3489 3598 oppu-

1903 3615 2258 3686 gnationibus
2314 3614 2644 3670 littoralium
2697 3616 2954 3682 arcium;
2999 3617 3046 3672 si
3099 3619 3189 3672 cui
3245 3618 3493 3690 pruden-

1906 3709 2033 3763 tiori
2087 3724 2174 3764 me
2224 3709 2422 3765 lectori
2462 3709 2808 3780 praeferenda
2857 3710 3146 3768 videretur
3180 3711 3492 3785 simplicior

1901 3802 2063 3874 691
2115 3813 2173 3858 et
2228 3804 2400 3874 magis
2445 3803 2610 3860 obvia
2641 3804 2747 3859 loci
2797 3805 2922 3874 ejus
2979 3805 3278 3875 expositio,
3319 3807 3493 3862 inter-

1905 3894 2270 3964 pretationem
2310 3895 2458 3950 illam
2486 3911 2664 3951 meam
2709 3895 2764 3951 in
2800 3896 2950 3953 hunc
2985 3897 3212 3954 modum
3239 3900 3519 3956 relictam~

1901 3988 1998 4043 hic
2047 3988 2245 4044 habeat
2278 4007 2292 4042 :
2327 4004 2426 4059 pro
2463 3989 2621 4057 hisce
2671 3988 2879 4046 Gracia
2922 3990 3278 4065 Pacbymeria
3301 3993 3492 4051 verbis

1907 4096 2031 4152 pag.
2066 4081 2163 4135 9H
2232 4097 2246 4134 :
2321 4080 2598 4152 Ἐπισχὼν
2638 4082 2764 4146 τοὺς
2815 4082 2914 4150 τῆς
2966 4083 3164 4156 λίμνης
3213 4087 3494 4156 καράϐους

1907 4173 2090 4228 συνδεῖ
2149 4174 2381 4243 σχοενοις
2403 4216 2417 4241 ,
2470 4177 2563 4229 καὶ
2593 4175 2726 4242 ξύλα
2762 4178 2998 4246 μέγιστα
3023 4179 3192 4243 ἐνιεὶς
3224 4180 3312 4235 ἐπ’
3347 4181 3494 4234 ὲκεί-

1905 4285 2012 4320 νων
2054 4269 2527 4334 κατασκευάζεται
2562 4272 2836 4338 μόσυνας;
2880 4271 2997 4326 Ιιειξο
3035 4271 3090 4327 in
3131 4271 3330 4330 Latina
3368 4291 3495 4331 ver-

1903 4359 2064 4414 sione
2083 4359 2492 4416 substituantur
2517 4378 2530 4415 :
2556 4364 2834 4430 Art-aptas,
2852 4379 2971 4434 qua
2986 4363 3040 4418 in
3061 4373 3251 4437 stagno
3270 4375 3495 4439 repertis

1905 4461 2050 4516 sunt,
2108 4454 2320 4526 cymba:
2368 4455 2577 4524 funibus
2623 4453 2874 4528 colligat;
2932 4467 2981 4511 et
3025 4457 3184 4530 tignis
3214 4475 3375 4531 super
3405 4477 3494 4519 eas

1899 4548 2190 4600 constratis
2255 4548 2528 4611 maximis,
2579 4555 2750 4601 turres
2799 4550 2853 4602 in
2889 4564 2947 4602 eo
2987 4538 3250 4619 tabulato.
3288 4564 3337 4607 et
3378 4571 3498 4609 πιαι-
3559 4571 3564 4574 '

1905 4645 2087 4697 chinas
2130 4647 2408 4697 ronstruit.
2449 4645 2631 4715 Atque
2678 4646 2818 4699 hanc
2852 4644 3088 4716 ingenue
3115 4648 3313 4712 fateor,
3346 4663 3496 4706 nunc

1910 4734 2044 4788 mihi
2079 4734 2540 4789 verosimiliorem
2567 4734 2742 4789 videri
2773 4735 3144 4804 sententiam;
3179 4753 3246 4793 ex
3269 4754 3336 4794 eo
3358 4755 3498 4810 pra:-

1908 4825 2099 4883 sertim
2152 4827 2302 4898 quod
2352 4828 2721 4901 Pachymeres
2741 4831 2924 4885 statim
2973 4829 3164 4900 addat,
3196 4833 3263 4886 τὰ
3291 4833 3337 4886 δ’
3358 4832 3496 4887 ἄλλα

1910 4921 2067 4973 πλοῖα
2095 4919 2414 4990 πληρώσας.
2443 4920 2550 4975 Ista
2594 4923 2745 4977 enim
2775 4921 3010 4976 aliarum
3038 4925 3255 4978 navium
3283 4925 3496 4986 mentio

1909 5011 2048 5068 satis
2094 5012 2323 5073 indicat,
2377 5021 2603 5083 putasse
2649 5013 2856 5084 ipsum,
2893 5016 3172 5085 καράϐους
3246 5032 3494 5089 quoque,

1910 5117 2048 5172 quos
2099 5105 2260 5173 paulo
2309 5111 2438 5160 ante
2472 5115 2980 5170 memoraverat,ex
3021 5108 3219 5163 eodem
3289 5109 3494 5164 πλοίων

1912 5182 2029 5249 sive
2065 5197 2428 5267 navigiorum-
2445 5213 2648 5269 genere
2693 5213 2835 5254 esse.

1985 5332 2245 5400 Καρπός,
2296 5346 2348 5402 p.
2410 5332 2537 5388 “6.
2580 5333 2697 5388 Vox
2758 5333 2974 5406 καρπός
3026 5335 3116 5392 hic
3167 5336 3221 5390 in
3270 5336 3495 5391 notione

1915 5425 2134 5494 qualem
2168 5425 2298 5480 alibi
2328 5428 2586 5497 nuspiam
2637 5426 3066 5485 observaveram
3104 5432 3351 5502 ponitur,
3376 5431 3494 5487 folii

1915 5520 2169 5588 paginam
2207 5520 2493 5584 indicans,
2534 5523 2860 5592 metaphora
2912 5523 3176 5578 nimirum
3217 5526 3494 5595 populari,

1915 5613 2061 5680 quali
2113 5614 2276 5684 vulgo
2328 5614 2382 5668 in
2427 5614 2601 5669 Gallia
2654 5630 2853 5686 scapus
2883 5615 3090 5671 chartae
3122 5618 3307 5672 vocari
3358 5619 3500 5673 solet

1920 5720 2020 5760 tme
2055 5711 2199 5760 main
2241 5708 2304 5760 de
2361 5712 2575 5780 papier.’
2597 5709 2694 5764 Est
2743 5710 2955 5780 καρπός
2987 5709 3245 5780 junctura
3288 5711 3503 5766 brachii

1919 5815 2044 5854 cum
2077 5816 2265 5866 manu,
2303 5801 2505 5872 ἄροράν
2546 5804 2730 5874 χειρὸς
2766 5803 2861 5855 καὶ
2891 5803 3199 5873 βραχίονος,
3229 5809 3290 5857 ut
3322 5802 3507 5873 loqui-

1922 5902 2012 5949 tur
2058 5896 2404 5964 Aristoteles,
2442 5912 2477 5950 ιι
2516 5897 2589 5951 De
2626 5908 2768 5964 part.
2806 5899 3295 5970 enimahApparet
3320 5907 3508 5954 tamen
