4058 6298
537 293 633 363 751
1454 293 1535 361 1’.
1572 294 1875 360 POSSlNi
1900 290 2558 355 'OBSERVATIONUM
2620 289 2769 360 LIB.
2804 289 2864 354 Ι.
3676 285 3795 347 '35!

537 412 715 467 volam
764 407 940 481 ipsam
998 421 1099 465 seu
1147 407 1386 480 palmam
1442 417 1499 465 et
1550 408 1788 465 mediam
1826 407 2109 479 planitiem
2138 415 2185 472 Α
2216 405 2500 461 Ammiano
2556 401 2897 471 Marcellino,
2945 400 2993 457 ιι.
3031 416 3183 466 xvu.
3243 398 3316 457 sic
3362 399 3542 454 notavi
3592 400 3662 454 ad
3694 395 3799 452 illa

537 500 794 559 concavae
822 515 1022 558 manus
1047 500 1447 577 acapnovetiam
1476 500 1606 557 dici.
1640 500 1775 557 Nam
1816 499 2110 567 Homerus,
2215 497 2375 553 verba
2411 497 2513 552 mei
2560 496 2810 570 Procopii
2847 508 2867 547 :
2910 493 3169 551 Arsacem
3222 492 3278 548 in
3322 491 3613 547 castellum
3652 488 3806 544 obli-

532 593 797 656 Iliad.‘a
844 592 1079 653 choreas
1127 584 1451 652 describens
1502 593 1766 667 iuvenum
1820 606 1946 649 cum
2002 592 2115 647 vir-
2216 591 2401 647 vionis
2462 588 2706 657 detrudi,
2755 586 2925 645 verba
2978 585 3374 659 Theophylacti
3427 584 3632 640 Simoc.
3670 596 3805 653 qua:

536 688 764 760 ginih‘us
822 678 1111 744 manibus
1139 686 1376 744 invicem
1430 687 1711 744 consertis
1767 684 2109 754 saltantium,
2220 698 2307 741 me
2335 682 2682 740 redditurum
2717 680 2946 755 promisi
2973 696 3167 753 supra,
3199 680 3291 735 hic
3316 679 3502 749 accipe
3530 686 3595 733 ex
3625 675 3666 731 l.
3706 690 3801 736 ιιι.

537 781 634 836 tali
698 762 1292 853 videtur-significatu
1350 779 1565 850 καρπόν
1616 794 1926 851 usurpare,
1978 777 2114 837 dum

2215 792 2267 831 c.
2306 776 2339 833 5
2365 794 2385 837 Δε
2418 774 2684 849 Φρούριον
2718 774 3072 847 (Γιλιγὲρῦων
3114 773 3301 844 ὄνομα
3324 772 3499 842 αὐτῷ)
3529 768 3806 841 ἐνδοτέρω

532 873 763 933 scribit:

566 1017 863 1095 araque?
888 1017 1098 1095 aitqaue
1117 1017 1218 1071 καὶ
1236 1012 1565 1095 ’πᾳρθέγοε
1583 1012 1969 1095 “psalmum

553 1087 867 1159 apxsﬁrt‘,
893 1088 1189 1159 ἀλλήλων
1223 1086 1325 1141 ἐπὶ
1366 1084 1575 1155 καρπῷ
1598 1084 1805 1156 χεῖρας
1835 1084 2108 1154 ἔχοντες.

535 1221 592 1277 Si
625 1222 772 1279 enim
809 1221 1027 1285 alterin
1056 1220 1286 1287 alterius
1308 1235 1481 1293 carpo
1506 1236 1730 1276 manum
1751 1219 2011 1281 habebat,
2048 1213 2110 1275 ut

531 1316 631 1386 ait,
660 1331 770 1373 non
824 1318 1018 1387 utique
1067 1315 1282 1374 brachii
1308 1311 1627 1387 juncturam
1679 1330 1908 1386 carpum
1948 1313 2109 1383 dicit,

528 1408 628 1483 sed
684 1409 921 1480 palmam
969 1417 1028 1465 et
1068 1407 1275 1473 volam,
1307 1423 1419 1480 qua
1454 1407 1632 1463 teneri
1664 1416 1719 1464 et
1747 1407 1941 1479 stringi
1969 1406 2110 1463 solet

536 1521 732 1563 manus
788 1521 850 1563 se
902 1503 1141 1560 invicem
1191 1499 1447 1559 saltando
1510 1502 1876 1558 trahentium.
1933 1501 2112 1557 Habet

530 1607 716 1655 autem
763 1596 1058 1671 quamdam
1090 1596 1329 1667 speciem
1361 1596 1499 1652 volas
1538 1603 1781 1653 extensae
1804 1594 2023 1665 pagina,
2049 1604 2111 1649 ut

532 1691 954 1747 fundamentum
987 1684 1370 1754 translationis
1391 1702 1503 1743 non
1530 1686 1697 1751 desit,
1731 1688 1949 1741 usitata:
1981 1696 2110 1741 tunc

2214 870 2319 939 τῆς
2348 869 2605 941 Μηδικῆς
2636 868 2985 941 ᾠκοδόμηται
3011 868 3085 922 ἒν·
3105 867 3259 939 χώρᾳ
3298 864 3669 937 ὲπιλεγομένῃ
3706 855 3810 915 lit—

2215 961 2406 1029 ζακοῦ,
2442 962 2503 1017 οὐ
2536 963 2725 1035 πόρρω
2755 961 3192 1035 Βενδοσασείρων
3221 963 3322 1032 τῆς
3348 960 3579 1024 πόλεως.
3615 958 3806 1029 Πρόσ-

2214 1072 2333 1109 εστι
2359 1054 2415 1108 δὲ
2449 1054 2631 1124 τούτῳ
2659 1056 2751 1109 καί
2783 1074 2867 1118 τις
2907 1055 3125 1126 εἱρκτὴ.
3146 1053 3342 1125 Λήθην
3375 1052 3433 1106 δὲ
3466 1050 3807 1123 ὀνομάζουσι

2212 1150 2425 1222 ταύτην
2470 1151 2521 1203 οἱ
2570 1148 2859 1220 βάρϐαροι.
2908 1146 3046 1203 Hinc
3098 1161 3200 1203 nos
3252 1126 3470 1202 vidciur
3514 1146 3807 1202 abducere

2212 1241 2538 1297 Ammianus
2568 1241 2941 1303 Marcellinus.
2981 1254 3106 1295 cum
3139 1239 3219 1294 ait
3258 1237 3516 1294 Arsacem
3542 1239 3808 1292 extermi-

2212 1343 2400 1391 natum
2446 1334 2606 1404 fuisse
2624 1336 2680 1389 iu
2711 1332 2993 1389 castellum
3026 1332 3305 1405 Agabana.
3341 1335 3407 1386 At
3444 1332 3554 1385 hoc
3588 1330 3802 1401 ipsum,

2215 1446 2334 1485 mea
2377 1428 2601 1500 quidem
2643 1428 2944 1490 sententia,
2984 1426 3135 1481 illius
3189 1433 3278 1479 est
3317 1425 3559 1479 carceris
3592 1438 3801 1477 nomen

2213 1538 2281 1579 ex
2309 1522 2530 1578 duobus
2557 1522 2818 1578 coalitum
2843 1536 2970 1577 cum
3001 1519 3262 1574 articulo.
3295 1519 3551 1573 Proxime
3574 1519 3640 1572 ad
3685 1521 3803 1573 ori-

2214 1617 2367 1690 gines
2427 1616 2654 1672 accedet
2701 1615 2797 1687 qui
2848 1616 2920 1670 ita
2970 1613 3284 1684 scripserit,
3321 1612 3670 1683 Hagoba-nas
3709 1613 3805 1667 vel

2219 1708 2634 1780 Hagoba-nasa.
2674 1709 2890 1765 Etenim
2940 1707 3069 1775 σοὺ,
3113 1719 3168 1763 et
3216 1706 3515 1763 Chaldaice
3542 1706 3675 1778 goba
3709 1707 3805 1762 vel

531 1784 671 1841 ῖοηθ
710 1782 923 1855 vulgari
981 1794 1260 1846 sermone,
1288 1777 1391 1836 θίδί
1436 1779 1617 1835 rarius
1649 1779 1721 1874 i9
1758 1779 1921 1874 “bri?
1946 1793 2106 1849 ῖθΡθ⁸
2126 1792 2180 1859 Β
2210 1777 2580 1874 gublra,'quod
2612 1803 2777 1858 toties
2813 1801 2867 1857 in
2893 1802 2994 1857 c.6
3026 1802 3271 1857 Daniclis
3286 1777 3555 1867 occurrit,
3583 1800 3807 1856 foveam

530 1879 728 1933 riatur.
764 1874 1076 1946 Aliquando
1109 1881 1372 1945 putaram
1400 1874 1618 1945 καρπόν
1647 1872 1739 1928 hic
1770 1871 1923 1929 reddi
1949 1886 2109 1943 posse

527 1967 823 2027 articulum
857 1975 954 2023 aut
1001 1965 1322 2039 capitulum,
1355 1979 1574 2031 comma
1616 1965 1830 2021 scilicet
1864 1965 2107 2036 primum

525 2062 584 2118 in
605 2060 802 2118 oculos
827 2060 1119 2116 incurrens
1137 2058 1285 2116 libro
1308 2066 1520 2131 aperto.
1554 2060 1701 2130 quod
1723 2066 1908 2130 potest
1936 2059 2112 2115 inter-

525 2154 661 2211 dum
699 2168 823 2211 esse
883 2168 951 2209 ex
1002 2151 1188 2209 media
1235 2160 1333 2221 aut
1386 2152 1577 2221 intima
1630 2153 1853 2224 pagina.
1912 2151 2020 2208 Sed
2054 2150 2109 2207 id

516 2247 640 2307 dici
686 2245 908 2319 nequit.
935 2244 1044 2302 hoc
1099 2244 1244 2311 loco.
1279 2244 1425 2302 Satis
1464 2243 1625 2301 enim
1665 2252 1858 2301 noster
1900 2243 2112 2299 indicat

526 2357 692 2398 omen
747 2339 817 2397 de
868 2352 980 2411 quo
1018 2338 1153 2410 agit,
1189 2336 1402 2410 captari
1455 2336 1681 2394 solitum
1727 2350 1797 2392 ex
1843 2335 2027 2392 verbis
2052 2335 2110 2391 in

525 2428 711 2507 capite
738 2432 855 2491 sive
878 2430 1156 2504 principio
1175 2429 1389 2503 pagina;
1418 2420 1868 2487 occurrentibus.
1888 2428 2112 2500 Alioqui

525 2528 677 2586 enim
712 2542 824 2602 non
849 2541 1045 2584 omnes
1096 2523 1492 2593 convenissent
1520 2522 1581 2578 in
1616 2521 2112 2579 animadvertendo

527 2623 674 2680 malo
690 2621 930 2695 augurio
956 2636 1025 2677 ex
1042 2619 1228 2693 verbis
1255 2617 1449 2675 iisdem
1477 2636 1491 2673 :
1517 2616 1641 2679 ﬁeri
1668 2616 1819 2672 enim
1842 2617 2116 2688 potuisset

528 2724 593 2772 ut
612 2724 730 2772 tres
755 2713 1030 2787 episcopi,
1051 2697 1297 2785 quicum
1323 2709 1643 2778 celebrante
1666 2709 2116 2782 cooperabantur

528 2810 586 2865 in
623 2809 716 2883 illa
747 2792 1036 2879 apertione
1066 2813 1125 2861 et
1146 2803 1518 2877 .impositione
1546 2788 1755 2858 codicis
1780 2801 2112 2872 evangelici,

528 2916 643 2959 non
661 2900 721 2956 in
749 2898 999 2970 eamdem
1028 2911 1222 2975 omnes
1237 2895 1455 2969 pagina
1476 2902 1689 2967 partem
1711 2894 1905 2950 oculos
1924 2892 2115 2964 conje-

528 2980 755 3054 cissent.
794 2990 924 3051 Haec
953 3006 1042 3055 me
1075 3002 1259 3047 causa
1293 2986 1641 3058 impulerunt
1660 2989 1734 3042 ad
1768 2985 1982 3057 καρπόν
2006 2986 2113 3042 hoc

516 3089 653 3147 loco
686 3086 947 3160 paginam
974 3081 1479 3154 interpretandum.

2212 1901 2267 1949 et
2299 1894 2480 1949 lacum
2514 1894 2805 1966 signiﬁcat.
2843 1893 3087 1966 Utroque
3128 1903 3312 1950 autem
3344 1895 3610 1952 vocabulo
3643 1895 3807 1951 Scri-

2206 1997 2390 2059 pturae
2448 2003 2619 2045 sacrae
2677 1988 3014 2059 interpretes
3068 2004 3353 2045 carcerem
3393 1990 3803 2060 benco‘septum

2208 2088 2269 2144 et
2304 2081 2551 2151 praealtis
2580 2080 2892 2151 parietibus
2942 2081 3216 2135 munitum
3247 2081 3561 2153 designant.
3596 2081 3806 2136 Carcer

2212 2170 2268 2224 in
2290 2186 2455 2242 quem
2474 2171 2679 2241 Joseph
2712 2172 2995 2242 conjectus
3021 2171 3146 2236 fuit,
3168 2171 3324 2227 fovea
3358 2172 3562 2227 dicitur
3587 2171 3713 2241 Sap.
3738 2188 3803 2236 ι,

2214 2265 2303 2325 15,
2322 2281 2353 2319 a
2368 2263 2532 2329 LXX,
2548 2264 2771 2331 λάκκος,
2790 2273 2846 2319 et
2860 2263 2994 2319 Gen.
3013 2280 3122 2328 xu,
3146 2265 3231 2330 ll,
3251 2263 3516 2335 ὀχύρωμα
3534 2265 3800 2320 munitio.

2213 2357 2342 2414 Haec
2369 2370 2455 2414 est
2498 2356 2783 2414 Chaldaici
2837 2366 3086 2428 potestas
3127 2357 3372 2412 nominis
3422 2368 3532 2419 tu:
3584 2357 3669 2412 vel
3710 2366 3808 2420 ’.ιη

2214 2453 2463 2508 Alterum
2505 2467 2640 2506 vero
2669 2466 2701 2505 a
2726 2453 2899 2505 verbo
2931 2460 3054 2529 mn:-
3084 2452 3436 2522 progenitum
3488 2451 3807 2506 obliuionem

2215 2553 2394 2609 sonat.
2449 2541 2729 2614 Originem
2769 2558 2993 2613 quoque
3036 2543 3279 2599 nominis
3315 2543 3625 2617 Giligerdon
3663 2543 3805 2599 mihi

2214 2633 2410 2689 videor
2446 2633 2500 2688 in
2534 2649 2603 2689 eo
2633 2633 3074 2702 deprehendisse
3117 2633 3261 2703 quod
3327 2636 3555 2706 subjicit
3613 2635 3804 2691 Simo-

2216 2738 2381 2792 catta,
2399 2742 2582 2783 arcem
2597 2726 2744 2781 illam
2765 2726 2935 2783 fuisse
2952 2726 3227 2783 addictam
3247 2728 3633 2784 custodiendis
3653 2729 3805 2785 bello

2216 2818 2412 2888 captis,
2453 2832 2593 2889 quos
2620 2833 2714 2873 rex
2749 2817 3022 2873 intentius
3049 2821 3321 2875 asservari
3352 2820 3541 2876 vellet.
3574 2818 3687 2875 Gili
3713 2821 3803 2876 vel

2216 2909 2318 2981 geli
2342 2909 2558 2965 deduco
2592 2924 2625 2965 a
2653 2909 2828 2968 verbo
2856 2893 2963 2972 n5:
2992 2910 3141 2981 quod
3196 2913 3354 2968 .valet
3402 2914 3670 2983 captivum
3706 2914 3803 2968 ab-

2213 3004 2357 3060 duci.
2387 3005 2486 3060 Est
2517 3017 2703 3063 antem
2749 3007 2902 3077 gerd,
2937 3005 3045 3062 nisi
3086 3005 3267 3074 fallor,
3320 3007 3466 3063 idem
3503 3022 3569 3064 ac
3618 3008 3801 3081 geder,

2216 3084 2412 3161 Latine
2464 3106 2698 3169 septum,
2759 3113 2790 3153 a
2835 3098 3011 3154 verbo
3038 3108 3144 3161 n‘u
3171 3101 3365 3170 gadar,
3411 3100 3555 3157 unde
3595 3118 3803 3159 nomen

602 3201 903 3277 Κάπρον.
950 3197 1034 3255 Μ
1060 3211 1143 3253 ea
1171 3212 1296 3270 qua:
1338 3194 1549 3255 dudum
1593 3195 1777 3249 notavi
1817 3192 2114 3249 ~Glossario

2219 3188 2413 3256 God”.
2462 3162 2535 3253 δι’
2569 3162 2822 3263 Γάδειρα,
2873 3193 3020 3263 quod
3066 3162 3376 3266 Hesychius
3430 3197 3803 3268 περίφραγμα

520 3296 642 3352 vol.
660 3295 710 3363 'l,
735 3308 795 3367 p.
818 3293 948 3363 57i,
981 3292 1111 3365 περὶ
1136 3290 1379 3362 κάστρου
1429 3288 1545 3344 sive
1565 3288 1789 3360 εἱρκτῆς
1814 3287 2008 3357 λήθης,
2044 3284 2113 3341 de

520 3387 757 3445 castello
808 3385 927 3443 sive
977 3397 1207 3441 carcere
1259 3381 1581 3447 oblivionis,
1614 3381 1812 3436 addam
1858 3381 1950 3436 hic
1988 3396 2112 3451 quae

512 3475 807 3553 suggessit
837 3477 1002 3535 Pater
1028 3474 1299 3537 Claudius
1325 3472 1613 3530 Maltretus
1644 3471 1773 3528 Sec.
1790 3473 1949 3539 ἔθευ,
1971 3472 2115 3529 datis

530 3574 600 3632 ad
625 3588 713 3629 me
743 3569 984 3644 postilla
1004 3568 1147 3628 lecta
1171 3566 1822 3623 humanissimislitteris.
1848 3583 1872 3618 1
1903 3565 2116 3622 Dudum

532 3666 764 3739 (inquit)
786 3666 899 3720 lucc
923 3669 1229 3719 notaveram
1256 3662 1328 3716 ad
1357 3678 1407 3716 c.
1439 3659 1863 3732 5,1.1Proc0pii
1885 3644 2117 3715 Debello

529 3756 745 3814 Persico
784 3753 949 3828 692
980 3752 1045 3807 ds
1099 3749 1317 3806 castello
1359 3750 1686 3809 oblivionis:
1749 3750 1918 3819 hujus
1968 3749 2116 3805 arcis

532 3851 871 3909 mentionem
920 3847 1134 3903 faciunt
1180 3844 1239 3899 in
1285 3842 1409 3899 Vita
1458 3841 1516 3900 S.
1562 3840 1796 3899 Joannis
1843 3840 1927 3915 [P.
1985 3841 2115 3914 487]

528 3936 964 4012 Eleemosynarii
996 3934 1264 3992 Leontius
1295 3942 1352 3988 et
1377 3931 1780 4002 Metaphrastes
1804 3930 1950 4001 apud
1985 3930 2118 3986 Bol-

525 4036 755 4094 landum
794 4046 971 4098 mens.
1004 4029 1127 4088 Jan.
1177 4036 1315 4083 tom.
1357 4026 1399 4092 l,
1432 4040 1487 4096 p.
1520 4024 1624 4081 508
1668 4032 1727 4080 et
1756 4024 1893 4089 525;
1926 4023 1994 4078 de
2018 4037 2115 4077 eo-

530 4130 658 4186 dem
690 4133 862 4199 agunt
896 4122 1188 4179 Cedrenus
1219 4119 1309 4175 ed.
1366 4117 1501 4189 Reg.
1538 4132 1596 4187 p.
1628 4116 1755 4183 3w,
1792 4125 1987 4170 auctor
2015 4115 2118 4169 Mi-

534 4221 736 4286 scellte,
775 4218 818 4275 l.
866 4233 1006 4283 xvn,
1039 4231 1094 4286 p.
1133 4210 1261 4277 5i0,
1309 4211 1679 4282 Theophanes
1734 4225 1789 4280 p.
1823 4209 1949 4274 220,
1978 4210 2121 4279 Aga-

538 4316 679 4371 thias
716 4314 753 4368 l.
794 4327 869 4378 tv,
915 4310 1008 4366 ed.
1065 4308 1200 4380 Reg.
1238 4323 1297 4379 p.
1354 4307 1480 4363 1'58.
1525 4305 1855 4362 Accuratius
1904 4304 2118 4359 caeteris

535 4404 987 4477 Theophylactus
1035 4399 1360 4465 Simocatta,
1401 4398 1560 4468 cujus
1590 4395 1761 4450 verba
1794 4394 1861 4448 ad
1908 4392 2115 4447 calcem

2217 3283 2638 3353 interpretatur.
2706 3284 3019 3341 Subscribit
3077 3287 3341 3354 Avienus,
3396 3304 3453 3344 v.
3505 3290 3632 3358 9H,
3672 3307 3799 3348 cum

2216 3373 2323 3430 ait:
2653 3433 2657 3437 ε
3168 3382 3180 3423 η·

2220 3464 2467 3547 {iarbam
2494 3469 2622 3547 quin
2669 3471 2831 3547 ctiam
2879 3469 3050 3547 Gades
3077 3473 3194 3526 hinc
3237 3471 3419 3545 lingua
3448 3476 3754 3547 frequentat
3781 3492 3802 3531 :

2216 3535 2408 3593 Poenus
2440 3535 2632 3612 quippe
2663 3540 2850 3614 locum,
2889 3544 3055 3597 Gadir
3110 3554 3261 3598 vocat
3284 3535 3519 3615 undique
3543 3535 3799 3618 'septum.

2218 3651 2296 3707 Ex
2336 3653 2433 3708 illo
2476 3655 2628 3712 fonte
2661 3658 3033 3713 transmarino
3087 3657 3313 3716 ﬂuxisse
3358 3660 3606 3717 arbitror
3632 3678 3803 3718 voces

2216 3746 2451 3803 Gallicas
2504 3749 2705 3819 garde,
2746 3750 2909 3821 693
2952 3752 3400 3820 garder,leviter
3449 3756 3807 3825 transpositis

2217 3842 2439 3909 litteris,
2476 3853 2551 3906 _ut
2604 3844 2663 3895 lit
2704 3843 2757 3897 in
2802 3844 3003 3901 ultima.
3044 3857 3201 3915 parte
3257 3847 3497 3901 nominis
3550 3847 3802 3920 qiligerd,

2215 3938 2384 4008 quod,
2420 3937 2527 3993 nisi
2558 3953 2643 3993 me
2675 3938 3176 4013 fallitconjecmra,
3206 3945 3537 4012 captiuorum
3590 3954 3805 4016 septum

2216 4029 2511 4100 signiﬁcat.
2553 4048 2569 4079 ι
2601 4029 2728 4084 Haec
2778 4031 2964 4086 verbis
3003 4030 3231 4085 totidem
3263 4031 3546 4085 Maltretus
3582 4036 3802 4099 noster,

2215 4123 2375 4193 cujus
2404 4122 2687 4192 specimen
2737 4133 2995 4178 notarum
3031 4124 3501 4188 doctissimarum,
3530 4124 3628 4181 sed
3658 4141 3806 4181 non-

2217 4213 2347 4283 dum
2403 4214 2704 4278 editarum,
2739 4214 2793 4268 in
2849 4214 3203 4285 Procopium,
3254 4216 3347 4286 qui
3407 4215 3615 4271 dudum
3654 4219 3804 4289 typis

2218 4304 2406 4375 Regiis
2448 4322 2573 4360 cum
2599 4308 2720 4377 ejus
2774 4316 3032 4363 accurata
3085 4317 3142 4362 et
3170 4308 3407 4379 eleganti
3463 4309 3803 4380 interpreta-

2221 4398 2369 4469 tione
2429 4400 2652 4468 prodiit,
2684 4398 2893 4454 vidisse
2948 4399 3051 4455 hac
3100 4401 3391 4456 occasione
3429 4418 3538 4456 non
3588 4404 3802 4475 pigebit

536 4500 704 4573 hujus
728 4497 927 4568 capitis
956 4492 1305 4550 commodius
1335 4490 1585 4547 reddam.
1621 4489 1811 4544 Simile
1834 4487 2110 4558 quoddam
2150 4516 2189 4569 ο
2219 4490 2456 4545 lectores
2488 4490 2762 4546 eruditos.

536 4591 797 4648 habuisse
838 4588 1128 4645 castellum
1160 4586 1420 4641 videntur
1452 4582 1627 4639 Graeci
1663 4583 1973 4652 imperante
2001 4581 2114 4634 An-
2160 4655 2165 4660 ’

534 4686 764 4742 dronico
816 4683 1063 4747 seniore,
1113 4680 1202 4735 cui
1233 4678 1579 4748 Nicephorus
1636 4674 1907 4745 Gregoras
1957 4673 1995 4725 l.
2035 4688 2111 4736 ix,

532 4794 587 4849 p.
647 4778 777 4840 208.
813 4776 906 4831 ed.
966 4773 1133 4829 Basil.
1184 4765 1368 4827 datam
1434 4769 1604 4824 luisse
1642 4766 1779 4823 dicit
1832 4766 2111 4842 optionem

533 4871 789 4926 malletne
832 4867 1205 4924 monasticum
1254 4864 1505 4920 habitum
1547 4862 1783 4917 induere
1819 4868 1915 4915 aut
1962 4857 2111 4912 aliud

532 4964 720 5021 subire
777 4964 1016 5028 malum;
1071 4976 1193 5031 qua:
1244 4968 1524 5031 postrema
1548 4957 1716 5013 verba
1762 4965 1859 5010 aut
1907 4953 2113 5009 caedem

532 5056 860 5123 iunuehant,
927 5053 1109 5125 inquit
1163 5050 1469 5122 Grcgoras,
1515 5060 1611 5103 aut
1680 5049 1961 5114 exsilium,
2020 5054 2116 5100 aut

534 5152 721 5224 βιαίαν
763 5150 1074 5220 ἀπαγωγὴν
1120 5147 1201 5209 εἰς
1259 5145 1321 5198 τὸ
1346 5146 1445 5215 τῆς
1476 5143 1645 5215 λήθης
1677 5142 1960 5213 φρούριον,
1999 5143 2117 5195 vio-

534 5243 739 5298 lentam
765 5240 1155 5295 abductionem
1179 5237 1234 5291 in
1261 5234 1549 5291 castellum
1577 5233 1897 5287 oblivionis.
1937 5231 2118 5286 Lenn-

534 5333 745 5389 clavius
791 5331 847 5386 in
884 5328 1167 5383 Pandectis
1195 5327 1426 5381 historia!
1468 5325 1723 5391 Turcicaz,
1767 5342 1820 5397 p.
1866 5325 1993 5389 445,
2024 5324 2112 5380 ed.

534 5425 673 5496 Reg.
708 5440 766 5479 n.
796 5421 901 5477 i28
928 5421 1214 5476 castellum
1251 5417 1386 5475 illud
1432 5409 1715 5490 Bosphoro
1750 5419 1919 5474 fuisse
1945 5434 2114 5487 appo-
2152 5480 2157 5486 Α

535 5518 704 5571 situm
736 5530 805 5570 ex
834 5512 1075 5584 Grcgora
1129 5512 1375 5584 conjicit.
1413 5514 1484 5566 At
1537 5526 1809 5583 nusquam
1845 5509 2116 5581 Gregoras

533 5612 656 5682 ejus
692 5607 857 5664 situm
892 5605 1164 5677 designat.
1235 5605 1312 5659 De
1330 5604 1549 5660 castello
1577 5621 1699 5661 vero
1734 5603 1945 5659 Persico
1990 5604 2121 5658 obli-

533 5701 705 5757 t'r'dnis
750 5699 908 5763 dicto,
976 5711 1257 5770 postquam
1300 5700 1502 5753 ostendi
1571 5700 1830 5769 tragicam
1902 5699 2118 5753 Arsacis

536 5796 557 5851 l
574 5784 816 5852 istoriam
843 5813 873 5850 α
915 5794 1173 5867 Procopio
1203 5802 1511 5865 narratam,
1543 5794 1782 5848 eamdem
1821 5793 2008 5863 referri
2049 5793 2115 5848 ab

2289 4580 2639 4651 Καταφλᾷν,
2677 4599 2800 4654 pag.
2853 4583 2981 4638 240.
3020 4585 3304 4656 Nusquam
3343 4586 3472 4641 alibi
3528 4588 3633 4644 hoc
3668 4606 3799 4645 ver-

2219 4678 2348 4730 bum
2396 4676 2596 4745 legisse
2641 4677 2889 4731 memini.
2932 4676 3182 4732 intellexi
3238 4690 3424 4733 autem
3458 4682 3589 4749 quid
3624 4683 3799 4753 signi-

2219 4768 2343 4823 licet
2390 4784 2455 4821 ex
2487 4784 2553 4823 eo
2583 4768 2729 4838 quod
2780 4768 3086 4840 Hesychius
3126 4771 3356 4826 verbum
3391 4776 3529 4846 φὶᾷν
3557 4790 3801 4848 exponat

2221 4861 2526 4930 μαλάσσειν
2586 4860 2846 4929 πληγαῖς,
2876 4862 3045 4933 plagis
3075 4863 3331 4934 subigere.
3381 4868 3697 4926 Eustathius
3728 4873 3797 4927 ad

2216 4956 2370 5010 illum
2408 4972 2627 5011 versum
2651 4954 2734 5027 [Ρ.
2769 4957 2895 5030 488]
2924 4956 3085 5012 Iliad.
3108 4976 3165 5021 α,
3201 4960 3310 5012 Καὶ
3332 4964 3640 5033 καρτίσεοις
3662 4968 3801 5034 ἐμά-

2217 5065 2373 5119 χογτο
2390 5066 2425 5115 φ
2439 5051 2595 5118 ηρσὶν
2614 5048 2961 5120 ὀρεσκῴοισι,
2978 5052 3266 5107 contendit
3283 5053 3373 5107 ’Δτ
3387 5056 3533 5126 εικῆς
3549 5072 3672 5113 esse
3683 5057 3796 5113 δια.-

2217 5142 2411 5195 λέκτου
2443 5142 2908 5212 permutationem
2932 5145 2959 5197 θ
2988 5145 3042 5198 in
3071 5148 3350 5228 cpetjuxta
3370 5147 3519 5203 illam
3545 5150 3654 5205 dici
3678 5152 3796 5223 φήρ

2216 5249 2316 5304 pro
2345 5234 2472 5303 θήρ,
2500 5235 2656 5304 φλάω
2691 5252 2789 5307 pro
2819 5236 2988 5291 θλάω.
3029 5238 3186 5306 Quod
3244 5242 3289 5294 si
3349 5242 3639 5312 recipitur,
3681 5244 3795 5316 jam

2218 5338 2366 5410 patet
2389 5330 2519 5398 quid
2550 5330 2621 5385 sit
2642 5331 2818 5399 φλάω,
2846 5335 3107 5403 pertundo
3132 5334 3391 5390 videlicet
3415 5353 3479 5390 ac
3501 5339 3793 5409 perfriugo.

2218 5424 2403 5489 Quare
2437 5424 2721 5496 καταφλᾷν
2753 5426 2844 5481 hic
2869 5442 2898 5481 a
2933 5439 3126 5483 nostro
3154 5431 3392 5498 positum
3425 5431 3582 5485 istam
3623 5434 3798 5485 notio-

2218 5531 2344 5572 nem
2398 5517 2608 5587 impetu
2655 5520 2895 5589 quodam
2944 5536 3010 5575 ex
3043 5523 3451 5592 praepositionis
3484 5523 3796 5594 adjectione

2220 5608 2523 5675 roborabit,
2561 5619 2620 5665 ut
2669 5611 2903 5683 intelligi
2937 5612 3137 5667 debeat
3160 5630 3458 5684 expressus
3493 5617 3794 5672 vehemen-

2220 5699 2472 5771 tissimus
2521 5701 2685 5768 ictus,
2727 5704 2908 5775 qualis
2937 5714 3058 5759 erat
3095 5705 3230 5759 vasti
3266 5706 3490 5761 molaris
3519 5716 3791 5760 tormento

2220 5794 2502 5865 ejaculati,
2552 5804 2651 5851 aut
2681 5804 2739 5850 ut
2772 5795 2958 5863 hodie,
2991 5798 3293 5855 suonositis
3336 5796 3572 5856 invicem
3640 5803 3788 5853 vete-
