4058 6298
250 421 360 487 753

1618 419 2137 483 GLOSSARlUM.

3410 407 3514 480 754

264 553 382 594 rum
430 536 771 593 ballistarum
813 535 961 594 tubis
999 535 1167 593 aeneis
1198 535 1635 609 praegrandibus,
1672 536 1834 608 globo
1865 537 1909 592 Α
1937 543 2132 606 negant
2184 537 2300 607 igne
2347 553 2495 607 posse
2526 533 2712 605 subigi,
2742 534 2817 590 sic
2852 533 2943 588 isti
2981 551 3014 588 a
3062 532 3234 604 legum
3269 534 3318 588 vi
3343 549 3510 601 quan-

255 632 442 686 ferreo
473 630 632 701 ignea
678 630 728 684 vi
769 629 1081 686 fulminato.
1109 630 1406 686 Vaticanus
1443 629 1834 701 paraphrastes

257 725 429 795 ignoti
471 726 620 780 verbi
657 727 809 795 quasi
858 726 1240 792 contagionem
1285 724 1732 794 perhorrescens,
1761 733 1837 778 to-

264 830 373 872 tam
417 819 504 874 cui
554 829 676 872 erat
723 819 992 874 insertum
1029 818 1288 874 transiliit
1321 817 1677 883 sententiam,
1720 833 1837 874 om-

261 925 498 978 nemque
531 908 764 964 ballistaa
792 924 853 964 ac
881 909 1234 978 explosorum
1280 924 1376 978 per
1397 924 1516 964 eam
1543 909 1833 964 molarium

259 1001 656 1057 iudicationem
692 1000 916 1056 conscio
967 1001 1191 1058 silentio
1241 1001 1557 1073 absorpsit,
1599 1001 1678 1059 sic
1716 1004 1835 1074 ple-

257 1111 496 1164 rumque
528 1093 750 1164 defungi
781 1093 996 1149 solitus.

328 1193 818 1261 κατατροποῦμαι
847 1233 864 1254 .
899 1208 954 1261 ι)-
998 1191 1123 1248 528.
1157 1191 1280 1262 Agit
1323 1191 1391 1247 de
1423 1209 1619 1263 magno
1645 1194 1828 1265 primi-

251 1285 406 1337 cerio
427 1285 582 1353 jussu
609 1285 835 1353 Augusti
863 1284 1146 1340 Michaelis
1174 1285 1466 1341 Catelanos
1489 1287 1832 1358 Calliopolim

251 1387 509 1432 tenentes
564 1387 919 1447 oppugante,
970 1395 1078 1434 non
1142 1380 1262 1434 sine
1312 1381 1496 1451 aliquo
1558 1383 1833 1438 interdum

248 1483 512 1523 successu
547 1468 720 1538 praelii
775 1470 1033 1534 secundi,
1065 1485 1176 1538 quo
1216 1469 1338 1526 illos
1369 1471 1626 1528 funderet
1682 1473 1836 1544 fuga-

249 1560 632 1632 retque.-Non
691 1562 822 1618 alibi
876 1579 1041 1634 quam
1075 1563 1222 1634 apud
1280 1563 1505 1619 Suidam
1560 1567 1836 1636 reperitur

247 1653 356 1709 hoc
405 1655 639 1710 verbum
679 1654 1154 1725 κατατροποῦμαι.
1204 1654 1401 1712 Suida‘s
1439 1666 1630 1711 autem
1657 1660 1835 1714 notio-

247 1762 376 1801 nem
403 1749 523 1819 ejus
551 1763 660 1803 non
687 1747 967 1818 exprimit,
1006 1750 1098 1803 sed
1125 1756 1334 1802 tantum
1368 1750 1682 1806 accusativo
1707 1752 1842 1820 jun-

241 1837 298 1905 gi
334 1845 550 1893 mouet.
576 1837 653 1893 Ex
683 1839 788 1894 hoc
817 1839 1173 1914 Pachymeris
1217 1841 1341 1896 loco
1377 1841 1639 1898 habemus
1667 1844 1858 1900 activi'

238 1943 369 1984 esse
402 1929 765 2002 signiﬁcatus,
791 1943 850 1989 et
869 1931 1100 1988 fundere
1130 1949 1192 1988 ac
1219 1933 1410 2006 fugare
1439 1935 1656 2007 aliquos
1683 1947 1830 1994 recte

239 2021 370 2100 dici.
391 2021 578 2079 Graece
610 2023 1090 2096 κατατροποῢσοαί
1127 2045 1300 2092 τινας.
1713 2063 1715 2065 ι

323 2117 693 2185 Κεωσὸὀλοι
724 2118 964 2188 κύαμοι,
1000 2135 1122 2190 pag.
1170 2120 1295 2177 5l9.
1333 2120 1460 2192 A’git
1493 2121 1562 2177 de
1591 2122 1834 2178 Athana-

238 2205 332 2260 sio
369 2206 678 2276 patriarcha
709 2246 726 2272 ,
781 2207 1005 2264 duritiei
1053 2209 1309 2268 immanis
1370 2223 1426 2267 et
1475 2212 1829 2270 inexorabilis

242 2296 496 2354 homine.
531 2297 689 2360 Hunc
715 2308 1010 2372 comparat
1059 2299 1201 2357 fabis
1260 2317 1331 2357 ex
1370 2301 1440 2358 iis
1494 2303 1664 2368 ortis,
1705 2320 1839 2374 quae

238 2391 378 2445 cum
407 2390 464 2447 in
500 2400 703 2448 terram
741 2409 773 2448 a
816 2402 1036 2451 serente
1078 2392 1417 2465 iacerentur,
1450 2395 1608 2452 bovis
1650 2413 1825 2453 cornu

240 2481 530 2553 tetigerint
565 2499 582 2538 ε
611 2484 744 2541 tales
762 2483 912 2540 enim
944 2483 1262 2541 ferebantur
1283 2485 1422 2543 adeo
1454 2487 1608 2544 dura:
1648 2489 1824 2556 nasci,

240 2581 310 2629 ut
363 2577 513 2632 nulla
565 2587 790 2634 coctnra
831 2577 899 2635 ad
953 2578 1245 2635 mollitiem
1299 2579 1424 2636 esui
1451 2592 1822 2653 opportunam

240 2668 424 2742 subigi
460 2679 711 2740 possent.
743 2670 998 2740 Meminit
1022 2672 1187 2744 hujus
1224 2681 1282 2730 ut
1323 2674 1562 2746 antiqua:
1589 2684 1648 2732 et
1675 2677 1824 2733 cele-

237 2760 364 2819 bris
411 2761 611 2819 fabulae
640 2762 1076 2835 TheOphrastus,
1104 2764 1203 2821 lib.
1240 2777 1314 2831 tv,
1356 2782 1413 2825 c.
1459 2767 1548 2834 14,
1589 2768 1676 2826 his
1701 2786 1842 2827 eam-

237 2854 427 2913 verbis
480 2871 584 2929 pro
631 2857 1027 2928 superstitione
1075 2858 1271 2915 frivola
1305 2860 1598 2917 traducens
1623 2879 1642 2917 :
1674 2865 1739 2918 '0
1764 2865 1822 2918 δὲ

240 2946 500 3016 λέγουσιν
548 2949 608 3012 οι,
656 2949 845 3006 πολλοί¹
873 2950 1010 3006 διότι
1039 2950 1099 3006 τὸ
1138 2971 1196 3007 κε
1209 2953 1481 3027 ρασῦόλον
1509 2956 1830 3029 ἀτέραμνον

241 3039 478 3108 γίνεται,
507 3042 712 3112 μήποτ’
740 3041 885 3113 ἄγαν
910 3041 1106 3114 εὔηθες
1239 3045 1604 3121 σκληρότερος
1643 3050 1752 3124 γὰρ
1792 3053 1822 3106 ό

239 3131 415 3198 λίθος,
454 3134 590 3207 πρὸς
627 3135 688 3190 όν
720 3136 977 3202 πολλάκις
1011 3137 1350 3211 προσπίπτει
1377 3139 1445 3195 τὰ
1481 3141 1780 3214 σπέρματα
1801 3161 1816 3176 °

1941 632 2129 684 tumvis
2161 629 2340 684 valida
2364 631 2548 684 intacti
2579 629 2887 700 perdurent.
2921 625 3081 681 Hunc
3109 621 3287 680 lacum
3322 625 3502 680 Plato-

1944 725 2032 779 nis
2059 724 2280 779 videtur
2315 724 2661 795 potissimum
2687 721 2742 777 in
2771 722 2956 776 animo
2987 720 3252 776 habuisse
3297 719 3511 790 Pachy-

1941 836 2120 875 meres
2161 821 2278 874 hzec
2331 819 2602 874 scribens.
2635 818 2744 874 Sed
2775 821 2944 872 totam
2997 817 3141 871 hanc
3193 831 3308 870 rem
3341 812 3511 884 magis

1901 913 2180 968 'illustrat
2220 911 2566 977 Plutarchus,
2603 909 2701 990 [Ρ.
2763 908 2904 983 489]
2961 909 3068 965 hoc
3133 916 3512 973 argumentum

1938 1006 2096 1076 quasi
2124 1021 2190 1059 ex
2220 1004 2471 1076 professo
2501 1012 2764 1068 tractans,
2798 1002 2835 1058 l.
2882 1017 2958 1057 vu
2985 1000 3351 1057 convivalium
3387 999 3515 1053 Scr-

1937 1113 2163 1152 monum
2190 1138 2206 1162 ,
2241 1107 2433 1168 quaest.
2474 1095 2546 1160 2;
2609 1110 2674 1150 ac
2729 1094 2931 1152 factum
2975 1091 3202 1165 quidem
3252 1106 3319 1146 ex
3363 1103 3516 1144 com-

1938 1191 2092 1247 muni
2138 1185 2396 1262 opinione
2445 1204 2642 1245 verum
2672 1203 2905 1259 ponens,
2941 1200 3172 1257 causam
3203 1183 3511 1255 ejuscom-

1918 1284 2256 1340 =miniscitur
2305 1281 2532 1340 minime
2581 1281 3050 1352 superstitiosam.
3080 1279 3291 1349 Nempe
3327 1278 3403 1332 ait
3434 1277 3516 1362 lef

1920 1379 2160 1450 'gumiua
2203 1387 2300 1434 aut
2351 1379 2586 1455 semina
2613 1392 2758 1448 quin,
2800 1385 2858 1429 ut
2911 1375 3058 1431 solet
3099 1373 3233 1438 dici,
3293 1372 3421 1426 dum
3457 1372 3512 1427 in

1923 1467 2452 1545 'terramjaciuntur
2474 1471 2528 1525 in
2561 1484 2770 1526 cornua
2803 1468 3114 1538 impingunt
3150 1466 3314 1521 boum
3348 1480 3511 1520 aran-

1926 1567 2098 1630 'tium,
2129 1579 2237 1619 non
2264 1579 2336 1618 ex
2374 1576 2442 1618 eo
2471 1569 2724 1616 contactu
2757 1558 3024 1630 qualitate
3056 1553 3201 1612 allici
3251 1555 3512 1625 maligna,

1929 1674 2044 1730 'qua
2073 1656 2275 1713 deinde
2310 1656 2406 1712 flat
2445 1664 2502 1710 ut
2542 1671 2667 1726 qua:
2720 1653 2849 1709 inde
2881 1650 3313 1723 germinaverint
3360 1650 3514 1704 dura:

1935 1762 2178 1810 cocturze
2212 1749 2346 1812 sint,
2400 1750 2497 1805 sed
2530 1748 2679 1820 quod
2727 1763 2792 1804 ea
2844 1745 3149 1802 oﬂ‘cnsione
3188 1757 3512 1814 repercussa

1937 1845 2046 1900 alio
2072 1843 2324 1899 resiliant
2351 1857 2515 1924 qua‘m
2543 1855 2654 1912 quo
2681 1855 2877 1894 manus
2903 1837 3145 1894 serentis
3173 1835 3511 1899 destinabat,
3613 1915 3616 1918 Α

1939 1939 1994 1997 in
2029 1939 2210 1993 sinum
2240 1951 2434 2006 nempe
2455 1935 2620 2013 sulci,
2647 1933 2740 1989 ubi
2768 1933 2955 1989 statim
2981 1942 3126 1990 terra
3152 1938 3509 2001 tegerentur:

1892 2036 2084 2086 "nunc
2118 2045 2250 2085 vero
2283 2027 2338 2103 in
2370 2027 2550 2098 campi
2588 2025 2936 2105 superﬁciem
2969 2034 3177 2102 temere
3207 2023 3406 2086 ell'usa,
3435 2022 3511 2079 ibi

1934 2118 2181 2191 exposita
2210 2117 2400 2190 frigori
2429 2133 2496 2173 ac
2517 2116 2748 2187 reliquis
2771 2117 2917 2172 aeris
2941 2115 3159 2187 injuriis
3185 2114 3511 2184 relinquan-

1936 2221 2049 2279 tur,
2080 2211 2226 2268 unde
2253 2208 2359 2266 non
2391 2210 2494 2266 nisi
2530 2225 2664 2265 sero
2679 2218 2739 2264 et'
2762 2223 2912 2281 agre
2935 2208 3209 2280 pullulent
3233 2206 3512 2277 sequioris

1931 2310 2097 2364 etiam
2145 2315 2356 2361 naturae
2401 2305 2619 2360 fructus
2644 2319 2712 2359 ac
2734 2312 3092 2359 contumaces
3113 2301 3180 2356 ad
3203 2309 3507 2358 cocturam.

1935 2402 2012 2458 De
2040 2411 2242 2456 caetero
2271 2401 2416 2456 idem
2449 2397 2700 2466 agnoscit
2738 2397 2997 2452 usitatam
3037 2395 3164 2452 inde
3193 2394 3511 2452 translatio-

1931 2510 2059 2552 nem
2089 2495 2156 2549 ad
2183 2474 2454 2565 praefracti
2486 2492 2741 2548 homines
2771 2489 2977 2562 ingenii
3003 2488 3356 2562 κερασϐόλων
3380 2504 3506 2545 ver-

1931 2589 2004 2646 bo
2045 2586 2436 2659 designandos.
2469 2587 2642 2657 Δῆλον
2670 2587 2806 2657 γὰρ,
2844 2585 3141 2656 inquiens,
3179 2579 3248 2656 ἦν
3282 2583 3365 2638 ὅτι
3396 2570 3510 2638 τῶν

1931 2681 2266 2752 σπερμάτων
2310 2680 2382 2735 τὰ
2412 2680 2832 2752 προσπίπτοντα
2866 2680 2981 2742 τοῖς
3010 2677 3121 2732 τῶν
3157 2667 3306 2748 βοῶν’
3332 2675 3508 2747 κέρα-

1931 2792 2017 2828 σιν
2069 2764 2391 2843 ἀτεράμονα
2447 2771 2544 2826 τὸν
2604 2771 2820 2842 καρπὸν
2877 2767 3107 2839 ἐκφύειν
3159 2767 3496 2840 νομίζοντας,

1927 2863 2073 2920 οὕτω
2135 2865 2230 2934 τόν
2259 2864 2470 2934 αὐθάδη
2504 2864 2599 2939 καὶ
2629 2861 2866 2933 σκληρὸν
2896 2861 3188 2933 ἄνθρωπον
3224 2862 3290 2914 ἐκ
3331 2878 3502 2933 μετα-

1929 2960 2102 3031 φορᾶς
2151 2943 2488 3030 κερασϐόλον
2543 2956 2638 3011 καὶ
2677 2955 2995 3027 ἀτεράμονα
3052 2955 3498 3027 προσηγόρευον.

1917 3051 2110 3124 Liquet
2164 3053 2328 3119 enim,
2383 3053 2448 3106 ab
2488 3051 2826 3124 opinantibus
2886 3067 2950 3107 ea
2998 3051 3202 3105 semina
3269 3065 3388 3122 qua:
3444 3052 3501 3105 in

1926 3145 2082 3200 boum
2126 3139 2329 3200 cornua
2385 3145 2682 3200 inciderunt
2721 3147 2952 3216 fructum
3001 3145 3153 3198 edere
3210 3144 3404 3198 durum
3450 3153 3502 3198 st

240 3224 350 3317 adv
377 3226 455 3298 μὴ
498 3228 810 3302 προσκόψῃ,
844 3229 981 3301 μηδὲ
1029 3230 1215 3301 βουσὶν
1256 3232 1491 3306 ἀροτριᾷ
1527 3252 1633 3302 τις,
1663 3236 1819 3292 οὐδὲν

1926 3247 2074 3294 coctu
2128 3237 2415 3317 difﬁcilem,
2467 3238 2624 3312 fuisse
2663 3237 2791 3317 inde
2823 3237 3076 3294 vocabulo
3113 3234 3381 3292 translato
3406 3237 3503 3292 lto-

237 3312 410 3390 ἦττον
448 3321 760 3394 ἀτέραμνον
810 3323 1040 3392 γίνεται.
1085 3323 1241 3389 Quod
1284 3331 1460 3382 autem
1490 3329 1643 3401 vulgo
1680 3331 1821 3387 diri'a

1926 3336 2116 3389 minem
2169 3324 2513 3405 prefractum
2570 3339 2621 3385 et
2671 3315 3032 3386 contumacem
3083 3339 3398 3398 ateramona
3449 3336 3503 3383 et

240 3423 354 3482 tur,
379 3433 476 3472 cur
505 3435 666 3474 cornu
708 3427 1008 3475 contactum
1032 3421 1270 3478 incoctile
1290 3423 1352 3492 ﬁt
1371 3423 1414 3478 ?-
1431 3425 1722 3481 videndum
1747 3445 1824 3484 an

238 3525 346 3564 non
375 3511 717 3573 reiiciendum
745 3529 842 3577 pro
868 3531 1004 3570 vano
1029 3523 1080 3570 et
1110 3518 1389 3587 nugatoria
1424 3519 1593 3575 sideri
1614 3521 1818 3580 debeat.

236 3600 445 3657 Durior
479 3605 671 3676 quippe
696 3621 856 3676 quam
888 3622 1054 3661 cornu
1079 3607 1247 3682 695
1274 3618 1352 3664 est
1382 3609 1538 3682 lapis,
1575 3613 1630 3667 in
1663 3630 1820 3686 quem

235 3712 375 3765 sepe
432 3697 693 3766 incidunt,
753 3699 880 3754 dum
927 3716 957 3753 e
1010 3717 1174 3756 manu
1216 3702 1499 3772 iaciuntur
1524 3704 1579 3760 in
1616 3715 1820 3762 terram

236 3789 464 3843 semina.
508 3787 578 3843 Et
606 3789 862 3858 videmus,
891 3809 1008 3862 quae
1043 3793 1114 3847 ad
1142 3809 1308 3850 cornu
1351 3813 1454 3851 non
1484 3793 1820 3869 offenderint,

235 3897 303 3936 ac
340 3897 407 3936 ne
432 3898 594 3952 opera
629 3885 838 3954 quidem
869 3887 1022 3941 boum
1053 3889 1116 3942 iis
1160 3891 1396 3946 serendis
1427 3892 1667 3950 adhibita
1700 3897 1820 3966 fue-

237 3975 333 4041 rit,
373 3976 720 4033 nihilominus
764 3980 1037 4036 iucoctilia
1085 3985 1256 4038 nasci.
1288 3982 1560 4041 Cancrum
1601 4002 1670 4044 ex
1713 3988 1821 4046 hoc

237 4068 614 4140 qualicunque
673 4071 891 4143 vulgari
949 4075 1100 4129 dicto
1141 4075 1254 4146 jam
1307 4077 1443 4154 _olim
1482 4078 1714 4137 invaluit
1761 4091 1822 4138 ut

236 4162 497 4221 homines
532 4163 872 4237 immorigeri
914 4175 971 4222 et
1033 4167 1203 4224 ductu
1266 4169 1446 4240 legum
1488 4171 1821 4232 inﬂexibile‘s

237 4256 565 4328 κερασϐόλοι
594 4257 872 4316 dicantur.
895 4260 1070 4321 Plato.
1105 4263 1143 4317 l.
1169 4280 1243 4330 ix,
1274 4263 1346 4318 De
1383 4264 1582 4336 legibus
1608 4284 1644 4324 :-
1666 4268 1820 4323 Ἀνι-

240 4349 477 4422 μὲσητον
535 4350 600 4421 δὴ
637 4351 929 4421 φοϐεῖσθαι
982 4357 1057 4427 μή
1107 4373 1189 4420 τις
1217 4357 1542 4430 ἐγγίγνηται
1572 4360 1684 4416 τῶν
1721 4364 1820 4416 πο-

248 4442 416 4497 λιτῶν
457 4443 591 4514 ἡμῖν
623 4439 738 4498 οἷον
769 4444 1116 4517 κερασϐόλος,
1166 4447 1224 4514 ὃς
1277 4449 1576 4521 ἀτεράμων
1615 4452 1698 4517 είς
1731 4470 1816 4507 το-

254 4536 449 4594 σοῦτον
474 4536 637 4607 φύσει
674 4539 1002 4610 γίγνοιτἰἂν
1032 4540 1173 4596 ὥστε
1208 4542 1282 4614 μὴ
1304 4544 1569 4614 τήκεσθαι
1600 4562 1616 4578 ·
1648 4548 1821 4603 καθά-

1921 3420 2230 3482 Iterasbolon
2288 3427 2509 3481 dictum.
2575 3423 2653 3480 lta
2717 3423 3067 3479 Plutarchus.
3127 3421 3266 3477 Vide
3325 3420 3496 3476 etiam

1922 3519 2041 3575 haec
2062 3518 2258 3574 eadem
2286 3517 2693 3574 .contirmantes
2721 3515 2961 3571 Plinium
2993 3523 3050 3571 et
3075 3511 3340 3581 Suidam;
3368 3527 3498 3568 nam

1922 3611 2088 3667 n‘obis
2122 3597 2565 3666 testimoniorum
2612 3608 2836 3666 abunde
2863 3609 2976 3681 jam
3006 3620 3114 3664 est.

1957 3733 1960 3738 -
1991 3702 2156 3776 695
2167 3700 2418 3781 Κλοόός.
2448 3702 2642 3771 Ἐπιφε
2652 3701 2880 3774 ρόμενος
2894 3732 2964 3743 ’-
2981 3700 3207 3771 ἀδελφὸν
3227 3703 3288 3756 εν
3309 3699 3490 3773 κλοσῷ

1919 3811 2071 3868 —'-p.
2121 3795 2352 3867 165.1ta
2409 3794 2573 3852 codd.
2629 3793 2673 3851 Β
2739 3803 2795 3853 et
2860 3795 2926 3850 Α.
2978 3794 3276 3852 Vaticanus
3318 3794 3500 3850 solum

1921 3890 2094 3945 habet
2122 3889 2530 3961 ἐπιφερόμενος
2566 3889 2664 3943 καὶ
2688 3888 2814 3953 τοὺς
2843 3888 3213 3957 κατακρίτους
3242 3888 3500 3959 δεσμίους

1921 3979 2015 4034 τὸν
2042 3979 2271 4050 ἀδελφὸν
2322 3979 2414 4034 καὶ
2448 3977 2542 4032 τὸν
2597 3979 3113 4050 Στρατηγόπουλον,
3146 3994 3341 4034 vocem
3368 3979 3501 4034 κλο-

1921 4073 2044 4139 δοῦ,
2077 4081 2138 4128 ιιι
2177 4071 2391 4143 reliqua
2450 4072 2592 4128 solet
2638 4087 2763 4142 quae
2819 4089 2931 4128 non
2996 4071 3277 4142 intelligit,
3336 4072 3502 4128 omit-

1923 4179 2076 4234 tens;
2121 4157 2178 4223 in
2214 4181 2326 4238 quo
2365 4182 2477 4222 non
2529 4165 2719 4245 solum
2763 4166 2981 4222 mutilat
3033 4167 3365 4245 sententiam
3401 4183 3502 4223 au-

1923 4259 2120 4328 ctoris,
2149 4259 2246 4316 sed
2282 4258 2590 4330 corrumpit
2619 4268 2677 4314 et
2711 4242 2996 4330 pervertit,
3026 4242 3233 4314 faciens
3265 4267 3325 4314 ut
3352 4257 3503 4314 allir-

1923 4369 2075 4411 mare
2125 4353 2494 4425 Pacbymeres
2542 4353 2818 4416 videatur,
2865 4353 3014 4424 quod
3050 4354 3237 4424 potius
3267 4368 3501 4425 apparet

1922 4449 2102 4521 ipsum
2131 4445 2380 4502 studiose
2405 4461 2608 4518 negare
2645 4445 2912 4511 voluisse,
2952 4461 3154 4516 nempe
3183 4444 3502 4503 Constanti-

1923 4559 2058 4598 num
2100 4541 2636 4616 Porphyrogenitum
2693 4555 2725 4595 a
2767 4540 2937 4596 fratre
2976 4539 3222 4612 Augusto
3251 4541 3499 4597 vinctum

247 4650 356 4703 step
385 4631 669 4690 iusim-sd
705 4632 997 4704 σπέρματα
1023 4635 1181 4705 πυρὶ,
1213 4636 1398 4706 νόμοις
1425 4630 1573 4692 οὗτοι
1613 4641 1819 4714 καίπερ

1929 4636 2227 4693 abductum
2283 4651 2394 4691 non
2440 4633 2625 4689 minus
2657 4649 2823 4704 quam
2869 4631 3340 4704 Strategopulum,
3373 4649 3498 4689 cum

237 4722 427 4789 οὕτως,
452 4724 697 4794 ἰσχυροῖς
747 4722 903 4778 οὖσιν
939 4723 1151 4780 ᾶθικτοι
1203 4727 1526 4798 ⁴γίγνωνται.
1561 4728 1701 4798 llaec
1737 4733 1821 4788 Sic

239 4817 414 4873 vertit
445 4817 763 4873 Serranus:
799 4817 1019 4873 Minime
1048 4820 1439 4891 indignandum
1493 4831 1591 4888 est,
1640 4825 1688 4879 si
1730 4841 1820 4879 ve-

246 4929 467 4968 reamur
513 4929 578 4966 ne
615 4914 753 4982 quis
783 4913 974 4968 ciuium
1016 4913 1092 4967 ita
1128 4915 1364 4985 projecta
1418 4916 1644 4973 audacia
1669 4921 1818 4974 nobis

244 5017 526 5073 nascatur,
561 5006 642 5063 vel
667 5023 830 5061 cornu
858 5005 1236 5074 minabundus;
1281 5015 1440 5062 atrox
1484 5010 1740 5064 nimirum
1768 5019 1818 5066 et

239 5102 524 5166 ferus,-ut
572 5100 726 5171 quasi
775 5097 1047 5170 legumina
1097 5112 1247 5155 coctu
1287 5101 1563 5171 praedura,
1615 5104 1693 5159 ita
1735 5103 1819 5160 illi

236 5193 372 5247 adeo
402 5189 664 5245 indomito
697 5191 805 5246 sint
831 5199 880 5244 et
912 5189 1229 5261 refractario
1277 5193 1511 5262 ingenio,
1556 5202 1615 5246 ut
1663 5194 1815 5248 velte-

235 5286 692 5341 mentissimarum
741 5284 1331 5355 robustissimarumque
1360 5284 1700 5358 'legum'igne
1747 5289 1814 5344 li-

232 5374 459 5449 queﬁeri
491 5391 588 5430 nec
616 5376 922 5446 perdomari
959 5375 1185 5446 possint.
1228 5373 1307 5430 lta
1362 5373 1476 5431 ille;
1528 5376 1694 5447 Atqui
1725 5393 1816 5431 κε-

233 5470 504 5539 ρασϐόλος
540 5485 651 5525 non
697 5469 847 5525 valet
898 5468 992 5526 hic
1041 5485 1208 5523 cornu
1263 5469 1645 5528 minabundus.
1697 5473 1815 5543 Ego

1925 4731 2075 4784 inter
2113 4743 2210 4783 eos
2244 4719 2543 4802 historicus
2572 4726 2868 4782 discrimen
2898 4725 3150 4781 habitum
3187 4736 3360 4796 ponat
3391 4726 3498 4782 hu-

1917 4821 2184 4892 jusmodi,
2207 4828 2272 4876 ut
2301 4803 2752 4889 I'Strategopulus
2805 4815 3029 4888 quidem
3062 4817 3264 4888 ligatus
3301 4817 3499 4888 depor-

1924 4922 2072 4967 tatus
2130 4911 2338 4979 fuerit,
2378 4909 2787 4967 Constantinus
2839 4923 2970 4965 vero
3020 4925 3121 4980 pro
3154 4899 3498 4967 'reverentia

1921 4996 2186 5060 natalium
2222 5004 2463 5060 vinculis
2494 5002 2718 5074 quidem
2771 5003 3036 5079 caruerit,
3091 5003 3186 5058 sed
3238 5002 3294 5058 in
3338 4997 3534 5075 septo'

1919 5086 2213 5152 clathrato'
2249 5103 2346 5150 aut
2390 5109 2596 5160 cavea,
2643 5093 2796 5150 velut
2831 5108 3057 5150 carcere
3104 5094 3374 5164 portatili,
3421 5095 3497 5150 sit

1918 5198 2186 5260 gestatus.
2213 5188 2628 5245 Consideranda
2661 5186 2824 5243 nobis
2845 5187 3114 5257 deinceps
3131 5195 3216 5243 est
3241 5202 3350 5243 vox
3372 5187 3496 5240 κλο.

1918 5285 2036 5351 σός,
2071 5301 2239 5356 quam
2269 5283 2362 5340 alii
2391 5283 2641 5347 κλουῦόν,
2668 5281 2763 5338 alii
2791 5281 3008 5336 κλωϐόν
3043 5279 3316 5337 scribunt.
3357 5281 3492 5338 Eam

1918 5383 2066 5430 recte
2093 5377 2486 5444 interpretatur
2511 5375 2600 5430 hic
2623 5380 2816 5428 noster
2835 5372 3058 5442 εἱρκτὴν
3077 5361 3346 5443 φορητὴν,
3374 5371 3513 5426 car-'

1918 5482 2087 5520 cei-em
2132 5464 2462 5535 portatilem,
2495 5463 2789 5520 deﬁniens.
2848 5461 2942 5518 Est
2992 5464 3164 5529 enim,
3190 5470 3253 5517 ut
3296 5463 3494 5534 glosse

228 5563 414 5619 locum
441 5561 523 5617 sic
549 5561 965 5632 lnterpretarer,
997 5561 1294 5634 judicium,
1334 5574 1457 5620 utra
1501 5563 1580 5619 sit
1617 5565 1813 5621 melior
1915 5568 2133 5613 veteres
2167 5559 2387 5623 docent,
2423 5557 2631 5621 κλωδὸς
2659 5571 2856 5618 cavea;
2893 5553 3038 5609 unde
3085 5563 3172 5610 est
3204 5543 3495 5610 diminuti-

229 5656 436 5722 versio,
491 5671 654 5724 equo
700 5663 756 5711 et
810 5655 986 5723 perito
1037 5655 1229 5712 lectori
1290 5656 1622 5726 permittens
1658 5657 1810 5712 :Nec
1914 5667 2044 5706 vum
2075 5650 2306 5704 κλωσίον
2339 5653 2674 5708 recensitum
2711 5665 2741 5704 a
2772 5647 3075 5703 scholiaste
3123 5647 3357 5718 Oppiani
3403 5646 3493 5702 in-

233 5746 641 5818 reprehensibile
689 5746 849 5815 fuerit
903 5749 1072 5801 vereri
1132 5750 1348 5803 necivis
1375 5749 1602 5803 exsistat
1659 5749 1811 5804 nobis
1917 5752 2003 5799 ter
2082 5742 2454 5797 instrumenta
2544 5742 2862 5812 piscatoria.
2941 5741 3110 5812 Igitur
3173 5741 3492 5797 vehiculum

237 5841 506 5910 quispiam
547 5839 688 5903 velut
737 5857 901 5895 cornu
931 5851 1226 5906 contactus,
1255 5843 1347 5914 qui
1379 5858 1438 5896 eo
1468 5857 1630 5913 usque
1658 5842 1834 5896 ἠιόσι·
1912 5836 2188 5906 quoddam
2223 5846 2318 5891 aut
2347 5836 2540 5891 cellam
2565 5836 2654 5892 vel
2696 5836 2946 5892 lecticam
2995 5835 3349 5907 gestatoriam
3379 5835 3493 5892 cla-

243 5933 450 5992 mabilis
487 5940 743 5991 nascatur
768 5975 782 6003 ,
834 5945 893 5990 ut
933 5935 1062 5990 sicut
1103 5934 1198 5990 illa
1235 5935 1289 5988 id
1331 5951 1490 6002 passa
1538 5935 1807 6000 legumina
1915 5930 2156 5986 thratam
2191 5930 2281 5986 hic
2327 5930 2628 6005 signiﬁcari
2671 5931 2938 5986 vocabulo
2991 5927 3193 5985 κλοσοῦ
3241 5935 3498 6002 apparet,
