4058 6298
568 370 679 438 755
705 386 712 393 '

1470 383 1532 448 P.
1578 387 1893 452 POSSINI
1931 389 2590 456 OBSERVATIONUM
2652 392 2806 456 LIB.
2849 393 2902 457 Ι.

3724 387 3828 458 755

567 503 682 559 quo
713 497 830 546 tuto
868 489 1189 565 deportatus
1238 495 1309 551 sit
1348 497 1648 570 Nymphaeo
1675 501 2218 574 Constantinopo-A
2244 505 2500 565 tinaoiter
2553 506 2610 568 in
2660 506 2937 567 sententia
2985 503 3330 567 horrentibus
3381 505 3550 577 vulgo
3575 507 3824 577 appelia-

567 580 687 649 iim,
715 583 851 639 citra
882 584 1120 652 vincula,
1151 588 1665 664 Porphyrogenitus
1685 635 1700 660 ,
1752 603 1913 665 septo
1947 594 2140 666 prohi~

566 670 718 729 bitus
776 674 1040 748 emtgere,
1091 692 1375 752 utcunque
1417 686 1626 743 catenis
1681 685 1844 743 liber.
1904 687 2142 757 Reperio

567 775 749 822 tamen
781 768 849 822 ad
892 771 1182 827 mulierum
1213 789 1396 842 usum,
1426 792 1562 846 quas
1596 779 1814 846 clausas
1855 779 2045 835 haberi
2072 779 2140 835 ad

564 874 730 915 sexus
761 859 1029 917 honorem
1058 865 1658 934 pertinet,.adhibitum
1691 872 1935 940 carpenti
1969 885 2152 943 genus

563 952 796 1006 κλουϐόν
826 967 1228 1027 nuncupatum,
1251 961 1511 1016 cancellis
1551 961 1812 1017 videlicet
1843 966 2140 1020 munitum.

565 1043 621 1098 id
649 1045 809 1101 docet
844 1047 1087 1104 Joannes
1121 1051 1374 1116 Tzetzcs,
1422 1052 1554 1108 dum
1601 1052 1852 1111 Cbiliade
1878 1071 1930 1120 ν,
1961 1071 1998 1127 p
2048 1055 2140 1123 90,

562 1137 653 1193 ed.
699 1139 864 1196 Basil.
919 1139 1008 1197 an.
1069 1143 1208 1199 1545
1264 1145 1332 1200 de
1368 1146 1502 1202 .avia
1550 1163 1650 1202 sua
1708 1160 1996 1216 memorat,
2024 1149 2141 1219 pari

561 1245 684 1286 eam
723 1233 900 1289 [niese
931 1237 1145 1293 honore
1199 1238 1482 1309 dignatam
1536 1255 1662 1294 cum
1723 1241 1830 1295 alia
1875 1241 2152 1312 primaria-

561 1325 785 1392 t‘emina,
817 1326 868 1382 in
896 1329 1153 1383 eumdem
1189 1345 1324 1384 cum.
1355 1332 1447 1386 illa
1488 1325 1875 1397 κλουὸόνζιιοο
1903 1346 1990 1389 est
2021 1350 2142 1389 mu-

561 1416 736 1472 liebrc
766 1429 1087 1488 carpentum
1130 1422 1390 1477 cancellis
1419 1423 1772 1488 clathratum,
1800 1425 2140 1496 impositam.

562 1510 726 1565 Istam
746 1511 1005 1578 enitn,.ni
1033 1512 1212 1577 fallor,
1248 1515 1419 1571 habet
1448 1517 1778 1572 sententiam
1811 1519 1901 1574 ille
1927 1519 2144 1575 Tzetzis

563 1619 754 1660 versus
785 1623 797 1660 ἶ

646 1743 941 1813 Ἰσοτιμῶνι
967 1747 1064 1798 καὶ
1107 1745 1181 1817 τῷ
1211 1745 1364 1818 αὐτῷ
1421 1746 1636 1814 κλουϐᾦ
1693 1749 2139 1817 συνεμειϐἁζων.

634 1881 1025 1950 Κομμέρκισν,
1063 1898 1187 1954 pag.
1240 1884 1368 1942 448.
1420 1887 1830 1942 Commercium
1883 1885 2136 1943 Latinam
2175 1881 2209 1931 Π

556 1992 746 2030 vocem
791 1975 996 2033 Graecis
1053 1977 1156 2035 hoc
1213 1979 1341 2036 loco
1387 1981 1650 2052 scriptam
1691 1981 1894 2036 litteris
1949 1991 2144 2037 auctor

557 2071 806 2136 adhibet,
847 2071 1128 2130 ex‘multo
1157 2074 1372 2130 scilicet
1400 2089 1525 2130 cum
1568 2073 1959 2131 Genucnsihus
1989 2076 2140 2130 Lati-

557 2165 645 2221 nis
674 2180 775 2224 usu
806 2163 1021 2223 Graecis
1055 2181 1281 2237 quoque
1318 2166 1639 2241 Byzantinis
1676 2169 1957 2224 usitatam.

627 2254 711 2329 μ’.
741 2255 869 2329 4901
905 2258 1145 2314 Κόκκοι.
1201 2260 1261 2315 In
1316 2261 1485 2332 priori
1530 2260 1809 2317 Glossario
1840 2261 1988 2334 quod
2023 2261 2135 2320 dixi

553 2353 619 2406 ad
653 2350 760 2406 hoc
790 2351 1146 2415 vocabulum.
1189 2351 1464 2408 confessio
1515 2353 1702 2427 potius
1729 2353 1836 2408 fuit
1869 2353 2135 2422 ignoran-

555 2446 643 2500 tite
709 2460 850 2503 meae
897 2460 1062 2516 quam
1115 2446 1270 2502 vocis
1315 2448 1612 2516 propositae
1657 2447 1977 2502 declaratio.
2016 2445 2134 2503 Lux

549 2538 754 2594 deinde
779 2538 914 2597 mihi
941 2537 1195 2609 quaedam
1227 2555 1256 2594 a
1290 2539 1452 2595 caecis
1479 2537 1709 2596 affulsit.
1743 2538 2132 2610 Coniecturam

551 2632 683 2688 inde
717 2631 938 2687 ductam
971 2633 1064 2689 hic
1091 2632 1330 2689 obnoxie
1380 2648 1631 2706 propono
1673 2633 1961 2703 prudentis
1986 2634 2141 2702 judi-

552 2725 640 2780 cio
682 2725 926 2788 lectoris,
964 2735 1021 2780 et
1070 2724 1137 2780 de
1168 2741 1227 2780 rc
1279 2725 1393 2796 ipsa
1438 2735 1495 2781 et
1541 2725 1610 2780 de
1653 2725 1969 2796 suspicione
2009 2742 2139 2780 mea.

553 2819 778 2888 plenum
834 2819 886 2874 ei
926 2819 1224 2874 arbitrium
1266 2817 1538 2875 tribuens.
1585 2819 1724 2879 Cum
1783 2819 2019 2890 legerem
2073 2819 2127 2875 in

552 2911 656 2968 hae
705 2913 945 2968 secunda
982 2912 1228 2968 historia:
1276 2912 1724 2985 Paehymerianae
1763 2923 1943 2982 parte,
1977 2913 2017 2966 l.
2050 2928 2124 2979 tv,

546 3021 598 3062 c.
624 3005 688 3070 2,
715 3004 918 3076 satpius
964 3005 1262 3063 memorari
1313 3007 1555 3080 τυφλοὺς
1587 3005 1879 3079 μοναχούς,
1914 3006 1970 3062 in
2002 3021 2127 3063 eam

546 3083 872 3168 opinionem
908 3113 1029 3155 sum
1083 3099 1384 3170 ingressus,
1419 3100 1642 3156 eosdem
1680 3098 1795 3155 illic
1825 3097 2125 3174 signiﬁcari

543 3189 640 3261 qui
689 3191 908 3259 voL-l,
945 3207 1069 3264 pag.
1101 3193 1227 3260 489,
1292 3195 1482 3248 κόκκοι
1531 3193 1759 3265 μοναχά
1814 3207 1852 3248 ατ
1915 3191 2124 3265 Pachy-

544 3300 697 3344 merc
758 3296 1047 3351 vocantur.
1104 3288 1266 3346 Certe
1323 3299 1436 3343 toto
1493 3289 1591 3344 illo.
1651 3288 1830 3359 capite
1871 3289 2123 3358 exempla

544 3381 975 3438 excrucationum
1032 3381 1336 3438 crudeliter
1388 3382 1887 3438 multisiilatarum
1915 3394 2122 3455 conge-

546 3483 752 3530 runtur
807 3474 1024 3542 inuita;
1057 3487 1179 3545 post
1231 3491 1355 3549 qua:
1388 3476 1584 3532 subdit
1604 3485 1798 3533 auctor
1823 3475 1928 3531 sub
1955 3474 2122 3532 ﬁnem

542 3568 742 3640 capitis
766 3584 832 3622 ν.
863 3565 932 3622 i6
962 3585 974 3621 :
1033 3567 1286 3639 Κόκκους
1311 3569 1368 3623 δὲ
1396 3570 1666 3642 μοναχοὺς
1695 3567 1793 3626 καὶ
1832 3566 1960 3631 τοὺς
1994 3567 2121 3620 κατ’

542 3662 752 3717 ἐκεῖνον
779 3657 878 3715 iii).
901 3657 1006 3716 Ubi
1043 3659 1274 3718 relativo
1303 3660 1520 3714 ἐκεῖνον
1545 3659 1825 3732 indigitari
1850 3657 2121 3730 vei696

543 3755 1004 3824 antpcv,.tempus
1032 3752 1294 3809 nimirum
1330 3754 1487 3824 prius
1515 3752 1650 3808 illud
1677 3751 2115 3808 exorientisAr-

538 3843 754 3902 seniani
784 3843 1124 3910 schismatis,
1157 3846 1241 3900 vel
1268 3844 1449 3916 ipsum
1479 3847 1600 3918 ejus
1627 3845 1945 3900 schismatis
1981 3860 2110 3899 cau-

538 3957 654 3999 sam
675 3947 773 3996 aut
798 3948 1128 4014 prouentum
1149 3939 1595 4010 expatriarcbam
1622 3939 1937 4003 Arscmnm,
1963 3935 2116 3993 credi

537 4038 768 4107 poterit.
799 4037 1096 4107 Comparat
1121 4035 1269 4095 enim
1307 4033 1473 4088 tacite
1503 4031 1802 4090 historicus
1832 4031 1942 4085 duo
1975 4039 2117 4085 tem-

537 4147 704 4202 pora.
741 4132 943 4201 quibus
979 4128 1217 4184 similem
1267 4125 1648 4197 impotentiam
1700 4123 1963 4180 saeviendi
2019 4122 2118 4177 Mi-

535 4224 696 4280 chael
747 4223 1052 4294 imperator
1109 4220 1439 4288 ostenderit,
1471 4219 1626 4292 prius
1672 4217 1974 4275 exorientis
2011 4216 2115 4273 sub

534 4316 912 4389 patriarebatu
945 4313 1173 4383 .ltosepbi
1208 4313 1527 4370 Arseniante
1581 4311 1880 4376 (actionis,
1918 4319 2113 4365 aucto-

531 4411 689 4466 ribus
740 4407 976 4463 maxime
1025 4408 1354 4474 monachis;
1413 4407 1469 4463 in
1523 4424 1664 4480 quos
1711 4409 1837 4467 ideo
1872 4408 2110 4478 impulsu

528 4501 788 4574 Josepbi,
811 4503 972 4574 jussu
998 4501 1250 4573 Augusti,
1274 4502 1547 4576 Georgius
1571 4500 1890 4573 AcrOpolita
1923 4500 2114 4555 imma-

533 4595 678 4650 niter
720 4602 1002 4664 grassatus
1044 4593 1366 4651 ulciscendo
1396 4593 1489 4658 sit,
1530 4593 1791 4665 χαλεπῶς
1819 4592 2111 4662 αἰκιζόμε-

532 4706 639 4752 νος,
680 4687 909 4756 Salpini),
939 4687 1317 4758 κρεμαννύων,
1361 4687 1670 4761 μαστίζων,
1713 4687 1867 4745 omni
1917 4687 2118 4744 crude-

530 4785 702 4840 litatis
730 4794 785 4840 et
814 4784 1130 4854 ignominiae
1154 4800 1358 4856 genere
1390 4786 1614 4842 exedens
1639 4801 1707 4841 ac
1734 4785 2122 4843 dehonestans

533 4875 880 4932 venerabiles
917 4876 1122 4946 populo
1169 4875 1516 4945 professores
1548 4877 1677 4935 vitae
1719 4876 2012 4947 religiosas.
2045 4891 2121 4932 ex.

525 4969 733 5023 celebri
787 4969 1098 5040 praesertim
1145 4970 1503 5033 monasterio,
1532 4970 1891 5041 ParitepOptte
1935 4969 2139 5030 dicto,

527 5084 668 5137 quos
719 5079 775 5123 et
825 5075 1117 5138 postquam
1187 5069 1333 5128 male
1379 5069 1748 5124 mulctaverat
1797 5069 2111 5126 exsulatum

527 5159 880 5215 amandabat.
905 5159 1063 5216 Tunc
1089 5170 1396 5218 excaecatus
1417 5161 1593 5218 fuisse
1629 5161 1774 5217 istos
1793 5162 2109 5233 antesigna-

524 5266 628 5309 nos
656 5251 975 5310 Arseniauae
1007 5255 1205 5324 partis,
1240 5269 1382 5326 quos
1410 5255 1741 5312 convincere
1773 5265 1830 5312 et
1875 5256 1941 5309 ad
1976 5271 2110 5311 con-

523 5344 771 5401 cordiam
832 5346 1102 5404 reducere
1159 5357 1399 5404 conatus
1453 5349 1620 5421 longo
1671 5359 1797 5420 post
1854 5359 2105 5420 tempore

519 5436 874 5494 Andronicus
900 5450 1003 5504 est,
1040 5452 1204 5512 prout
1248 5443 1419 5499 refert
1447 5454 1638 5500 noster
1668 5447 1790 5516 ejus
1832 5444 2100 5513 Historia,

517 5547 575 5602 p.
625 5533 756 5598 462,
833 5536 1092 5605 equidem
1135 5536 1492 5600 crediderim,
1526 5554 1650 5595 curn
1709 5539 1764 5594 id
1806 5540 1941 5596 alibi
1974 5557 2105 5596 nar-

513 5635 699 5679 ratum
744 5625 815 5682 ab
869 5643 938 5684 eo
977 5629 1297 5686 distinctius
1353 5648 1463 5686 non
1512 5632 1708 5704 legam.
1741 5635 1881 5689 Puto
1914 5646 2099 5692 autem

513 5720 654 5774 istos
690 5722 788 5776 tali
830 5738 998 5778 causa
1036 5733 1094 5780 et
1155 5736 1402 5796 tempore
1449 5729 1694 5798 privatos
1749 5734 1930 5788 oculis
1980 5750 2099 5789 πηο-

510 5812 747 5881 naeuos,
820 5816 930 5870 vol.
996 5817 1037 5880 l,
1099 5835 1152 5886 p.
1194 5818 1321 5885 £89,
1392 5836 1418 5872 a
1475 5822 1811 5894 Pacbytnere
1877 5827 2090 5882 indica.

516 5914 622 5969 tos,
667 5907 921 5975 populari
953 5913 1199 5983 nomine,
1251 5931 1357 5984 quo
1394 5931 1424 5971 a
1454 5917 1571 5972 suis
1603 5921 1923 5977 Arsenianis
1965 5939 2092 5993 per-

2246 602 2478 670 bautur.
2510 604 2703 660 κόκκαι
2734 601 2982 675 μοναχοε,
3031 617 3158 658 cum
3211 600 3377 656 laude
3418 616 3485 656 ac
3539 615 3825 656 commen-

2244 694 2469 759 datione
2516 704 2776 766 tanquam
2831 694 3481 754 confessoreseelebrari
3513 695 3582 752 ab
3612 694 3702 748 his
3735 708 3822 748 so-

2243 789 2394 854 litos,
2425 788 2694 849 vocabulo
2726 786 3203 848 videlicetLatino
3232 788 3376 853 moi,
3407 795 3468 843 ut
3502 786 3610 842 alia
3653 786 3825 844 multa

2242 900 2342 956 per
2395 885 2451 940 id
2485 894 2706 956 tempus
2736 881 2938 943 Graecas
2988 883 3168 955 plebis
3210 899 3314 939 usu
3373 882 3726 954 frequentate
3771 889 3829 936 et

2243 994 2506 1051 expresso
2558 976 2764 1038 Gracia
2797 975 3036 1042 litteris;
3101 987 3162 1033 ut
3205 976 3349 1035 forte
3380 976 3678 1048 legendum
3709 975 3826 1031 illic

2244 1072 2318 1127 sit
2353 1073 2561 1138 καϊκοι,
2593 1079 2692 1126 aut
2717 1071 2870 1143 juxta
2897 1070 3232 1141 scripturam
3263 1069 3452 1125 multis
3495 1069 3824 1125 Latinorum

2247 1168 2504 1225 usitatam
2539 1170 2740 1234 κοῖκοι,
2785 1166 2939 1238 quod
2986 1165 3217 1238 propius
3285 1183 3316 1222 a
3368 1166 3573 1234 xdxxot',
3621 1165 3830 1223 aberit.

2243 1260 2451 1320 Caecum
2480 1262 2628 1319 enim
2663 1277 2762 1334 per
2790 1261 3195 1334 diphthongum
3239 1276 3285 1317 ω
3344 1274 3376 1316 a
3431 1259 3622 1321 multis
3676 1259 3831 1315 Lati-

2245 1372 2485 1422 norum,
2548 1355 2880 1414 vol-abuium
2958 1355 3145 1426 τυφλῷ
3192 1354 3391 1413 Greco
3434 1353 3783 1425 respondens
3812 1392 3831 1418 ,

2245 1450 2415 1506 scribi
2449 1449 2506 1505 in
2539 1465 2648 1515 non
2695 1449 2884 1520 paucis
2914 1448 3215 1520 hodieque,
3250 1458 3311 1506 ut
3359 1464 3472 1506 non
3503 1449 3680 1506 dicam
3709 1447 3833 1516 ple-

2244 1540 2452 1612 risque,
2507 1541 2673 1597 etiatu
2734 1539 2960 1610 antiqua
3013 1541 3254 1597 exaratis
3305 1554 3514 1604 manu,
3577 1537 3834 1592 cernitur

2243 1634 2424 1690 libris.
2472 1632 2588 1701 Qua
2644 1633 2934 1690 occasione
2993 1648 3105 1688 non
3161 1635 3399 1690 verebor
3453 1630 3643 1688 dicere
3681 1629 3833 1686 forte

2244 1729 2406 1784 istam
2437 1726 2897 1793 emendatiorem,
2929 1735 3116 1797 utpote
3147 1725 3708 1783 accommodatiorem
3753 1723 3828 1780 ad

2245 1819 2911 1892 etymum,'scriptionem
2959 1835 3103 1877 esse.
3155 1818 3332 1878 Video
3367 1820 3831 1878 acedratissimos

2245 1915 2635 1986 grammaticos
2686 1914 2924 1970 multum
2975 1929 3035 1970 se
3081 1909 3452 1984 contorquere
3511 1912 3568 1969 in
3610 1911 3833 1984 disqui-

2247 2007 2696 2080 renda'origine
2754 2006 2916 2064 vocis.
2975 2023 3166 2064 cacus.
3222 2006 3489 2071 Isidorus.
3529 2006 3832 2068 Perottus.

2245 2101 2622 2166 Decembrius,
2663 2099 2823 2156 relati
2867 2117 2900 2156 a
2951 2098 3148 2156 Vossio
3180 2099 3238 2154 in
3267 2115 3369 2155 suo
3402 2099 3861 2155 accuratissime.

2241 2195 2638 2269 Etymologico,
2698 2211 2894 2250 meum
2946 2209 3046 2266 per
3085 2211 3132 2250 ar
3182 2194 3494 2250 scribentes
3529 2210 3560 2248 a
3592 2195 3832 2249 carendo

2240 2301 2338 2346 aut
2371 2291 2625 2361 capiendo
2684 2291 2893 2347 dictum
2944 2298 3274 2356 autumant,
3339 2287 3487 2359 quod
3547 2287 3822 2343 nimirum

2237 2389 2417 2436 careat
2435 2389 2532 2438 aut
2558 2388 2753 2454 captus
2777 2381 2850 2434 ait
2867 2380 3066 2440 oculis.
3087 2380 3238 2450 quod
3266 2388 3330 2433 ut
3364 2377 3534 2449 longe
3555 2376 3829 2449 petitum,

2236 2473 2424 2533 nullus
2465 2487 2577 2529 non
2622 2472 2987 2530 omunctioris
3047 2471 3212 2544 paulo
3270 2472 3423 2528 naris
3478 2471 3827 2526 transmittat

2235 2566 2432 2624 lector.
2470 2565 2765 2623 Martinius
2816 2574 3108 2638 postquam
3143 2581 3180 2622 ο
3224 2563 3414 2622 Graeco
3441 2562 3624 2619 καίειν
3665 2578 3828 2621 urere

2234 2675 2440 2718 caecum
2475 2659 2650 2717 videri
2679 2658 2984 2716 formatum
3015 2658 3329 2731 proposuit,
3361 2657 3511 2714 sicut
3543 2655 3752 2726 τυφλόν
3789 2670 3826 2709 a

2230 2753 2389 2825 τύφω
2415 2753 2647 2808 accendo
2681 2737 3049 2825 (neutiquam.
3091 2753 3151 2808 in
3201 2752 3310 2809 hoc
3338 2750 3440 2822 ipsi
3474 2748 3824 2806 assentiente

2231 2848 2421 2904 Graeco
2478 2845 2934 2918 etymologiam),
2990 2845 3196 2902 deinde
3262 2844 3426 2916 longe
3485 2841 3824 2914 prudentius

2227 2940 2436 2996 fatetur
2468 2940 2594 2996 ccci
2640 2939 3075 3014 originationem
3116 2939 3284 3010 plane
3308 2952 3510 2994 caecam
3541 2945 3602 2992 et
3631 2934 3822 2992 occul-

2228 3041 2340 3090 tam
2386 3049 2530 3090 esse.
2564 3031 2712 3102 Quid
2739 3033 2785 3089 si
2817 3041 3005 3090 autem
3036 3048 3233 3088 meum
3262 3047 3362 3103 per
3388 3049 3434 3088 ar
3476 3030 3814 3094 scribamus,

2227 3126 2436 3198 eteius
2490 3127 2574 3183 sic
2608 3125 2801 3197 scripti
2843 3125 3102 3184 vocabuli
3146 3125 3517 3197 veriloquium
3565 3135 3821 3179 accersa-

2234 3235 2358 3276 nius
2391 3233 2423 3274 a
2449 3218 2642 3276 Graeco
2661 3217 2798 3280 κοῶ,
2817 3216 2968 3288 quod
2992 3227 3077 3273 est
3101 3217 3229 3283 νοῶ,
3261 3225 3326 3273 ut
3347 3215 3420 3274 sit
3450 3214 3637 3278 zo‘ixd;
3665 3212 3814 3268 idem

2233 3311 2382 3384 quod
2412 3313 2619 3378 νεῖκός,
2643 3309 2741 3384 qui
2780 3309 2898 3366 acie
2922 3310 3103 3367 solum
3133 3310 3338 3367 mentis
3369 3308 3573 3374 videat,
3605 3306 3818 3363 intuitu

2231 3405 2524 3462 oculorum
2597 3403 2833 3460 carens?
2865 3404 3008 3459 Sane
3073 3402 3399 3460 Eustathius
3434 3399 3817 3475 παρεκεολαϊς

2230 3500 2314 3564 εἰς
2357 3497 2545 3560 Ἰλιάδ.
2586 3497 2637 3564 ζ.
2685 3513 2742 3569 p.
2780 3495 2887 3554 136
2918 3495 3010 3556 ed.
3052 3497 3248 3566 Rom,
3287 3511 3482 3558 vocem
3538 3493 3810 3552 comicam

2229 3592 2502 3663 κοάλιμος
2561 3605 2869 3662 exponens,
2919 3592 3093 3663 ἠγουν
3156 3590 3384 3663 (inquit)
3425 3593 3481 3645 iv
3511 3588 3590 3660 τῷ
3634 3590 3811 3652 κοεῖν,

2231 3688 2354 3760 ἦτοι
2410 3686 2554 3739 νοεῖν
2612 3683 2916 3756 ἀλώμενος.
2960 3683 3108 3752 Ergo
3161 3687 3310 3739 atoer
3368 3684 3512 3738 νοεῖν
3566 3695 3686 3747 est;
3744 3688 3812 3734 ut

2225 3779 2416 3836 κοῖκόν
2441 3795 2633 3834 cacant
2662 3777 2827 3848 primi
2858 3777 3042 3836 Latini
3081 3777 3317 3849 profecti
3353 3791 3386 3833 e
3425 3775 3636 3833 Gratcia
3679 3775 3806 3829 κατ’

2227 3871 2582 3945 εὐφημισμὸν
2617 3871 2784 3943 697
2831 3871 3108 3942 privatum
3138 3869 3351 3928 lumine
3373 3871 3671 3926 oculorum
3714 3883 3809 3923 vo-

2225 3981 2356 4025 care
2409 3968 2715 4038 potuerint,
2755 3963 2914 4036 quasi
2973 3963 3042 4022 ad
3079 3963 3476 4020 consolandam
3520 3962 3815 4020 calamita-

2225 4070 2335 4119 tem
2367 4058 2614 4119 hominis
2671 4059 2923 4130 principe
2965 4074 3366 4130 corporeorum
3402 4073 3668 4122 sensuum
3707 4073 3805 4113 or-

2225 4154 2380 4220 bati;
2413 4169 2526 4225 quo
2546 4169 2749 4224 genere
2789 4153 2975 4211 solatii
3003 4168 3288 4212 recreasse
3311 4168 3523 4211 caecum
3555 4151 3639 4226 [Ρ.
3675 4151 3805 4226 491}

2223 4249 2520 4320 Didymum
2575 4263 2807 4318 magnus
2845 4248 2978 4305 olitu
3019 4247 3295 4306 Antonius
3325 4248 3549 4320 legitur,
3597 4261 3822 4319 negans-

2223 4358 2392 4416 grave
2423 4340 2504 4398 illi
2537 4355 2661 4397 esse
2709 4341 2936 4408 debere.
2964 4341 3112 4414 quod
3157 4341 3560 4400 destitueretur
3589 4341 3830 4398 instruo-

2221 4444 2412 4492 mento
2462 4449 2734 4506 corporeo
2778 4435 3028 4502 videndi,
3062 4436 3346 4494 communi
3401 4435 3612 4494 homini
3677 4451 3804 4492 cum

2222 4527 2498 4589 culicibus
2529 4535 2587 4584 ct
2634 4527 2842 4585 intimis.
2873 4527 3218 4585 insectorum
3245 4565 3266 4594 ,
3318 4543 3444 4588 cum
3490 4539 3678 4584 ruente
3711 4543 3807 4582 va-

2149 4627 2194 4683 n
2224 4621 2368 4679 leret
2393 4619 2690 4681 aitnnlanic
2724 4621 3097 4692 perspicacem
3130 4621 3550 4693 intelligentiam
3582 4621 3813 4680 immor-

2223 4717 2414 4773 talium
2454 4714 2746 4778 inentium,
2785 4715 3096 4784 praesertim
3139 4730 3268 4771 eum
3315 4715 3723 4787 ingeniosiorcs
3747 4725 3809 4772 εδ

2220 4808 2499 4867 acutiores
2530 4809 2854 4880 plerumque
2883 4809 3095 4865 caeteris
3123 4809 3178 4864 in
3201 4809 3620 4880 operationibus
3644 4824 3801 4863 men-

2219 4902 2292 4957 tis
2343 4902 2468 4958 luce
2515 4901 2656 4958 cassi
2707 4903 2996 4958 oculorum
3056 4901 3399 4974 experientia
3458 4902 3808 4972 probentur;

2217 4997 2365 5052 unde
2398 5004 2456 5053 et
2505 4994 2884 5052 Democritum
2931 4997 3114 5063 aiunt,
3163 5013 3275 5068 quo
3309 4997 3799 5068 philosopharetur

2213 5088 2452 5150 felicius.
2487 5081 2638 5145 ultro.
2668 5089 2774 5146 sibi
2810 5089 3035 5148 videndi
3091 5105 3316 5146 sensum
3363 5091 3658 5148 ademisse.
3689 5092 3798 5146 Sed

2213 5183 2331 5240 haec
2367 5184 2534 5239 nimis
2569 5185 2747 5240 multa
2776 5194 2935 5242 extra.
2963 5201 3078 5243 rem
3120 5197 3386 5243 nostram.
3439 5186 3554 5244 Hoc
3589 5190 3794 5261 quippe

2213 5277 2392 5333 solum
2427 5277 2742 5348 signiﬁcare
2775 5278 2924 5334 volui
2957 5296 2970 5335 :
2999 5295 3100 5335 seu
3121 5293 3225 5336 vox
3263 5279 3469 5337 Latina.
3498 5299 3668 5339 oecus
3697 5300 3794 5354 per

2211 5385 2256 5424 te
2284 5385 2386 5425 seu
2429 5386 2601 5425 cacus
2629 5385 2730 5441 per
2769 5387 2814 5426 te
2849 5372 3149 5435 scribatur.
3179 5381 3235 5430 et
3268 5373 3430 5445 cuius
3469 5390 3534 5430 ea
3567 5375 3802 5432 demum»

2209 5479 2429 5534 cunque
2490 5463 2563 5519 sit
2605 5464 2862 5537 originis,
2897 5460 3046 5522 mihi
3067 5468 3255 5524 videri
3276 5470 3565 5541 probabile
3592 5486 3790 5529 mona-

2207 5558 2343 5613 chos
2387 5559 2657 5627 quesdatu
2711 5561 2919 5630 passim
2972 5562 3226 5620 celebres
3273 5565 3396 5620 visu
3446 5565 3712 5631 orbatos,
3758 5583 3790 5625 a

2206 5651 2817 5726 Constantinopolitana
2856 5658 3034 5727 plebe,
3074 5675 3143 5714 ex
3195 5659 3474 5730 irequenti
3523 5663 3798 5720 convictu.

2203 5748 2652 5820 commercioque
2686 5739 3012 5807 Latinorum
3045 5755 3217 5810 multa
3247 5756 3300 5810 in
3330 5772 3489 5814 suam
3522 5761 3797 5818 vocabula.

2204 5840 2447 5910 linguam
2473 5843 2864 5911 transferente,
2912 5848 3141 5914 καίκους
3191 5850 3309 5907 sive
3349 5852 3569 5917 κοίκους
3620 5870 3785 5920 μονα-

2202 5935 2333 6003 χούς
2377 5935 2554 5994 dictos
2584 5979 2599 6004 ,
2659 5938 2826 6012 idque
2893 5944 3115 6016 vulgare
3161 5945 3393 6003 verbum
3439 5947 3798 6020 expressisse,
