4058 6298
467 305 573 376 759

1384 310 1441 373 Ρ.
1492 311 1793 373 POSSINI
1831 310 2489 377 OBSERVATIONUM
2530 313 2679 376 LIB.
2721 312 2774 376 Ῐ.

3627 305 3766 370 ’160

543 422 906 491 Κτητορικὸν
934 420 1190 483 δίκαιον.
1248 436 1304 490 p.
1365 422 1484 478 193.
1521 423 1647 493 Agit
1694 423 1763 479 de
1813 436 2046 492 corpore

2150 421 2381 478 Proetus
2411 422 2551 478 alter
2577 420 2924 486 scholiastes,
2961 403 3118 477 varia
3145 418 3436 493 disputans
3468 419 3538 474 de
3562 433 3759 474 voca-

466 517 873 586 protovestiarii
940 514 1418 585 Constantinopoli
1474 517 1699 581 mortui,
1751 518 1898 585 quod
1964 517 2042 570 ait

466 621 745 679 portatum
778 610 1038 674 Nion-aut,
1070 610 1197 679 quia
1239 612 1330 681 jus
1386 610 1462 663 ibi
1513 611 1813 678 sepulturae
1869 611 1914 663 is
1948 610 2045 663 ha-

468 704 624 756 beret
648 700 815 756 dotali
851 701 1063 754 ratione
1091 709 1333 769 partum,
1364 716 1537 753 uxore
1569 699 1742 768 ipsius
1779 707 2044 767 patrona-

466 804 582 848 tum
632 795 688 848 in
731 792 780 847 id
819 793 1212 847 monasterium
1259 792 1570 854 obtinente,
1619 793 1764 861 quod
1803 790 2044 858 majores

464 882 675 938 scilicet
711 882 833 953 ejus
886 893 979 936 aut
1016 883 1132 953 ipsa
1159 890 1331 937 totutn
1384 882 1466 936 vel
1517 899 1582 938 ex
1633 893 1787 949 parte
1819 881 2044 936 fundas-

464 984 608 1030 sent.
647 973 761 1030 Hoc
791 975 1011 1030 videtur
1043 975 1132 1029 hic
1186 976 1291 1030 dici
1335 975 1658 1044 κτητορικδν
1690 976 1896 1034 δίκαιον
1935 973 2043 1027 ἀπὸ

461 1067 562 1135 τῆς
589 1056 848 1131 συζύγου.
885 1069 1162 1138 κτήτορες
1195 1066 1468 1136 Hesychio
1498 1077 1625 1121 sunt
1651 1066 1890 1129 κτίσται,
1916 1082 2043 1118 con-

463 1161 682 1223 ditores,
715 1174 836 1224 seu,
873 1170 934 1214 ut
975 1161 1136 1230 vulgo
1175 1147 1479 1230 loquimur,
1515 1161 1862 1229 fuitdatores;
1897 1158 2044 1212 unde

460 1254 574 1323 jus,
603 1253 752 1323 quod
783 1269 848 1306 ex
903 1254 1115 1306 conditu
1169 1253 1283 1308 sive
1312 1253 1622 1322 {mutatione
1654 1250 2044 1305 laudatoribus

464 1347 754 1416 competit,
813 1356 962 1400 recte
1018 1347 1341 1417 κτητορικδν
1407 1346 1615 1398 δίκαιον
1666 1344 1776 1398 dici
1839 1343 2043 1412 potuit.

466 1442 622 1511 Sapo
647 1450 830 1496 autem
860 1440 1238 1496 ecclesiastico
1275 1458 1373 1494 usu
1409 1441 1554 1494 inter
1594 1439 1699 1493 alia
1727 1437 2043 1498 honoraria,

465 1552 588 1611 qua!
640 1535 1034 1591 fundatorihus
1082 1536 1352 1598 ecclesiae,
1395 1532 1714 1588 monasterii
1769 1539 1864 1585 aut
1901 1528 2044 1584 sacri

466 1630 714 1702 cujusvis
757 1629 864 1685 loci
909 1636 1256 1698 competunt,
1306 1638 1388 1682 est
1415 1629 1506 1696 jus
1547 1624 1845 1695 sepulturae
1883 1622 1942 1676 in
1979 1622 2047 1676 iis

465 1723 625 1779 locis.

2147 515 2296 570 bulis
2342 515 2638 578 mensium,
2673 513 2982 585 propendet
3031 513 3251 569 eodem.
3305 512 3556 582 Denique
3595 510 3759 565 folio

2148 607 2235 674 75,
2270 607 2514 664 Joannes
2538 607 2770 662 Tzetzes
2798 608 3003 663 diserte
3044 591 3242 662 scribit
3283 605 3577 675 Ληναιῶνα
3609 604 3763 675 ἦτοι

2145 701 2238 754 τὸν
2303 700 2654 769 Ἰανουάριον,
2712 699 2792 764 ὡς
2844 695 3062 771 ληναιὺς
3118 699 3274 769 παρὰ
3328 693 3489 751 Ἴωσι
3542 695 3755 750 κα.λεῖ-

2145 812 2257 848 ται.
2303 795 2567 852 Videmus
2614 794 2744 850 hinc
2773 809 3043 865 quosnam
3102 793 3299 847 innuat
3331 792 3751 862 Pachymeres,

2119 927 2121 930 ι
2146 902 2346 957 nempe
2359 887 2797 958 Mosehopulum,
2821 889 3082 943 Proelum
3101 895 3156 942 et
3178 885 3442 943 Joannem
3461 886 3748 940 Tzetzen.

2123 978 2288 1051 Quid
2329 978 2602 1049 signiﬁcat
2637 989 2824 1035 autem
2881 996 3007 1036 cum
3070 995 3130 1036 se
3159 979 3575 1050 ἑποποιήσαντα
3605 977 3756 1029 κατ’

2146 1070 2345 1135 αὐτούς
2379 1082 2649 1127 memorat
2672 1072 2696 1126 ?
2717 1087 2787 1126 an
2826 1087 2906 1138 se,
2947 1085 3072 1127 eum
3103 1086 3244 1142 puer
3277 1071 3496 1127 illorum
3531 1068 3755 1125 ludum

2146 1165 2529 1235 frequentaret
2571 1175 2625 1221 et
2655 1181 2851 1222 versus
2879 1181 3024 1236 quos
3051 1165 3251 1222 recitat
3275 1164 3345 1220 de
3377 1159 3762 1219 lunari'deli-

2147 1260 2279 1330 quio
2311 1260 2647 1330 compositos
2693 1259 3168 1315 utscholasticum
3200 1274 3431 1330 pensum
3470 1258 3580 1313 illis
3615 1271 3761 1311 ma-

2148 1355 2335 1428 gistris
2365 1355 2643 1420 reddoret,
2685 1355 2775 1412 isti
2805 1369 2998 1413 eorum
3043 1354 3099 1411 in
3131 1356 3221 1412 his
3254 1355 3508 1426 opinioni
3548 1352 3758 1408 adlue-

2148 1451 2320 1506 sisse?
2352 1450 2676 1520 anpmius,
2728 1464 2855 1506 eum
2895 1450 3156 1519 privatim
3201 1447 3500 1504 Hesiodum
3542 1447 3757 1516 legens

2149 1545 2348 1599 horum
2383 1544 2675 1600 adhiberet
2705 1544 2938 1608 scholia,
2984 1554 3040 1598 et
3073 1542 3292 1598 interim
3324 1542 3590 1598 subortus
3627 1537 3754 1606 ipsi

2145 1645 2294 1692 esset
2337 1636 2918 1706 impetus'meditandi
2965 1648 3189 1690 carmen
3239 1632 3556 1690 imitatione
3592 1629 3758 1685 vatis

2145 1745 2312 1800 quem
2361 1736 2858 1792 commentaretur,
2910 1729 3076 1784 obvio
3139 1735 3468 1797 argumento
3521 1722 3758 1778 lunaris

536 1815 762 1881 Λεπάς,
786 1829 841 1885 p.
872 1815 965 1870 53L
991 1815 1107 1870 Hoc
1139 1814 1491 1884 proverbium
1539 1822 1688 1865 tomo
1712 1809 1882 1880 priori
1916 1825 1946 1864 a
1983 1823 2041 1863 se

2147 1823 2496 1887 defectionis,
2559 1822 2805 1876 noluisse
2862 1821 2918 1876 in
2979 1835 3046 1875 eo
3079 1819 3341 1897 recedere
3372 1833 3408 1873 a
3457 1813 3758 1872 sententia

466 1922 814 1982 usurpatum,
845 1918 902 1966 ct
947 1910 1060 1965 illic
1092 1926 1119 1965 a
1168 1909 1330 1964 nobis
1363 1909 1704 1964 declaratum
1738 1905 1791 1957 in
1825 1902 2047 1958 Glossa-

463 2006 570 2065 rio.
607 2021 672 2061 eo
701 2006 882 2073 aptius
916 2013 972 2060 et
1001 2003 1307 2073 elegantius
1351 2003 1442 2056 hic
1472 1999 1699 2055 adhibet
1740 1998 2046 2068 Pachyme-

464 2112 574 2174 res,
606 2102 757 2169 quod
805 2097 950 2153 istud
989 2095 1280 2154 Prodromi
1314 2091 1736 2154 monasterium,
1777 2105 1808 2144 a
1849 2103 1960 2158 quo
1985 2101 2045 2143 se

463 2192 650 2249 divelli
675 2207 817 2263 aegre
842 2192 1060 2247 sinebat
1083 2189 1170 2264 [P.
1203 2188 1330 2261 495]
1362 2185 1688 2244 Theodorus
1715 2183 2044 2256 Cyzicenus,

463 2288 682 2344 fortiter
710 2286 989 2342 abducere
1017 2284 1354 2341 conantibus
1381 2281 1698 2344 obluctans,
1731 2279 1910 2342 Petrae
1952 2290 2048 2331 co-

463 2396 700 2452 gnomen
740 2378 1002 2435 habebat.
1035 2377 1187 2433 idem
1208 2377 1379 2440 enim,
1421 2384 1482 2431 ut
1511 2373 1757 2435 videtur,
1795 2377 1887 2426 est
1919 2381 2045 2424 cum

465 2475 562 2531 illo
594 2473 741 2541 quod
783 2473 1044 2543 superius
1074 2486 1126 2540 p.
1160 2469 1252 2530 48.
1297 2468 1433 2539 μονὴ
1467 2467 1559 2520 τοῦ
1595 2464 1914 2538 Προδρόμου
1946 2460 2048 2530 τῆς

467 2570 714 2640 Πέτρας.
775 2565 1156 2621 monasterium
1209 2561 1494 2617 Prodrom-i
1562 2558 1765 2624 Petra',
1801 2553 2044 2627 appella-

465 2673 579 2718 ωτ.

438 2773 445 2780 ·
535 2755 784 2819 Λίκνος,
818 2769 870 2824 p.
908 2751 994 2808 i9.
1048 2750 1270 2814 Λξκνος,
1296 2747 1462 2816 vulgo
1498 2759 1665 2816 cuna,
1696 2742 1919 2799 videtur
1955 2742 2047 2798 hic

463 2845 572 2904 dici
601 2858 775 2916 genus
803 2842 1009 2900 lectica:
1035 2847 1130 2895 aut
1157 2837 1374 2895 ferenti.
1400 2851 1511 2906 quo
1541 2844 1854 2906 gestaretur
1877 2849 2046 2890 senex

465 2940 810 3011 decrepitus,
842 2950 1039 3006 nempe
1069 2932 1438 3005 gestatorinm,
1470 2944 1576 2984 vox
1615 2936 1881 2998 usurpata
1909 2927 2048 2986 Sue-

464 3035 619 3092 tonio
651 3033 707 3089 in
731 3031 961 3089 Claudio
989 3048 1002 3084 :
1048 3029 1248 3084 Sotitus
1268 3013 1325 3082 in
1349 3028 1638 3097 gestatoria
1665 3024 1866 3078 trudere.

537 3124 836 3196 Anrmdw,
866 3139 918 3194 p.
956 3122 1081 3178 506.
1116 3119 1222 3173 Τοῦ
1253 3119 1297 3171 δ’
1341 3117 1507 3193 αὑτοῦ
1532 3116 2045 3185 ἔτους-Ἑκατομ-

461 3219 673 3274 σπιῶνα
710 3218 952 3286 λέγουσι.
978 3213 1047 3270 ΕΙ.
1079 3213 1261 3268 infra:

492 3340 494 3343 ν
539 3314 730 3382 Μῆνας
761 3311 816 3365 δὲ
845 3308 1072 3379 Ληναιῶ
1093 3305 1286 3377 πρώτη
1323 3303 1480 3375 βάσις
1516 3301 1702 3356 tanta
1739 3302 1934 3372 μήνης.

467 3406 650 3463 Habes
683 3406 738 3461 in
768 3404 856 3460 his
918 3402 1311 3473 Pachymerem
1359 3405 1611 3473 secutum
1661 3395 2042 3450 auctoritatem

461 3503 827 3573 interpretum
857 3495 1102 3560 Hesiodi,
1135 3495 1267 3550 dum
1295 3507 1519 3549 carmen
1545 3490 1690 3561 apud
1718 3491 1868 3558 ipsos
1895 3503 2045 3558 pan-.-

461 3587 984 3670 geretJanuarium
1019 3597 1246 3648 voeasse
1279 3587 1596 3659 Ληναιῶνα,
1628 3585 1788 3654 quasi
1835 3584 1917 3638 sic
1949 3583 2043 3644 ille

466 3691 672 3748 mensis
694 3689 761 3745 ab
783 3683 1221 3745 Atheniensibus
1249 3681 1653 3743 nominaretur,
1673 3693 1800 3732 cum
1827 3693 1888 3733 re
1915 3692 2044 3732 vera
2082 3713 2085 3716 -

457 3786 615 3857 juxta
668 3783 1027 3841 exactiorem,
1062 3785 1123 3832 ut
1181 3785 1362 3847 putat,
1399 3769 1732 3830 sententiam
1765 3772 2047 3828 Romano-

464 3895 586 3934 rum
617 3877 914 3934 Jaauarius
938 3873 1104 3945 700
1152 3868 1585 3926 Atheniensibus
1616 3865 2044 3922 Hecatombaeon

461 3979 647 4034 dictus
699 3975 795 4031 sit.
861 3971 976 4030 iam
1027 3968 1242 4040 pridem
1308 3966 1364 4022 in
1408 3962 1892 4021 ,Observationibus
1976 3959 2045 4016 ad

460 4069 703 4140 priorem
729 4062 985 4119 Historiae
1012 4059 1459 4131 Pachymerianae
1479 4069 1715 4129 partem,
1746 4057 1787 4110 l.
1814 4071 1892 4120 ut,
1913 4069 1963 4110 c.
1991 4043 2042 4120 1,

462 4159 839 4219 demonstravi
896 4158 1041 4215 banc
1093 4152 1346 4209 historici
1397 4155 1574 4209 nostri
1622 4156 1948 4225 opinionem
1990 4163 2044 4207 et

465 4259 545 4314 illi
601 4255 936 4327 singularem
994 4258 1049 4306 et
1098 4247 1289 4302 falsam
1340 4261 1483 4310 esse,
1530 4247 1636 4302 nisi
1685 4247 1862 4302 solum
1913 4245 2046 4302 velit

464 4352 704 4426 primum
762 4346 896 4402 anni
947 4341 1114 4400 Attici
1160 4357 1406 4398 mensem
1470 4341 1904 4414 Ἑκατομϐαιῶνα
1960 4341 2047 4394 di-

464 4454 640 4506 ctum,
680 4439 1144 4511 quemadmodum
1174 4441 1386 4510 primus
1405 4438 1534 4491 anni
1570 4434 1801 4490 Romani
1842 4436 2047 4491 mensis

2068 3179 2117 3241 C

2149 1914 2576 1970 seholiastarum
2619 1911 2865 1979 Hesiodi,
2904 1920 3188 1983 utcunque
3244 1911 3432 1965 minus
3460 1908 3566 1963 sibi
3605 1920 3759 1978 pro-

2149 1991 2316 2077 bataf?
2373 2007 2679 2077 Suspicari.
2746 2006 2965 2078 opinor,
3019 2005 3217 2061 liceret
3269 1999 3626 2066 alterutrum,
3691 1997 3752 2053 si

2147 2095 2593 2166 Moschopulum,
2621 2095 2881 2150 Proclum
2904 2105 2963 2150 et
2979 2095 3216 2163 Tzetzen
3249 2109 3316 2151 eo
3345 2104 3624 2148 constaret
3657 2091 3754 2146 si-

2149 2190 2262 2244 mul
2287 2203 2485 2245 omnes
2509 2196 2757 2259 tempore
2781 2187 2983 2244 vixisse
3003 2197 3116 2259 quo
3135 2186 3412 2255 potuisset
3442 2185 3573 2240 dare
3603 2182 3758 2254 ipsis

2149 2297 2290 2354 puer
2319 2298 2544 2354 operam
2579 2281 2948 2353 Pachymeres
2999 2281 3054 2336 in
3107 2279 3241 2335 ludo
3291 2279 3589 2336 litterario.
3632 2276 3750 2334 Cui

2148 2391 2221 2433 ne
2259 2393 2364 2432 nos
2419 2375 2770 2446 implicemus
2821 2373 3201 2445 disquisitioni
3233 2386 3344 2427 non
3377 2371 3744 2435 necessariae,

2148 2469 2448 2526 secundam
2477 2468 2662 2540 potius
2701 2470 2857 2543 viam
2879 2465 3215 2529 tenebimus,
3246 2463 3351 2519 nisi
3375 2464 3429 2519 ἐἰ
3462 2463 3588 2532 quis
3621 2477 3748 2516 ma-
3775 2461 3778 2464 ’

2147 2561 2214 2617 lit
2242 2561 2514 2634 suspicari
2550 2561 2969 2632 Pachymerem,
3001 2558 3148 2628 apud
3175 2557 3592 2627 qualescunque
3625 2569 3752 2607 ma—

2149 2653 2354 2726 gistros
2383 2656 2542 2711 daret
2571 2670 2796 2725 operam
2835 2651 3061 2718 litteris,
3094 2649 3242 2722 quod
3295 2649 3332 2704 ii
3387 2647 3555 2719 vulgo
3591 2647 3752 2703 celer

2149 2749 2333 2805 brium
2371 2750 2601 2804 istorum
2637 2745 2860 2803 Hesiodi
2895 2749 3261 2816 interpretum
3303 2741 3638 2798 sententiam
3663 2754 3746 2796 eo

2149 2854 2316 2914 poeta
2338 2842 2649 2898 enarrando
2677 2851 3068 2914 sequerentur,
3104 2841 3251 2896 illam
3289 2837 3430 2892 dicis
3468 2851 3635 2891 causa
3677 2841 3748 2890 et

2149 2936 2531 3009 perfunctorie
2585 2935 2643 2991 in
2706 2935 2964 2992 versibus
3017 2935 3173 3007 juxta
3223 2946 3466 3005 ipsorum
3523 2930 3739 2986 dictata

2147 3031 2372 3101 scriptis
2411 3031 2723 3099 amplexum
2755 3029 2948 3085 fuisse.
3572 3038 3576 3040 ’

2222 3121 2306 3196 [Ρ.
2339 3123 2466 3197 494]
2490 3122 2909 3195 Λοταριαστὴς
2938 3121 3050 3192 τῆς
3065 3117 3284 3188 αὐλῆς,
3313 3135 3368 3191 p.
3405 3117 3535 3175 296.
3571 3113 3725 3186 Παρ-

2149 3219 2251 3287 ἧγε
2311 3218 2367 3271 δὲ
2415 3219 2507 3272 καὶ
2539 3218 2799 3289 μάρτυροι
2846 3215 3162 3288 λεγομένων
3195 3216 3286 3268 τὸν
3318 3215 3438 3267 τότε
3471 3213 3735 3282 λογαρια-

2148 3312 2283 3380 στὴν
2308 3313 2409 3382 τῆς
2439 3312 2610 3384 αὐλῆς
2641 3312 2930 3382 Ἄγγελον.
2958 3309 3104 3366 'Mox
3136 3309 3291 3363 illum
3327 3306 3407 3362 ait
3439 3306 3606 3361 fuisse
3636 3305 3737 3375 ὀφο

2149 3405 2316 3477 φικίῳ
2338 3405 2728 3476 τετιμημένον,
2753 3407 3074 3460 honoratum
3095 3402 3292 3474 ofﬁcio,
3317 3402 3425 3456 hoc
3448 3408 3534 3454 est
3561 3398 3741 3469 magi-

2148 3486 2339 3554 Stratu'
2367 3498 2677 3553 bonoritico
2710 3499 3003 3569 insignem.
3034 3497 3210 3568 Hujus
3233 3507 3439 3550 munus
3459 3493 3736 3553 Codinus.

2146 3605 2198 3646 c.
2249 3592 2303 3656 5.
2345 3585 2413 3646 ἠ.
2449 3591 2540 3652 84,
2593 3592 2679 3646 his
2716 3590 2906 3646 verbis
2947 3589 3211 3660 exprimit
3253 3604 3276 3644 τ’
3313 3587 3372 3640 Ὀ
3423 3585 3527 3654 τῆς
3561 3583 3741 3655 αὐλῆς.

2149 3687 2511 3757 λογαριαστὴς
2544 3685 2819 3752 λογίζεται
2862 3683 2989 3747 τοὺς
3027 3683 3085 3735 ὲν
3128 3685 3193 3753 τῇ
3228 3678 3733 3752 αὐλῇεεὺρισκομέ-

2148 3797 2274 3844 von;
2299 3779 2507 3842 πάντας
2541 3777 2865 3849 ρογάτορας,
2898 3778 2947 3831 si
2969 3774 3144 3830 λείπει
3165 3775 3270 3828 τινὶ
3305 3765 3536 3843 essese
3568 3771 3724 3843 701

2149 3874 2315 3946 ρόγας
2339 3871 2530 3937 αὐτοῦ,
2572 3871 3016 3943 ἢὲξεδούλευςεν
3072 3869 3213 3940 ὑπὲρ
3264 3860 3340 3923 ὧν
3389 3868 3720 3940 ὲρῤογεύθη.

2149 3966 2266 4023 Hoc
2305 3974 2391 4022 est
2446 3959 2755 4035 interprete
2805 3964 3068 4021 Gretsero
3110 3965 3301 4018 nostro
3338 3977 3351 4015 :
3397 3958 3731 4034 Logariastes

2149 4059 2287 4115 aula
2305 4068 2547 4137 numerat
2576 4069 2624 4114 et
2656 4065 2925 4129 computat
2950 4073 3130 4112 omnes
3159 4055 3352 4110 milites
3376 4056 3467 4126 qui
3518 4057 3574 4108 in
3603 4055 3729 4108 aula

2147 4155 2412 4225 stipendia
2459 4137 2696 4219 merent;
2745 4161 2797 4206 et
2854 4151 3066 4223 dispicit
3145 4151 3382 4221 nunquid
3444 4149 3608 4204 alicui
3669 4149 3735 4203 de

2147 4247 2406 4320 stipendio
2453 4247 2604 4310 desit,
2631 4257 2725 4300 aut
2766 4261 2892 4301 num
2923 4244 3077 4318 plene
3104 4244 3442 4314 satisfecerit
3493 4261 3589 4316 pro
3641 4245 3735 4298 sti-

2149 4350 2338 4422 pendio
2361 4348 2500 4420 quod
2527 4349 2756 4418 accepit.
2787 4345 3038 4402 Meminit
3061 4345 3222 4416 hujus
3247 4342 3414 4399 ofﬁcii
3433 4357 3578 4414 sape
3599 4341 3731 4398 alibi

2149 4442 2413 4499 Codinus.
2446 4441 2580 4496 Erat
2628 4448 2684 4496 et
2734 4439 2876 4497 alius
2906 4425 3233 4509 logoriastes
3257 4451 3489 4506 magnus
3520 4451 3731 4491 memo-

461 4535 756 4594 Januarius
815 4534 1046 4589 dicitur.
1096 4534 1219 4588 Hoc
1263 4532 1410 4588 enim
1465 4544 1596 4584 sane
1667 4529 2041 4584 verissimum.
2075 4549 2121 4605 ῃ
2150 4549 2304 4592 ratus
2330 4535 2508 4592 eidem
2543 4551 2654 4592 non
2718 4535 2912 4599 semel,
2963 4541 3024 4588 ut
3073 4549 3123 4590 c.
3173 4534 3229 4599 2,
3266 4550 3324 4588 n.
3361 4531 3467 4600 40;
3519 4531 3588 4588 ab
3628 4531 3732 4589 hoc

463 4629 601 4684 illud
672 4637 858 4682 autem
922 4625 1323 4687 falsissimum,
1383 4621 1705 4677 Ianuarium
1765 4621 2042 4690 Ἑκατομ-

463 4722 659 4776 ϐαιῶνι
708 4718 1072 4790 respondere,
1110 4717 1184 4772 ita
1237 4726 1297 4771 ut
1333 4715 1678 4784 temporibus
1731 4712 2046 4792 indicandis

463 4815 698 4872 alterum
737 4813 958 4868 illorum
1010 4811 1411 4866 vocabulorum
1473 4809 1728 4879 usurpari
1786 4819 2048 4882 tanquam

462 4910 796 4980 :equivalens
824 4906 985 4962 alteri
1011 4914 1200 4973 queat,
1242 4904 1390 4975 quod
1427 4903 1770 4972 constanter,
1811 4906 1905 4962 sed
1932 4907 2049 4961 sin-

464 5002 729 5074 gulariter
752 5011 809 5055 et
837 4994 1124 5065 mendose,
1142 4998 1514 5071 ’Paebymeres
1544 4998 1696 5054 iacit.
1729 4998 1828 5054 Hic
1855 4997 2052 5055 videns

465 5099 595 5151 dum
628 5096 807 5151 solum
838 5103 922 5149 est
942 5092 1169 5164 quinam
1203 5092 1316 5158 sint
1339 5094 1419 5148 illi
1453 5108 1594 5164 quos
1619 5093 1712 5149 hic
1751 5103 2044 5159 memorat,

465 5191 730 5260 ἐξηγηταὶ
757 5188 852 5242 τοῦ
875 5189 1191 5258 ’Δσκρηθεν
1217 5188 1823 5259 ποιητοῢ,εηανναεοτεδ
1849 5190 2048 5243 Λπνωὶ

465 5293 654 5353 νοεῖτε.
692 5282 970 5338 Habemus
997 5282 1303 5337 Hesiodum
1338 5298 1488 5336 mere
1518 5283 1704 5338 Graece
1737 5297 1860 5336 cum
1897 5298 2046 5337 mere

464 5376 673 5433 Gracis
709 5374 962 5439 scholiis,
995 5373 1207 5429 editum
1255 5372 1524 5440 Venetiis,
1567 5391 1659 5428 an.
1695 5373 1830 5430 Chr.
1883 5375 2044 5438 1537,

464 5484 632 5540 opera
669 5467 910 5523 Victoris
957 5467 1293 5531 Trincaveli,
1326 5469 1482 5539 cujus
1519 5469 1572 5522 in
1627 5467 1755 5521 libri
1790 5465 1922 5522 folio
1954 5469 2045 5531 68,

465 5564 531 5616 ad
567 5562 722 5616 illum
749 5561 868 5632 ejus
894 5572 1068 5632 poeta:
1099 5575 1317 5615 versum
1354 5577 1368 5615 :
1397 5625 1399 5627 _

536 5655 698 5723 Μῆνα
727 5654 786 5707 δὲ
815 5653 1109 5722 Ληναιῶνα
1138 5657 1232 5707 καὶ
1261 5655 1450 5725 ἤματα
1486 5653 1720 5726 βούδορα
1756 5657 1953 5721 πάντα,

466 5745 858 5817 Moscltopulus
909 5746 990 5801 sic
1021 5747 1250 5802 adnotat
1283 5765 1296 5802 :
1333 5749 1489 5801 Κατὰ
1533 5749 1588 5802 δὲ
1621 5751 1768 5818 μῆνα
1797 5751 1902 5810 ,τὸν
1933 5751 2047 5820 Ληο

469 5839 694 5908 ηιῶνα,
727 5841 876 5904 ὅστις
905 5841 1053 5894 ἐστὶν
1093 5844 1121 5896 ὁ
1157 5843 1508 5916 Ἰανουάριος.
1546 5845 1699 5900 Folio
1730 5854 1920 5915 postea
1955 5846 2043 5914 7i,

2150 4631 2306 4702 prior
2332 4630 2696 4701 distinguitur
2732 4622 2992 4704 adjuncto
3021 4613 3160 4682 aula:
3183 4627 3479 4687 vocabulo.
3517 4625 3677 4693 Quod
3696 4643 3725 4682 a

2148 4721 2360 4778 Codino
2372 4708 2656 4788 scribitur,
2677 4739 2728 4778 c.
2747 4707 2805 4789 5,
2821 4739 2878 4778 n.
2894 4722 2985 4788 61',
2999 4722 3066 4775 de
3081 4719 3374 4792 logariaste
3391 4718 3551 4784 aulae,
3567 4709 3733 4785 Οὗτος

2147 4815 2251 4868 οὐκ
2284 4815 2399 4885 ἔχει
2425 4815 2842 4888 τιν-ὑπηρέτημα
2875 4813 3207 4882 νῦν,ἐανοη
3263 4829 3402 4868 nunc
3441 4813 3730 4884 functione,

2147 4905 2578 4980 facilequadrat
2605 4910 2663 4965 in
2691 4910 2807 4965 haec
2831 4919 2925 4964 aut
2957 4893 3450 4979 paulo'posteriora
3471 4904 3564 4959 his
3597 4913 3734 4963 tem-

2147 5024 2307 5080 pora,
2352 5005 2562 5075 quibus
2603 5000 2808 5060 vixisse
2865 5001 3116 5060 Codinus
3168 5015 3399 5075 putatur
3445 4997 3552 5057 sub
3590 4999 3732 5058 Can-

2151 5079 2418 5158 taeuzeno
2455 5107 2550 5154 aut
2581 5112 2708 5154 eum
2749 5096 2868 5162 illo,
2909 5097 3017 5151 hoc
3047 5105 3134 5151 est
3163 5079 3478 5167 principatu
3517 5096 3733 5154 Andro-

2151 5194 2261 5249 nici
2290 5193 2555 5258 Junioris.
2581 5192 2746 5262 hujus
2774 5189 3095 5255 Andronici,
3117 5190 3277 5261 cujus
3324 5183 3610 5246 historiam
3630 5191 3734 5248 Pa-

2149 5288 2439 5358 ehymeres
2483 5286 2594 5352 hoc
2644 5299 2809 5353 Opere
2846 5283 3033 5346 tradit,
3072 5284 3290 5354 nepotis
3337 5290 3395 5338 et
3433 5283 3732 5355 aliquando

2151 5385 2397 5452 collega.
2422 5379 2559 5436 Cum
2603 5380 2751 5434 enim
2784 5393 2848 5433 ex
2882 5377 2968 5433 his
2997 5392 3119 5448 qua:
3165 5392 3309 5448 saepe
3345 5380 3600 5448 superius
3636 5395 3730 5434 no-

2151 5487 2266 5532 ster
2300 5483 2531 5544 questus
2560 5481 2644 5529 est
2686 5472 2756 5527 de
2799 5470 3045 5542 neglecta
3087 5470 3363 5527 solutione
3401 5472 3730 5542 pensionum

2151 5570 2421 5625 militibus
2468 5567 2842 5631 decretarum,
2882 5582 3020 5636 quas
3046 5567 3211 5636 ρόγας
3261 5565 3506 5620 Codinus
3556 5578 3612 5623 et
3637 5566 3730 5622 alii

2148 5671 2369 5727 vocant,
2406 5661 2743 5731 intelligatur
2776 5661 2982 5715 sensim
3015 5659 3303 5714 inductum
3336 5659 3456 5735 sub
3508 5660 3717 5714 Andro:

2150 5757 2276 5811 nico
2309 5755 2514 5811 seniori
2555 5770 2765 5810 morem
2796 5754 3036 5824 primum
3075 5769 3205 5810 sero
3234 5769 3337 5809 nec
3381 5753 3597 5825 integre
3621 5753 3730 5809 sol

2152 5850 2313 5908 vendi
2339 5850 2486 5921 quod
2517 5851 2882 5907 constitutum
2919 5848 3288 5906 militantibus
3320 5857 3463 5916 erat.
3487 5848 3724 5922 deinde,
