4058 6298
332 412 440 478 76l

1721 424 2250 496 GLOSSABIUM.

3500 428 3615 494 762

331 546 399 630 ut
415 543 670 632 apparet,
716 550 945 632 prorsus
989 539 1250 611 negandi,
1287 542 1470 599 locum
1525 545 1766 616 amplius
1806 550 1995 610 non‘A
2027 549 2150 604 dam
2175 549 2400 632 ad'olim
2431 565 2460 606 ι
2481 566 2572 606 me
2597 561 2779 608 notata
2809 553 2876 607 ad
2917 551 3026 608 hoc
3059 553 3305 607 verbum.
3349 547 3607 606 Occurrit

333 626 535 683 habuit
565 628 778 685 functio
808 630 1113 700 logariastae
1139 636 1301 702 aulae,
1334 636 1379 692 si
1417 639 1535 708 ejus
1567 651 1706 698 erat.
1734 647 1793 693 ut
1831 646 1918 692 est

334 721 570 790 dictum,
625 725 917 795 providere
956 734 1017 782 ut
1053 728 1266 800 integre
1323 734 1620 802 pensiones
1664 734 1779 789 istae
1818 749 1919 801 pro

337 816 505 870 modo
537 825 751 870 navatae
801 833 985 886 operae
1017 835 1467 886 numerarentur.
1503 825 1692 881 Potuit
1733 837 1919 880 tamen

333 922 542 962 nomen
572 917 630 962 et
675 909 855 964 honor
908 910 1072 981 hujus
1113 913 1464 984 magistratus
1491 916 1738 979 retineri.
1772 920 1918 988 quod

339 1003 429 1056 hic
457 1012 645 1056 noster
669 1002 896 1061 indicat.
936 1007 1042 1060 etsi
1074 1008 1184 1076 jam
1222 1017 1336 1062 tum
1371 1009 1538 1074 forte,
1571 1012 1614 1065 si
1643 1012 1922 1078 Codiuus,

337 1097 498 1166 cujus
550 1102 682 1148 etas
750 1104 836 1149 est
892 1095 1121 1164 incerta,
1176 1103 1282 1156 sub
1335 1105 1655 1160 Andronico
1703 1101 1925 1162 sviiiore

339 1190 589 1259 scripsit,
635 1191 762 1261 ejus
830 1192 1229 1260 ministerium,
1297 1197 1657 1269 ὑπηρέτημα,
1716 1214 1930 1255 cessas-

342 1298 447 1342 set.

412 1380 902 1449 ιῖιαιμακτηριών.
935 1396 989 1450 p.
1041 1381 1168 1436 382.
1205 1381 1353 1438 Cave
1385 1394 1544 1453 putes
1578 1385 1682 1441 hoc
1712 1397 1772 1441 ut
1807 1388 1929 1442 aliis

340 1473 481 1529 locis
511 1474 677 1545 hujus
716 1475 961 1529 historiae
995 1476 1164 1544 priori
1197 1486 1387 1530 nostro
1410 1475 1690 1532 Glossario
1721 1479 1932 1535 indica-

344 1566 414 1620 tis
446 1564 1195 1643 Mltpaxt‘qptt‘bvadtllllum
1233 1566 1367 1621 dici.
1421 1566 1718 1640 Repuguat
1753 1572 1930 1625 mani-

343 1660 480 1716 {este
506 1661 794 1717 character
837 1661 1009 1717 feriae.
1045 1662 1179 1717 Nam
1214 1662 1588 1718 certissimum
1609 1677 1694 1719 est
1717 1679 1926 1721 annum

343 1772 456 1826 quo
494 1757 588 1812 hic
629 1764 849 1812 narrata
878 1756 992 1827 geri
1024 1757 1281 1827 contigit,
1315 1755 1489 1811 fuisse
1526 1756 1733 1812 Christi
1767 1757 1926 1821 1504,

344 1850 439 1921 qui
484 1853 604 1907 sine
641 1853 748 1904 ulla
787 1852 1168 1905 controversia
1199 1850 1412 1921 cyclum
1448 1851 1583 1905 solis
1613 1853 1928 1906 numeravit

345 1941 449 2012 25,
485 1941 612 2012 quia
647 1957 779 1996 vero
804 1941 1105 1995 bissextilis
1136 1942 1569 2012 iuit,_dupliccm
1623 1942 1816 1997 habuit
1847 1944 1934 1996 in-

347 2036 528 2092 dicem
579 2035 881 2092 Dominicze
937 2035 1200 2101 litteram,
1230 2032 1271 2088 E
1318 2043 1377 2090 et
1408 2035 1472 2100 Ι),
1505 2051 1741 2105 quarum
1773 2037 1932 2107 prior

349 2145 524 2201 usque
559 2128 623 2183 ad
647 2128 718 2183 28
741 2129 1028 2184 Februarii
1061 2128 1234 2193 diem,
1272 2129 1488 2197 reliquo
1521 2129 1649 2184 inde
1683 2139 1931 2200 tempore

345 2223 626 2292 posterior
663 2225 717 2276 in
778 2235 878 2276 usu
938 2220 1063 2277 fuit.
1097 2220 1282 2276 Mense
1314 2221 1484 2293 igitur
1507 2221 1694 2286 Junio,
1725 2222 1769 2278 si
1809 2223 1931 2292 ejus

347 2317 688 2372 meminisset
719 2315 825 2370 hoc
851 2315 970 2369 loco
1001 2314 1394 2394 Pachymeres,
1420 2325 1709 2386 oporteret
1741 2316 1793 2370 in
1827 2317 1933 2372 Ka-

347 2412 598 2467 lendario
631 2412 699 2466 ad
726 2412 871 2467 latus
893 2410 1173 2467 vicesimae
1213 2411 1404 2480 prima:
1435 2410 1546 2465 diei
1596 2411 1838 2467 litteram
1889 2413 1932 2468 Β

347 2509 586 2568 indicem
618 2510 796 2564 sextae
828 2507 1002 2572 feriis,
1066 2507 1290 2578 quando
1322 2507 1364 2562 D
1415 2507 1650 2578 primam
1680 2507 1935 2579 designat

347 2603 563 2669 feriam,
614 2603 837 2674 signari.
867 2604 1030 2673 Atqui
1067 2615 1283 2666 contra,
1321 2612 1380 2659 ut
1418 2604 1594 2673 palam
1647 2602 1930 2666 cernitur,

353 2696 394 2749 D
424 2698 632 2760 littera,
669 2689 954 2752 character
983 2695 1249 2751 videlicet
1280 2693 1581 2749 Dominicaa
1612 2693 1808 2764 ipsius,
1852 2693 1936 2748 vi-

351 2793 611 2852 cesimam
664 2789 895 2858 primam
921 2787 1074 2846 Junii
1115 2789 1262 2843 diem
1315 2786 1563 2857 insignit.
1593 2785 1715 2842 Non
1769 2787 1936 2859 igitur

351 2881 420 2938 de
451 2882 618 2938 Junio
648 2882 740 2936 hic
763 2897 972 2952 sermo.
1017 2878 1173 2936 Vidit
1203 2879 1308 2935 hoc
1337 2880 1592 2951 quisquis
1622 2888 1708 2935 est
1742 2890 1937 2937 auctor

351 2975 756 3046 paraphraseos
781 2975 1076 3032 Vaticanae.
1127 2975 1264 3036 Nam
1302 2975 1348 3030 is
1385 2976 1489 3031 etsi
1534 2974 1666 3030 alihi
1715 2991 1938 3043 semper

352 3069 838 3140 Μαιμακτηριῶνα
893 3067 1120 3126 Junium
1161 3067 1362 3130 reddit,
1397 3069 1477 3123 sic
1504 3077 1703 3138 praeter
1726 3082 1934 3138 morem

353 3167 502 3220 hunc
536 3163 719 3219 locum
763 3161 1143 3236 παραφράζει.
1197 3159 1415 3232 Ἡμέρᾳ
1468 3163 1570 3231 μὲν
1605 3157 1702 3217 οὖν
1753 3161 1937 3230 Παρα-

2022 641 2153 696 mihi
2192 644 2395 699 deinde
2443 644 2584 699 forte
2635 643 2837 714 legenti
2871 646 3109 702 Tzetzen
3139 637 3299 714 hujus
3323 645 3604 731 enarratio

2021 735 2294 797 vocabuli,
2325 736 2563 792 chiliade
2598 736 2655 803 ι,
2690 737 2772 793 his
2805 738 3055 793 versibus
3086 753 3102 792 :

2036 868 2266 923 Ταυτόν
2314 867 2395 935 τῷ
2433 854 2918 957 ,βλιτομάμμοντι
2947 871 3350 942 μαμμάκυτος
3388 871 3609 957 gnua!-

2029 1011 2197 1066 Ἤτοι
2223 1014 2428 1084 μωρὸν
2458 1014 2931 1084 συγκρύπτοντα
2978 1014 3228 1085 μάιιμαν
3259 1032 3324 1068 τε
3360 941 3610 1068 2:338:67

2028 1151 2402 1226 Μωρὲ,’φησὶ
2432 1156 2542 1229 γὰρ
2575 1149 2919 1227 πρυφανὶὒς,
2961 1085 3606 1300 σύτκρυθῖτὲῗῗῖινάμο

3243 1245 3367 1299 μου·
3397 1245 3538 1282 σου.

3243 1245 3367 1299 μίαν
3397 1245 3538 1282 σου.

2029 1360 2234 1432 Origini
2262 1363 2352 1416 hic
2405 1364 2652 1419 indicata:
2703 1365 2852 1418 vocis
2903 1362 3302 1446 μαμμάκουθος
3356 1363 3464 1414 ἀπὸ
3511 1358 3613 1431 τῆς

2035 1455 2275 1526 μάμμης
2309 1467 2674 1512 consentanee
2709 1455 2897 1512 scribit
2922 1456 3263 1512 Phavorinus
3288 1456 3342 1511 in
3370 1454 3630 1510 Lexice'.‘

2031 1548 2454 1619 Μαμμάκουθοι-
2505 1551 2627 1604 ἀντὶ
2684 1550 2781 1605 τοῦ
2841 1549 3292 1622 μαμμόθρεπτοι.
3348 1547 3614 1603 Henricus

2023 1642 2342 1713 Stephanus
2394 1643 2450 1697 in
2484 1641 2756 1699 Thesauro
2790 1643 3261 1715 μαμμοθρέπτους
3295 1643 3399 1698 dici
3458 1649 3614 1712 putat

2032 1752 2231 1806 pueros
2260 1735 2478 1792 mollius
2507 1746 2561 1792 et
2596 1738 2966 1808 indulgentius
2989 1738 3271 1801 educatos,
3313 1735 3500 1806 quales
3533 1736 3610 1790 illi

2031 1839 2159 1882 sunt
2201 1829 2290 1898 qui
2323 1830 2391 1885 ab
2418 1830 2536 1884 avia
2571 1845 2670 1900 pro
2702 1845 2895 1885 senum
2926 1845 3079 1886 more
3111 1829 3616 1900 tenerius‘nepotu-

1965 1904 2003 1958 Β
2033 1921 2114 1978 los
2144 1933 2361 1977 amante
2407 1924 2745 1979 nutriuntur.
2798 1922 3077 1992 Ejusmodi
3125 1938 3250 1978 eum
3309 1924 3514 1978 inertes
3560 1933 3616 1976 et

2035 2017 2324 2085 voluptarii
2364 2030 2486 2071 esse
2513 2016 2742 2081 soleant,
2773 2015 2900 2071 hinc
2947 2016 3242 2080 adhaesisse
3274 2024 3423 2082 putat
3454 2030 3617 2070 voca--

2035 2109 2159 2165 hulo
2195 2108 2633 2179 μαμμὸθρεπτος
2692 2110 2925 2164 similem
2978 2108 3360 2163 dissolutionis
3396 2119 3451 2162 'ct
3482 2109 3616 2161 ἀκο-

2032 2201 2228 2266 λασίας
2265 2203 2545 2257 iul'amiam
2573 2204 2622 2257 ei
2652 2217 2814 2271 quam
2844 2203 3022 2256 Latini
3046 2217 3142 2258 usu
3171 2201 3399 2273 antiquo
3430 2200 3617 2256 aﬂixe-r

2035 2304 2164 2348 runt
2195 2296 2361 2350 verbo
2397 2311 2574 2364 nepos.
2617 2297 2690 2349 lta
2723 2296 2853 2353 ille:
2903 2313 2967 2352 ex
3005 2299 3165 2366 cujus
3194 2298 3461 2360 sententia
3496 2297 3619 2351 nul-

2036 2389 2140 2443 lam
2202 2389 2444 2445 stultitiae
2497 2391 2964 2448 ac-hebctudinis
3015 2392 3234 2457 mentis,
3285 2392 3379 2447 sed
3441 2390 3632 2446 solum-

2036 2481 2264 2538 luxurici
2295 2483 2676 2538 iudicationem
2705 2485 3017 2539 contineret
3047 2484 3366 2539 vocabulum
3393 2484 3620 2555 μαμμό-

2037 2574 2293 2645 θρεπτος,
2342 2585 2506 2644 atque
2536 2576 2668 2630 adeo
2716 2590 2824 2630 non
2858 2577 3209 2645 mquivaleret
3267 2577 3345 2649 τῷ
3385 2593 3621 2648 μαμμα-

2036 2668 2236 2740 κούοῳ,
2287 2681 2448 2740 prout
2497 2671 2656 2724 docet
2703 2668 3078 2738 Phavoriuus;
3138 2670 3228 2725 cui
3300 2679 3524 2737 tamen,
3561 2678 3624 2725 ut

2041 2759 2263 2828 Opinor,
2306 2759 2477 2814 tutius
2500 2761 2740 2815 creditur
2771 2760 3053 2815 enarrauti
3081 2776 3195 2816 sua:
3239 2760 3436 2831 lingua:
3457 2759 3634 2831 origl-'

2038 2869 2135 2918 nes
2164 2867 2326 2922 quam
2356 2861 2508 2908 tanto
2534 2854 2824 2909 recentiori
2852 2851 3242 2917 Grammatice,
3269 2857 3626 2924 quantumvis
3687 2865 3689 2868 '

2037 2958 2319 3013 accurato,
2375 2947 2673 3018 Stephano.
2705 2947 2874 3005 Multo
2910 2948 3078 3024 igitur
3119 2949 3314 3006 melior
3344 2947 3435 3003 illa
3470 2949 3625 3005 vocis

2044 3043 2482 3115 μαμμόθρεπτος
2514 3025 2788 3111 expositio
2815 3053 2894 3096 est
2935 3058 3097 3117 quam
3123 3043 3368 3114 'suggerit
3398 3054 3624 3100 sanctus

2038 3137 2395 3208 Augustinus,
2427 3136 2691 3190 concione
2712 3135 2766 3199 2,
2792 3133 2847 3188 in
2879 3132 3031 3190 Psal.
3061 3151 3193 3202 xxx,
3213 3136 3280 3190 ad
3311 3137 3398 3191 illa
3417 3136 3619 3191 verba:

352 3260 524 3327 σκεῦῇ
554 3241 751 3329 πρώτῃ
791 3227 888 3308 adii
919 3227 1139 3309 ’louiioo
1171 3227 1365 3324 pqus,
1392 3227 1506 3309 etc.
1539 3253 1811 3309 Ceterum
1843 3227 1936 3307 hic

2047 3231 2158 3301 Ego
2183 3239 2358 3284 autem
2393 3229 2448 3282 in
2487 3240 2537 3283 te
2589 3227 2819 3294 speravi,
2876 3227 3120 3284 Domine.
3150 3228 3211 3285 Si
3255 3228 3504 3296 utendis,
3536 3229 3623 3285 iu-

350 3353 602 3424 argutior
633 3351 691 3406 in
721 3348 1008 3406 odoranda
1036 3341 1192 3405 vocis
1221 3332 1672 3419 Μαιελακτηριών
1701 3347 1934 3416 ancipiti

352 3449 580 3503 notione
637 3461 802 3518 quam
862 3445 1077 3501 felicior
1125 3445 1180 3499 in
1238 3460 1346 3498 una
1391 3459 1522 3524 vera
1555 3458 1622 3497 ex
1686 3440 1937 3512 pluribus

355 3541 719 3598 discernenda
766 3540 892 3596 fuit.
921 3541 1035 3596 Nec
1071 3540 1219 3594 enim
1255 3539 1402 3595 Julio
1437 3540 1614 3593 mensi
1648 3536 1938 3592 character

356 3635 444 3690 hic
475 3635 727 3706 congruit
758 3642 816 3688 ut
849 3633 911 3688 2|
941 3633 1086 3688 diem
1122 3633 1304 3687 littera
1337 3631 1378 3686 Β
1405 3631 1675 3701 insignem
1711 3627 1933 3684 habeat.

353 3724 494 3779 Nota
529 3724 643 3777 h:l'c
667 3724 889 3792 propria
924 3722 1137 3777 sextilis
1168 3722 1288 3777 sive
1329 3722 1558 3793 Augusti
1591 3720 1799 3775 mensis
1828 3726 1936 3783 est,

348 3826 414 3871 et
441 3814 667 3884 quidem
699 3816 875 3869 solius
906 3814 1069 3868 inter
1100 3828 1297 3868 omnes
1346 3814 1475 3868 anni
1508 3827 1746 3868 menses.
1778 3808 1938 3866 Unde

357 3926 472 3964 non
527 3909 746 3964 videtur
795 3907 1164 3965 dubitandum
1203 3910 1337 3979 quin
1390 3924 1555 3979 quem
1604 3908 1738 3963 alibi
1775 3906 1938 3979 702

358 4004 700 4058 Ποσειδεῶνα
748 4013 938 4058 noster
1000 4003 1275 4073 appellare
1331 4003 1638 4067 consuevit,
1671 4003 1776 4057 hoc
1818 4003 1940 4058 loco

360 4097 849 4168 Μαιμακτηριῶνα
883 4096 1104 4152 dixerit.
1153 4097 1298 4152 Sane
1326 4098 1458 4166 ipse
1501 4091 1682 4150 innuit
1724 4110 1833 4150 non
1872 4111 1940 4151 ex

364 4191 588 4261 prepria
621 4205 678 4244 se
707 4189 823 4251 hic,
860 4187 957 4243 sed
1007 4202 1072 4242 ex
1099 4186 1277 4242 aliena
1316 4185 1464 4257 loqui
1487 4186 1782 4253 sententia,
1809 4187 1939 4242 dum

361 4285 510 4339 hunc
541 4298 783 4336 mensem
817 4296 926 4335 non
960 4279 1210 4335 absolute
1242 4281 1724 4350 Μαιμακτηριῶνα
1756 4291 1938 4345 vocat,

363 4377 458 4434 sed
515 4392 643 4431 eum
704 4375 800 4446 qui
838 4376 995 4441 juxta
1047 4374 1415 4438 Athenienses
1467 4373 1546 4428 sic
1598 4373 1938 4443 appelletur;

360 4467 828 4542 quemadmodum
869 4466 953 4540 ιΡ.
1007 4465 1136 4538 495]
1171 4465 1338 4532 idem,
1369 4482 1424 4536 p.
1457 4464 1585 4531 306,
1631 4466 1827 4521 scribit
1853 4467 1943 4523 Ja-

364 4566 643 4629 nuarium,
675 4577 839 4632 quem
881 4561 1143 4616 nimirum
1184 4562 1325 4630 ipse,
1352 4568 1414 4613 ut
1437 4575 1488 4615 c.
1516 4561 1566 4620 l.
1589 4559 1627 4615 l.
1653 4576 1713 4616 ιιι
1745 4559 1945 4617 Obser-

361 4659 644 4713 vationum
702 4655 835 4712 tomi
891 4655 1092 4726 prioris
1137 4654 1500 4719 ostendimus,
1535 4653 1946 4710 Hecatombao—

361 4767 490 4807 nem
531 4751 749 4820 judicat
807 4748 1013 4804 debere
1057 4748 1344 4818 appellari,
1402 4747 1730 4804 Lenaeonvm
1785 4749 1943 4820 juxta

359 4845 729 4916 Athenienses
753 4857 783 4917 a
812 4841 1142 4912 quibusdam
1175 4841 1307 4906 dici,
1352 4856 1462 4896 non
1517 4853 1667 4896 recte
1691 4857 1795 4897 suo
1825 4842 1949 4914 qui-

360 4940 487 4994 dem
547 4919 782 5010 judicio,
833 4950 1154 5007 quanquam
1211 4937 1330 5001 ipse
1392 4930 1690 5006 aliquando
1748 4950 1943 4991 eorum

363 5033 752 5107 auctoritatem
807 5039 1042 5087 secutus.
1089 5028 1308 5084 fuisset.
1343 5026 1535 5084 Simile
1564 5029 1826 5099 quiddam
1856 5030 1947 5086 hic

365 5124 807 5195 intelligendum,
839 5121 945 5177 etsi
991 5131 1187 5177 auctor
1210 5137 1313 5194 pro
1368 5137 1469 5177 suo
1521 5109 1674 5177 more
1709 5123 1946 5180 obscure

363 5234 429 5274 ac.
457 5215 745 5288 dimidiato
799 5229 886 5270 res
913 5214 1258 5284 exprimendi
1291 5216 1440 5271 clare
1477 5215 1668 5285 utique
1700 5230 1824 5278 ,non
1856 5216 1945 5271 in-

364 5312 537 5374 dicat,
567 5311 663 5366 sed
691 5309 948 5367 absolute
979 5308 1199 5365 videtur
1229 5307 1413 5365 dicere
1445 5309 1751 5381 Augustum
1778 5309 1949 5368 Athe-

365 5404 656 5462 niensibus
707 5402 1210 5458 Maemaeterionem
1246 5419 1391 5467 esse,
1426 5419 1550 5460 cum
1599 5412 1783 5459 tamen
1814 5407 1948 5462 satis

365 5484 630 5573 appareat
661 5499 717 5555 id
752 5498 907 5554 illum
948 5513 1060 5554 non
1092 5496 1397 5554 credidisse
1429 5499 1591 5570 plane
1644 5500 1721 5554 ita
1746 5515 1805 5556 se
1850 5500 1952 5555 ba-

368 5592 518 5646 bere.
558 5589 773 5646 Etenim
807 5589 852 5643 si
906 5588 988 5644 sic
1014 5598 1288 5652 censeret,
1324 5605 1434 5643 non
1473 5600 1582 5643 tam
1617 5606 1760 5661 saepe
1811 5588 1947 5644 alibi

375 5684 814 5739 Mmcterionis
862 5683 1129 5739 vocabulo
1160 5681 1409 5747 Junium,
1451 5683 1762 5752 Augustum
1816 5697 1947 5738 vero

369 5775 674 5832 Posideonis
711 5773 1034 5831 indicasset.

440 5866 860 5939 Μαμάκουθος.
892 5867 1157 5938 Δεὺτιραι
1190 5866 1467 5936 φροντίδες
1497 5865 1594 5920 καὶ
1644 5865 1816 5935 φίλων
1843 5867 1963 5922 τῶν¹

371 5963 569 6033 ἶπγίων
599 5961 941 6034 ὑ,.ομνήσεις
986 5971 1280 6032 suggerunt
1315 5960 1402 6014 hic
1435 5959 1640 6031 aliquid
1674 5964 1818 6029 quod
1852 5960 1948 6016 ad-

2044 3323 2184 3392 quit,
2223 3321 2395 3376 adhuc
2440 3321 2724 3385 hominem,
2765 3329 2816 3376 et
2849 3335 2965 3374 eum
2995 3320 3188 3390 quieris
3229 3311 3447 3375 imitari
3483 3330 3533 3377 et
3559 3331 3628 3376 ex

2043 3419 2138 3474 illo
2170 3421 2414 3487 pendere,
2441 3416 2617 3470 adhuc
2645 3415 2781 3468 lacte
2832 3414 2908 3470 vis
2936 3415 3132 3469 nutriri
3153 3425 3200 3470 et
3230 3416 3326 3483 ﬁes
3360 3424 3623 3470 mammo-

2043 3511 2318 3583 tbrcptus,
2371 3509 2552 3581 quales
2610 3511 2867 3564 dicuntur
2920 3509 3070 3580 pueri
3122 3509 3212 3576 qui
3267 3509 3620 3579 diu'sngum,

2043 3609 2182 3679 quod
2214 3623 2320 3660 non
2353 3607 2520 3663 decet.
2569 3601 2771 3659 Notum
2805 3612 2984 3658 autem
3016 3615 3100 3658 eat
3143 3601 3497 3671 experientia,
3526 3617 3623 3657 cn-

2037 3704 2128 3772 jns
2161 3703 2442 3771 assignant
2469 3715 2688 3756 causam
2725 3697 2940 3762 medici,
2976 3711 3175 3768 pueros
3211 3698 3302 3768 qui
3334 3712 3438 3751 non
3473 3695 3626 3751 abla-

2045 3805 2264 3850 ctantur
2295 3793 2640 3864 tempestive,
2696 3793 3010 3847 adolescere
3043 3790 3240 3846 bardos
3263 3805 3326 3844 ac
3357 3788 3623 3859 stupidus,

2044 3898 2101 3945 et
2156 3889 2346 3958 quales
2413 3887 2802 3947 describuntur
2868 3884 2936 3938 ab
3001 3883 3362 3952 AristOp-haue
3417 3880 3627 3950 Βιτρά-

2045 4000 2184 4054 χοις,
2245 3980 2336 4037 fol.
2399 3981 2522 4045 l2'5,
2573 3995 2626 4050 p.
2659 3979 2809 4035 Sed.
2872 3978 3061 4032 Graeca
3112 3973 3440 4030 Florentina:
3496 3972 3626 4028 anni

2048 4077 2188 4132 1525
2215 4118 2229 4136 ,
2297 4072 2728 4143 ἀϐελτερώτε-ροι
2755 4113 2770 4138 ,
2833 4071 3166 4140 κεχηνότες,
3239 4066 3627 4139 μαμμάκυθοι,

2047 4174 2216 4226 stulte
2261 4170 2520 4225 hiabundi
2552 4178 2605 4222 et
2629 4168 2854 4223 salivam
2874 4181 2968 4222 ore
2999 4164 3156 4234 703
3188 4161 3421 4217 deﬂuere
3443 4163 3631 4216 sinen-

2049 4276 2150 4326 tes.
2209 4266 2351 4335 quod
2411 4264 2427 4317 l
2480 4263 2632 4318 Sam.
2663 4277 2715 4316 c.
2777 4275 2890 4323 xxx,
2950 4257 3377 4326 l5,utinsanizc
3409 4255 3627 4325 signum

2047 4363 2291 4430 ponitur.
2323 4354 2462 4411 Galli
2500 4353 2657 4408 hodie
2693 4351 2899 4421 vulgari
2943 4347 3194 4404 sermone
3223 4350 3356 4428 tales
3389 4343 3632 4400 indicant

2048 4453 2217 4508 verbo
2263 4452 2392 4518 τοὺς
2437 4448 2739 4518 κεχηνότας
2771 4446 3133 4515 exprimente,
3162 4443 3394 4514 badaux.
3427 4441 3531 4495 Sed
3563 4443 3630 4494 de

2051 4547 2136 4601 his
2159 4546 2281 4614 plus
2307 4543 2463 4597 satis.

1975 4621 2022 4681 υ
2120 4635 2524 4704 Μαρκούτζας.
2553 4635 2706 4710 Quod
2763 4634 2816 4688 in
2846 4634 3010 4705 priori
3067 4631 3347 4688 Glossario
3383 4629 3630 4699 suspica-

2039 4733 2146 4792 bar
2203 4730 2556 4801 μαρκούτζας
2587 4727 2870 4796 legendum
2924 4727 3029 4784 vol.
3093 4727 3138 4791 l,
3185 4741 3238 4796 p.
3289 4724 3418 4790 282,
3473 4739 3631 4779 cont-

2048 4826 2247 4893 prohat
2279 4820 2562 4876 Maltretus
2595 4829 2808 4882 noster,
2843 4819 3000 4889 cujus
3033 4832 3064 4873 ο
3094 4815 3292 4873 litteris
3323 4816 3386 4870 ad
3425 4830 3510 4870 me
3539 4815 3634 4870 da.

2040 4917 2122 4970 .tis
2158 4917 2270 4968 hanc
2304 4913 2599 4968 describo:
2637 4930 2656 4965 ι
2697 4912 2754 4966 In
2789 4910 2956 4966 verbo
2993 4908 3369 4981 Μαρμούτζας
3400 4907 3633 4977 ιιι-πιθα)

2051 5012 2231 5059 tcum
2275 5003 2606 5070 exemplaria
2639 5015 2759 5072 qua)
2800 5002 3153 5072 μαρκούτζας
3200 4999 3474 5066 scribunt,
3505 5005 3627 5052 cum

2049 5097 2169 5164 ejus
2199 5097 2446 5151 vocabuli
2480 5097 2558 5150 sic
2598 5098 2788 5165 scripti
2822 5097 2977 5166 origo
3004 5096 3234 5155 Arabica
3282 5090 3460 5149 faveat
3501 5108 3632 5148 scn-

2053 5191 2234 5244 tentiae
2297 5188 2407 5244 illic
2460 5189 2711 5245 iudicatae
2767 5188 3266 5261 Pachymeris.'1n
3320 5203 3438 5241 mar
3479 5187 3628 5241 enim

2050 5285 2317 5340 Arabibus
2352 5286 2655 5352 sirsonat,
2687 5292 2743 5340 et
2774 5292 2875 5348 ηπ
2923 5283 3071 5339 kutzi
3108 5285 3454 5355 longinquus,
3515 5282 3635 5338 sire

2049 5393 2118 5436 ex
2149 5379 2446 5450 longinquo
2476 5377 2753 5451 proiectus
2786 5379 3020 5436 advena.

2122 5494 2212 5568 [9.
2276 5493 2426 5566 ‘96].
2484 5493 2964 5560 Μεσιτεύοντες,
3016 5508 3068 5563 p.
3125 5491 3251 5548 9.08.
3312 5492 3397 5546 Ex
3444 5489 3634 5546 multis

2055 5588 2294 5644 historiae
2319 5585 2487 5656 huius
2517 5589 2673 5653 locis,
2705 5587 3102 5659 etjtequalium
3139 5584 3457 5656 Pachymcri
3498 5584 3635 5639 seri-

2055 5692 2296 5750 plerum,
2331 5680 2733 5736 observandum
2790 5679 2980 5744 semel,
3005 5697 3008 5700 '
3030 5677 3099 5733 ad
3133 5677 3289 5748 hujus
3317 5684 3372 5731 et
3402 5667 3629 5756 aliorum

2055 5773 2472 5842 intelligentiam
2519 5774 2781 5838 locorum,
2845 5773 3231 5844 μεσιτεύοντας
3283 5772 3372 5827 illa
3425 5783 3636 5840 tempe-

2057 5871 2198 5920 state
2225 5863 2696 5935 Constantinopoli
2725 5865 2830 5921 dici
2880 5881 2977 5923 eos
3008 5867 3218 5935 soiitos,
3253 5865 3347 5937 qui
3377 5866 3550 5936 gratia
3576 5872 3634 5920 et

2055 5957 2457 6017 existimatione
2501 5963 2554 6017 in
2589 5959 2781 6032 primis
2830 5962 3096 6032 polleutcs
3146 5963 3286 6034 apud
3325 5959 3634 6034 principem
