4058 6298
425 374 538 441 ’163

1380 366 1442 430 Ρ.
1485 363 1798 429 POSSINI
1837 355 2495 426 OBSERVATIONUM
2530 354 2681 417 LIB.
2721 355 2776 417 I.

3605 310 3720 408 τδι

428 471 794 540 instrumenta
823 479 898 537 illi
938 480 1206 552 przecipua
1252 481 1531 552 regirninls
1560 479 1796 534 universi
1829 484 2008 541 erant,
2041 477 2085 536 Α
2117 471 2383 528 ilscalium
2439 468 2704 542 quidquid
2745 468 2952 538 cuique
2989 463 3298 521 abundaret
3347 477 3513 534 supra
3548 477 3699 516 mere

435 583 635 631 cuncta
669 572 785 630 fere
813 590 908 645 per
939 573 1060 628 illos
1091 580 1188 628 aut
1215 587 1406 628 eorum
1439 585 1606 626 suasu
1635 569 2022 626 iuterventuve

431 670 662 738 gerenti.
694 666 978 737 Ministros
1019 666 1270 738 quaedam
1315 666 1544 735 Europae
1575 663 1715 718 aulas
1743 663 2026 726 hodien-

433 766 516 841 ξος
547 765 668 820 κατ’
702 761 896 835 ἐξοχὴν
955 771 1010 818 et
1066 759 1504 817 antonomastice
1548 758 1844 831 appellant,
1900 755 2023 810 fitn-

433 863 785 930 ctionemque
819 859 1063 928 ipsorum
1120 855 1365 911 absolute
1421 852 1808 909 ministerium.
1863 848 2022 923 Ejus-

440 954 583 1010 modi
624 952 728 1007 fuit
775 949 913 1021 apud
950 949 1321 1005 Andronicum
1369 945 1532 1013 hujus
1567 943 1811 1000 historian
1858 958 2027 1015 argu-

441 1057 686 1102 mentum
720 1046 896 1116 prium
929 1042 1251 1099 Theodorus
1298 1041 1532 1103 Muzaio,
1569 1038 1603 1096 Ι.
1642 1056 1682 1108 I,
1724 1053 1775 1094 c.
1830 1039 1850 1093 ί
1885 1047 1939 1093 et
1967 1038 2024 1102 2,

439 1140 634 1195 deinde
662 1139 944 1196 Chumnus
972 1138 1260 1207 praefectus
1280 1134 1528 1202 cauiclei,
1557 1135 1592 1188 I.
1623 1150 1683 1196 ιι.
1714 1151 1765 1189 c.
1798 1133 2022 1198 ultimo;

429 1231 481 1289 .l.
513 1247 585 1297 tv,
614 1249 662 1285 (τι
693 1233 750 1293 7,
779 1241 830 1285 et
860 1229 1008 1284 alibi.
1037 1228 1187 1295 Quos
1218 1227 1584 1296 Pachymeres
1616 1223 2024 1296 μεσιτεύοντίις,

446 1325 664 1379 videtur
690 1323 1107 1379 Cantacuzenus
1131 1332 1188 1377 et
1218 1321 1521 1376 Phrantzes
1561 1318 1900 1387 μεσὰζοντας
1930 1331 2030 1372 vo-

445 1434 571 1474 care
600 1436 618 1485 ;
649 1418 716 1472 de
744 1418 942 1488 quibus
981 1417 1101 1470 vide
1131 1431 1253 1483 quae
1282 1415 1504 1469 adnotat
1533 1414 1810 1468 Pontanus
1839 1422 2027 1468 nostrr

447 1512 501 1568 in
557 1511 965 1581 Prolegomenis
1017 1507 1084 1564 ad
1139 1507 1448 1564 Phrantzen
1520 1508 1601 1560 Ad
1663 1522 1724 1560 ea
1767 1519 1888 1575 qua
1942 1504 2032 1561 hic

446 1608 632 1663 scribo
684 1605 872 1674 refingi
907 1604 1069 1657 velim
1121 1618 1241 1673 quae
1292 1603 1456 1668 priori
1505 1600 1787 1656 Glossario
1845 1599 2027 1656 notavi

445 1698 613 1753 verbo
680 1697 952 1768 μεσάζων.
988 1695 1124 1751 Illud
1184 1695 1351 1751 etiam
1412 1695 1668 1763 adiungo,
1731 1692 1876 1748 unde
1904 1695 2027 1747 'non

445 1808 638 1862 parum
692 1791 1095 1846 confirmantur
1137 1788 1408 1857 hactenus
1462 1787 1629 1852 dicta,
1683 1801 1780 1842 eos
1828 1786 1921 1855 qui
1960 1783 2028 1838 ad

2125 564 2495 622 necessariam
2527 571 2651 618 vita:
2711 560 3004 616 toleranda:
3030 573 3324 624 annonam,
3371 555 3613 612 conferri
3645 556 3716 610 ad

2125 656 2369 713 delectus
2420 655 2700 713 habendos
2746 655 2986 724 iussum,
3031 652 3147 708 sola
3181 651 3345 706 victui
3392 648 3716 723 quotidiana

2125 750 2204 807 sic
2231 759 2642 805 auctoratorum
2671 757 2826 819 parte
2856 743 3150 802 suffectura
3183 744 3399 807 relicta,
3431 759 3598 812 quam
3629 742 3726 798 hic

2130 841 2654 916 povoxentxbvdici
2677 849 2980 895 autument.
3021 838 3179 906 Quod
3210 839 3255 894 si
3290 839 3379 894 cui
3434 838 3577 892 baud
3605 835 3720 906 pia-

2128 943 2234 999 cet,
2265 934 2409 989 aliud
2437 940 2716 1004 suggerat.

2200 1028 2587 1095 Μουγούλιοι,
2620 1043 2673 1097 p.
2735 1025 2862 1092 620,
2921 1037 3058 1096 etp.
3109 1024 3234 1080 637.
3272 1022 3419 1091 Quos
3472 1023 3719 1093 plu-rique

2130 1119 2449 1176 Latinorum
2484 1119 2761 1184 Tartarus,
2798 1119 2974 1176 Grteci
3012 1120 3215 1184 passim
3273 1128 3328 1172 et
3362 1117 3570 1172 Arabes
3606 1112 3718 1173 Te-

2131 1225 2299 1279 taros,
2327 1212 2695 1281 Pachymeres
2725 1209 2990 1266 Tocharos
3037 1210 3301 1282 (Plinium
3334 1221 3580 1272 secutus,
3619 1208 3708 1280 qui

2130 1309 2169 1364 ι.
2202 1325 2276 1374 vr,
2311 1325 2370 1366 c.,
2397 1308 2488 1368 l7,
2541 1308 2684 1362 inter
2709 1306 2998 1377 Scythicas
3034 1314 3227 1374 gentes
3265 1303 3470 1358 diserte
3501 1302 3722 1359 Tacitae

2133 1418 2225 1457 ros
2262 1415 2543 1467 recenset;
2597 1416 2701 1455 non
2737 1401 2898 1471 longe
2957 1399 3250 1455 abludeute
3285 1396 3580 1462 Strabone,
3625 1398 3714 1467 qui

2132 1495 2274 1550 libro
2301 1512 2354 1550 ιι
2409 1495 2632 1551 eosdem
2696 1495 2980 1550 Tarbaros
3039 1493 3320 1567 appellat),
3364 1507 3461 1549 eos
3505 1493 3717 1547 dixerat

2128 1587 2268 1656 jam,
2301 1585 2407 1642 vel.
2447 1586 2486 1653 Ι,
2543 1585 2685 1641 idem
2739 1584 3038 1641 historicus
3067 1596 3274 1647 noster.
3307 1601 3361 1652 p.
3413 1585 3543 1647 5M,
3596 1600 3716 1642 sese

2136 1683 2283 1753 ipsos
2308 1696 2506 1736 vocare
2536 1679 2808 1752 Mugulios
2835 1679 3212 1736 consuevisse.
3234 1678 3565 1749 loquimur
3593 1696 3722 1734 con-

2136 1785 2347 1832 stanter
2372 1774 2609 1846 appellat
2651 1773 2953 1845 Gregorius
2984 1773 3422 1844 'Abulpharagius
3473 1772 3527 1828 in
3563 1788 3722 1829 accu-

447 1855 593 1944 istud
650 1887 958 1958 principale
987 1855 1353 1940 ministerium
1401 1881 1887 1952 pr0movebantur,
1921 1873 2030 1931 dici
2063 1855 2109 1914 Β
2140 1870 2412 1926 ratis’simo
2458 1869 2732 1925 Chronico
2778 1866 3012 1926 Arabico
3039 1870 3246 1940 scripto
3279 1868 3386 1924 sub
3419 1870 3559 1925 idem
3588 1879 3722 1925 tem-

384 1992 387 1994 ’
447 1985 798 2038 consuevisse
855 1979 1307 2046 ἀποκαταστῆναι
1363 1977 1456 2030 ἐπὶ
1489 1973 1583 2028 τοῦ
1615 1974 1805 2045 μέσου,
1842 1979 1899 2025 ιιι
1947 1969 2031 2024 vi-

418 2077 585 2131 dere
611 2085 694 2129 est
721 2075 862 2143 apud
911 2073 1056 2128 hunc
1093 2079 1338 2141 nostrum
1377 2077 1656 2124 auctorem
1694 2064 1750 2119 in
1788 2063 1953 2117 titulo
1980 2068 2033 2116 c.‘

451 2167 547 2234 32,
599 2163 639 2222 l.
687 2181 752 2227 rt,
791 2164 878 2220 ubi
917 2165 980 2218 τὸ
1046 2163 1209 2236 μέσον
1239 2177 1438 2217 nomen
1481 2170 1562 2216 est
1613 2157 1772 2213 olliu-ii
1835 2154 2030 2223 hujus;

452 2261 597 2330 quod
631 2259 740 2313 illic
773 2257 965 2315 Latine
1001 2255 1208 2314 reddidi
1258 2271 1440 2311 curam
1473 2251 1796 2325 primariam
1824 2248 2032 2317 princi-

453 2351 657 2425 palium
687 2353 1040 2421 negotiorum.

525 2448 714 2504 Μέκε.
761 2447 832 2499 De
882 2445 1033 2514 Mope
1057 2442 1250 2518 lberite
1299 2450 1604 2497 memorato
1659 2440 1714 2494 in
1750 2430 2036 2493 Glossario

450 2539 564 2596 vol.
599 2553 642 2603 ι,
672 2552 737 2592 ex
767 2552 840 2609 Ap.
876 2535 1004 2600 216,
1038 2536 1116 2591 sic
1151 2537 1408 2592 admonet
1435 2534 1694 2590 Claudius
1749 2531 2037 2585 Maltretus

438 2641 690 2689 noster:
731 2606 926 2700 (Quid
986 2629 1031 2686 si
1095 2631 1438 2701 suspicemur
1488 2628 1788 2697 principem
1846 2623 2037 2680 lberis

456 2724 608 2796 Mepe
635 2723 835 2778 dictum
864 2740 892 2779 a
927 2720 1262 2796 Pachymere
1284 2721 1562 2776 additione
1588 2718 1794 2776 Graecis
1823 2717 2041 2776 citerio-

455 2817 533 2870 ris
558 2817 657 2872 avi
687 2815 889 2870 usitata
921 2812 1014 2868 τοῦ
1053 2832 1092 2885 μ
1125 2824 1257 2870 ante
1297 2830 1359 2867 π.
1397 2812 1486 2867 Sic
1512 2813 1660 2868 enim
1692 2810 1767 2867 illi
1792 2809 2040 2866 scribunt

459 2907 679 2976 μπέιλλιι
729 2907 899 2976 potia,
964 2907 1275 2979 μπαρουνία
1331 2920 1431 2976 pro
1488 2905 1735 2968 baronia,
1795 2903 2039 2974 μπασίας

455 2999 639 3065 basia,
672 3003 981 3071 μποτέστας
998 2999 1459 3068 potestas,etaiia
1489 2999 1658 3054 multa
1693 2999 1836 3066 apud
1864 2997 2043 3053 Meur-

457 3094 624 3148 sium.
675 3095 919 3150 Potuerit
968 3110 1096 3166 ergo
1127 3096 1356 3169 dynasta
1391 3093 1668 3149 lberorum
1707 3092 1812 3148 illis
1857 3089 2040 3148 vocari

458 3197 578 3248 una
599 3187 762 3257 pendi
791 3198 844 3242 et
866 3196 1148 3242 contracte
1177 3204 1258 3255 pe.
1287 3201 1408 3257 qum
1431 3201 1534 3239 vox
1568 3185 1759 3240 ducem
1791 3199 1854 3239 ac
1889 3186 2042 3255 prin-

461 3280 638 3348 cipem
670 3278 899 3342 indicat,
951 3288 1004 3333 et
1035 3294 1064 3331 a
1123 3274 1485 3346 Pachymere,
1523 3275 1753 3331 solemni
1814 3277 2044 3330 istorum

459 3371 558 3427 τοῦ
601 3390 637 3441 μ
669 3371 1070 3441 ριαδροεῑιὶοιιθ,
1127 3371 1242 3441 Mpe
1290 3370 1586 3437 nominari,
1616 3369 1760 3425 unde
1792 3369 1926 3425 vitio
1953 3385 2048 3426 ex-

465 3465 752 3532 scriptoris
783 3463 932 3534 Mope
962 3463 1200 3519 ﬂuxerit.
1237 3481 1257 3516 ι

501 3557 1013 3617 ’Μονοκελλικόν.
1073 3573 1126 3627 p.
1184 3555 1310 3612 390.
1343 3556 1482 3624 Quid
1537 3556 1748 3612 dicatur
1789 3556 1890 3612 hoc
1926 3557 2047 3614 loco

471 3648 870 3718 μονοκελλικὸν,
925 3649 1185 3703 libentius
1221 3649 1486 3703 discerem
1541 3665 1704 3719 quam
1759 3650 2047 3720 aggrediar

466 3743 686 3796 docere.
725 3741 886 3797 Multa
930 3742 1075 3797 cnim
1125 3742 1214 3796 diu
1245 3742 1536 3812 quaerenti.
1563 3757 1757 3812 parum
1781 3740 1924 3812 quod
1955 3757 2048 3796 εει-

469 3836 748 3891 tistaceret
776 3839 1032 3890 occurrit.
1055 3835 1160 3891 Res
1188 3835 1316 3905 ipsa
1335 3836 1510 3890 locum
1529 3843 1702 3890 tutum
1735 3840 2048 3906 expenden-

468 3931 613 3985 tibus
641 3931 936 3998 persuadet
979 3931 1082 3985 hoc
1105 3927 1504 3998 -μονοκελλικόν
1539 3930 1812 4000 pertinere
1844 3930 1914 3984 ad
1949 3945 2044 4000 ge-

471 4038 572 4076 nus
593 4023 878 4093 προνοιῶν,
905 4025 1223 4090 peusiouum
1261 4035 1357 4076 seu
1392 4034 1699 4077 aunuorum
1730 4035 1990 4075 censuum
2017 4019 2059 4075 θ’

474 4117 606 4171 lisco
670 4117 1056 4184 prathitorum;
1129 4115 1291 4188 704
1356 4115 1540 4185 qualia
1598 4130 1746 4171 nunc
1800 4126 2053 4171 auctora-

473 4223 678 4276 menta,
739 4211 1063 4280 gravissimo
1100 4210 1415 4280 reipublicae
1475 4219 1741 4278 tempore,
1773 4209 1973 4266 remitti
2018 4225 2050 4264 a

471 4319 559 4372 gos
592 4304 916 4358 habentibus
955 4306 1022 4357 ad
1058 4304 1144 4357 illa
1186 4303 1533 4376 conferrique
1588 4303 1655 4356 ad
1692 4302 1917 4374 militem
1955 4317 2055 4357 no-

475 4412 602 4449 vum
638 4383 1072 4462 co‘ndnccudtnn,
1101 4397 1408 4453 decrevisse
1459 4399 1846 4467 imperatorem
1881 4395 2051 4454 refert

475 4491 777 4546 historicus
804 4493 904 4546 hoc
938 4492 1078 4557 lnco,
1117 4491 1319 4547 addens
1355 4501 1533 4546 tamen
1569 4503 1857 4561 exceptum
1886 4491 2055 4549 fuisse

2143 1980 2269 2038 pus,
2299 1971 2396 2018 aut
2430 1979 2538 2018 non
2567 1963 2739 2016 multo
2772 1963 3028 2034 superius
3059 1977 3224 2035 quam
3251 1977 3408 2019 suam
3466 1964 3606 2017 hanc
3637 1962 3724 2018 hi-

2140 2059 2369 2115 storiam
2403 2057 2767 2128 Pachymeres
2796 2065 3280 2116 commentaretur.
3308 2057 3445 2124 Quin
3475 2068 3532 2114 et
3560 2057 3726 2130 Λειο-

2141 2167 2245 2207 nus
2299 2151 2548 2223 ejusdem
2605 2149 2705 2206 aevi
2765 2151 3026 2221 scriptor,
3081 2164 3133 2206 c.
3187 2149 3254 2206 i6
3302 2148 3556 2205 Historias
3613 2161 3722 2205 suae

2143 2243 2461 2311 Orientalis,
2493 2259 2613 2315 quas
2659 2242 2853 2298 Latine
2884 2252 3086 2307 exstat,
3119 2240 3289 2313 Negti
3321 2242 3548 2299 eosdem
3582 2242 3729 2298 voci-

2147 2349 2286 2395 tatos
2333 2347 2619 2394 memorat.
2655 2338 2810 2406 Quod
2860 2353 3060 2393 nomen
3103 2336 3463 2393 Leunclavius
3521 2336 3726 2392 indicat

2144 2432 2362 2502 proprie
2392 2431 2708 2502 designasse
2759 2432 2966 2500 aliquot
3012 2431 3322 2502 singuiares
3369 2429 3595 2500 populos
3621 2430 3731 2497 (se-

2144 2539 2289 2597 ptem
2324 2525 2394 2581 ab
2425 2527 2642 2598 Aytooo
2672 2526 3056 2594 numerantur)
3098 2525 3377 2580 communi
3407 2522 3724 2580 Tocharicae

2145 2629 2240 2675 aut
2291 2619 2557 2677 Tauricas
2594 2621 2774 2692 gentis
2829 2617 3191 2691 appellatione
3238 2618 3507 2685 ceusitos,
3562 2613 3635 2675 ita
3668 2625 3725 2669 ut

2144 2711 2404 2783 adjuncto
2443 2714 2679 2784 quodam
2729 2713 2872 2768 inter
2926 2727 2986 2768 se
3041 2711 3508 2776 discernerentur,
3543 2724 3728 2784 quem-

2147 2805 2438 2864 admodum
2505 2806 2816 2873 in‘Gcthis,
2845 2806 3216 2877 Ostrogothis.
3247 2805 3550 2876 Visigotbis
3611 2806 3722 2860 tieri

2147 2902 2418 2959 videmus.
2442 2899 2600 2967 Nam,
2632 2913 2684 2957 ut
2713 2903 2759 2956 is
2798 2902 3038 2971 scriptor
3060 2902 3156 2966 ait,
3189 2900 3435 2971 Sumoin
3469 2891 3732 2956 diceban-

2149 3006 2237 3049 tur
2267 2997 2466 3051 accolas
2497 2994 2680 3048 Tatari
2713 2994 2917 3058 munis,
2950 3009 3072 3064 quze
3114 3007 3220 3048 vos
3253 2996 3493 3063 ipsorum
3545 2993 3725 3060 lingua

2151 3088 2422 3160 Magulios
2452 3090 2724 3160 aquatica:
2747 3089 3051 3157 signiticet;
3080 3102 3147 3143 ac
3177 3086 3255 3145 sic
3299 3086 3391 3144 alii
3429 3087 3550 3143 aliis
3577 3087 3730 3144 dill‘e-

2153 3185 2343 3238 rentiis
2363 3185 2430 3240 ad
2463 3185 2713 3239 notitiam
2748 3185 3210 3256 insigniebantur.
3236 3179 3407 3255 Hujus
3439 3197 3602 3251 porro
3631 3198 3729 3253 pe-

2150 3277 2376 3333 culiaris
2435 3278 2634 3350 speciei
2696 3277 3108 3345 Tucharorum,
3173 3292 3296 3350 qute
3362 3276 3726 3347 Muguliorum

2151 3371 2416 3428 vocabulo
2436 3372 2748 3442 generalem
2789 3371 3108 3429 'l‘orharicre
3132 3382 3228 3428 aut
3249 3369 3519 3428 Taurica!
3552 3369 3730 3443 gentis

2153 3463 2648 3520 nomenclationem
2703 3464 3087 3532 contrahebat,
3137 3461 3419 3535 proprium
3452 3463 3558 3519 fuit
3596 3461 3730 3518 illud

2153 3556 2439 3627 imperium
2471 3557 2615 3629 quod
2640 3558 2711 3612 ab
2739 3552 2883 3611 anno
2912 3557 3110 3614 Christi
3137 3557 3278 3615 nos
3303 3573 3400 3629 per
3423 3565 3645 3615 centum
3677 3567 3730 3613 et

2151 3652 2302 3720 quod
2357 3651 2601 3706 excurrit
2653 3663 2827 3708 annos
2880 3650 2985 3708 late
3038 3668 3139 3725 per
3175 3639 3358 3710 Asiam
3399 3653 3466 3708 'et
3521 3661 3727 3722 partem

2155 3744 2611 3810 Septentrionalis
2670 3743 2906 3815 Eurotae
2966 3731 3180 3815 magnis
3209 3742 3567 3800 victoriarum
3605 3757 3732 3802 suc-

2153 3837 2403 3892 cessibus
2422 3835 2715 3902 inclaruit;
2749 3837 2903 3906 citius
2937 3835 3065 3906 quia
3089 3845 3434 3905 sepenoster
3459 3835 3728 3902 meminit,

2152 3931 2317 3986 breve
2338 3930 2611 4000 specimen
2633 3930 2826 3985 damus
2841 3944 2890 3986 c.
2921 3929 2974 3998 7,
3003 3929 3040 3985 l.
3067 3945 3151 3998 ιιι,
3171 3929 3364 3986 barum
3383 3929 3735 3986 Observatio-

2156 4037 2308 4080 num.
2329 4023 2726 4096 Gingizchanes
2745 4023 3020 4089 videlicet,
3044 4025 3368 4096 auctorejus
3399 4024 3634 4093 imperii,
3666 4039 3730 4080 ex

2157 4117 2321 4193 705
2364 4119 2450 4174 illa
2487 4117 2859 4175 'l‘ocharorum
2905 4128 3061 4188 parte
3101 4117 3325 4188 stirpem
3374 4117 3646 4184 trahebat,
3679 4126 3734 4173 ut

2157 4213 2333 4271 innuit
2369 4211 2826 4285 Abulpharagius,
2869 4227 2990 4280 qua:
3034 4211 3292 4280 peculiari
3341 4211 3732 4283 Magulemium

2156 4305 2516 4377 appellatione
2556 4303 2902 4361 noscebatur.
2948 4301 3129 4369 Certe,
3177 4303 3319 4374 quod
3369 4295 3526 4360 idem
3559 4286 3734 4361 disch-

2161 4399 2369 4456 tissime
2396 4398 2648 4464 atiirmat,
2684 4397 3074 4466 logolensium
3109 4398 3367 4454 concordi
3390 4398 3652 4454 electione
3682 4409 3736 4453 et

2161 4496 2340 4553 delato
2371 4492 2702 4548 unanimiter
2735 4493 2998 4563 obsequio
3027 4492 3166 4549 idem
3200 4492 3602 4574 Gingizchaues
3625 4495 3736 4563 pri-

484 4582 887 4653 μονοκελλικόν,
915 4584 1060 4653 quod
1101 4583 1310 4636 salvum
1342 4582 1745 4652 possidentibus
1783 4592 2050 4639 maneret.
2084 4592 2129 4649 D
2161 4605 2306 4644 mam
2338 4603 2491 4643 suam
2525 4596 2604 4652 et,
2628 4597 2684 4640 ut
2712 4587 2790 4641 sic
2821 4585 3024 4651 dicam,
3051 4586 3400 4657 origiuariam
3437 4588 3734 4657 potentiam

475 4675 618 4740 Quid
651 4675 700 4730 al
730 4678 797 4762 tu!
825 4677 1076 4747 suspicer
1105 4692 1269 4745 quam
1297 4678 1370 4732 ita
1394 4687 1641 4732 vocatam
1685 4686 1895 4746 partem
1922 4693 2055 4748 pen—

478 4771 693 4824 sionnm
731 4771 957 4840 praecise
987 4769 1352 4824 necessariam
1405 4771 1472 4824 ad
1524 4771 1729 4825 victum
1762 4769 2052 4836 diurturm;

477 4879 586 4931 quo
619 4863 820 4932 privari
876 4861 1252 4934 prnsionarios
1312 4863 1502 4933 utique
1553 4878 1662 4918 non
1724 4848 2058 4933 oportebat?

479 4958 682 5021 Κέλλα,
715 4974 779 5013 ει
810 4957 1006 5012 Latino
1035 4957 1193 5024 cella,
1236 4973 1436 5027 penum
1463 4971 1568 5012 non
1609 4971 1731 5012 raro
1758 4958 2055 5028 signiﬁcat,

478 5052 798 5118 apothecam
832 5053 1135 5121 quotidiani
1175 5050 1440 5105 alimenti.
1490 5049 1690 5118 Quidni
1737 5066 1870 5123 ergo
1901 5069 2061 5122 povo-

478 5148 730 5202 κιλλικόν
759 5150 1074 5203 demensum
1121 5147 1462 5218 intelligatur
1507 5148 1704 5219 cuique
1747 5157 2061 5207 auctorato-

480 5257 601 5294 rtnn
633 5259 663 5294 e
693 5241 821 5295 ﬁsco
855 5240 1184 5309 descriptum
1231 5242 1298 5296 ad
1356 5240 1657 5296 alimenta?
1690 5253 1888 5311 praeter
1914 5243 2058 5313 quod

480 5335 599 5388 istae
644 5335 960 5402 plerumque
1018 5338 1306 5404 pensiones
1363 5335 1716 5389 abundabant
1778 5333 1847 5389 ad
1901 5352 2063 5391 orna-

485 5438 666 5482 tncnta
715 5437 774 5480 et
828 5427 1004 5482 minus
1052 5427 1394 5482 necessarias
1430 5442 1716 5496 expensas.
1775 5427 1928 5493 Saepe
1957 5427 2060 5498 legi

487 5523 626 5587 apiul
660 5521 976 5574 Ciceronem
1011 5521 1062 5574 in
1092 5518 1338 5574 Verrinis
1373 5520 1490 5573 dari
1533 5518 1755 5572 solitum
1784 5533 1817 5574 a
1847 5519 2066 5589 provin—

488 5613 571 5668 cia
615 5612 1018 5681 magistratibus
1047 5611 1307 5666 Romanis
1360 5613 1414 5666 ei
1458 5613 1707 5682 regenda:
1737 5610 1918 5665 missis
1951 5610 2064 5679 [nt-

489 5715 720 5760 ruentum
752 5708 808 5759 in
835 5705 1018 5759 cellam
1055 5717 1148 5761 aut
1210 5705 1494 5776 pecuniam
1523 5707 1664 5761 unde
1716 5705 1767 5758 id
1801 5715 2064 5773 emerent,

490 5798 593 5852 hoc
623 5807 726 5860 est,
761 5808 817 5850 nt
853 5799 1069 5868 opinor,
1095 5800 1252 5874 {unde
1307 5797 1398 5873 [P.
1427 5797 1553 5870 497]
1607 5815 1850 5854 mensam
1883 5800 1982 5853 sibi
2013 5809 2067 5855 et

491 5892 711 5948 lautitiae
745 5892 1122 5956 quotidianam
1158 5895 1516 5948 instruerent.
1552 5892 1877 5949 l‘ensiouum
1903 5893 2065 5963 igitur

2157 4679 2388 4751 accepit,
2425 4677 2837 4748 transmittitque
2869 4678 2922 4732 in
2963 4688 3230 4746 posteros.
3265 4677 3383 4736 Non
3427 4689 3510 4738 est
3543 4682 3736 4739 incre-

2158 4774 2322 4828 dibile
2369 4773 2647 4828 habitasse
2687 4771 2791 4827 hos
2823 4758 3047 4844 populos
3081 4773 3134 4827 in
3175 4772 3397 4844 regione
3437 4777 3740 4847 antiquitus

2157 4866 2365 4938 Megalia
2410 4851 2636 4932 vocata,
2681 4880 2844 4936 quam
2894 4866 2951 4921 in
2995 4865 3300 4921 conﬁnibus
3330 4866 3519 4926 Mediae
3563 4886 3736 4942 prope

2161 4960 2491 5030 Elymaidem
2526 4959 2756 5014 collocat
2789 4957 3015 5025 Plinius,
3045 4957 3080 5015 Ι.
3118 4975 3170 5014 vr
3193 4957 3325 5016 Not.
3367 4961 3534 5026 Πὶει..
3562 4979 3613 5019 c.
3645 4964 3734 5031 26,

2113 5121 2121 5128 .
2163 5055 2252 5108 ubi
2298 5052 2562 5124 suspicari
2597 5053 2722 5108 licet
2746 5052 3103 5108 mulationem
3137 5053 3429 5124 irrepsisse
3471 5057 3734 5126 aliquam,

2160 5147 2343 5217 qualis
2376 5147 2431 5203 in
2459 5147 2816 5204 translatione
2847 5161 2911 5201 ex
2949 5161 3054 5200 una
3081 5146 3134 5201 in
3174 5147 3333 5203 aliam
3365 5147 3603 5217 linguam
3637 5165 3737 5208 no-

2163 5242 2372 5296 minum
2387 5240 2800 5311 peregrinontm
2817 5240 2930 5296 fere
2949 5251 3166 5311 semper
3183 5238 3498 5299 intervenit.
3521 5243 3738 5317 Mogola

2164 5346 2294 5387 sane
2325 5341 2412 5387 aut
2448 5330 2672 5401 Huguia
2699 5332 2861 5388 facile
2891 5349 2920 5388 a
2950 5330 3157 5392 Graecis
3188 5337 3369 5390 omnia
3406 5336 3473 5391 ad
3518 5340 3605 5393 sui
3632 5340 3742 5396 ori-

2167 5428 2322 5495 uiues
2376 5425 2652 5482 idiomatis
2701 5426 2920 5484 trahere
2968 5426 3145 5481 solitis
3188 5428 3270 5498 (ut
3321 5429 3372 5483 in
3423 5429 3598 5502 Byrsa
3646 5450 3739 5504 pro

2164 5517 2363 5584 Bosra,
2415 5519 2467 5575 in
2507 5517 2682 5574 Axino
2727 5527 2779 5573 et
2816 5518 3027 5575 Euxino
3082 5535 3180 5591 pro
3228 5521 3483 5589 Ast-erres,
3531 5535 3586 5580 et
3623 5528 3744 5584 aliis

2167 5613 2440 5669 sementis
2486 5612 2788 5681 cernimus)
2836 5613 2887 5667 in
2937 5612 3150 5684 Megale
3203 5615 3375 5685 potuit
3429 5617 3742 5684 deformnri,

2170 5703 2312 5770 quod
2340 5720 2404 5760 ex
2446 5704 2553 5768 his,
2592 5712 2654 5758 ut
2701 5704 2807 5757 alia
2858 5704 3136 5776 pleraque,
3183 5708 3480 5777 sumpserit
3514 5707 3742 5769 Plinius.

2172 5794 2430 5866 Equidem
2483 5796 2720 5850 arbitror
2765 5798 3061 5851 maximum
3109 5798 3268 5852 hodie
3315 5813 3379 5852 ac
3424 5803 3743 5871 potentissi-

2173 5904 2318 5944 mum
2363 5891 2649 5961 impcriunt
2688 5889 2903 5960 Megetis
2923 5891 3270 5960 superstitem
3310 5891 3471 5949 istius
3521 5893 3745 5967 legata
