4058 6298
446 351 556 414 Ἱϐὃ

1821 355 2351 423 GLOSSARIUM.

3607 359 3722 426 756

438 474 855 546 appellationem
907 494 1152 536 servare.
1206 480 1411 537 Ferunt
1452 479 1601 540 enim
1649 478 1781 536 illud
1831 476 2026 534 condi-
2057 479 2320 546 Αδοῦλος
2363 477 2461 535 τοῦ
2514 478 2675 546 Θεοῦ,
2735 487 2844 537 etc.
2894 479 2966 538 Et
3005 486 3167 536 antea
3199 477 3410 536 similia
3456 479 3715 536 attulerat

440 579 554 623 tum
590 584 618 623 a
653 569 902 626 Baburxa
942 573 1122 644 magni
1168 573 1512 630 Tamerlanis
1546 582 1861 642 pronepote.
1910 567 2020 624 Ta-

440 660 742 716 mcrlanem
791 673 971 717 autem
1019 678 1081 717 se
1128 677 1302 733 genus
1342 679 1372 717 a
1419 661 1818 732 Megalensibus
1883 660 2021 714 anti-

439 753 566 822 quis
597 754 936 824 principibus
968 753 1192 810 duxisse
1225 757 1367 810 haud
1399 770 1539 810 vane
1582 754 1894 826 gloriatum,
1931 767 2018 810 sa-

442 845 513 900 tis
537 857 619 900 est
655 846 970 903 verisimile.
1011 847 1146 902 Nam
1184 849 1285 902 etsi
1329 849 1472 903 hunc
1500 847 1772 902 vilissimo
1801 861 2020 917 genere,

441 949 596 1009 patre
637 940 896 1010 pecuario
930 951 1112 996 natum
1148 941 1200 996 in
1235 941 1526 1010 Sogdianis
1552 941 1830 994 montibus
1859 937 2022 993 Turcl

440 1036 748 1103 prmsertim
798 1034 1049 1092 historici
1094 1035 1456 1091 Ottomanicis
1506 1035 1840 1105 principibus
1888 1033 2025 1087 ndu-

440 1127 617 1186 tantes
652 1127 1002 1199 scripserint,
1049 1130 1117 1185 ad
1155 1128 1522 1185 infamandam
1559 1128 1676 1199 ejus
1706 1128 2023 1183 memoriam

439 1222 533 1292 qui
566 1221 872 1277 Baiaxetem
914 1222 1058 1278 bello
1095 1222 1294 1278 victum
1327 1237 1391 1276 ac
1433 1229 1649 1292 captum
1691 1218 1810 1273 dira
1851 1231 2026 1288 usque

440 1314 506 1368 ad
559 1326 787 1370 mortem
834 1317 1083 1371 custodia
1136 1316 1434 1380 tenuisset,
1487 1325 1666 1368 tamen
1714 1310 2027 1366 Alltacenus

439 1407 638 1470 Arabs,
687 1409 777 1476 qui
805 1408 855 1470 ei
902 1423 1088 1463 comes
1127 1407 1440 1462 individuus
1472 1405 1874 1474 expeditionum
1910 1416 2029 1456 om-

440 1498 596 1554 nium
631 1501 925 1557 adhaesisse
955 1501 1162 1557 dicitur
1190 1511 1244 1556 et
1275 1501 1396 1556 ideo
1435 1503 1630 1557 merito
1659 1498 1901 1556 creditur
1936 1511 2026 1564 res

441 1591 556 1659 ejus
579 1609 689 1663 pra:
718 1596 929 1650 caeteris
958 1605 1274 1666 perspectas
1317 1594 1599 1662 habuisse,
1633 1593 1690 1649 in
1716 1592 1833 1664 ejus
1861 1607 2025 1662 quam

439 1686 659 1754 scripsit
697 1688 804 1742 vita
849 1698 1079 1744 testatur
1140 1690 1316 1754 illum,
1351 1704 1476 1745 cum
1517 1687 1881 1744 inclarescere
1906 1696 2026 1741 stu-

438 1778 632 1850 pemlis
708 1778 1048 1836 facinoribus
1097 1780 1186 1856 [Ρ.
1248 1781 1376 1856 £98]
1451 1782 1596 1838 circa
1658 1781 1862 1838 Christi
1906 1795 2022 1850 ,an-

441 1887 572 1927 num
608 1874 745 1928 1390
771 1874 957 1943 erepit,
989 1891 1095 1931 non
1123 1891 1187 1931 ex
1215 1877 1424 1947 privata
1452 1885 1507 1933 et
1534 1877 1754 1932 sordida
1786 1875 2022 1940 fortuna,

439 1967 536 2022 sed
562 1983 626 2022 ex
654 1969 994 2041 avito,quem
1024 1970 1372 2026 haereditario
1400 1971 1520 2042 iure
1540 1971 1898 2042 suscepisset,
1919 1969 2024 2024 Sa-

439 2061 752 2117 ntarkauda'
780 2064 1160 2134 principatuin
1186 2079 1306 2122 eam
1341 2066 1650 2120 claritatem
1688 2063 1981 2120 emersisse
2007 2080 2022 2117 :

441 2154 610 2210 fuisse
644 2158 845 2229 quippe
893 2157 1048 2214 illum
1096 2160 1384 2215 oriundum
1423 2179 1452 2216 e
1483 2161 1634 2232 regio
1669 2158 2021 2222 Tatarorum,

439 2245 544 2309 hoc
566 2259 651 2305 est
679 2250 1094 2324 Mogulensium,
1125 2252 1513 2322 imperatorum
1545 2255 1827 2322 sanguine.
1868 2253 2022 2321 Quod

439 2344 677 2401 innuens
703 2346 955 2414 Bizarus,
986 2347 1024 2406 Ι.
1058 2363 1136 2413 Ix,
1174 2348 1374 2402 fatetur
1412 2366 1440 2403 ιι
1487 2348 1764 2404 nonnullis
1799 2350 1851 2401 in
1882 2347 2022 2402 litte-

443 2453 534 2494 ras
583 2438 812 2503 relatum
872 2439 1040 2496 fuisse
1083 2440 1464 2497 Tamerlanem
1527 2440 1700 2519 tilium
1750 2440 1893 2511 (hoc
1939 2449 2023 2494 est

440 2544 608 2584 unum
636 2545 666 2586 e
696 2530 953 2603 posteris)
999 2534 1178 2602 magni
1216 2531 1408 2589 Chami
1444 2530 1810 2599 Tatarorum;
1853 2540 1907 2587 et
1941 2531 2024 2587 di-

440 2631 587 2677 serte
616 2623 932 2679 Alianabius
976 2633 1030 2680 et
1058 2624 1338 2680 Ahmedus
1384 2625 1628 2681 historici
1676 2626 1906 2688 Arabes,
1954 2623 2023 2680 ab

443 2713 696 2772 Eduardo
746 2713 1017 2774 Pocockio
1065 2717 1271 2774 laudati
1328 2718 1384 2774 in
1423 2717 1702 2790 Supplem.
1757 2719 2016 2777 Chronici

440 2809 872 2882 Abulpharagii,
929 2828 983 2883 p.
1030 2812 1087 2876 5,
1134 2811 1516 2870 Tamerlanem
1572 2828 1604 2868 e
1649 2809 2021 2884 Gingixrhsne

441 2905 617 2977 primo
682 2907 895 2977 imperii
977 2905 1368 2980 Megalensium
1439 2908 1723 2964 conditore
1795 2909 2020 2976 stirpem

443 3003 664 3060 duxisse
717 3003 1006 3059 afﬁrmant.
1053 3003 1231 3059 Porro
1287 3004 1435 3069 licet,
1499 3012 1556 3059 ut
1611 3002 2018 3066 Chalcondiles,

442 3095 478 3154 l.
516 3111 597 3162 ιιι,
631 3105 688 3150 et
717 3095 984 3153 lleroldus
1011 3097 1062 3152 in
1088 3096 1500 3154 continuatione
1520 3095 1660 3152 Belli
1681 3097 1858 3161 Sacri,
1885 3095 1919 3151 l.
1943 3109 2018 3160 Vt.

2125 574 2385 644 vulgaris
2404 573 2490 632 sui
2524 591 2658 631 usus
2690 576 2854 631 verba
2892 576 2986 631 illa
3023 594 3039 631 ε
3075 576 3164 630 Na
3212 573 3322 649 ἔχω
3344 575 3406 628 τὺ
3437 575 3588 639 ἕλεος
3617 573 3713 628 τοῦ

2125 663 2290 728 Θεοῦ,
2319 665 2387 720 νὰ
2434 667 2552 737 εἰμὶ
2584 666 2774 731 δοῦλος
2805 668 2900 722 τοῦ
2933 666 3093 733 Θεοῦ,
3132 668 3198 721 vi
3230 666 3492 737 ἀποθᾴικι)
3519 670 3579 720 ὲν
3614 683 3712 737 με·

2124 757 2339 829 τανοίᾳ.
2371 758 2427 814 In
2462 760 2546 815 his
2577 758 2646 814 νά
2682 775 2788 815 ιιοιι
2822 760 3036 815 videtur
3067 759 3225 830 plane
3245 759 3494 827 usurpari
3527 757 3582 812 in
3617 772 3713 812 no-

2127 851 2275 905 tione
2331 851 2492 907 hodie
2546 854 2674 908 trita
2725 854 2780 908 in
2835 853 3042 924 vulgari
3102 852 3361 930 idiomate
3394 851 3712 906 Graecorum

2128 943 2274 1009 (nam
2300 943 2462 1015 hujus
2489 947 2683 1016 linguae
2717 946 2920 1002 Graecae
2947 955 3217 1016 corruptae
3245 942 3616 1017 lexicograpbi
3645 941 3715 998 νά

2127 1048 2408 1107 exponunt
2459 1039 2592 1103 nos,
2622 1057 2707 1103 en,
2751 1041 2908 1109 ecce),
2960 1041 3054 1095 sed
3115 1037 3329 1095 videtur
3377 1037 3562 1110 potius
3613 1052 3719 1092 usu
3781 1091 3783 1093 .

2128 1133 2358 1201 quodam
2402 1132 2667 1202 peculiari
2709 1131 2939 1188 Joannis
2971 1136 3188 1188 (Jost
3207 1130 3453 1202 positum
3475 1145 3574 1200 pro
3599 1129 3715 1195 ναί,

2128 1223 2328 1291 utique,
2382 1233 2539 1278 certe.
2579 1223 2658 1278 llli
2693 1235 2871 1278 autem
2915 1226 3004 1294 qui
3039 1223 3256 1290 iurasse
3293 1223 3442 1278 illum
3471 1237 3568 1293 per
3597 1222 3715 1278 haec

2130 1319 2292 1371 verba
2325 1319 2700 1381 crediderant,
2739 1318 2806 1371 νά
2835 1333 2930 1385 pro
2961 1319 3026 1388 νή
3052 1319 3309 1373 videntur
3342 1315 3712 1382 intellexisse;

2128 1409 2194 1478 νὴ
2224 1407 2394 1474 enim,
2429 1415 2482 1461 ut
2513 1419 2702 1462 notum
2731 1418 2834 1472 est,
2857 1407 3041 1479 lingua
3073 1407 3239 1462 veteri
3271 1406 3460 1462 Graeca
3486 1404 3715 1474 iurandi

2130 1501 2451 1556 adverbium
2482 1511 2587 1572 est.
2619 1499 2812 1556 Posset
2838 1501 3001 1556 etiam
3045 1500 3215 1555 videri
3247 1499 3472 1554 Cosmas
3504 1497 3559 1552 in
3610 1497 3717 1551 ali~

2131 1607 2238 1662 qua
2269 1609 2339 1649 ex
2370 1591 2613 1647 recitatis
2648 1590 2919 1651 formulis.
2952 1602 3079 1660 puta
3118 1590 3326 1656 illa,“
3362 1587 3621 1643 ἀποθάνω
3656 1587 3719 1642 ἓν

2134 1687 2417 1759 μετανοίᾳ,
2445 1687 2696 1755 posuisse
2721 1684 2789 1740 νά
2812 1699 2908 1755 pro
2943 1683 3081 1750 εἴθε,
3123 1683 3351 1738 utinam.
3661 1757 3664 1760 4

2202 1778 2344 1844 Νέα,
2381 1794 2436 1849 p.
2475 1778 2598 1836 ΝΞ.
2624 1778 2952 1852 Suspicahar
2980 1778 3067 1832 hic
3090 1777 3220 1831 νέαν
3243 1776 3371 1841 dici,
3400 1782 3460 1830 ut
3487 1773 3714 1838 assolet,

2136 1890 2231 1945 per
2277 1872 2684 1946 compendium,
2716 1867 3097 1927 subintellecta
3161 1885 3294 1926 voce
3342 1869 3543 1940 πύλην.
3606 1866 3719 1922 Sed

2136 1967 2427 2033 deterruit,
2459 1967 2600 2035 quod
2630 1963 2828 2021 Petrus
2857 1963 3078 2031 Gillius,
3112 1964 3203 2020 ubi
3255 1962 3408 2019 urbis
3440 1958 3734 2019 Constan-‘

2136 2059 2438 2130 tinopoleos
2471 2067 2660 2127 portas
2706 2064 3016 2122 enumerat,
3058 2057 3099 2114 l.
3132 2047 3173 2119 t.
3213 2072 3266 2112 c.
3299 2054 3394 2122 20,
3444 2068 3724 2126 nusquam

2131 2158 2382 2214 meminit
2412 2155 2573 2211 ullius
2601 2164 2772 2228 portae
2801 2170 2922 2226 quae
2951 2155 3070 2222 νέα,
3097 2172 3232 2212 nova
3269 2156 3561 2213 diceretur.
3605 2153 3715 2210 Po-

2134 2251 2233 2306 tuit
2271 2259 2327 2307 et
2359 2249 2692 2320 subintelligi
2739 2249 2888 2306 aliud
2918 2250 3318 2306 substantivum
3359 2249 3718 2314 femininum,

2132 2355 2261 2416 puta
2297 2345 2431 2415 μονή
2465 2354 2558 2398 aut
2590 2343 2789 2415 ἀγορά.
2827 2343 3209 2399 monasterium
3233 2342 3330 2400 vel“
3354 2343 3534 2415 {orum
3568 2357 3588 2397 :
3615 2336 3715 2398 sed

2133 2456 2257 2494 cum
2293 2442 2462 2511 μονήν
2495 2447 2589 2494 aut
2629 2439 2840 2510 ἀγορὰν
2881 2439 3014 2493 νέαν
3055 2440 3348 2494 vocitatam
3391 2437 3715 2493 Constanti-

2134 2537 2312 2608 nopoli
2343 2536 2510 2595 fuisse
2543 2534 2670 2590 alibi
2699 2551 2805 2590 non
2835 2534 3076 2604 legerim,
3109 2535 3356 2589 divinare
3385 2548 3493 2588 non
3523 2546 3715 2596 ausus,

2131 2628 2187 2683 in
2221 2629 2674 2697 interpretatione
2719 2644 2912 2684 nomen
2943 2629 3116 2698 ipsum
3148 2627 3320 2695 Νέαν,
3360 2625 3530 2685 Neam
3561 2625 3711 2681 velut

2135 2721 2236 2778 luci
2280 2723 2392 2777 noti
2431 2721 2707 2792 proprium
2756 2721 2982 2786 retinui,
3019 2721 3194 2777 donec
3238 2720 3386 2776 aliud
3436 2720 3584 2790 quod
3628 2734 3718 2776 se-

2131 2830 2329 2886 querer
2375 2814 2582 2868 certius
2613 2823 2948 2868 occurreret.

2205 2909 2291 2984 [Ρ.
2330 2908 2458 2984 499]
2488 2909 2714 2976 Ξενών,
2763 2925 2814 2978 p.
2856 2909 2983 2966 283.
3032 2909 3299 2965 Videntur
3345 2909 3435 2965 hic
3483 2907 3711 2976 ξενῶνος

2133 3002 2340 3074 συνήθη
2378 3004 2688 3075 νομίσματα
2729 3002 2834 3059 dici
2871 3002 3229 3074 eleemosyna:
3261 3003 3328 3058 ab
3377 3002 3712 3074 imperatore

2131 3101 2347 3168 suggeri
2399 3097 2722 3169 patriarchae
2772 3097 2965 3160 solitae,
3025 3108 3084 3152 ut
3125 3113 3221 3153 eas
3270 3098 3602 3168 impenderet
3650 3097 3706 3152 in

440 3209 492 3249 c.
527 3194 578 3257 5,
610 3192 824 3260 docent,
853 3204 1066 3249 mortuo
1094 3193 1417 3251 Tamerlane
1439 3190 1606 3264 (quod
1634 3190 1858 3259 contigit
1880 3204 2024 3244 anno
2052 3202 2103 3268 ο
2128 3191 2482 3263 excipiendos
2545 3191 2780 3263 hospitio
2833 3190 3150 3261 peregrinos
3189 3197 3246 3246 et
3287 3190 3342 3247 in
3396 3190 3501 3247 alia
3551 3205 3716 3262 egeo-

439 3287 572 3344 Chr.
610 3287 771 3357 1402)
791 3287 1161 3343 vastissimum
1189 3286 1308 3359 ejus
1332 3286 1618 3356 imperium
1651 3284 1803 3342 brevi
1823 3284 2024 3339 discer-

444 3391 594 3451 ptum
623 3390 709 3439 est
755 3380 1079 3437 infelicitate
1110 3388 1206 3436 aut
1237 3378 1601 3450 imprudentia
1641 3391 2025 3434 successerunt

441 3473 582 3543 eius.
615 3471 698 3532 Ex
721 3472 883 3543 huius
918 3481 1101 3528 tamen
1136 3473 1310 3544 stirpe
1343 3481 1676 3528 memoratus
1705 3470 1868 3543 paulo
1898 3479 2027 3526 ante

439 3567 718 3634 Babursa,
745 3565 1015 3624 Sadruchi
1045 3575 1139 3623 aut
1169 3566 1517 3638 Paianguris,
1541 3566 1780 3621 filiorum
1802 3562 2032 3618 Tames-

438 3659 604 3725 lanis,
660 3673 848 3728 nepos,
906 3659 1209 3732 dynastiam
1253 3658 1561 3717 obtinuisse
1624 3655 2029 3714 hereditariam

437 3757 582 3812 inter
637 3752 874 3824 Mogoles
924 3763 1138 3825 gentem
1195 3752 1507 3825 Scythicam
1582 3767 1611 3807 a
1678 3746 2030 3819 chronologis

439 3847 833 3907 recentioribus
911 3848 1182 3916 traditur;
1243 3846 1481 3918 indeque
1545 3844 1840 3900 contractis
1933 3856 2026 3898 co-

437 3941 544 4012 piis
592 3941 792 3998 vicinis
832 3941 1068 4013 primum
1114 3938 1351 3998 Parthos
1401 3940 1518 3995 sive
1557 3937 1796 3992 Patanas
1842 3932 2026 3990 debel-

435 4036 604 4102 lasse,
638 4033 997 4104 felicibusque
1027 4034 1156 4091 inde
1184 4033 1564 4103 progressibus
1595 4045 1766 4100 usque
1795 4028 1861 4081 ad
1894 4043 2020 4082 cnn-

437 4129 772 4203 atituendum
831 4127 1417 4196 transmittendumque
1473 4124 1637 4196 706
1682 4122 1868 4191 stirpis
1913 4135 2022 4173 sine

439 4223 676 4294 posteris
716 4222 1038 4290 Mogolicum
1072 4221 1238 4276 hodie
1277 4217 1480 4284 florens
1514 4216 1804 4293 imperium
1837 4212 2021 4284 profe-

438 4315 608 4381 cisse,
633 4315 914 4380 ademto,
958 4320 1120 4383 prout
1157 4311 1433 4382 suspicati:
1465 4325 1695 4380 pronum
1721 4317 1827 4372 est,
1857 4307 2026 4376 potis-

439 4410 637 4466 simum
664 4409 772 4466 isto
800 4407 1038 4470 nomine,
1066 4407 1210 4477 quod
1240 4407 1290 4460 id
1314 4401 1800 4469 Gingizcbanidum
1833 4415 2020 4467 regum

441 4503 710 4572 maiorum
734 4516 956 4557 suorum
990 4501 1120 4556 olim
1149 4500 1409 4572 inclytam
1440 4495 1701 4553 vocabulo
1739 4494 2022 4563 Mogulen-

2129 3287 2264 3340 tium
2294 3284 2523 3354 solatia;
2557 3300 2720 3355 quam
2752 3284 2805 3338 in
2854 3299 2965 3339 rem
3013 3295 3287 3354 sumptum
3329 3281 3442 3340 fere
3471 3299 3710 3338 annuum

2131 3377 2278 3438 mille
2325 3391 2620 3434 aureorum
2684 3377 2941 3446 imputari
2986 3378 3343 3434 consuevisse
3400 3376 3712 3433 rationibus

2127 3471 2458 3544 patriarchas
2506 3486 2573 3527 ex
2629 3471 2918 3530 occasione
2971 3471 3132 3527 docet
3183 3470 3269 3526 hic
3327 3479 3530 3526 noster.
3586 3467 3711 3525 Non

2127 3565 2378 3622 omittam
2431 3565 2726 3622 admonere
2784 3565 2928 3621 haud
2981 3573 3128 3622 recte
3183 3565 3518 3623 intellectum
3564 3565 3710 3621 hunc

2129 3659 2307 3714 locum
2340 3658 2512 3715 videri
2539 3675 2568 3714 ιι
2592 3658 2947 3729 paraphraste
2980 3659 3266 3720 Vaticano.
3305 3659 3433 3714 dum
3468 3675 3590 3713 eum
3629 3657 3710 3712 sic

2129 3752 2435 3824 exprimit:
2474 3754 2581 3808 Καὶ
2619 3755 2688 3808 τὰ
2732 3753 2938 3826 συνήθη
2970 3753 3064 3808 τοῦ
3117 3751 3347 3820 ξενῶνος
3395 3755 3712 3825 νομεσματα

2131 3849 2433 3917 πέμπων,
2459 3846 2635 3900 ἐποίει
2685 3846 2794 3917 γὰρ
2847 3847 2970 3902 κατ’
3010 3845 3130 3911 ἔτος
3178 3846 3448 3918 βασιλεὺς,
3476 3846 3708 3919 ἐλεημο-

2131 3938 2300 4008 σύνην
2333 3938 2603 4011 κρυφῑως,
2638 3938 2843 4002 εἰδότος
2870 3937 2965 3992 ws
2998 3940 3372 4011 πατριάρχου.
3425 3941 3589 4012 707
3630 3941 3718 4005 εἰς

2129 4031 2377 4104 χιλιάδας
2431 4029 2632 4094 πολλὰς
2684 4031 3054 4102 ποσουμένην.
3095 4032 3219 4086 Haec
3269 4031 3363 4101 qui
3416 4032 3717 4089 contulerit

2127 4138 2252 4178 cum
2312 4132 2568 4179 contextu
2625 4123 2893 4189 auctoris,
2959 4121 3120 4178 facile
3161 4122 3559 4195 discrepantias
3604 4138 3714 4178 ιιι).Δ

2129 4216 2299 4270 tabit.

2201 4309 2570 4380 leoroyr'at,
2599 4325 2652 4378 p.
2689 4309 2809 4363 165.
2841 4308 2966 4378 Agit
2997 4311 3063 4365 de
3083 4310 3468 4366 ecclesiasticis
3501 4330 3528 4367 a
3563 4313 3713 4370 Saba-

2127 4406 2396 4466 nionacho
2442 4404 2672 4463 vexatis,
2724 4403 2778 4456 in
2824 4419 3054 4470 quorum
3098 4419 3223 4458 eum
3268 4406 3585 4476 οἰκονομίας
3638 4409 3716 4461 ir-

2128 4498 2302 4552 ruisse
2334 4497 2629 4552 detinetqu
2659 4505 2712 4550 et
2746 4495 3036 4565 repetendo
3072 4508 3394 4563 proventus.
3450 4511 3712 4571 tanquam

437 4569 585 4653 sieta
615 4595 925 4668 principum
967 4569 1294 4664 polentia!!!)
1343 4607 1373 4646 e
1409 4590 1584 4647 veteri
1609 4589 1888 4659 repetitam
1909 4601 2017 4640 πιε-
2057 4569 2103 4624 ί)
2131 4594 2211 4650 illi
2233 4595 2356 4664 jure
2401 4593 2519 4648 illos
2566 4592 2898 4660 percipiendi
2939 4594 3268 4648 excidissent
3315 4569 3720 4665 crimine‘perm

438 4691 632 4754 moria,
669 4688 1025 4761 pracsentibus
1064 4686 1345 4757 objicerct.
1409 4684 1536 4740 Haec
1567 4684 1635 4738 de
1665 4680 2021 4751 Muguliornm

437 4786 703 4841 uocabulo
746 4782 1018 4840 TOrharis
1054 4798 1082 4836 a
1123 4781 1456 4853 Pachymere
1509 4778 1711 4844 tributo
1763 4777 1851 4830 hic
1895 4773 2028 4830 duxi

435 4876 820 4942 memoranda;
855 4889 974 4944 quae
996 4874 1062 4929 ad
1086 4874 1471 4928 illustrandum
1489 4873 1632 4927 hunc
1659 4865 2026 4942 nostriltislo-

439 4969 533 5025 rici
555 4970 731 5025 locum
767 4983 874 5026 non
897 4983 1088 5039 parum
1123 4981 1244 5022 esse
1274 4965 1425 5021 utilia
1451 4979 1642 5036 aqnus
1667 4961 1827 5016 crede
1855 4961 2027 5014 lector

430 5063 720 5134 jndie.:bit.

502 5154 632 5224 Nd,
655 5169 712 5228 μ.
734 5154 864 5213 3M.
898 5154 962 5210 '0
983 5154 1029 5209 δ’
1056 5155 1219 5226 ὅρκος
1242 5151 1530 5216 ἰδιωτικῶς
1555 5171 1670 5215 πως
1704 5153 1876 5219 οὕτως
1908 5155 2021 5222 EE;-

435 5249 668 5322 νεχθεὶς,
709 5267 732 5303 ι
785 5248 874 5305 Ni
915 5244 1057 5321 ἧμαι
1109 5246 1298 5312 δοῦλος
1337 5247 1431 5301 τοῦ
1483 5245 1749 5319 Χριστοῦ,
1805 5249 1866 5302 οὑ
1916 5249 2024 5322 μὴν

431 5343 550 5416 ειμι
591 5341 714 5415 μεθ’
751 5342 938 5415 ἡμῶν,
979 5343 1029 5397 el
1077 5343 1154 5415 μὴ
1205 5341 1275 5396 τὰ
1315 5342 1545 5410 γένοιτο.
1590 5359 1608 5394 ι
1653 5341 1787 5397 Cum
1838 5353 2022 5397 autem

433 5438 776 5496 dubitaretur
815 5453 890 5498 an
925 5437 1029 5492 hoc
1077 5443 1226 5492 esset
1281 5450 1411 5490 vere
1450 5434 1850 5504 juramentum,
1888 5452 2022 5490 con-

431 5531 612 5587 sultus
653 5530 769 5599 ipse
808 5529 1048 5587 Joannes
1096 5527 1327 5584 Cosmas
1373 5529 1846 5600 patriarcha,-qui
1905 5531 2022 5588 ha‘c

429 5616 667 5682 dixerat,
699 5619 831 5688 quid
880 5629 1152 5686 censeret,
1185 5620 1466 5688 respondit
1499 5619 1556 5673 in
1593 5621 1734 5674 hunc
1773 5623 2016 5687 modum,

408 5725 486 5780 ιβ.
523 5710 670 5767 550:
697 5713 879 5785 Ὅπερ
908 5710 1261 5783 ἐφθεγξάμην
1294 5711 1403 5766 ἀπὸ
1432 5713 1877 5783 παραλυπήσεως
1909 5715 2017 5769 τῶν

427 5802 672 5876 ἀὸιὶφῶν
718 5824 846 5879 μου,
899 5809 999 5880 οὐχ
1063 5807 1136 5871 ὡς
1189 5809 1353 5879 ὅρκον
1421 5808 1771 5878 λογιζόμενος
1821 5805 1996 5873 εἶπον,

425 5898 542 5956 ἀλλ’
593 5900 783 5967 ἁπλῶς
824 5903 888 5956 ὲκ
939 5901 1226 5973 συνηθείας
1270 5899 1426 5955 τοῦτο
1477 5900 1681 5970 λέγειν,
1742 5902 1808 5955 vit
1839 5898 2000 5975 ,ἧμαι

2131 4684 2443 4750 duellionis,
2472 4685 2525 4737 in
2578 4685 2724 4754 quod
2764 4683 2884 4738 illos
2932 4685 3236 4739 incurrisse
3265 4686 3468 4752 aiebat,
3502 4687 3708 4744 habens

2094 4780 2236 4850 -jatn
2281 4790 2390 4835 tum
2429 4780 2577 4849 ipsos
2633 4793 2728 4846 pro
2771 4778 3034 4834 convictis
3083 4789 3137 4834 et
3185 4779 3476 4837 damnatis.
3509 4782 3586 4836 Ex
3622 4783 3747 4838 his'

2133 4875 2348 4932 videtur
2397 4872 2574 4944 colligi
2625 4871 2940 4940 οἰκονομίας
2992 4873 3079 4927 hic
3131 4874 3312 4928 vocari
3360 4890 3496 4943 quas
3551 4876 3713 4945 vulgo

2131 4963 2440 5033 prabendaa
2500 4975 2590 5018 aut
2629 4963 2882 5032 beneﬁcia
2942 4963 3197 5024 dicimtts,
3243 4963 3367 5033 jura
3405 4966 3553 5019 varia
3584 4981 3710 5036 per-

2130 5062 2503 5131 cipieudarum
2534 5057 2845 5126 portio-nom
2879 5072 2946 5110 ex
2997 5057 3261 5112 reditibus
3292 5056 3550 5113 Ecclesiae
3585 5073 3711 5115 cer-

2131 5156 2198 5207 tis
2225 5153 2439 5208 clericis
2461 5161 2552 5204 aut
2580 5150 2955 5205 sacerdotibus
2988 5150 3198 5204 ratione
3231 5149 3570 5205 functionum
3615 5163 3715 5212 aut

2129 5246 2559 5302 ministeriorum
2613 5245 2746 5314 ipsis
2808 5245 3252 5301 demandatornm
3318 5247 3706 5315 competenti}.

2125 5338 2217 5393 Sic
2265 5337 2550 5408 opinabar.
2580 5336 2785 5392 Tamen
2816 5351 2882 5390 ne
2913 5336 3042 5407 quid
3075 5337 3508 5406 prajudi'carem,
3535 5339 3713 5409 ipsam

2126 5433 2574 5488 αἰοαιιοιιιὶαιιιιιιι
2610 5445 2801 5485 vocem.
2829 5432 3239 5500 interpretando
3262 5433 3486 5488 retinui.

2208 5527 2462 5596 Ὀδηγοί,
2494 5541 2544 5592 p.
2577 5524 2664 5580 85.
2723 5525 2844 5593 Agit
2895 5526 2960 5578 de
3020 5507 3146 5592 arca
3203 5525 3343 5580 intra
3373 5540 3535 5596 quam
3588 5537 3715 5583 erat

2125 5622 2406 5678 conditum
2442 5617 2657 5684 Arsenii
2695 5633 2930 5686 corpus;
2967 5633 3127 5686 quam
3164 5618 3326 5686 paulo
3369 5628 3496 5673 ante
3529 5619 3704 5672 κισὼ-

2122 5731 2237 5768 τιον
2261 5713 2494 5774 γοωνὶι,
2520 5721 2568 5765 et
2603 5710 2768 5763 fuisse
2815 5709 3110 5776 repositam
3133 5711 3268 5763 dixit
3304 5711 3432 5779 περὶ
3454 5710 3521 5764 τὰ
3549 5709 3704 5778 δεξιὰ

2122 5811 2216 5864 τοῦ
2239 5812 2506 5878 βήματος,
2528 5824 2559 5859 a
2576 5806 2776 5857 dextris
2795 5802 3003 5864 altaris,
3028 5803 3114 5858 hic
3130 5813 3307 5858 autent
3330 5805 3423 5867 ait,
3442 5803 3576 5860 feria
3595 5817 3705 5860 trr-

2111 5905 2182 5959 tia
2217 5904 2453 5978 cujusvis
2471 5899 3208 5966 hebdomadis,concurrenti
3225 5899 3290 5955 de
3316 5915 3463 5957 more
3500 5901 3714 5972 populo
