4058 6298
333 348 440 428 767

1290 373 1353 440 P.
1392 375 1697 438 POSSINI
1727 375 2380 447 OBSERVATlONUM
2420 372 2648 469 1.18.1.

3498 367 3634 436 768

331 488 402 539 td
436 476 653 540 rcrdtum
687 484 1034 559 Hodegorum
1089 492 1394 563 subaperiri
1437 495 1787 549 consuevisse
1829 509 1913 547 ιιι·-
1944 492 1993 553 A
2025 475 2172 548 timis
2205 495 2243 548 Β
2266 504 2319 547 et
2360 497 2395 548 Α
2429 499 2576 564 (nam
2610 487 2652 545 ν
2686 490 2828 544 hunc
2871 488 3046 542 locum
3095 487 3338 543 funditus
3365 490 3585 544 omittit
3612 488 3643 543 γ

334 578 509 632 culam
541 579 735 646 istam;
767 581 869 637 hoc
895 595 1001 649 est,
1043 595 1101 639 ut
1142 587 1359 653 opinor,
1407 587 1617 643 modice
1651 588 1942 664 reserat-ip

338 680 397 724 ut
427 672 711 729 obtutibus
752 662 1073 730 intuentium
1106 693 1200 747 per
1234 680 1399 734 rimas
1433 692 1524 733 aut
1552 680 1762 733 clatltra
1785 696 1913 734 ossa

337 765 493 820 intus
543 769 778 837 reposita
831 780 1101 838 paterent,
1166 787 1270 826 non
1321 773 1762 828 cmttrectatioui.
1819 770 1917 827 Hic

341 870 470 911 ante
500 859 680 913 omnia
715 860 1129 930 disquirendum
1161 860 1245 920 est
1271 866 1533 934 quidnam
1568 866 1653 919 hic
1697 865 1937 942 Ὅδηγοζ

341 952 620 1018 dicantur,
670 963 725 1008 et
768 956 890 1024 quis
938 957 1025 1011 hic
1068 973 1257 1012 eorum
1289 960 1525 1013 usitatus
1555 959 1733 1012 tertiis
1765 953 1921 1014 feriis

341 1045 623 1116 popularis
659 1049 858 1103 cultus.
888 1050 1064 1120 Cogor
1102 1053 1308 1107 micare
1352 1052 1404 1106 in
1443 1053 1698 1116 tenebris,
1733 1055 1822 1122 qui
1854 1054 1921 1105 de

335 1138 425 1209 his
456 1139 506 1192 in
551 1139 866 1197 Graecorum
911 1143 1065 1198 libris
1097 1145 1227 1198 nihil
1259 1144 1583 1200 invenerim.
1621 1140 1726 1198 om
1755 1155 1808 1199 et
1832 1154 1918 1198 at—

341 1241 490 1284 tente
549 1234 968 1303 circumspectis
1020 1236 1316 1300 omnibus,
1374 1237 1505 1290 nihil
1569 1238 1920 1291 verisimilius

345 1323 499 1374 tideo
533 1339 694 1394 quam
747 1326 961 1379 solitam
1016 1325 1167 1381 feriis
1219 1327 1394 1382 tertiis
1442 1325 1920 1397 Constantinopoli

345 1415 557 1484 plebem
595 1431 914 1474 veneratum
950 1422 1026 1475 ire
1058 1420 1158 1475 SS.
1187 1423 1429 1491 angelos.
1460 1421 1595 1477 Nam
1623 1424 1723 1479 hos
1762 1423 1922 1493 Ὀδη-

344 1506 461 1576 ’ίῶν
489 1508 717 1565 indicari
754 1513 1020 1568 vocabulo
1050 1530 1114 1572 ex
1153 1514 1530 1586 Cluysostomi
1562 1517 1781 1584 liturgia
1806 1516 1922 1571 col—

344 1599 478 1670 ligo,
515 1604 567 1654 in
596 1618 700 1672 qua
730 1604 998 1660 diaconus
1038 1606 1116 1660 sic
1153 1619 1288 1662 voce
1313 1606 1526 1661 sublata
1556 1607 1876 1676 pronuntiat
1905 1627 1918 1663 :

346 1694 618 1764 Ἀγγελον
661 1696 912 1767 εἰρήνης,
945 1699 1140 1753 πιστὸν
1180 1698 1395 1768 ὁδηγὸν,
1430 1699 1654 1768 φύλακα
1684 1699 1793 1754 τῶν
1821 1701 1926 1771 diu.

342 1786 457 1856 χῶν
489 1789 581 1840 καὶ
612 1788 881 1858 σωμάτων
914 1789 1091 1861 ἡμῶν,
1130 1791 1283 1862 παρὰ
1315 1786 1412 1846 τοῦ
1451 1793 1656 1863 Κυρίου
1684 1793 1926 1864 atrocib-

347 1883 511 1949 μεθα.
537 1883 811 1953 'Angelum
841 1885 1009 1954 pacis.
1035 1885 1239 1952 ﬁdelem
1263 1887 1471 1949 ducem,
1508 1889 1775 1942 custodem
1795 1886 1926 1944 ἀνιε-

344 1985 554 2030 marum
601 1985 650 2031 et
695 1992 978 2049 corporum
1019 1987 1344 2048 nostrorum,
1377 1997 1411 2034 a
1441 1979 1670 2037 Domino
1691 1985 1926 2052 postule-

345 2084 486 2121 mus.
523 2065 620 2123 Cui
656 2071 991 2139 respondens
1022 2069 1224 2126 chorus
1255 2071 1523 2128 atzclatnat
1553 2091 1569 2130 :
1606 2073 1925 2145 Παράσχου,

349 2159 544 2230 Κύριε,
571 2161 780 2229 ρινωινε.
805 2161 1050 2218 Domine.
1085 2162 1166 2220 Ad
1193 2163 1340 2219 hunc
1373 2168 1550 2220 locum
1591 2166 1669 2220 sic
1699 2167 1930 2222 adnotat

347 2251 652 2320 Cabasilas,
675 2270 729 2309 c.
768 2255 836 2309 54
869 2272 884 2310 :
923 2255 1212 2328 Εὺχόμεθα
1255 2260 1386 2328 περὶ
1424 2257 1520 2312 τοῦ
1554 2258 1798 2328 φύλακος
1823 2259 1928 2328 ἀγ-

349 2343 511 2414 γέλού
559 2348 660 2418 οὐχ
705 2348 792 2403 ἵνα.
826 2352 961 2419 ἡμῖν
1000 2349 1123 2404 τότε
1154 2349 1284 2420 δοθῇ
1338 2349 1572 2420 (δέδοται
1605 2353 1712 2424 γὰρ
1743 2351 1804 2417 ἐξ
1829 2353 1930 2424 ἁρ-

350 2440 456 2512 χῆς
486 2441 704 2514 ἑκάστῳ
751 2442 860 2497 τῶν
913 2443 1123 2498 πιστῶν
1172 2443 1451 2516 ἄγγελος),
1493 2445 1612 2500 ἀλλ’
1646 2444 1733 2500 ἵνα
1781 2450 1933 2517 ἐνερ-

349 2528 503 2608 γὸςῇ
537 2536 632 2589 καὶ
669 2535 740 2590 τὰ
768 2534 934 2590 αὐτοῦ
964 2539 1092 2609 ποιῇ
1122 2537 1220 2592 καὶ
1253 2540 1490 2608 φρουρῇ,
1537 2541 1633 2592 καὶ
1662 2539 1801 2610 πρὸς
1830 2542 1933 2610 τὴν

349 2625 568 2678 εὐθεῖαν
620 2624 741 2679 ὁδὸν
789 2627 938 2696 ἡμᾶς
986 2627 1178 2699 ὁδηγῇ.
1229 2626 1460 2684 Oramus
1510 2647 1669 2701 super
1715 2632 1934 2688 custode

351 2719 563 2788 angelo,
609 2735 715 2774 non
761 2731 818 2775 ut
854 2722 1005 2776 nobis
1038 2722 1196 2777 detur
1231 2724 1426 2791 (datus
1455 2725 1592 2779 enim
1615 2736 1693 2782 est
1724 2745 1755 2781 α
1783 2729 1934 2797 prin-

352 2810 488 2878 cipio
521 2813 804 2885 unicuique
857 2815 1099 2887 ﬁdelium
1158 2818 1422 2888 angelus),
1489 2820 1580 2875 sed
1633 2823 1706 2874 ut"
1741 2820 1936 2878 intente

353 2906 598 2968 operetur
645 2918 694 2961 et
742 2925 862 2975 qua:
924 2911 1006 2964 sui
1060 2920 1181 2964 sunt
1243 2912 1475 2968 muneris
1527 2926 1652 2984 agat
1681 2952 1698 2976 ,
1764 2930 1940 2970 custo-

356 2996 470 3083 diat
507 3015 686 3066 nempe
718 3018 780 3054 ac
806 3001 862 3054 in
900 3012 1093 3058 rectam
1126 3020 1220 3059 nos
1259 3005 1393 3060 uiam
1417 3005 1635 3078 dirigat.
1671 3005 1756 3080 [Ρ.
1808 3008 1936 3083 500]

358 3081 482 3140 Hau:
513 3084 624 3153 ibi;
678 3105 743 3142 ex
806 3090 1004 3161 quibus
1061 3102 1212 3164 patet
1253 3110 1413 3163 quam
1461 3095 1717 3168 frequens
1788 3081 1961 3157 Grati?

2023 587 2156 656 πρὸς
2182 584 2280 655 τὴν
2305 587 2412 638 τῶν
2452 585 2695 656 Ὀδηγῶν
2727 583 3105 648 scribebatur;
3138 596 3258 652 qua!
3287 597 3419 635 sane
3444 583 3628 637 lectin

2022 679 2274 734 intricata
2317 689 2419 735 est.
2477 677 2749 744 Quorsum
2790 678 2935 732 enim
2991 677 3134 731 istud
3189 677 3289 744 τήν
3347 679 3628 748 pertint-1,

2029 781 2120 829 aut
2157 789 2317 842 quam
2365 789 2476 826 rem
2530 770 2753 835 indicat,
2790 784 2916 826 cum
2966 770 3108 823 nulla
3144 780 3400 823 occurrat
3435 769 3483 821 ei
3519 784 3639 834 ge-

2023 867 2139 921 neri
2182 867 2517 920 convenieus
2552 882 2580 918 e
2616 865 2768 932 prius
2806 873 2902 916 aut
2950 874 3070 932 post
3120 861 3478 917 memoratis?
3511 859 3632 915 So-

2025 958 2135 1013 lent
2165 967 2407 1012 veterum
2439 957 2744 1011 istiusmodi
2784 956 3145 1024 descriptores
3169 956 3428 1008 librorum
3457 965 3614 1008 certa

2027 1053 2284 1105 vocabula
2316 1049 2733 1117 compentliariis
2764 1050 2908 1102 notis
2947 1048 3188 1120 pingere.
3223 1046 3392 1101 Multa
3422 1046 3474 1098 in
3507 1050 3624 1101 hoc

2027 1158 2258 1213 utroque
2292 1146 2413 1200 talia
2448 1148 2722 1208 visuntur,
2755 1144 2844 1198 ubi
2877 1142 3080 1211 passim
3113 1140 3240 1202 ἄνος
3277 1155 3376 1206 pro
3398 1137 3623 1210 ἄνθρω-

2027 1253 2153 1300 πος,
2196 1237 2351 1299 οὺνὸς
2382 1253 2478 1304 pro
2506 1235 2756 1307 οὐρανός,
2797 1244 2855 1286 ιιι
2885 1243 3142 1287 sexcenta
3179 1233 3434 1285 omittam
3454 1229 3604 1284 sitni-

2028 1328 2122 1381 lia.
2156 1326 2397 1380 Putat-im
2437 1340 2576 1395 ergo
2607 1327 2696 1379 hic
2739 1326 2841 1395 τήν
2891 1322 3298 1390 compendiarie
3345 1322 3609 1388 scriptum

2029 1436 2127 1490 pro
2160 1423 2349 1492 τιμήν,
2381 1420 2652 1474 vocabulo
2676 1419 2788 1488 μω
2821 1417 2886 1471 ad
2918 1416 3241 1472 sententiam
3271 1430 3378 1469 non
3408 1415 3613 1469 incom-

2014 1512 2188 1568 'ntode
2238 1513 2542 1582 quadrante
2582 1511 2738 1583 juxta
2787 1512 2952 1564 modo
2990 1510 3265 1580 exposita.
3313 1507 3615 1583 Conﬁrmat

2029 1606 2132 1661 hoc
2187 1606 2325 1661 alius
2383 1605 2551 1674 nosnji
2585 1605 2832 1658 auctoris
2863 1602 3015 1658 locus
3049 1599 3217 1666 infra,
3258 1616 3314 1671 p.
3345 1600 3472 1664 502,
3519 1598 3613 1653 ubi

2029 1695 2458 1770 προσκυνήσεως
2493 1696 2657 1751 ἕνεκα
2698 1697 2995 1766 procedure
3031 1695 3255 1751 solitum
3290 1693 3421 1748 feria
3454 1693 3613 1746 tertia

2028 1793 2083 1846 in
2141 1792 2533 1845 monasterium
2602 1787 2949 1858 l‘lodegorum
3009 1787 3265 1856 populum
3322 1795 3376 1838 et
3435 1784 3609 1852 ipsum

2031 1885 2329 1954 principem
2365 1883 2588 1938 iudicat.
2627 1883 2801 1939 Vcrlza
2833 1882 2946 1950 ejus
2981 1882 3093 1936 hate
3121 1890 3246 1934 sunt
3273 1894 3287 1931 :
3320 1871 3430 1931 Εἶτ’
3464 1881 3609 1930 Exst-

2030 1978 2122 2032 θεν
2166 1979 2260 2029 ἐπὶ
2287 1975 2449 2048 τρίτῃ
2480 1978 2578 2046 τῆς
2603 1974 2905 2043 ’ἑϐδομάδος
2942 1969 3008 2045 ἦν
3041 1973 3134 2027 καί
3166 1972 3222 2042 γ’
3270 1972 3340 2038 ἐξ·
3362 1971 3613 2040 ἀνάγκης

2029 2071 2096 2124 ὲκ
2122 2053 2317 2122 πολλοῦ
2339 2068 2416 2139 τῷ
2438 2066 2650 2139 βασιλεῖ
2665 2061 2757 2139 ἦν,
2780 2068 2850 2139 τῇ
2891 2065 3141 2136 Ὀδηγῶιν
3157 2067 3294 2137 μονῇ
3326 2065 3467 2119 κατὰ
3489 2065 3618 2118 tati-

2029 2180 2132 2235 την
2159 2163 2258 2236 τὴν
2297 2163 2514 2234 ἡμέραν
2551 2160 2928 2232 παραϐάλλειν
2971 2162 3400 2232 προσκυνήσεως
3430 2160 3614 2213 ἕνεκα.

2032 2256 2111 2312 Ex
2143 2257 2342 2326 quibus
2373 2256 2525 2310 vides
2570 2253 2723 2312 feriis
2758 2254 2933 2309 tertiis
2961 2255 3181 2312 solitum
3211 2251 3620 2322 imperatorem,

2033 2366 2101 2407 ex
2130 2365 2278 2406 more
2309 2349 2558 2405 videlicet
2586 2349 2748 2403 etlam
2783 2348 3052 2419 populari.
3085 2348 3356 2403 accedere
3379 2345 3448 2400 ad
3479 2358 3618 2400 tem-

2034 2444 2179 2515 plum
2234 2442 2549 2498 monasterii
2611 2440 2978 2513 l’lodcgorutn,
3015 2441 3124 2506 cui,
3171 2449 3233 2495 ut
3285 2438 3413 2496 licet
3440 2438 3616 2507 suspi-

2034 2537 2169 2602 eari,
2205 2550 2402 2605 nomen
2446 2535 2496 2589 id
2532 2535 2854 2590 adhaesisset
2890 2549 2956 2589 ex
2999 2548 3069 2589 co
3111 2520 3254 2604 quod
3305 2533 3418 2589 illic
3452 2549 3614 2601 pecu--

2025 2619 2190 2684 "tiaris
2232 2627 2496 2683 memoria
2544 2627 2652 2681 τῶν
2701 2627 2936 2698 ὁδηγῶν,
2987 2628 3091 2682 hoc
3137 2639 3224 2682 est
3263 2627 3420 2698 juxta
3465 2627 3620 2697 prius

2038 2722 2182 2777 dicta
2216 2720 2529 2792 angelorum
2560 2719 2867 2785 ditstodum,
2911 2720 3297 2776 celebraretur.
3611 2766 3614 2768 .

2061 2829 2064 2832 “
2114 2819 2414 2882 Ὄντωσις
2448 2830 2503 2884 p.
2538 2813 2667 2871 248.
2733 2814 2797 2867 Ἠ
2847 2813 2986 2868 Θεοῦ
3037 2811 3314 2885 ἀγαθότης
3357 2814 3501 2886 ἀρχή
3532 2830 3621 2880 τις

2037 2911 2308 2982 γενομένη
2363 2909 2476 2973 τοῖς
2510 2904 2600 2979 ’μὴ
2644 2906 2797 2962 οὖσιν
2842 2910 2924 2972 εἰς
2962 2907 3212 2962 ὅντωσιν.
3255 2908 3347 2964 Sic
3395 2906 3438 2961 Β
3486 2918 3544 2963 et
3577 2908 3620 2962 Α.

2041 2995 2312 3069 codices;
2340 2997 2382 3054 γ
2431 3009 2600 3055 totum
2641 3000 2747 3057 hoc
2791 3015 3005 3056 comma
3049 3001 3308 3061 transilit.
3347 3003 3622 3055 Ὄντωσιν

2043 3094 2132 3151 bic
2159 3103 2383 3164 apparet
2429 3109 2459 3148 a
2501 3094 2835 3166 Pachymere
2870 3094 3067 3150 dictam
3116 3093 3373 3166 ὕπαρξιν,
3405 3105 3621 3150 exstan-

355 3177 434 3231 cis
507 3178 765 3237 iudicatio
841 3182 1126 3240 custodum
1195 3186 1514 3257 angelorum
1578 3200 1675 3267 per
1745 3198 2004 3256 vocemc
2038 3189 2306 3253 tiam,ant
2329 3195 2384 3241 ut
2406 3185 2606 3241 schola:
2629 3184 3614 3258 loquuntur,exsistentiam.Exempla

354 3270 568 3342 ὁδηγῶν
602 3274 784 3331 fuerit.
822 3275 913 3331 Est
943 3289 1122 3332 autem
1149 3288 1196 3336 et
1237 3279 1367 3335 illud
1397 3281 1632 3353 antiqua:
1656 3284 1709 3341 in
1740 3277 1933 3341 Eccle-

353 3366 435 3417 sia
469 3365 783 3422 traditionis
811 3368 1075 3426 hodierno
1105 3376 1482 3442 experimento
1517 3376 1838 3445 notissima,
1871 3389 1934 3435 ut

357 3457 491 3512 feria
527 3459 686 3514 tertia
730 3461 970 3529 cujusvis
1018 3463 1370 3521 hebdomadis
1414 3467 1582 3523 cultui
1617 3469 1931 3539 angelorum

356 3552 693 3622 assignetur.
721 3553 986 3612 Existimo
1019 3558 1183 3630 igitur
1207 3560 1430 3617 solitum
1458 3556 1933 3634 Constantinopoli

357 3647 612 3714 pollutum
647 3649 822 3703 tertiis
863 3649 1026 3707 feriis
1059 3655 1126 3706 ad
1171 3656 1572 3712 venerationem
1618 3647 1945 3729 angelorum;

358 3755 708 3797 concurrere.
739 3742 910 3810 Quem
939 3755 1120 3801 autem
1152 3750 1202 3803 in
1232 3749 1451 3806 locum?
1483 3749 1688 3808 Iudicat
1724 3754 1806 3809 hic
1837 3753 1936 3808 Pu-

358 3837 645 3904 chymeres
712 3849 1039 3893 concursum
1115 3839 1259 3896 hunc
1322 3843 1522 3900 factum
1588 3845 1654 3901 ad
1723 3859 1934 3917 partem

359 3929 637 3982 dexteram
690 3945 799 3985 arte
860 3933 1111 3988 maximae
1164 3935 1330 4008 708
1382 3938 1435 3993 in
1485 3940 1689 4010 templo
1722 3937 1938 4000 Sancta

360 4022 614 4091 Sophim;
651 4023 722 4077 ibi
761 4024 928 4092 enim,
963 4039 1019 4080 ut
1050 4029 1206 4096 dixit,
1236 4029 1557 4087 collocatum
1591 4032 1768 4089 fuerat
1795 4034 1938 4090 fcre-

361 4126 503 4171 trum
536 4125 629 4172 aut
673 4117 831 4173 theca
879 4123 1082 4176 ossium
1112 4123 1330 4178 Arsenii
1373 4126 1649 4194 quondam
1699 4130 1938 4195 patriar-

360 4211 497 4277 chae,
531 4227 692 4280 quam
722 4213 1017 4269 occasione
1039 4231 1339 4272 concursus
1373 4219 1529 4274 istius
1562 4219 1655 4275 tali
1683 4220 1770 4276 die
1806 4221 1940 4278 soli-

363 4312 470 4358 tum
504 4305 734 4376 relinqui
782 4314 1026 4374 apertam
1069 4308 1165 4363 ait.
1199 4308 1314 4363 Non
1358 4319 1518 4376 vana,
1561 4312 1774 4382 opinor,
1803 4309 1944 4371 con-

355 4395 570 4463 jeciura
609 4395 774 4452 fuerit
812 4399 1042 4454 electum
1081 4401 1226 4456 hunc
1253 4401 1434 4456 locum
1483 4403 1536 4459 in
1582 4420 1688 4473 quo
1717 4406 1940 4476 p0tissi-

363 4506 508 4543 mum
578 4491 818 4546 residere
873 4491 1095 4560 angelos
1140 4493 1482 4562 crederetur,
1552 4478 1620 4551 ex
1678 4512 1745 4554 eo
1797 4498 1942 4569 quod

363 4581 498 4640 an.
532 4601 570 4649 ι.
603 4584 663 4639 Η
700 4602 713 4639 :
748 4583 910 4640 Stans
953 4602 988 4640 α
1013 4588 1226 4642 dextris
1280 4586 1467 4644 altaris
1518 4590 1719 4646 incensi
1773 4609 1927 4663 appa-
1969 4571 2012 4625 ί)

364 4679 534 4733 ruisse
585 4678 861 4744 Zachariae
915 4680 1134 4753 angelus
1194 4681 1434 4751 dicitur;
1488 4687 1628 4740 unde
1680 4687 1734 4742 in
1790 4688 1936 4741 illam

364 4787 626 4845 tanquam
676 4777 970 4850 legitimam
1013 4787 1066 4833 et
1108 4779 1282 4834 sacris
1323 4780 1565 4836 oraculis
1606 4781 1938 4836 declaratum

365 4871 683 4940 angelorum
711 4871 893 4926 sedem
921 4887 986 4926 ac
1015 4873 1168 4940 quasi
1194 4871 1480 4928 stationem
1516 4876 1692 4943 p0puli
1721 4875 1941 4945 angi-los

367 4962 678 5017 venerantis
705 4963 919 5019 det-otio
951 4962 1206 5018 ferretur.
1226 4964 1342 5031 Quo
1365 4965 1815 5033 pertinetdictum
1853 4965 1944 5020 lli-

367 5054 507 5122 Iarii,
535 5071 660 5110 can.
697 5057 794 5110 ult.
834 5055 885 5110 in
943 5055 1281 5119 Mattlueum.
1320 5058 1642 5113 allirmantis
1674 5059 1945 5127 signillca-

367 5157 478 5199 tum
507 5148 773 5202 scissione
821 5149 942 5212 veli,
992 5163 1110 5217 quae
1141 5148 1193 5203 in
1230 5159 1403 5204 morte
1448 5151 1651 5206 Christi
1696 5150 1940 5221 contigit,

364 5242 669 5295 d'scessum
717 5240 1030 5310 angelorum
1091 5257 1120 5294 a
1165 5242 1413 5297 custodia
1453 5258 1742 5315 synagoch
1768 5256 1822 5298 et
1855 5257 1943 5298 Stt-

363 5347 585 5387 crorum
635 5331 1012 5399 Jntlaicorum,
1049 5335 1248 5402 quibus
1290 5337 1636 5393 excubabant
1667 5337 1732 5391 ad
1768 5339 1941 5393 velmn

364 5427 551 5493 templi
581 5427 968 5490 consistentes.
1006 5428 1108 5481 hoc
1151 5437 1232 5483 est
1270 5443 1435 5498 prope
1484 5429 1658 5485 altare
1711 5430 1939 5496 incensi,

364 5520 507 5586 quod
543 5519 731 5572 intime
762 5519 1037 5573 admotum
1077 5519 1196 5576 velo
1243 5534 1359 5576 erat
1390 5521 1588 5577 Sancta
1627 5536 1941 5578 sanctorum

361 5613 651 5680 ttpcriettli,
686 5624 742 5666 ut
776 5615 1119 5670 notissimum
1170 5625 1275 5670 est.
1334 5615 1508 5671 Verba
1544 5625 1672 5671 sunt
1699 5615 1886 5671 liilarii
1927 5636 1940 5674 :

375 5704 493 5760 Veli
512 5707 683 5762 ltonor
710 5725 829 5762 cum
861 5710 1101 5762 custodia
1135 5710 1308 5778 angeli
1337 5711 1656 5779 protegentis
1681 5710 1944 5780 aufertur.

367 5796 627 5867 Superest
663 5811 720 5855 ut
750 5803 1015 5858 rationem
1053 5801 1238 5857 let-tori
1278 5805 1498 5859 reddam
1548 5807 1946 5862 emcnttatimtis

371 5909 437 5946 es
470 5894 779 5959 coniectura
813 5899 1158 5957 necessariae.
1195 5899 1254 5955 ιιι
1286 5899 1494 5958 duobus
1535 5899 1818 5961 codicibus
1851 5919 1948 5967 op-

2037 3281 2257 3347 desunt,
2290 3295 2412 3350 qua:
2439 3280 2657 3350 quidem
2714 3279 2940 3335 viderim
2985 3280 3148 3351 hujus
3187 3281 3256 3337 ab
3303 3280 3430 3336 aliis
3462 3297 3618 3337 usur-

2039 3374 2147 3445 pati
2182 3373 2458 3429 vocabuli.
2489 3374 2643 3441 Qttod
2675 3374 2720 3429 si
2756 3372 2862 3429 non
2894 3374 3023 3430 alibi
3057 3384 3244 3448 noster
3277 3374 3504 3446 legerat,
3541 3376 3621 3432 vi-

2037 3465 2193 3521 derat
2253 3475 2432 3521 tamen
2485 3476 2633 3522 certe
2685 3466 2776 3520 illa
2823 3468 2883 3523 S.
2915 3466 3158 3539 Dionysii
3203 3459 3301 3526 lib.
3353 3468 3429 3524 De
3454 3470 3620 3525 divin.

2039 3557 2363 3622 nominibus,
2397 3572 2448 3612 c.
2483 3555 2538 3624 5,
2575 3558 2641 3612 tle
2670 3556 2788 3613 Deo
2823 3556 3049 3626 scripta,
3086 3557 3230 3631 ἀρχὴ
3279 3558 3375 3612 καὶ
3418 3556 3623 3630 μέτρον

2038 3654 2274 3716 αἰώνων,
2324 3656 2422 3710 καὶ
2461 3655 2675 3727 χρόνων
2727 3651 2993 3725 ὁντώτης.
3051 3653 3182 3721 Quae
3232 3657 3396 3710 etiam
3457 3655 3620 3710 verba

2042 3747 2183 3801 idem
2237 3745 2602 3818 Pacbymeres
2650 3745 2859 3816 prolixe
2906 3747 3202 3803 declaravit
3269 3748 3322 3803 in
3387 3762 3485 3803 sua
3555 3747 3620 3800 ad

2041 3854 2169 3894 eum
2197 3841 2380 3896 locum
2417 3840 2761 3912 paraphrasi.
2807 3841 2941 3896 Cum
2976 3856 3106 3913 ergo
3155 3857 3350 3896 nomen
3383 3841 3624 3913 ὀντώτης

2043 3933 2115 3987 ibi
2155 3935 2445 4003 reperisset
2476 3935 2633 4004 quasi
2677 3949 2740 3988 ex
2775 3937 2941 3989 verbo
2961 3935 3153 4001 ὀντόω,
3186 3935 3351 4006 709
3380 3936 3625 3991 derivato

2043 4041 2074 4082 e
2100 4029 2392 4098 participio
2424 4027 2524 4093 ὢν,
2556 4030 2740 4098 ὄντος,
2769 4028 3058 4083 deductum
3117 4030 3233 4097 pari
3289 4012 3535 4100 analogia
3563 4044 3626 4084 se

2044 4135 2204 4191 posse
2231 4123 2504 4191 putaverit
2542 4123 2776 4178 indidem
2813 4115 3116 4190 producere
3163 4124 3486 4178 vocabulum
3533 4123 3621 4178 ὀνο

2043 4223 2231 4280 τωσις,
2257 4219 2398 4286 quod
2427 4217 2517 4272 hic
2546 4218 2721 4286 ponit.
3281 4246 3286 4252 -

2128 4309 2494 4377 Ὀρθοδοξία.
2527 4325 2581 4380 p.
2625 4308 2753 4367 281.
2777 4309 2870 4384 [Ρ.
2903 4308 3034 4385 501]
3055 4310 3122 4364 Ἥ
3145 4308 3189 4364 δ’
3218 4304 3287 4382 ἦν
3323 4310 3358 4381 ἡ
3391 4312 3494 4383 τῆς
3531 4311 3624 4382 ὀρ·

2046 4390 2289 4469 θοδοξίάς
2335 4387 2545 4476 ἡμέρα.
2597 4405 2788 4461 Fuisse
2835 4407 2974 4461 hanc
3014 4407 3243 4474 primam
3281 4405 3621 4461 Dominicam

2046 4498 2487 4568 Quadragesitnm
2511 4498 2714 4554 diserte
2733 4499 2890 4554 docet
2910 4483 3249 4566 Philotheus,
3271 4499 3486 4554 humilia
3514 4499 3569 4553 in
3597 4500 3618 4552 l

2048 4591 2204 4645 Dom.
2243 4589 2545 4659 Quadrag..
2582 4591 2660 4644 sic
2706 4591 2993 4646 scribens:
3025 4589 3106 4661 Τῇ
3153 4592 3409 4663 κυριακῇ
3450 4591 3626 4664 ταύτῃ

2044 4684 2140 4737 καὶ
2173 4682 2363 4754 πρώτῃ
2405 4683 2516 4734 τῶν
2549 4683 2815 4752 νηστειῶν
2850 4685 2883 4754 ἡ
2913 4683 3009 4736 τοῦ
3045 4684 3283 4753 Χριστοῦ
3325 4685 3624 4759 Ἐκκλησία

2021 4763 2327 4846 ⁴ἑορτάζειν
2386 4774 2662 4846 παρέλαὸε
2708 4775 2809 4846 τὴν
2850 4775 3186 4844 ὀρθοδοξίαν,
3213 4779 3331 4850 ἦτοι
3359 4779 3460 4848 τὴν
3493 4783 3624 4833 ἀνα.-

2046 4869 2316 4940 στήλωσιν
2344 4868 2454 4921 τῶν
2486 4869 2700 4923 σεπτῶν
2734 4871 2828 4922 καὶ
2865 4869 3036 4938 ἁγίων
3069 4871 3297 4924 εἰκόνων
3322 4873 3628 4945 γενομένην

2045 4961 2197 5032 παρᾶ
2245 4961 2467 5032 Μιχαὴλ
2521 4961 2789 5028 βασιλέως
2834 4965 2924 5015 καὶ
2965 4961 3246 5034 Θεοδώρας
3293 4963 3392 5034 τῆς
3431 4966 3623 5019 τούτου

2049 5055 2253 5126 μητρὸς
2311 5057 2410 5127 τῆς
2465 5057 2741 5127 μακαρίας
2801 5055 3094 5128 βασιλίδος,
3138 5057 3235 5111 καὶ
3307 5057 3401 5110 τοῦ
3465 5059 3626 5128 ἁγίου

2043 5149 2309 5203 Melle-65w
2382 5150 2727 5220 πατριάρχου
2790 5152 2889 5219 τῆς
2964 5151 3621 5216 Κωνσταντινουπόλεως·

2049 5241 2162 5296 Ista
2216 5243 2492 5296 Dominicu
2545 5246 2717 5309 prima
2761 5243 3087 5313 jejmtiorum
3139 5245 3341 5300 Christi
3383 5245 3624 5302 Ecclesia

2045 5337 2268 5404 suscepit
2296 5337 2660 5390 celebrandam
2686 5339 3079 5403 orthodoaiam,
3108 5337 3214 5392 sive
3245 5341 3625 5395 restitutionem

2045 5431 2462 5485 venerandarum
2517 5442 2566 5486 et
2621 5442 2931 5486 sanctarum
2995 5434 3287 5502 imaginum
3349 5434 3548 5504 factum
3591 5453 3624 5491 ι

2047 5521 2304 5578 Hic/mele
2343 5525 2655 5592 imperatore
2693 5535 2742 5578 ct
2778 5525 3049 5580 Theodoro
3081 5526 3243 5595 hujus
3273 5535 3442 5580 matre
3474 5534 3625 5584 beata

2045 5619 2397 5686 imperatrice,
2427 5629 2477 5673 et
2507 5630 2692 5672 sancto
2726 5618 2995 5672 Methodia
3025 5619 3340 5688 patriarcha
3361 5618 3625 5675 Constan-
3677 5665 3679 5668 .

2051 5717 2418 5786 tinopolitano.
2466 5713 2619 5779 Quod
2671 5715 2724 5768 in
2759 5727 2821 5767 ea
2861 5713 3138 5768 Dominica
3175 5711 3436 5776 Codlnus',
3475 5713 3513 5770 l.
3551 5713 3626 5768 De

2051 5808 2199 5878 Oﬁic.
2247 5805 2428 5861 innuit
2477 5806 2697 5861 recitari
2757 5806 2973 5860 solitum
3038 5814 3250 5863 astante
3295 5805 3626 5885 imperatore

2051 5899 2390 5969 synodioum,
2425 5897 2637 5956 videtur
2679 5897 2982 5971 signiﬁcare
3005 5895 3313 5954 formulam
3353 5895 3478 5954 ﬁdei
3513 5896 3626 5953 sire
