4058 6298
376 376 379 377 ⁷
390 355 507 421 769

1768 338 2297 430 GLOSSARIUM.

3524 338 3662 404 -770

390 469 884 553 anathematismos
913 466 965 523 in
997 466 1233 522 haereses
1256 477 1285 517 a
1306 459 1528 535 synodis
1550 458 1816 516 decretos.
1841 458 1971 526 Qui-
1999 461 2057 529 ΔΑ
2114 516 2115 519 η
2152 456 2458 526 Πάροικοι,
2502 468 2557 525 p.
2612 452 2738 510 209.
2769 451 2939 522 ;Qnos
2981 451 3072 509 hic
3105 458 3268 508 vorat
3295 450 3660 527 Pacbymeres

391 569 504 625 bus
541 575 910 622 consentanee
938 561 1127 619 scribit
1166 560 1552 631 Pachymeres,
1592 572 1644 625 p.
1679 556 1769 623 '52,
1808 555 1979 611 Joan-

392 676 523 716 nem
559 658 794 714 Veccum
827 656 1192 726 patriarcham
1208 652 1485 708 addidisse
1515 650 1721 721 aliquot
1750 649 1979 704 anatheu

401 756 687 809 matismos
725 752 790 808 iis
821 751 910 816 qui
943 748 1193 804 solebant
1224 746 1443 802 recitari
1484 744 1575 800 die
1614 741 1977 799 orthodoxiae.

396 844 476 901 Ex
534 860 643 916 quo
695 844 1051 913 intelligimus
1103 829 1211 895 non
1265 837 1434 893 fuisse
1484 836 1794 893 necessario
1848 834 1980 890 illud

394 939 719 1010 synodicqu
764 938 1042 993 decretura
1073 944 1167 988 aut
1195 946 1460 989 canonem
1496 928 1692 1003 synodi
1734 942 1977 986 meome-

395 1031 554 1095 nieae,
587 1030 680 1085 sed
715 1037 955 1097 potuzsse
982 1028 1084 1080 sub
1114 1025 1167 1081 id
1205 1021 1628 1097 nomenvenire
1661 1018 1978 1076 sanctiones

394 1131 630 1178 statutas
678 1112 730 1177 iu
763 1119 1059 1176 ordinariis
1089 1115 1310 1189 synodis
1337 1110 1661 1184 patriarcha:
1683 1112 1975 1179 cujusque.

471 1214 1008 1284 Παραθεωρεῖσθαι.
1047 1228 1100 1281 p.
1129 1210 1256 1266 618.
1286 1209 1409 1278 Agit
1437 1209 1500 1262 de
1540 1205 1623 1260 his
1652 1203 1743 1276 qui
1770 1202 1981 1261 acrrbis

390 1312 563 1380 jussis
600 1306 884 1361 Athanasii
924 1305 1259 1374 patriarcha)
1315 1301 1470 1356 inviti
1520 1301 1689 1375 coacti
1730 1298 1982 1367 jejunare

389 1402 540 1454 clam
572 1397 1056 1465 comessabantur;
1088 1394 1225 1449 unde
1247 1391 1681 1461 conseQuebatnr
1712 1405 1806 1445 eos
1836 1388 1979 1460 quod

392 1504 560 1549 nocte
609 1494 931 1561 intempesta
978 1489 1359 1551 comedissent,
1404 1496 1585 1540 astare
1628 1483 1981 1554 postridianis

388 1588 690 1642 sacriﬁciis
716 1598 933 1639 saturos
951 1594 1005 1637 et
1032 1581 1259 1643 crudos;
1285 1583 1334 1634 in
1359 1596 1464 1649 quo
1485 1590 1601 1634 erat
1625 1578 1979 1632 irreverentia

394 1679 703 1745 disciplina:
726 1676 893 1731 veteri
917 1676 1193 1730 damnata.
1214 1669 1388 1726 Vocat
1410 1661 1536 1741 ergo
1564 1674 1745 1724 uoster
1770 1668 1856 1723 hic
1878 1684 1982 1720 rra-

398 1769 805 1842 ραθεωρεῑσθαι
839 1766 1107 1837 μυστικὰς
1141 1764 1338 1828 θυσίας
1384 1762 1573 1819 violari
1617 1761 1978 1815 reverentiam

399 1867 634 1935 mystico
677 1862 949 1919 Sacriﬁcio
989 1860 1226 1914 debitam
1262 1874 1325 1911 ex
1363 1872 1460 1910 usu
1501 1857 1690 1919 veteri,
1719 1854 1979 1908 assisten-

400 1957 479 2008 lia
510 1971 615 2006 non
644 1953 960 2022 jcjuuoruut
996 1966 1023 2002 a
1062 1957 1219 2003 nocte
1246 1948 1441 2003 media.
1476 1946 1720 2017 Θεωρείν
1757 1955 1810 2001 et
1840 1945 1977 1998 θεω-

399 2047 615 2117 ρεῖσθαι
666 2045 892 2100 Vcrbum
943 2053 1028 2099 est
1076 2041 1248 2097 sacris
1306 2039 1433 2094 olim
1497 2039 1794 2103 addictum,
1834 2048 1981 2093 caste

384 2142 581 2196 obitas
619 2138 962 2197 caerimonias
995 2144 1051 2190 et
1087 2135 1352 2205 religiosis
1386 2142 1750 2203 [imparatum
1781 2132 1982 2189 ritibus

395 2241 759 2303 (‘Oﬂslleclum
797 2229 1180 2303 mysteriorum
1212 2212 1544 2298 exprimens.
1591 2224 1728 2281 Hinc
1780 2226 1835 2279 in
1865 2224 1981 2293 epi-

399 2326 539 2380 stola
594 2324 836 2379 Platonis
893 2323 945 2377 oi
988 2320 1320 2392 θεωροῦντες
1364 2318 1424 2372 ἐν
1466 2318 1692 2387 Δελφοῖς
1748 2316 1981 2371 ministri

396 2421 555 2489 juxta
588 2419 725 2496 rijus
759 2418 870 2473 illic
905 2427 1195 2471 consuetos
1225 2414 1488 2485 Apollinis
1520 2404 1688 2468 cultui
1732 2421 1983 2468 vacantes

395 2526 456 2570 et
486 2514 666 2569 varias
708 2513 1013 2568 [unctiones
1050 2507 1326 2578 religionis
1355 2506 1475 2578 ejus
1508 2506 1776 2575 proprias,
1818 2520 1982 2573 opera

398 2607 813 2662 consulentibus
837 2606 1138 2674 praesertim
1169 2602 1449 2658 oraculum
1480 2598 1745 2670 novanda,
1776 2596 1985 2651 obeun-

408 2714 510 2755 tes.
573 2697 726 2753 Unde
774 2696 1139 2766 Thucydides,
1204 2693 1240 2746 l.
1303 2708 1355 2755 v,
1410 2694 1638 2760 θεωρεῖν
1686 2688 1829 2742 κατὰ
1881 2688 1984 2741 πά-

403 2813 559 2867 τρια,
596 2793 699 2847 hoc
755 2799 861 2851 est,
913 2788 1126 2857 opinor,
1190 2786 1294 2839 ritu
1350 2800 1376 2837 a
1428 2782 1728 2852 majoribus
1784 2780 1984 2836 ιτειάιο

399 2901 563 2943 sacra
602 2882 774 2939 oliicia
809 2881 987 2944 obire,
1038 2877 1319 2945 cenjungit
1370 2891 1492 2930 cum
1547 2873 1697 2927 θύειν
1747 2882 1799 2927 et
1850 2892 1986 2943 μαν-

410 2975 669 3033 τεύεσθαι
725 2965 1038 3029 sacriﬁcare
1100 2980 1153 3026 et
1210 2967 1488 3024 0|‘llCtlillﬂl
1551 2967 1833 3021 consulere
1892 2977 1987 3022 aut

402 3086 690 3142 acea-ptum
738 3069 918 3122 edere.
949 3064 1069 3119 Non
1112 3065 1251 3117 enim
1285 3063 1483 3132 accedo
1521 3059 1830 3113 schelius-ne
1863 3074 1983 3113 vcr-

2081 549 2402 623 mpotxouc,
2427 545 2655 618 opponit
2680 543 3002 601 habentibus
3030 543 3307 616 προνοίας,
3342 561 3478 616 quas
3503 546 3571 601 ab
3591 561 3660 601 eo

2082 644 2263 699 vocari
2303 642 2595 713 pensiones
2638 637 2797 709 pendi
2833 638 3022 694 solitas
3054 652 3084 693 e
3113 637 3326 709 publico
3375 638 3663 694 militanti-

2082 736 2186 793 bus
2239 743 2333 789 aut
2388 733 2627 803 aliquam
2680 730 2993 802 reipublicae
3039 729 3367 785 navantibus
3412 744 3661 801 operam,

2081 830 2339 883 docemus
2362 826 2428 879 ad
2451 825 2503 881 id
2535 824 2760 878 verbum
2791 824 2894 879 hoc
2923 823 3041 895 ipso
3069 820 3371 878 Glossario.
3394 820 3483 878 Ait
3516 822 3661 878 enim

2084 917 2172 973 hic
2206 916 2538 987 (quanquam
2571 916 2865 969 ἰιιινὶιιοςιιθ
2897 930 2961 970 ac
2996 913 3379 986 perobscnreo:
3419 930 3543 970 nam
3580 923 3664 969 to-

2085 1023 2197 1069 tum
2217 1012 2318 1067 hoc
2338 1027 2444 1081 prrc
2467 1010 2674 1065 caeteris
2694 1007 3115 1079 caputconl‘use,
3137 1007 3397 1078 elliptice,
3423 1008 3663 1064 tenebri-

2081 1105 2366 1163 cosissime
2412 1113 2738 1171 conceptum
2770 1099 2901 1171 est),
2948 1102 3041 1162 ait.
3074 1101 3315 1170 inquam,
3369 1100 3452 1155 vel
3487 1101 3665 1170 potius

2082 1209 2359 1265 utcunque
2389 1195 2676 1266 signiﬁcat,
2712 1193 3107 1257 Andronicum,
3148 1193 3235 1248 cui
3268 1207 3480 1263 magna
3528 1208 3666 1265 opus

2081 1301 2200 1345 erat
2242 1293 2468 1360 pecunia
2505 1289 2646 1341 unde
2672 1284 2940 1354 stipendia
2981 1284 3334 1341 Cretensibus
3364 1288 3431 1340 ab
3463 1287 3580 1356 ipso
3610 1289 3661 1339 in
3718 1323 3723 1328 -

2084 1380 2361 1437 Orientem
2388 1380 2630 1434 evocatis
2650 1389 2702 1432 et
2733 1378 2842 1432 illic
2865 1377 3028 1432 lldant
3055 1377 3155 1448 ipsi
3184 1379 3508 1434 novantibus
3534 1390 3662 1447 ope-

2084 1492 2198 1530 ram
2229 1491 2352 1529 cum
2393 1474 2497 1529 title
2536 1480 2979 1543 repraesentant,
3013 1486 3131 1528 eam
3172 1469 3373 1525 indicta
3414 1471 3663 1526 subdito-

2086 1583 2205 1623 rum
2244 1568 2533 1622 collatione
2573 1564 2891 1619 coniecisse.
2932 1563 3069 1631 Quia
3104 1578 3234 1620 vero
3266 1562 3532 1633 ejusmodi
3570 1580 3669 1619 ex-

2087 1659 2464 1714 traordinariis
2528 1657 2834 1726 sumptibus
2889 1657 3167 1724 assignata
3226 1656 3425 1709 dudum
3487 1654 3667 1709 [uenit

2085 1751 2296 1806 exactio
2322 1750 2549 1804 decima:
2594 1751 2916 1817 pensionum
2974 1742 3282 1800 annuarum
3333 1761 3361 1798 a
3397 1745 3663 1816 stipendia

2082 1857 2407 1913 quocunque
2454 1842 2671 1895 nomine
2722 1836 3081 1903 merentibus,
3117 1853 3239 1893 cum
3279 1838 3389 1903 jam
3430 1837 3464 1893 ii
3492 1838 3664 1891 conti-

2082 1946 2247 1992 nuata
2273 1936 2364 1990 diu
2390 1951 2452 1989 ea
2479 1934 2838 1989 diminutione
2867 1930 3135 1987 mercedis
3160 1930 3410 1985 exhausti
3437 1944 3667 1983 enerva-

2080 2031 2234 2101 tique
2257 2028 2521 2083 solvendo
2553 2042 2661 2082 nou
2691 2034 2894 2091 essent,
2924 2038 3061 2079 onus
3096 2024 3148 2078 id
3182 2022 3568 2079 devoivchatur
3597 2021 3662 2075 ad

2083 2120 2404 2192 παροίκους,
2444 2120 2545 2172 hoc
2575 2130 2680 2185 est,
2716 2128 2776 2171 ut
2805 2132 2894 2172 res
2922 2116 3038 2182 ipsa
3082 2124 3283 2183 monet,
3314 2113 3380 2170 ad
3424 2115 3666 2186 privatos

2083 2212 2414 2293 patrimonio
2438 2210 2684 2266 viventes
2703 2217 2793 2262 aut
2820 2208 3033 2279 peculio
3055 2206 3380 2267 domestico.
3405 2207 3523 2261 sine
3542 2205 3612 2257 ull
3639 2222 3668 2261 s

2085 2322 2114 2360 a
2158 2306 2288 2360 ﬁsco
2317 2303 2595 2361 subsidiis.
2632 2302 2707 2379 En
2748 2302 2840 2368 qui
2874 2301 3126 2355 dicantur
3154 2299 3259 2354 hoc
3300 2297 3419 2353 loco
3470 2298 3668 2370 πάρσι-
3706 2336 3709 2337 ν

2084 2414 2193 2452 xor.
2223 2397 2338 2466 Ego
2365 2394 2589 2465 privata:
2626 2392 2703 2448 rei
2735 2391 2984 2448 dominos
3022 2399 3079 2446 et
3113 2386 3540 2460 patresl‘amilias
3580 2390 3668 2443 ln-

2086 2496 2382 2558 terpretor.

2154 2620 2679 2690 Παρυποστάσεις,
2711 2633 2766 2687 p.
2794 2617 2917 2672 144.
2955 2616 3043 2681 Ὠς
3079 2614 3240 2688 εἴπερ
3287 2611 3563 2686 σὺρεθεῖεν
3598 2641 3672 2656 ~—

2084 2718 2195 2771 τῶν
2229 2715 2457 2785 ἀγαθῶν
2512 2713 2806 2775 ἀπουσίας.
2863 2712 2989 2767 Haec
3031 2711 3277 2766 scribens
3313 2710 3507 2763 auctor
3552 2708 3673 2762 sine

2085 2811 2250 2864 dubio
2275 2811 2545 2879 cogitabat
2570 2807 2699 2862 illud
2725 2804 2784 2859 S.
2817 2805 3055 2877 Dionysii
3078 2803 3417 2875 Areopagitte
3438 2800 3671 2867 dictum,

2087 2905 2124 2960 l.
2178 2905 2252 2960 De
2289 2906 2482 2961 divinis
2534 2904 2851 2968 nominibus,
2885 2917 2941 2956 c.~
2969 2899 3027 2969 4,
3056 2916 3110 2971 ρ.
3150 2898 3280 2964 217,
3318 2900 3408 2954 ed.
3435 2884 3672 2971 Lansehi

2086 2998 2435 3064 Parisieusis,
2482 3013 2574 3053 an.
2620 2996 2761 3052 1615
2786 3011 2802 3051 :
2832 2994 2924 3048 Διὸ
2957 2970 3083 3046 οὕτε
3124 2991 3427 3046 ὑπόστασιν
3472 2970 3674 3060 {xei-ro

2087 3094 2281 3155 κακὸν,
2313 3092 2450 3144 ἁ).λὰ
2483 3089 2926 3159 παρυπόστσσιν.
2960 3084 3265 3156 Signiﬁcat,
3302 3098 3422 3138 cum
3469 3082 3672 3136 malum

404 3166 534 3219 bum
594 3163 823 3231 OEOJPJV
889 3171 953 3209 en
1018 3155 1134 3209 loco
1192 3150 1483 3221 exponenti
1544 3148 1784 3219 θεωροὺς
1839 3148 1981 3215 πέμ.

2095 3188 2228 3243 nihil
2272 3188 2345 3242 sit
2395 3185 2543 3240 aliud
2592 3198 2754 3253 quam
2792 3181 2916 3237 boni
2969 3178 3224 3249 privatio,
3270 3177 3370 3233 hoc
3409 3176 3674 3232 voeabulo

410 3275 569 3323 πειν;
599 3258 664 3309 de
697 3269 801 3323 quo
835 3249 1080 3320 pluribus
1109 3243 1412 3300 disserendi
1456 3260 1558 3296 non
1592 3251 1675 3297 est
1707 3243 1793 3293 hic
1816 3240 1986 3294 locus.

406 3349 582 3404 Porro
614 3345 832 3416 quando
859 3342 925 3397 ab
958 3339 1192 3410 indignis
1226 3345 1319 3390 aut
1353 3349 1457 3388 non
1493 3332 1731 3402 legitimo
1765 3331 1993 3387 initiatis

408 3450 674 3513 apparatu
700 3438 928 3508 ἐποψὶα,
959 3430 1712 3503 conspecmsmysteriorum,
1743 3438 1832 3480 aut
1858 3442 1991 3483 con-

411 3548 495 3590 tia
528 3550 688 3605 quam
736 3532 817 3586 ias
864 3539 946 3585 est
985 3527 1234 3598 neglecto
1275 3532 1477 3577 statuto
1531 3522 1635 3574 ritu
1681 3519 1990 3588 religiosum

404 3629 631 3700 aliquod
663 3627 847 3681 obitur
879 3622 1138 3684 oﬂicium,
1160 3613 1664 3687 παραθεωρεῖσθαι,
1702 3614 1906 3681 despici
1934 3619 1992 3668 et

412 3722 567 3793 quasi
594 3719 759 3789 pollui
786 3730 944 3771 sacra
978 3711 1254 3768 dicuntur.
1286 3706 1377 3763 Sic
1414 3705 1718 3779 Hesychius
1768 3704 1993 3774 exponit

410 3810 888 3886 παρεθεωροῦντο,
938 3801 1391 3875 κατεφρονοῦντο.
1448 3799 1546 3857 Ubi
1599 3798 1700 3855 etsi
1744 3798 1992 3853 videatur

412 3910 682 3980 respicere
717 3906 893 3960 locum
927 3899 1092 3973 710
1136 3898 1259 3953 Act.
1316 3896 1512 3966 Apost.
1568 3908 1644 3959 vi,
1695 3894 1746 3957 l,
1809 3902 1988 3948 tamen

410 4003 574 4057 latius
601 4000 705 4053 hoc
730 3993 949 4052 eXtendi
972 3992 1097 4063 jure
1115 3980 1336 4061 potest;
1371 3995 1425 4041 et
1450 3990 1517 4041 ad
1551 3986 1987 4048 irreverentlam,

411 4110 516 4168 qua
544 4091 737 4162 religio
768 4078 1024 4147 violatur,
1052 4098 1161 4139 non
1185 4071 1457 4136 immerito
1483 4081 1569 4147 hic
1591 4093 1620 4133 a
1656 4077 1991 4149 Pachymcre

412 4184 876 4241 accommodatum
907 4185 1009 4233 est.
1043 4173 1399 4241 Contemptus
1439 4169 1582 4224 enim
1639 4184 1746 4224 non
1794 4169 1990 4221 dubius

412 4288 496 4336 est
543 4276 741 4332 divinae
787 4268 1111 4339 maiestatis,
1146 4264 1493 4337 praescriptas
1524 4262 1591 4316 ab
1638 4262 1754 4330 ipso
1794 4259 1905 4314 Deo
1934 4259 1988 4323 in

411 4374 529 4443 ejus
582 4367 731 4425 cultu
783 4361 1192 4419 observationes
1242 4355 1535 4425 negligere.
1579 4352 1757 4420 Quare
1790 4348 1989 4406 Paulus

410 4459 725 4520 Corinthios
785 4465 1041 4526 tanquam
1092 4450 1184 4506 Dei
1234 4447 1529 4502 ECcles‘iam
1579 4451 1986 4515 contemnentes,

414 4551 915 4626 καταφρονοῦντας,
950 4547 1194 4613 increpat
1242 4541 1410 4597 lCor.
1443 4554 1522 4623 at,
1544 4536 1638 4600 εξ,
1674 4536 1815 4605 quod
1841 4535 1895 4589 iu
1926 4549 1988 4589 ea

416 4652 562 4707 velut
615 4651 666 4703 in
702 4645 821 4700 loco
859 4641 1085 4711 profano
1118 4634 1471 4691 comederent
1514 4646 1529 4684 ε
1567 4630 1654 4698 Μὴ
1677 4633 1785 4699 γὰρ
1812 4629 1990 4690 οἰκίας

413 4750 566 4819 ἔχετε
600 4745 682 4807 εἰς
721 4740 781 4794 τδ
818 4736 1020 4791 ἐσθίειν
1053 4735 1148 4786 καὶ
1185 4730 1402 4794 πίνειν;
1436 4724 1469 4797 ἢ
1516 4714 1617 4796 τῆς
1662 4720 1990 4793 Ἐκκλησίας

412 4815 507 4895 τσῦ
538 4836 674 4893 Θεὸῦ
720 4829 1116 4901 καταφρονεῖτε
1139 4825 1163 4879 ?
1188 4821 1329 4892 Ouid
1364 4815 1548 4875 autem
1582 4818 1629 4872 si
1657 4818 1994 4885 suspicentur

414 4935 803 5005 Pachymerem
852 4910 1279 5005 nostrum,'cnm
1327 4914 1467 4985 apud
1522 4927 1680 4967 suum
1734 4922 1990 4978 magnum

415 5000 717 5099 Apollinem
776 5018 1105 5088 Hesychium
1159 5002 1400 5081 legisset,
1444 5007 1562 5061 loco
1597 5022 1644 5079 Aa
1705 5019 1790 5058 me
1833 5000 1994 5055 modo

408 5095 707 5190 descripto,
761 5109 1245 5184 παραθεωρεῖσθαι
1281 5108 1354 5160 ὀι
1408 5095 1874 5171 καταφρονεῖσθαι
1935 5102 1994 5147 ut

417 5186 845 5281 ἰσοδυναμοῦύτα
872 5201 1199 5271 comparari,
1229 5197 1498 5266 simulque
1535 5193 1761 5269 haberet
1792 5190 1842 5243 in
1874 5186 1996 5242 ani-

372 5316 375 5319 ’
420 5326 507 5364 mo
556 5295 921 5360 memoratum
976 5294 1125 5351 Pauli
1168 5294 1344 5348 iOCllm
1391 5285 1686 5350 contemni,
1721 5296 1998 5351 καταφρο-

419 5400 652 5465 νεῖσθαι,
684 5393 770 5470 [Ρ.
794 5390 928 5465 502]
956 5388 1260 5444 Ecclesiam
1286 5382 1623 5439 comestione
1651 5390 1995 5448 conqueren-

419 5488 893 5560 tis,'irreverentia
947 5500 1051 5556 qua
1096 5488 1428 5553 prmsumpto
1475 5488 1636 5531 nocte
1670 5474 1995 5541 intempesta

417 5590 539 5644 cibo
571 5596 699 5640 'non
750 5582 918 5652 jejuni
973 5578 1159 5633 clerici
1220 5582 1315 5628 aut
1369 5570 1617 5626 monachi
1676 5566 1807 5630 aris,
1868 5563 1996 5617 dmn
2041 5598 2046 5605 .

419 5682 759 5738 sacriﬁcatur
782 5689 939 5729 mane
963 5678 1223 5733 astareat,
1253 5660 1758 5737 παραθεωρεῐσϐαι,
1791 5658 1893 5711 hoc
1914 5663 1998 5709 est

416 5766 908 5843 καταφρονεῖσθαι,
928 5763 1150 5835 despici,
1171 5759 1451 5816 contemni
1480 5770 1669 5813 sacras
1690 5751 1997 5809 oblationes

419 5869 827 5929 criminantem,
850 5857 1141 5934 posuisse?
1204 5938 1211 5945 .

2093 3284 2291 3337 malum
2345 3294 2447 3334 nou
2483 3275 2777 3350 signiﬁcari
2818 3289 2999 3330 veram
3032 3272 3361 3328 exstantiam
3414 3280 3506 3325 aut
3538 3271 3673 3323 sub-

2094 3373 2395 3433 SlSletllitILII
2428 3374 2504 3427 rei
2538 3370 2868 3441 cujuspiam,
2902 3366 2996 3423 sed
3025 3363 3546 3437 quasi-exstantiam
3579 3372 3675 3415 aut

2093 3472 2251 3543 quasi
2281 3456 2852 3532 subsistentiatn,isolo
2871 3461 3028 3516 modo
3060 3456 3316 3529 loquendi
3334 3457 3675 3526 exprimente

2092 3564 2322 3635 positiva
2350 3561 2522 3616 forma
2555 3574 2668 3614 rem
2697 3572 2843 3610 mere
2867 3552 3209 3623 privativam.
3243 3549 3398 3607 Unde
3413 3549 3555 3603 idem
3581 3564 3678 3602 no-

2094 3665 2209 3711 ster
2245 3653 2611 3724 Pachymeres
2646 3650 2699 3704 in
2713 3646 3034 3718 paraphrasi
3064 3644 3133 3699 ad
3172 3658 3294 3697 eum
3333 3640 3573 3712 Di0nysii
3600 3639 3679 3691 Io-

2093 3765 2242 3813 cum,
2276 3744 2474 3816 p.124,
2498 3744 2736 3813 ejusdem
2771 3738 3047 3801 editionis,
3070 3734 3335 3788 rationem
3364 3745 3532 3801 quare
3555 3730 3675 3783 Dio-

2095 3843 2282 3911 nysius
2308 3842 2472 3907 neget
2514 3836 2816 3889 ὑπόστασιν
2876 3829 3283 3887 subsistentiam
3330 3824 3495 3889 malo,
3533 3824 3675 3876 hanc

2095 3933 2254 4004 711
2290 3930 2452 3986 affert
2481 3946 2498 3983 :
2543 3928 2609 3983 Ἥ
2643 3931 2901 3997 στέρησις
2926 3925 3033 3992 γὰρ
3052 3922 3154 3973 οὐκ
3178 3919 3327 3971 ἔστιν
3348 3916 3674 3975 ὑπόστασις.

2096 4002 2434 4080 Uudeiniert
2459 4036 2564 4075 non
2588 4034 2748 4089 posse
2768 4013 2971 4070 habere
2991 4013 3249 4066 virtutem
3282 4006 3444 4060 ullam
3474 4021 3488 4058 :
3515 4002 3589 4057 Τδ
3620 4002 3676 4056 δὲ

2097 4124 2172 4196 μὴ
2187 4118 2557 4191 ὑφιστάμενον
2573 4114 2732 4166 ποίαν
2746 4110 2856 4173 ἕξει
2873 4108 2972 4177 τὴν
2985 4105 3046 4158 δύ
3055 4124 3115 4158 να
3126 4100 3499 4175 μινὶκΕηειιτοι
3514 4097 3678 4167 igitur

2092 4189 2457 4287 i’aehyineres
2492 4223 2550 4262 se
2582 4208 2794 4275 ipsum;
2818 4211 2871 4255 et
2898 4216 2995 4253 cur
3019 4192 3490 4267 πορυποστὰσεις,
3518 4189 3677 4244 vice-

2093 4306 2505 4371 subsistentias,
2534 4310 2593 4357 ut
2630 4300 2710 4355 sic
2746 4297 3017 4357 dixerim,
3059 4294 3123 4344 ἐκ
3170 4288 3269 4359 τῆς
3311 4285 3421 4339 τῶν
3450 4281 3678 4353 κάγαθῶν

2092 4402 2388 4467 ἀπουσίας,
2417 4405 2573 4452 vocet
2608 4391 2777 4455 κακά,
2811 4388 3052 4443 declaret
3083 4383 3147 4438 iis
3178 4382 3312 4451 ipsis
3344 4376 3525 4435 verbis
3554 4392 3676 4445 quas

2026 4525 2067 4580 ι)
2096 4514 2207 4554 non
2232 4496 2397 4562 longo
2432 4486 2720 4546 intervallo
2768 4494 2888 4555 post
2939 4481 3096 4535 modo
3135 4479 3406 4546 descripta
3461 4472 3516 4527 in
3554 4473 3675 4541 ejus

2098 4586 2418 4662 paraphrasi
2457 4585 2750 4653 leguntur:
2783 4579 2908 4630 Ὅτι
2930 4574 3052 4627 τότε
3094 4573 3128 4644 ή
3171 4571 3431 4642 στέρησις
3458 4581 3677 4636 παρυφο

2099 4659 2333 4743 ξσταται,
2359 4680 2447 4731 ὅτε
2473 4675 2533 4728 τὸ
2557 4673 2761 4740 ἀγαθὸν
2778 4672 3102 4741 ἀπέρχεται,
3125 4664 3389 4729 Quoniam
3420 4670 3541 4715 tunc
3558 4659 3677 4727 pri-

2095 4779 2236 4835 vatio
2267 4774 2422 4846 quasi
2454 4769 2716 4831 subsistit,
2747 4764 2961 4834 quando
2994 4764 3184 4815 bonum
3216 4755 3391 4830 (cujus
3437 4761 3521 4808 est
3564 4753 3677 4821 pri-

2095 4843 2564 4939 vatio)vabscedit.
2606 4858 2760 4916 Unde
2804 4856 2935 4911 nihil
2963 4865 3046 4908 est
3074 4852 3329 4913 solidum,
3368 4847 3463 4902 sed
3498 4843 3674 4898 forum

2095 4962 2256 5019 solidi
2279 4971 2620 5027 expressum.
2650 4953 2720 5008 Ut
2753 4966 2874 5005 cum
2907 4950 3155 5004 tenebras
3186 4944 3310 5012 quis
3340 4940 3491 5003 dicit,
3529 4938 3675 4991 vide-

2098 5068 2189 5111 tur
2223 5054 2516 5124 positivum
2568 5042 2772 5116 aliquid
2828 5043 3030 5105 dicere,
3067 5052 3257 5093 revera
3312 5043 3489 5088 autem
3541 5031 3674 5084 nihil

2098 5150 2229 5206 dicit
2260 5145 2365 5201 nisi
2401 5141 2649 5215 positivus
2687 5128 2768 5192 rei
2791 5133 3096 5189 absentiam
3125 5129 3285 5184 lucis.

2168 5277 2499 5350 Πεισμονή.
2534 5292 2587 5347 p.
2622 5273 2743 5328 l20.
2785 5271 2873 5325 Ait
2909 5266 3270 5338 patriarcham
3296 5259 3548 5333 Cyprium
3578 5272 3673 5309 er-

2101 5388 2281 5433 rorem
2336 5376 2395 5426 in
2452 5370 2570 5437 ejus
2627 5377 2773 5419 tomo
2826 5360 3220 5430 deprehensum
3268 5365 3565 5423 agnoscere
3611 5366 3675 5402 ac

2100 5468 2375 5537 corrigere
2423 5465 2695 5517 nolentem
2732 5472 2837 5511 non
2862 5454 3035 5509 solum
3075 5446 3405 5517 πεισμονῆς,
3445 5444 3546 5498 hoc
3590 5451 3677 5497 est

2101 5534 2359 5617 assensus
2397 5557 2448 5609 in
2484 5567 2723 5608 errorem
2760 5558 2947 5601 contra
2986 5544 3166 5605 iidem,
3198 5542 3290 5596 sed
3323 5539 3487 5591 etiam
3528 5534 3678 5602 αἱρέ-

2104 5670 2263 5717 σεως.
2310 5647 2648 5705 contumacis
2681 5641 2929 5697 videlicet
2961 5639 3012 5692 in
3045 5644 3261 5691 ostenso
3296 5644 3483 5685 errore
3506 5629 3678 5698 perti-

2104 5748 2293 5811 παρίω,
2332 5750 2645 5797 accusatum
2697 5740 2838 5806 apud
2882 5734 3262 5802 imperatorem
3294 5725 3483 5779 fuisse.
3526 5719 3678 5775 Unde

2115 5847 2340 5914 apparet
2365 5836 2481 5894 voci
2513 5830 2789 5902 πεισμονὴ
2814 5827 3184 5884 ecclesiastico
3214 5834 3311 5876 usu
3340 5822 3477 5873 hanc
3511 5815 3679 5870 fuisse
