4058 6298
344 283 468 353 ’7⁵13

1744 280 2275 350 GLOSSARIUM.

3519 286 3632 353 ,ἹῊ

353 401 486 460 treti
521 401 695 459 nostri
732 417 750 459 :
778 397 1008 472 Magnus
1031 378 1246 471 ﬂuvius,
1279 394 1432 472 quem
1481 397 1634 455 nodis
1668 396 1936 470 Sangarin
1969 396 2012 455 lt
2039 394 2283 465 quoiure
2303 410 2460 455 suum
2482 395 2822 454 Garumnam
2837 394 3115 458 Ausonius
3133 397 3189 457 in
3210 397 3433 460 Mosella
3454 418 3630 476 aqua.

346 508 568 562 oocant,
622 512 784 552 cursu
834 495 1242 551 violentissimus
1300 495 1356 550 in
1412 493 1604 557 medio,
1640 491 1941 563 profundus

355 588 646 645 admodum
675 587 1062 655 latitudineque
1088 600 1387 656 requareus,
1410 599 1679 655 nunquam
1700 592 1818 653 post
1847 583 1942 638 Iso-

355 683 529 735 mines
580 688 738 733 natos
786 688 998 747 pontem
1055 679 1214 734 subiit
1254 682 1390 735 :sed
1434 678 1645 750 scaphis
1701 676 1942 745 Pluribus

356 775 606 830 conueais
674 778 960 845 tegetisque
1011 776 1185 829 instar
1236 774 1380 829 inter
1428 789 1486 829 se
1544 776 1684 843 aptis
1743 772 1941 828 audent

356 869 663 939 transgredi
690 870 910 940 pedites,
943 877 999 921 ut
1042 867 1310 937 quondam
1354 865 1633 922 Medorum
1678 866 1940 921 exercitus

358 960 762 1029 Hellespontum
796 961 1035 1026 transiit,
1083 958 1275 1016 Xerxis
1332 974 1564 1016 metuens
1614 946 1946 1030 indignatio-

355 1071 495 1108 nem.
547 1053 620 1110 At
652 1071 732 1110 res
764 1071 870 1110 non
899 1066 1049 1110 vacat
1081 1054 1314 1125 periculo
1356 1070 1374 1109 :
1410 1071 1535 1109 nam
1574 1071 1711 1122 saepe
1741 1054 1955 1124 ﬂumen'

352 1149 564 1219 scaphis
620 1149 863 1203 omnibus
919 1150 1153 1216 abreptis
1205 1165 1322 1203 cum
1376 1150 1596 1204 nexibus
1657 1148 1940 1203 tramitum

354 1243 646 1297 uiatoribus
670 1243 873 1297 abnuit.
906 1242 1063 1297 Nunc
1089 1241 1435 1297 Justinianus
1454 1241 1592 1310 Aug.
1622 1252 1827 1313 pontem
1860 1240 1939 1294 illi

354 1336 625 1406 imponere
653 1354 930 1408 aggressus
973 1338 1172 1391 acriter
1220 1336 1275 1390 iu
1303 1354 1436 1407 opus
1470 1336 1745 1400 incumbit,
1799 1334 1939 1387 brevi

354 1424 541 1493 procul
578 1428 740 1480 dubio
775 1428 1205 1491 absolvendum;
1249 1428 1404 1498 idque
1460 1443 1526 1481 ea:
1580 1443 1640 1481 eo
1685 1426 1937 1496 conjicio,

352 1525 495 1589 quod
536 1522 776 1575 omnibus
812 1504 963 1577 illius
1016 1522 1196 1591 coeptis
1245 1539 1462 1577 manum
1503 1520 1643 1577 Deus
1677 1522 1938 1576 admovet.

354 1614 582 1669 Pontem
617 1616 782 1683 igitur
807 1632 972 1689 supra
1000 1616 1270 1687 Sangarin
1301 1618 1573 1673 aediﬁcare
1598 1616 1941 1671 .lustiniauus

354 1724 672 1777 aggressus,
700 1710 921 1779 quando
950 1726 1078 1766 suos
1108 1714 1173 1766 de
1208 1711 1329 1781 ejus
1365 1710 1609 1765 aediﬁciis
1658 1725 1938 1765 commen-

358 1802 530 1855 tarios
557 1801 852 1871 Procopius
880 1802 1074 1867 edidit,
1107 1811 1297 1871 postea
1344 1800 1591 1871 perfecit.
1643 1801 1939 1857 Vocatum-

354 1908 464 1965 que
515 1894 642 1948 illud
687 1908 821 1963 opus
862 1893 1297 1958 Ἰουστινιάνειος
1339 1892 1746 1963 ποντογέφυρα.
1803 1892 1939 1948 Cum

354 1985 502 2041 enim
542 1986 771 2056 simplex
801 1985 1053 2057 γεφύρας
1100 1986 1446 2051 vocabulum,
1478 1986 1579 2041 etsi
1617 2002 1679 2041 ex
1708 1986 1937 2057 origine,

356 2076 401 2130 si
433 2074 721 2131 Eustatbio
758 2075 1061 2144 credimus,
1088 2092 1282 2133 sonare
1314 2076 1563 2133 videatur
1597 2077 1829 2132 solidum
1872 2093 1939 2133 ex

357 2169 539 2240 lapide
563 2184 629 2225 ac
650 2179 914 2226 caemento
939 2185 1100 2240 super
1124 2170 1240 2226 loca
1266 2171 1547 2227 liumentia
1573 2178 1805 2226 stratum
1837 2170 1941 2242 (sic

353 2263 503 2317 enim
552 2263 643 2319 ille
690 2265 913 2319 adnotat
961 2280 1029 2318 ex
1060 2262 1370 2321 Herodiano
1398 2263 1469 2319 ad
1513 2263 1663 2320 Iliad.
1694 2281 1776 2331 cp:
1824 2264 1940 2317 Ko-

361 2356 496 2428 ρῑως
549 2356 769 2429 γέφυρᾶ
796 2358 914 2412 ἔστι
956 2357 1028 2429 γῆ
1072 2359 1162 2429 ἐφ’
1212 2358 1409 2432 ὑγρᾶς,
1464 2357 1799 2429 Ἡρωδιανὸς
1846 2357 1939 2411 λέ-

358 2448 498 2520 γει),
526 2456 711 2505 tamen
766 2450 898 2505 satis
948 2448 1264 2520 frequenter
1293 2449 1584 2509 adhibetur
1638 2452 1707 2505 ad
1756 2449 1942 2521 expri-

360 2541 616 2595 mendum
660 2540 915 2597 mobilem
946 2550 1258 2598 contextum
1295 2542 1622 2608 tabularum,
1655 2557 1764 2613 quo
1792 2558 1824 2597 e
1851 2543 1940 2598 lit-

358 2643 480 2689 tore
509 2633 561 2689 in
598 2636 775 2689 navim
804 2644 897 2689 aut
925 2650 955 2690 e
985 2635 1113 2690 nari
1141 2635 1403 2691 transitur
1433 2637 1498 2690 ad
1534 2636 1688 2691 littus
1719 2651 1735 2689 :
1770 2636 1940 2693 moles

356 2725 466 2783 illa;
490 2727 714 2798 lapideae
745 2729 1013 2797 ingentes,
1036 2728 1229 2798 quibus
1259 2743 1577 2797 magnorum
1604 2730 1733 2800 ripae
1759 2728 1941 2785 nurni-

357 2834 490 2875 num
526 2820 662 2874 linat
690 2819 993 2876 viatoribus
1036 2822 1256 2891 perviae,
1298 2821 1551 2876 videntur
1582 2822 1648 2875 ad
1683 2821 1942 2877 differen-

358 2910 628 2967 ttsm'non
654 2911 977 2981 simpliciter
1001 2914 1264 2984 γέφυραι,
1286 2914 1383 2968 sed
1420 2914 1636 2981 proprie
1672 2916 1938 2985 ποντογέ-

359 3022 530 3076 φυραι
564 3014 789 3063 vocatas.
841 3005 897 3063 Id
958 3005 1243 3062 Mauritins
1292 3006 1470 3061 innuit
1527 3008 1563 3062 Ι.
1599 3022 1640 3061 ll
1674 3006 1933 3082 Strateg.,

353 3113 410 3154 c.
442 3099 534 3165 2i,
564 3099 629 3154 de
658 3108 825 3167 ponte
849 3098 1106 3155 amnibus
1128 3098 1475 3168 imponendo,
1500 3109 1767 3169 quatenus
1795 3101 1847 3158 Id
1872 3104 1936 3158 ad
1966 3103 2007 3159 ϐ

357 3189 767 3257 imperatoriam
820 3190 1064 3244 ductoris
1125 3188 1211 3263 [P.
1255 3189 1384 3263 505]
1433 3192 1706 3248 exercitus
1749 3210 1937 3249 curam

354 3293 588 3352 spectat,
620 3283 942 3354 praecipiens
987 3282 1073 3337 bis
1103 3283 1283 3339 verbis
1317 3300 1331 3337 :
1370 3285 1431 3338 Et
1472 3288 1572 3355 μὲν
1618 3286 1940 3359 γεφυρῶσαι

356 3377 542 3446 χρεῐα,
589 3377 839 3430 τουτέστι
889 3376 1307 3445 ποντογέφυραν
1355 3377 1607 3448 ποιῆσαι,
1660 3378 1777 3433 δέον
1830 3380 1939 3434 ἀπὸ

356 3466 453 3540 τῆς
490 3467 627 3531 ιδίας
661 3468 828 3539 ὄχθης
871 3468 1136 3541 ἄρχεσθαι
1168 3454 1252 3524 ’τὰ
1301 3470 1397 3524 ἐπὶ
1435 3473 1664 3538 τούτων,
1689 3475 1939 3528 τουτέστι

355 3562 597 3625 ναύκλας
634 3562 880 3631 μεγάλας
926 3564 1023 3617 καὶ
1069 3562 1439 3632 ποντυλῶσαι,
1474 3567 1592 3637 ἤτοι
1622 3567 1940 3643 καταστρῶτ

358 3673 472 3722 σαι,
506 3658 726 3711 πάντων
758 3657 819 3709 ὲν
837 3655 1041 3728 ἑτοίμῳ
1067 3656 1259 3712 ὄντων.
1289 3657 1363 3711 En
1394 3661 1647 3729 magister
1688 3661 1940 3717 militaris

357 3764 452 3807 seu
493 3750 670 3818 potius
704 3749 1071 3819 imperatoriae
1114 3750 1250 3805 artis
1299 3750 1389 3825 hic
1445 3752 1714 3821 praecipit,
1750 3753 1836 3808 ubi
1885 3756 1936 3809 in

259 3844 261 3848 ⁴
356 3844 534 3899 amnis
565 3860 821 3910 occursu,
862 3859 1022 3914 quem
1075 3844 1199 3899 belli
1250 3846 1390 3899 ratio
1436 3862 1541 3900 non
1568 3857 1777 3902 tantum
1812 3864 1938 3904 cum

357 3938 601 3992 exercitu
627 3937 955 4007 transgredi,
986 3934 1079 3991 sed
1117 3936 1278 3990 etiam
1318 3952 1414 4008 per
1445 3955 1569 3992 eum
1603 3938 1767 4012 715
1795 3940 1937 3995 viam

358 4030 585 4084 liberam
633 4044 853 4085 servare
894 4029 962 4085 ad
995 4044 1302 4099 regressum
1335 4029 1586 4097 suadeat,
1613 4048 1747 4100 opus
1779 4034 1941 4090 fuerit

359 4120 531 4177 solida
563 4120 713 4175 illum
770 4120 912 4175 mole
943 4132 1299 4177 consternere
1328 4138 1487 4191 quam
1526 4126 1938 4195 ποντογέφυραν

360 4216 541 4286 potius
608 4221 771 4284 quam
836 4214 1092 4283 γέφυραν
1147 4216 1291 4284 (quae
1340 4214 1410 4283 sit
1454 4225 1936 4285 estetnporanenm

359 4307 663 4379 quidpiam)
692 4308 873 4363 vocari
905 4306 1005 4379 ait,
1034 4306 1295 4363 inclmare
1318 4320 1374 4363 et
1406 4321 1722 4379 apparatum
1753 4312 1937 4380 operis

352 4412 567 4474 etopus
599 4403 777 4473 ipsum
809 4418 837 4455 a
863 4389 979 4470 ripa
1014 4416 1177 4472 quam
1214 4401 1511 4471 imperator
1542 4417 1665 4457 cum
1692 4403 1935 4458 exercitu

355 4495 586 4558 obtinet,
620 4508 725 4548 non
767 4502 947 4547 autem
983 4493 1056 4547 ab
1076 4492 1329 4546 adversa.
1363 4492 1473 4547 Nec
1505 4506 1721 4547 movere
1749 4508 1939 4563 quem-

355 4604 521 4660 quam
550 4586 713 4645 debet
749 4586 1014 4645 adversus
1044 4585 1333 4656 haec'qnotl
1368 4574 1516 4653 ρώπιὶ
1560 4598 1756 4641 nomen
1794 4586 1935 4641 male

356 4682 697 4745 (luminibus,
725 4697 847 4751 quas
878 4681 995 4739 sola
1025 4678 1142 4734 fere
1170 4692 1361 4749 pontes
1384 4684 1683 4750 patiuntur,
1718 4695 1936 4738 conve-

357 4779 476 4835 nire
501 4775 765 4831 videntur.
797 4772 933 4830 Nam
968 4784 1331 4845 praeterquam
1368 4774 1511 4844 quod
1553 4784 1679 4827 sunt
1712 4773 1933 4846 quidam

358 4871 524 4936 ﬂuvii,
555 4881 612 4927 ut
641 4872 709 4926 de
738 4869 900 4924 modo
930 4866 1229 4923 memorato
1268 4864 1496 4943 δαημνί
1528 4864 1824 4936 Procopius
1858 4867 1939 4921 Io-

355 4965 565 5035 quitnr,
600 4963 958 5036 εὐρυνόμινοι
988 4950 1373 5031 θαλὰσετιθῗσα,
1404 4960 1688 5033 latitudine
1708 4959 1938 5031 wquorei

358 5075 423 5114 ac
451 5044 619 5129 ponto
644 5057 872 5122 similes,
910 5056 1072 5110 etiam
1106 5069 1175 5111 ex
1207 5054 1416 5123 origine
1441 5053 1509 5107 ab
1530 5053 1784 5108 ontnibus
1813 5051 1940 5121 quiv

360 5152 568 5222 basque
598 5151 885 5207 latioribus
905 5141 1253 5217 designandis
1277 5162 1381 5219 non
1406 5146 1619 5199 videtur
1640 5144 1937 5201 abhorrere
1975 5185 1979 5190 .

358 5248 555 5302 πόντιυ
585 5243 930 5303 vocabulum.
962 5240 1253 5312 siquidem,
1286 5247 1344 5293 ut
1386 5238 1705 5295 Eustathius
1744 5240 1936 5293 admo-

360 5350 451 5392 uet
493 5339 560 5389 ad
596 5336 748 5390 Iliad.
778 5333 831 5399 δ,
874 5335 1073 5395 Πόντος
1105 5327 1322 5397 ἲέγεται
1375 5330 1449 5391 ὡς
1486 5325 1574 5382 οἷά
1601 5346 1684 5393 τις
1721 5331 1935 5394 motos,

355 5432 419 5485 ὲκ
461 5429 554 5488 τοῦ
598 5429 997 5482 καταπνεῖσθαι
1026 5426 1270 5494 ἀνέμοις.
1322 5424 1369 5477 Α
1402 5423 1565 5478 verbo
1608 5424 1756 5476 πνέω
1792 5424 1935 5485 spiro

357 5523 546 5579 deduci
584 5523 783 5575 πόντου
820 5535 1013 5575 nomen
1044 5513 1141 5579 ait',
1180 5518 1324 5588 quod
1370 5532 1534 5585 supra
1567 5532 1759 5586 aequor
1805 5531 1934 5569 aura

357 5623 545 5688 spiret.
582 5616 634 5671 td
672 5624 857 5669 autem
899 5622 951 5667 et
990 5612 1149 5681 paulo
1195 5611 1476 5679 atttplioris
1506 5610 1641 5663 alvei
1687 5608 1937 5664 amnibus

357 5709 651 5766 canvcnire
693 5709 822 5779 quis
865 5722 975 5762 nou
1008 5703 1193 5760 videt?
1221 5704 1401 5770 Quare
1420 5718 1523 5755 non
1555 5703 1938 5770 repugnaverit

365 5804 535 5877 Clytui
572 5804 719 5859 ratio
740 5816 833 5859 eos
863 5814 1080 5872 quoque
1114 5800 1260 5870 ponti
1296 5796 1662 5869 appellatione
1695 5796 1933 5868 aspergi,

2046 503 2192 543 reum
2221 488 2484 560 appellat.
2512 489 2695 562 Atque
2719 491 2866 547 hanc
2896 492 3315 564 ποντογεφύρας
3358 495 3631 552 notionem

2046 579 2207 652 longe
2250 581 2613 653 antiquiorem
2669 581 2910 640 Mauritii
2961 595 3016 641 et
3062 585 3414 658 Pacbymoris
3459 597 3629 644 astate

2045 692 2153 731 non
2178 672 2321 732 male
2347 675 2577 733 forsitan
2603 677 2727 745 quis
2755 678 3122 734 autumaverit
3148 694 3215 734 ex
3248 678 3632 751 antiquissimc

2044 771 2184 841 apud
2215 771 2439 828 Latinos
2464 786 2566 827 usu
2592 772 2742 828 vocis
2779 788 2912 843 pons
2953 788 3050 842 pro
3084 773 3341 844 γέφυρας
3380 788 3501 843 qua:
3529 787 3631 829 vos

2044 862 2214 943 videri
2241 872 2414 933 potest
2438 878 2503 919 ex
2531 863 2914 936 ποντογέφυρα
2943 864 3198 921 deducta.
3238 865 3366 921 Hac
3405 882 3525 935 quae
3557 867 3634 922 ti-

2047 957 2192 1011 mida
2222 956 2568 1027 suspicione
2580 957 2803 1026 protuli,
2837 959 3127 1015 audentius
3162 959 3560 1028 amplecterer,
3582 964 3629 1015 si

2045 1047 2210 1119 (quod
2241 1062 2343 1105 nec
2370 1049 2621 1127 contigit,
2656 1064 2757 1105 nec
2789 1050 2973 1119 spero)
3009 1060 3203 1106 nactus
3223 1065 3403 1107 essem
3431 1052 3632 1109 idonea

2047 1142 2357 1196 testimonia
2411 1153 2693 1198 auctorum
2749 1141 2953 1198 Guerre
3000 1143 3194 1214 linguae
3237 1159 3505 1211 veterum,
3563 1161 3635 1203 ex

2043 1235 2241 1304 quibus
2264 1246 2536 1291 constaret
2562 1235 2674 1307 jam
2709 1247 2845 1301 llltlt,
2879 1246 3174 1308 antequam
3199 1237 3426 1296 Latinus
3449 1255 3637 1295 sermo

2042 1342 2073 1381 e
2123 1326 2328 1381 Gratiis
2385 1338 2530 1381 esset
2575 1328 2877 1398 originibus
2933 1329 3255 1398 praducms,
3301 1332 3638 1401 ποντογεφύο

2048 1437 2145 1492 ρας
2175 1416 2496 1476 vocabulum
2525 1421 2577 1476 in
2604 1436 2703 1477 usu
2731 1421 2957 1478 Graeciae
2995 1421 3183 1487 luisse,
3205 1432 3261 1477 ut
3286 1406 3353 1479 ex
3377 1439 3442 1479 co
3471 1425 3628 1481 ducta

2044 1514 2346 1568 existimari
2378 1525 2561 1581 posset
2595 1515 2963 1571 vetustissima
3009 1517 3066 1570 in
3101 1514 3259 1571 Latio
3292 1532 3394 1572 vox
3427 1519 3626 1597 pontis.

2043 1608 2270 1663 Interim
2310 1609 2477 1680 igitur
2518 1610 2837 1682 vulgaribus
2879 1610 3150 1668 inhmens
3187 1611 3503 1687 veriloquiis
3535 1629 3634 1669 an-

2050 1702 2373 1756 tumantium
2405 1720 2535 1772 pons
2564 1704 2765 1758 dictum
2790 1703 2945 1773 quasi
2970 1721 3096 1775 pens
3130 1707 3455 1776 compendio
3474 1707 3627 1764 verbi

2041 1796 2294 1864 pendens,
2318 1799 2461 1867 quod
2498 1797 2678 1866 spatio
2708 1796 2897 1851 subtus
2940 1811 3113 1852 vacuo
3146 1811 3378 1866 superne
3414 1798 3630 1868 impen-

2046 1889 2190 1954 deat,
2219 1888 2474 1944 exiSIimo
2518 1904 2706 1943 vocem
2737 1888 3131 1959 ,ποντογέφυρα
3170 1889 3379 1944 θνρεοῖς
3416 1899 3628 1945 tantum

2041 1984 2140 2039 aevi
2163 1984 2432 2039 citerioris
2457 1995 2797 2055 usurpatam,
2830 1985 3028 2055 quibus
3054 1986 3299 2041 solemne
3322 1986 3421 2041 luit
3454 1987 3630 2057 plere.

2042 2066 2147 2145 que
2176 2076 2389 2130 tritiorn
2427 2091 2524 2130 usu
2570 2074 2799 2130 Romani
2824 2073 2963 2131 Latii
2996 2074 3257 2131 vocabula
3292 2074 3408 2130 suis
3438 2074 3627 2147 expri-

2041 2185 2189 2224 mere
2225 2168 2446 2234 litteris,
2481 2168 2874 2236 scriptionibns
2900 2167 3166 2224 inserere.
3195 2167 3363 2239 Cujus
3396 2183 3628 2224 consue-

2044 2264 2247 2321 tudinis
2306 2279 2414 2317 non
2468 2278 2640 2333 pauca
2692 2264 2745 2317 in
2796 2262 2901 2319 hoc
2956 2261 3076 2333 ipso
3124 2262 3394 2333 scriptore
3437 2266 3627 2319 no'stro

2041 2358 2286 2429 exempla
2308 2358 2579 2418 vidimus.
2608 2357 2862 2427 loquendi
2918 2362 3149 2423 morem,
3185 2358 3277 2428 qui
3324 2366 3453 2414 tunc
3482 2369 3625 2426 erat,

2042 2461 2492 2520 repraesentante,
2529 2460 2590 2505 ut
2611 2460 2687 2504 tot
2715 2450 2851 2505 alios
2878 2451 3153 2516 omittam,
3186 2467 3419 2522 quorum
3454 2468 3624 2508 voca-

2041 2543 2165 2600 bula
2219 2545 2375 2600 istius
2439 2544 2658 2613 generis
2705 2553 2784 2599 tot
2818 2544 3238 2601 sunt‘Lexicis
3273 2545 3626 2603 Graeco-baro
3714 2547 3717 2549 “

2039 2634 2187 2692 beris
2243 2635 2649 2708 Glossariisque
2699 2637 2992 2693 recensita.
3043 2636 3232 2708 Itaque
3286 2639 3629 2710 ποντογέφυέ

2042 2748 2145 2803 ραν
2171 2741 2227 2786 et
2256 2728 2540 2786 Mauritius
2561 2742 2752 2787 auctor
2780 2730 3218 2802 Strategicorum
3241 2742 3294 2787 et
3326 2742 3513 2788 noster
3536 2734 3630 2792 hic

2038 2822 2103 2882 es
2120 2842 2221 2882 usu
2245 2826 2516 2882 st-rmonis
2541 2836 2671 2881 tunc
2689 2825 2965 2897 popularis
2983 2828 3242 2891 dixerint,
3269 2820 3433 2883 mista
3463 2843 3631 2899 ,men-

2040 2916 2186 2973 tione
2215 2918 2411 2987 pontis.
2439 2915 2647 2972 Latinae
2679 2918 2851 2985 vocis,
2889 2935 3011 2974 cum
3051 2919 3275 2987 antiqua
3309 2918 3496 2976 Graeca
3526 2918 3629 2989 γέ-

2040 3028 2211 3079 φυρα,
2236 3022 2294 3067 ut
2324 3010 2539 3065 facilius
2583 3009 2981 3080 intelligeretur
3010 3012 3140 3081 quid
3187 3012 3557 3081 exprimerent
3591 3028 3623 3067 a

2042 3107 2201 3176 vulgo
2226 3107 2338 3175 jam
2362 3104 2588 3175 bilingui
2626 3119 2691 3159 ac
2724 3102 2892 3158 multa
2929 3103 3187 3160 mistione
3227 3104 3489 3160 Italorum
3530 3120 3623 3160 as-

2043 3215 2197 3255 sueto
2233 3198 2466 3268 patriam
2500 3198 2781 3266 antiquam
2819 3196 3056 3267 linguam
3095 3196 3316 3252 insertis
3342 3199 3625 3267 variegare

2042 3290 2253 3346 Latinis
2278 3290 2521 3344 vocibus.
2540 3288 2619 3343 Ad
2641 3297 2945 3343 extremum
2977 3289 3067 3343 hic
3086 3303 3353 3359 opponant
3382 3304 3447 3343 ex
3470 3288 3625 3344 Livio

2042 3386 2288 3454 quaedam
2326 3399 2354 3435 a
2385 3382 2592 3443 lectore
2623 3398 2728 3436 non
2756 3382 3026 3437 inutiliter
3048 3382 3375 3437 conferenda
3408 3382 3475 3437 iis
3504 3396 3626 3453 quat.

2041 3475 2110 3528 de
2150 3473 2257 3527 situ
2295 3471 2537 3526 locorum
2572 3472 2820 3535 istorum,
2858 3483 3049 3526 natura
3080 3473 3329 3541 Sangarii
3363 3473 3539 3528 amnis
3570 3482 3627 3529 et

2044 3566 2372 3620 necessitate
2421 3563 2731 3634 imponendi
2782 3566 2827 3619 ei
2864 3566 3040 3635 pontis
3081 3574 3271 3621 noster
3304 3567 3425 3629 hoc,
3459 3581 3623 3635 quem

2043 3658 2373 3713 illustratum
2399 3658 2485 3712 bie
2514 3658 2677 3719 imus,
2707 3656 3035 3713 locoscribit
3057 3657 3151 3712 lib.
3176 3673 3294 3723 vm,
3318 3658 3352 3712 4
3377 3656 3622 3721 decadis.

2043 3752 2133 3807 ubi
2168 3752 2571 3822 expeditionem
2612 3750 2765 3805 Cneii
2821 3748 3004 3807 Manlii
3045 3751 3285 3806 consulis
3332 3750 3385 3805 in
3436 3748 3625 3806 Gallo-

2040 3846 2261 3903 Gratcos
2282 3846 2574 3913 describit.
2622 3844 2714 3902 Sic
2759 3845 2944 3900 Livius
2976 3846 3139 3900 habet
3177 3860 3192 3899 :
3225 3843 3359 3923 Cant
3388 3844 3457 3899 ad
3485 3845 3625 3900 San-

2040 3942 2248 4014 garium
2296 3942 2493 4013 ﬂumen
2528 3941 2837 4002 pervenisset
2868 3939 3032 4010 715
3066 3939 3319 4011 (Manlius
3349 3954 3460 3995 cos.
3495 3955 3621 3995 cum

2043 4038 2291 4091 liomano
2350 4030 2641 4104 exercitu),
2691 4041 2923 4099 pontem,
2980 4033 3110 4103 quia
3169 4034 3303 4087 vado
3362 4050 3622 4101 nusquam

2042 4132 2300 4189 transitus
2334 4137 2467 4189 erat,
2502 4126 2684 4196 facere
2705 4125 2959 4178 instituit.
2996 4125 3390 4194 Sangarinsex
3420 4127 3622 4179 Adoreo

2041 4229 2216 4273 monte
2266 4234 2357 4286 per
2388 4216 2676 4291 Phrygians
2707 4217 2876 4286 ﬂuens
2931 4217 3181 4270 miscetur
3211 4216 3280 4269 ad
3317 4215 3623 4286 Bithyniam

2045 4312 2349 4384 Thymbreti
2385 4312 2590 4381 ﬂuvio;
2640 4311 2761 4364 inde
2798 4313 2975 4381 major
2995 4310 3114 4380 jam
3156 4309 3435 4378 geminatis
3458 4297 3624 4378 aquis

2041 4424 2134 4477 per
2165 4405 2468 4477 Bithyniam
2499 4405 2670 4474 fertur
2723 4413 2772 4455 et
2808 4404 2864 4455 in
2901 4402 3277 4469 Propontidem
3307 4402 3625 4469 sese‘e/fun-

2044 4501 2143 4563 dit,
2180 4514 2284 4552 non
2321 4508 2429 4551 tam
2459 4496 2824 4566 magnitudine
2857 4496 3222 4549 memorabilis
3272 4511 3433 4565 quam
3481 4497 3625 4567 quod

2036 4593 2259 4662 piscium
2295 4590 2488 4645 accolis
2527 4590 2789 4660 ingentem
2831 4591 2935 4646 uim
2967 4589 3189 4661 prrebet.
3223 4590 3301 4643 Ita
3339 4590 3451 4644 ille.

2111 4686 2199 4758 [Ρ.
2231 4683 2357 4755 506]
2382 4683 2743 4751 Ποσειδεὼν,
2779 4698 2831 4752 p.
2866 4682 2994 4738 268.
3020 4682 3172 4751 Quod
3196 4684 3247 4737 in
3272 4683 3434 4751 priori
3468 4685 3595 4738 Cios
3615 4716 3627 4726 -

2037 4776 2187 4830 sario
2240 4773 2624 4839 admouebam,
2678 4776 2729 4829 itt
2779 4773 3057 4844 prioribus
3111 4789 3203 4828 ses
3251 4773 3406 4829 libris
3465 4777 3626 4846 hujus

2038 4865 2292 4922 Historiae
2318 4866 2617 4921 desiderari
2641 4864 3130 4938 Pacliymeriauum
3154 4867 3380 4932 AuguSti
3419 4872 3624 4922 mensis

2040 4978 2263 5025 nomen,
2306 4959 2641 5031 μνημονικὸν
2694 4958 2797 5013 fuit
2855 4958 3104 5027 σφάλμα,
3145 4967 3204 5013 ιιι
3253 4976 3374 5014 mox
3418 4962 3617 5023 diram.

2039 5061 2199 5115 Certe
2237 5053 2344 5115 lt'oc.
2375 5057 2495 5110 loco
2524 5054 2889 5118 Πασειδεῶνος
2923 5054 3190 5109 vocabulo
3218 5053 3378 5125 plane
3413 5054 3620 5109 sextilis

2036 5161 2094 5207 et
2139 5152 2408 5220 Augustus
2446 5146 2659 5201 Latinis
2703 5145 2881 5200 dictus
2926 5144 3131 5201 mensis
3174 5144 3517 5214 exprimitur.
3562 5144 3615 5198 id

2038 5245 2375 5298 demonstrat
2407 5256 2514 5295 non
2548 5239 2707 5293 modo
2735 5254 2898 5309 quam
2925 5239 3185 5294 continuo
3229 5248 3426 5293 auctor
3459 5239 3617 5293 adhi-

2039 5338 2150 5401 bet,
2183 5332 2443 5389 indicatio
2502 5331 2841 5401 tempestatis
2898 5330 3048 5399 anui,
3074 5347 3180 5402 qua
3244 5332 3505 5387 nimirum
3551 5332 3618 5385 ab

2039 5429 2215 5483 a'stiro
2258 5426 2474 5480 cardine
2518 5420 2588 5479 ad
2623 5424 3045 5497 tequiuoctialem
3082 5424 3161 5479 sol
3191 5424 3421 5479 declinat
3458 5440 3477 5478 :
3518 5425 3613 5478 sed

2038 5523 2186 5575 clare
2213 5519 2383 5573 Vatic.
2407 5516 3053 5588 parapltr.expritnit,sic
3076 5516 3147 5572 ibi
3167 5519 3409 5573 Scriberis
3432 5529 3449 5573 :
3480 5517 3616 5570 Τότε

2037 5615 2094 5669 δὲ
2124 5613 2321 5683 ὲννάτῃ
2357 5616 2446 5664 καὶ
2475 5612 2695 5680 sinuati]
2719 5608 2812 5662 τοῦ
2843 5609 3158 5678 Αὐγούστου
3185 5609 3374 5681 μηνός.
3413 5610 3615 5665 Memo-

2040 5717 2251 5761 raverat
2282 5715 2334 5759 et
2365 5704 2508 5757 hunc
2540 5718 2787 5758 mensem
2816 5701 2922 5757 vol.
2947 5703 2987 5766 Ι,
3012 5716 3064 5771 p.
3100 5701 3227 5766 «£95,
3260 5712 3469 5768 noster,
3494 5702 3621 5759 licet

2033 5814 2139 5871 ego
2166 5814 2261 5870 per
2291 5795 2753 5865 oblivionem,pti
2792 5793 2906 5866 jam
2947 5792 3126 5852 fassus
3166 5809 3310 5864 sum,
3338 5793 3446 5852 vol.
3480 5789 3521 5864 I,
3556 5808 3616 5865 ιδ.
