4058 6298
529 417 639 485 7'79

1451 431 1517 496 P.
1562 432 1870 502 POSSINI
1913 438 2570 508 OBSERVATIONUM
2612 425 2759 499 LIB.
2797 433 2843 499 Ι.

3677 437 3770 503 780

529 549 821 610 prospectu
877 540 1112 614 positum
1181 542 1484 625 sigu'licat;
1549 548 1689 605 unde
1719 549 1861 618 cippi
1921 547 2384 624 monu-AQuam
2440 562 2495 606 et
2554 552 2816 619 duplicem
2867 548 3149 613 ariolatur,
3213 549 3415 621 μικρὰν
3463 551 3559 606 καὶ
3601 556 3770 620 μεγά.

529 632 862 700 meutorum,
889 654 894 659 ·
924 650 988 691 ac
1051 651 1389 707 quaecunque
1438 637 1674 709 fastigia,
1702 648 1758 695 et
1791 641 1844 696 in
1879 657 2107 713 conspe-

527 737 676 781 ctum
714 727 942 798 objecta:
977 743 1298 783 marmorea:
1345 729 1541 787 tabula:
1575 732 1853 801 inscripta
1887 732 2103 800 litteris,

531 820 977 890 frequentissime
1028 820 1221 892 στῆλαι
1277 822 1437 877 dicta:
1493 823 1859 891 reperiuntur.
1917 824 2105 894 Itaque

531 915 832 968 cavendum
881 929 950 969 ne
1001 915 1216 986 species
1257 932 1354 986 pro
1409 931 1608 988 genere
1661 916 1845 972 lectori
1877 920 2106 989 obrepat

533 1017 755 1063 assueto
781 1008 973 1078 cippos
1003 1019 1055 1063 et
1091 1008 1414 1064 columellae
1463 1011 1515 1064 in
1551 1009 1796 1080 apicibus
1828 1011 2105 1082 sepulcra-

535 1098 663 1152 lium
699 1099 920 1154 molium
965 1109 1060 1154 aut
1090 1101 1141 1155 id
1169 1116 1342 1171 genus
1387 1113 1866 1158 monumentorum
1893 1113 2104 1160 erectas

533 1189 748 1259 στηλῶν
783 1191 1002 1246 nomine
1033 1190 1358 1262 intelligere.
1397 1191 1491 1246 Illa
1522 1195 1663 1247 enim
1713 1192 1902 1264 στῆλαι
1953 1205 2105 1263 sunt,

535 1280 631 1334 sed
658 1295 772 1334 non
797 1279 945 1349 solo;
978 1282 1214 1350 pertinet
1267 1283 1466 1352 quippe
1500 1283 1614 1339 haec
1654 1301 1757 1340 vox
1809 1285 1990 1354 latius,
2024 1296 2109 1343 la-

535 1371 693 1428 hnius
744 1373 910 1430 etiam
960 1384 1017 1430 et
1048 1373 1180 1431 ‘vela
1219 1374 1405 1446 ﬁguris
1436 1376 1689 1448 insignita
1722 1380 1774 1434 iu
1811 1381 2108 1452 c0uspicuo

534 1476 738 1522 statuta
773 1466 1041 1522 indicans.

599 1560 974 1627 Συνδοσίαι,
1014 1578 1070 1632 p.
1123 1563 1251 1619 293.
1284 1564 1399 1623 Etsi
1437 1569 1576 1640 apud
1621 1577 1830 1625 veteres
1855 1582 2108 1640 auctores

534 1656 714 1728 legere
745 1657 1031 1722 συνδοσίας
1067 1674 1176 1713 non
1213 1661 1460 1725 memini,
1509 1671 1640 1730 puto
1683 1671 1862 1718 tamen
1895 1660 2108 1732 Pachy-

534 1766 765 1820 merem,
790 1752 946 1822 cujus
980 1768 1169 1809 omnes
1216 1770 1370 1825 teque
1397 1755 1618 1812 codices
1649 1756 1972 1812 vocabulum
2006 1757 2107 1812 hoc

534 1841 655 1897 loco
719 1845 863 1899 istud
922 1845 1215 1914 exhibent,
1275 1847 1327 1901 id
1387 1849 1440 1902 in
1475 1876 1479 1880 -
1515 1849 1736 1905 notione
1807 1848 2105 1921 largitionis

2210 639 2328 708 λην,
2357 655 2578 710 parvam
2612 651 2666 695 et
2691 655 2960 712 magnam,
2989 640 3141 712 quasi
3185 642 3330 711 prior
3359 641 3655 710 designatio
3685 644 3772 708 sit,

2209 739 2480 806 posterior
2520 739 2873 807 conﬁrmatio.
2911 737 3089 807 Λῆρος
3128 735 3316 799 πολύς.
3356 735 3462 791 Nec
3484 736 3772 806 Codinuzn,

2209 844 2371 899 quem
2431 833 2626 886 asserti
2687 822 2911 886 fundum
2965 830 3170 892 laudat,
3235 827 3522 885 intellexit.
3553 827 3601 882 Is
3631 830 3773 884 enim

2209 922 2347 978 nihil
2391 915 2500 978 vult
2557 922 2702 978 aliud
2759 923 2866 978 nisi
2917 923 3217 992 episcopos,
3278 921 3370 991 qui
3423 921 3681 976 ordinant
3723 931 3779 976 et

2211 1026 2539 1072 consecrant
2575 1016 2965 1085 patriarcliam,
3019 1014 3170 1067 illum
3217 1013 3270 1067 in
3305 1027 3366 1066 ea
3387 1013 3674 1068 iunctione
3697 1011 3780 1068 bis

2215 1123 2378 1164 cruce
2404 1110 2643 1181 signare,
2679 1125 2908 1181 quarunt
2941 1108 3377 1164 benedictionum
3420 1107 3570 1176 prior
3591 1121 3775 1175 parva,

2213 1205 2487 1274 posterior
2547 1220 2736 1273 magna
2788 1203 3135 1257 consueverit
3188 1200 3391 1257 vocari.
3446 1200 3780 1255 'llieehantur

2209 1295 2408 1348 eaedem
2435 1293 2845 1348 benedictiones.
2863 1291 3177 1362 μηνύματα,
3203 1301 3257 1344 ut
3303 1291 3612 1344 observavit
3639 1290 3777 1344 idem

2210 1384 2479 1450 Meursius
2512 1387 2691 1442 verbo.
2735 1387 2996 1455 μήνυμα;
3045 1399 3170 1437 nam
3205 1378 3428 1454 μήνυμα
3459 1383 3667 1450 signum
3698 1391 3781 1436 est

2209 1488 2264 1533 et
2301 1479 2425 1533 κατ’
2447 1477 2655 1555 πὶξοχὴν
2709 1479 2912 1549 signum
2970 1479 3136 1531 crucis
3193 1491 3356 1530 manu
3413 1477 3780 1530 benedicendo

2211 1571 2528 1628 formatum.
2563 1572 2807 1649 Μήνυμα
2836 1573 3041 1642 signum
3087 1571 3311 1637 dicitur,
3350 1584 3454 1624 non
3483 1576 3687 1635 autem,
3723 1575 3780 1622 ut

2214 1665 2258 1720 is
2283 1666 2353 1720 ibi
2376 1667 2631 1730 somniat,
2667 1655 2895 1720 vacatio.

2282 1756 2368 1831 [P.
2393 1743 2534 1830 .5il]
2595 1757 2674 1812 Τὰ
2722 1755 3147 1825 τετελεσμένα,
3187 1756 3250 1823 τι.
3287 1753 3377 1808 77.
3415 1752 3554 1822 Quid
3588 1753 3658 1807 sit
3690 1752 3780 1807 hic

2212 1849 2567 1919 ἐπαληθεύειν
2593 1853 2704 1913 τοῖς
2727 1847 3150 1920 τετελεσμένοις.
3177 1846 3514 1900 comminisci
3551 1844 3777 1897 multum

532 1935 620 2009 [-P.
646 1937 776 2010 MO]
806 1953 1122 2008 usurpasse,
1161 1939 1312 2010 quasi
1342 1944 1560 1997 ductum
1587 1956 1616 1994 a
1645 1913 1938 2012 συνδίδωμι
1979 1960 2106 1997 con-
2137 1913 2180 1971 Β
2208 1913 2456 2014 cogitans
2485 1945 2630 1998 aliud
2658 1916 2777 1998 non.
2803 1913 2961 2014 potui
2982 1957 3141 2011 quam
3177 1941 3318 2004 quod
3362 1936 3780 2007 interpretando

538 2029 698 2086 dono.
756 2031 854 2085 Cui
906 2033 1072 2088 verbo
1102 2048 1200 2087 usu
1235 2033 1462 2102 antiquo
1493 2032 1807 2089 Latinorum
1857 2036 1994 2090 inest
2028 2036 2108 2091 vis

542 2124 832 2196 peculiaris
884 2125 1160 2181 indicandi
1203 2126 1426 2182 vitiosas
1475 2127 1816 2196 profusiones
1864 2128 1917 2183 iu
1970 2129 2111 2184 iudi-

535 2235 703 2290 gnos.
726 2219 942 2286 Cit-ero,
979 2218 1211 2291 Philipp.
1247 2236 1286 2277 ll
1326 2239 1340 2276 :
1376 2221 1651 2289 Apothecw
1681 2232 1809 2278 tota:
1852 2224 2111 2294 nequissi-

538 2315 642 2370 mis
672 2314 1129 2369 condonabantur.
1174 2312 1286 2369 Nec
1328 2315 1592 2369 abhorret
1643 2315 1731 2370 hic
1766 2316 2110 2386 signiﬁcatus

543 2408 612 2461 ab
646 2406 807 2476 hujus
834 2405 941 2461 loci
966 2406 1259 2462 sententia.
1289 2403 1619 2476 Vituperans
1645 2408 1844 2478 quippe
1872 2409 2107 2481 patriar-

539 2501 643 2558 cha
706 2503 1123 2558 conventionem
1159 2500 1508 2570 inperatoris
1561 2518 1682 2557 cum
1729 2503 1894 2567 cralc,
1948 2503 2129 2573 cujus-

541 2598 835 2652 occasloue
891 2592 1062 2650 multa
1119 2593 1511 2665 pretiosissima
1569 2609 1789 2649 munera
1826 2595 2000 2651 eidem
2055 2605 2109 2652 et

533 2690 653 2761 ejus”
675 2689 966 2745 comitibus
991 2688 1275 2759 magniﬁce
1300 2686 1368 2742 ah
1387 2689 1630 2757 Augusto
1642 2688 1837 2742 donata
1861 2690 2107 2758 superius

540 2795 728 2842 noster
758 2783 1100 2849 memoravit,
1132 2781 1291 2838 facile
1315 2784 1508 2852 potuit,
1538 2782 1602 2837 ad
1637 2782 1916 2852 querelam
1947 2798 2108 2839 avare

536 2886 821 2934 auctorum
863 2875 1233 2946 vectigalium,
1269 2875 1564 2946 adjungere
1594 2877 1960 2932 cohaerentem
2017 2893 2106 2932 re-

533 2970 953 3040 prehensionem
1020 2969 1274 3025 exhausti
1337 2967 1644 3024 ambitiosis
1700 2968 2106 3040 profusionihtts

535 3064 738 3119 aerarii.

609 3157 1024 3228 Σφάκελοαι).
1084 3155 1207 3212 245.
1247 3153 1398 3222 Quod
1451 3155 1538 3209 hic
1593 3163 1779 3211 noster
1832 3153 2104 3223 σφάκελος

535 3251 756 3316 scribit,
786 3251 1001 3305 videtur
1032 3249 1172 3305 idem
1198 3263 1318 3303 esse
1344 3248 1487 3342 quod
1533 3247 1641 3305 vol.
1677 3249 1720 3314 l,
1747 3264 1810 3342 p.
1839 3249 1967 3342 ali,
2003 3267 2106 3318 φα-
2129 3285 2171 3342 c

537 3343 732 3398 κέλλου
794 3340 1057 3397 vocabulo
1114 3340 1390 3402 indicavit,
1453 3337 1656 3395 fascem
1712 3337 1962 3394 videlicet
2009 3347 2104 3394 aut

537 3435 857 3492 fasciculum
911 3435 1024 3490 sive
1073 3433 1352 3489 fascellum
1403 3434 1712 3488 chartarum
1769 3433 2103 3504 signiﬁcans.

534 3527 903 3585 Laudavimus
965 3527 1017 3582 in
1053 3527 1220 3598 priori
1279 3524 1556 3582 Glossario
1587 3523 1880 3597 Synesium
1913 3528 2103 3581 eadem

535 3622 763 3679 notione
807 3619 1075 3691 φάκελλον
1119 3629 1493 3690 usurpantem.
1531 3620 1767 3690 Reperio
1803 3619 1946 3690 apud
1984 3621 2107 3676 Dio-

538 3714 750 3786 nysium
782 3704 1302 3786 Halicarnasseum,
1356 3709 1392 3764 Ι.
1431 3726 1525 3775 vit,
1583 3711 1919 3781 σφακέλλους
1970 3730 2107 3783 φρυ-

536 3807 724 3877 τάνων
760 3820 858 3875 pro
892 3802 1162 3874 fasciculis
1218 3801 1564 3872 virgultorum
1597 3803 1852 3872 positum.
1889 3800 2102 3876 Pachy-

537 3913 718 3954 meres
764 3897 852 3954 hic
902 3906 1095 3951 neutro
1152 3909 1351 3963 genere
1400 3902 1457 3948 et
1526 3908 1650 3948 cum
1709 3893 1929 3953 unicolt
1961 3896 2126 3950 idem‘

535 3992 859 4048 vocabulum
895 3990 1012 4061 pari
1042 3987 1346 4059 signiﬁcatu
1381 3985 1614 4042 exhibet.

609 4086 774 4159 720
797 4081 1150 4154 Σφενδόναι,
1193 4096 1246 4148 p.
1274 4079 1364 4134 66.
1395 4077 1661 4134 Videntur
1691 4079 1780 4134 hic
1813 4079 1921 4134 dici
1946 4095 2105 4146 σφεν-

536 4180 686 4234 δόναι
722 4176 931 4232 luciuize
957 4176 1252 4243 pendentes
1287 4188 1318 4226 e
1353 4169 1634 4242 pontiﬁcio
1661 4172 1844 4239 galero
1890 4172 2100 4228 lunicu~

541 4276 608 4331 lis
645 4272 841 4330 sericis
880 4271 930 4324 in
979 4267 1160 4323 fundae
1200 4267 1416 4320 modum
1466 4265 1739 4336 perplexis
1779 4267 1917 4322 inter
1959 4280 2099 4332 sese,

541 4381 692 4423 more
721 4365 883 4420 etiam
919 4363 1080 4417 hodie
1112 4359 1320 4415 Latinis
1353 4359 1574 4412 usitato.

609 4459 892 4528 Σφραγίς,
933 4471 986 4524 p.
1026 4453 1110 4508 Η.
1143 4451 1250 4522 Ego
1288 4453 1375 4506 hic
1403 4452 1672 4521 σφραγῖδα
1700 4451 2103 4506 benedictionem

537 4554 698 4609 verti.
732 4551 970 4605 Intellexi
1005 4548 1149 4601 enim
1192 4547 1402 4615 signum
1451 4547 1628 4599 crucis
1681 4561 1844 4599 utanu
1878 4561 2106 4614 expres-

2205 2039 2472 2106 expressi,
2519 2036 2812 2105 contigisse
2851 2048 2978 2090 tunc
3007 2037 3260 2089 nimirum
3297 2033 3495 2103 aliquid
3526 2047 3635 2101 quo
3685 2047 3778 2084 sa-

2206 2143 2300 2184 cra
2343 2129 2583 2201 symbols
2631 2129 2931 2184 consecrati
2970 2140 3022 2181 et
3067 2127 3244 2202 verbis
3286 2114 3776 2179 sacramentalibua

2209 2224 2402 2279 mutati
2437 2222 2490 2277 in
2522 2222 2740 2278 Christi»
2781 2234 2980 2291 corpus
3011 2222 3166 2290 panis
3221 2219 3325 2274 alia
3357 2220 3520 2273 etiam
3553 2217 3778 2272 n0tione

2207 2329 2368 2386 quam
2405 2311 2493 2370 illa
2533 2315 2587 2370 in
2621 2311 2869 2371 ecclesiis
2897 2316 3094 2370 usitata
3133 2326 3276 2369 recte
3310 2313 3491 2367 vocari
3514 2310 3590 2366 τὰ
3629 2329 3780 2364 τετε-

2206 2407 2442 2480 λεσμένα
2467 2408 2760 2478 potuerint,
2795 2415 2990 2480 nempe
3022 2408 3164 2477 quod
3199 2406 3349 2466 ﬁnita
3370 2418 3425 2461 et
3449 2404 3782 2460 alterations

2207 2501 2566 2569 accidentium
2614 2516 2681 2555 ex
2727 2499 2906 2571 specie
2938 2501 2992 2556 in
3021 2515 3213 2555 novam
3247 2497 3476 2554 formam
3517 2509 3775 2566 corrupta

2207 2590 2427 2647 fuerint.
2485 2592 2558 2645 Τὸ
2592 2592 2766 2646 τελεῖν
2804 2592 3051 2647 videlicet
3103 2607 3208 2646 non
3238 2591 3411 2646 solum
3459 2606 3524 2644 ex
3563 2605 3659 2644 usu
3688 2604 3782 2642 so-

2209 2699 2300 2740 nat
2328 2703 2592 2757 peragere,
2623 2686 2889 2758 perﬁcere,
2911 2686 3234 2756 sacriﬁcare,
3270 2685 3364 2741 sed
3391 2684 3555 2739 etiam
3579 2700 3642 2739 ex
3665 2685 3782 2738 ori-

2208 2780 2331 2848 gine
2364 2779 2538 2845 finire,
2569 2794 2890 2834 consumere.
2941 2778 3094 2835 Unde
3147 2779 3420 2847 passivum
3462 2779 3532 2832 τὰ
3562 2777 3779 2832 τετελε-

2208 2875 2403 2945 σμένα,
2438 2890 2558 2945 qua:
2587 2875 2733 2929 velut
2763 2875 2980 2943 propria
3028 2873 3204 2944 appell
3224 2873 3315 2927 itio
3366 2873 3654 2943 speciebus
3679 2887 3779 2928 en-

2204 2969 2510 3024 cbaristicis
2565 2983 2595 3024 e
2645 2966 2915 3024 sacriﬁcio
2968 2967 3201 3026 servatis
3263 2983 3412 3022 more
3458 2968 3775 3022 Graecorum

2206 3061 2570 3123 tribuebatur,
2635 3060 2742 3127 alio
2771 3075 2937 3116 sensu
2989 3068 3102 3114 tum
3145 3060 3437 3115 convenire
3471 3061 3552 3114 sic
3593 3069 3780 3127 putre-

2207 3152 2368 3207 factis
2407 3152 2538 3208 etin
2578 3152 2873 3218 informem
2899 3157 3136 3221 speciem
3189 3152 3590 3222 transﬁguratis
3622 3168 3774 3221 sym-

2207 3245 2344 3302 bolis
2377 3245 2580 3300 Cbristi
2613 3246 2859 3316 corporis
2897 3247 3092 3314 potuit,
3124 3255 3390 3315 quatenus
3418 3244 3674 3321 nimirum
3707 3260 3775 3298 ex

2208 3339 2410 3406 nativa,
2444 3347 2502 3394 ut
2559 3340 2692 3406 dixi,
2713 3338 3106 3411 signiﬁcatione
3140 3337 3339 3393 radicis
3371 3338 3516 3392 unde
3545 3339 3776 3392 verbum

2205 3432 2348 3488 istud
2365 3431 2654 3501 germinat,
2679 3447 2837 3489 sonat
2865 3442 3123 3505 praeterea
3147 3441 3476 3503 consumpta,
3501 3441 3777 3500 corrupta,

2205 3539 2268 3579 ex
2305 3525 2469 3592 priori
2513 3524 2684 3580 desita
2728 3524 2838 3594 jam
2869 3524 3044 3580 forma
3091 3526 3145 3580 in
3177 3539 3371 3580 novam
3401 3526 3559 3579 aliam
3594 3527 3778 3579 demu-

2207 3627 2338 3674 tata.
2400 3616 2524 3672 Haec
2567 3629 2841 3688 utcunque
2895 3617 3004 3673 dici
3063 3617 3432 3674 verisimiliter
3471 3629 3772 3689 poterant:

2205 3726 2336 3784 puto
2362 3724 2542 3770 tamen
2573 3714 2717 3769 aliud
2749 3713 3164 3785 Pachymerem,
3189 3713 3313 3767 dum
3339 3713 3452 3766 bmc
3485 3712 3772 3777 scriberet,

2207 3818 2503 3876 spectasse.
2541 3805 2636 3862 Sui
2694 3806 2946 3862 videlicet
2977 3804 3231 3878 Hesyt-hii
3281 3821 3508 3872 memor,
3542 3805 3686 3876 quod
3717 3807 3770 3860 in

2205 3915 2272 3956 eo
2303 3900 2524 3970 legisset
2567 3899 2952 3969 τετελεσμένον
2997 3898 3060 3953 τὸ
3088 3894 3206 3953 οἷον
3260 3900 3491 3970 πρᾶγμα
3515 3899 3779 3967 τελεσθῆ-

2205 4011 2314 4056 ναι,
2347 3994 2514 4065 ἦγουν
2548 3992 2926 4064 πληρωθῆναι,
2958 3992 2991 4064 ἢ
3021 3993 3115 4046 καὶ
3168 3993 3565 4064 μεμιασμένον,
3586 4008 3773 4047 varam

2209 4089 2318 4144 illic
2348 4087 2640 4143 indicatam
2699 4089 2994 4153 notionem,
3032 4102 3139 4158 qua
3177 4087 3343 4158 *721
3388 4087 3775 4158 τετελεσμένον

2209 4183 2606 4254 μεμιασμένον,
2632 4181 2893 4252 pollutum
2925 4190 2978 4236 et
3014 4183 3441 4237 contaminatum
3466 4191 3646 4246 sonat,
3682 4183 3774 4237 hic

2205 4277 2374 4330 voluit
2405 4276 2629 4330 innuere
2663 4277 2898 4344 lgnotam
2933 4290 3036 4329 non
3071 4290 3191 4330 esse
3222 4275 3346 4331 sibi.

2281 4368 2443 4438 Τέρα,
2478 4387 2528 4440 p.
2563 4368 2686 4425 594.
2721 4369 2946 4424 Ponitur
2991 4371 3078 4424 hic
3110 4369 3312 4426 Griecis
3341 4369 3532 4426 litteris
3572 4384 3772 4426 nomen

2206 4462 2457 4519 Latinum
2513 4473 2674 4525 terra,
2727 4463 2820 4516 sed
2886 4478 3008 4518 cum
3063 4464 3221 4519 unico
3256 4464 3580 4535 pscriptum
3614 4464 3771 4535 τέρα.

2213 4557 2430 4610 Videtur
2471 4565 2647 4609 autem
2685 4557 2826 4611 banc
2876 4571 3063 4610 vocem
3113 4557 3398 4612 retinuisse
3451 4556 3770 4623 historicus,

539 4663 662 4702 sum
705 4662 734 4699 ιι
767 4642 1074 4715 patriarcha
1107 4637 1339 4708 losepbo
1371 4652 1533 4706 super
1567 4637 1730 4691 istum
1778 4638 1841 4692 de
1877 4653 1983 4707 quo
2017 4640 2101 4693 hic
2135 4653 2180 4712 ι)
2207 4652 2344 4720 quod
2378 4649 2606 4718 vulgaris
2631 4660 2775 4704 esset
2796 4647 3050 4719 loquendi
3078 4649 3247 4705 forma
3275 4647 3380 4706 illis
3412 4650 3766 4720 temporibus.

540 4739 739 4810 agitur,
762 4734 1081 4804 Georgium,
1109 4746 1213 4785 uua
1245 4729 1594 4801 pronuntiata
1632 4739 1777 4784 certa
1812 4729 2098 4785 verborum

541 4830 795 4896 l'ormula,
825 4843 930 4898 qua
967 4828 1014 4882 is
1051 4826 1256 4880 electus
1289 4825 1354 4878 ad
1383 4821 1622 4878 ofﬁcium
1655 4823 1812 4893 primi
1853 4823 2105 4877 ecclesia-

539 4927 641 4982 stis
673 4921 930 4978 Palatina:
955 4919 1239 4974 cont-iouis
1270 4917 1399 4985 (hoc
1429 4917 1573 4971 enim
1606 4927 1762 4972 sonat
1791 4933 2105 4987 πρωτοαπο·

541 5017 848 5086 στολάριυς)
887 5017 986 5068 rite
1025 5013 1086 5065 ad
1123 5011 1451 5078 fungendutn
1495 5008 1546 5064 id
1577 5010 1944 5065 ministerium
1973 5011 2103 5064 mis-

544 5127 640 5167 sus
680 5109 886 5162 fuisset.
935 5107 1072 5172 Quit
1115 5121 1244 5159 vero
1296 5104 1454 5158 talem
1504 5103 1938 5158 benedictionem
1989 5103 2104 5170 epi-

541 5203 690 5273 scopi
720 5215 821 5254 uou
861 5198 1177 5266 impendunt
1215 5195 1316 5250 nisi
1367 5195 1471 5249 sibi
1505 5195 1767 5262 proba-tis,
1791 5206 1843 5248 et
1872 5195 1937 5249 de
1968 5209 2103 5264 quo-

548 5313 666 5351 rum
701 5303 848 5349 recta
893 5292 1017 5357 ﬁde,
1044 5288 1331 5346 sulﬁcienti
1373 5288 1700 5349 eruditione.
1725 5287 1905 5357 probis
1937 5290 2102 5342 mori-

543 5394 645 5444 lius
679 5388 812 5443 certi
876 5384 1078 5446 forent,
1129 5384 1256 5440 hinc
1308 5384 1526 5440 rebatur
1565 5381 1910 5437 Andronicus
1963 5383 2106 5437 hunc

541 5481 830 5552 Georgium
887 5490 1097 5548 gratum
1157 5486 1212 5533 et
1271 5475 1756 5531 commendabilem
1810 5477 1984 5531 visum
2039 5477 2103 5532 iri

540 5573 768 5645 Josepbi
822 5572 1096 5637 sectariis,
1125 5586 1284 5641 quem
1337 5571 1530 5640 utique
1561 5567 1852 5638 Iosephus,
1904 5570 2002 5637 ipsi
2040 5571 2104 5625 ad

541 5666 858 5721 concionem
895 5666 1108 5720 dicturo
1144 5668 1278 5717 bene
1300 5663 1832 5732 precando,bonum,
1868 5663 2103 5729 dtlt'lltm,

538 5760 900 5813 orthodoxuut
940 5759 1292 5811 declarasset.
1333 5742 1432 5810 llic
1461 5758 1637 5811 obiter
1661 5757 2106 5826 praemuniendus

541 5851 712 5906 lector
745 5862 845 5913 est,
887 5866 950 5904 nc
1011 5850 1314 5919 decipiatur
1370 5850 1551 5916 legens
1614 5851 1753 5918 apud
1815 5848 2103 5906 Meursiutn

544 5943 880 5997 Nomionem
943 5941 1007 5996 ad
1060 5939 1486 6012 patriarchatum
1552 5942 1821 6010 σφραγῖδα
1881 5940 2101 5997 dictum.

2207 4742 2375 4810 utqui
2408 4742 2678 4812 principes
2712 4742 2990 4810 regionum
3028 4742 3092 4796 ab
3133 4742 3252 4796 aliis
3277 4758 3648 4814 possessarum
3687 4745 3773 4816 jus

2203 4832 2306 4888 sibi
2335 4834 2666 4889 vindicantes
2700 4833 2925 4890 titulum
2958 4843 3252 4899 sumerent,
3303 4837 3368 4890 ad
3404 4835 3764 4893 diﬂ'ereutiam

2206 4927 2589 4994 possidentium
2647 4929 2759 4982 sine
2796 4937 2956 4994 terra,
2986 4931 3154 5000 χωρὶς
3181 4930 3344 5001 clpa;
3393 4929 3479 5003 ἦτ’
3513 4927 3611 4985 οὖν
3645 4933 3768 5004 τῆς,

2209 5019 2341 5071 tales
2375 5018 2772 5085 appellarentur
2803 5035 2818 5074 :
2854 5029 2978 5089 puta
3016 5035 3110 5075 rex
3141 5017 3635 5094 Hierosolymorum
3681 5035 3770 5082 aut

2209 5112 2500 5181 imperator
2526 5110 3100 5180 ConstantinOpoleos,
3131 5113 3309 5183 qualis
3355 5114 3445 5171 hic
3471 5117 3771 5172 declaratus

2208 5219 2236 5255 a
2270 5217 2402 5271 papa
2434 5205 2575 5272 regis
2601 5203 2768 5258 Siculi
2803 5202 2972 5258 frater
2999 5204 3216 5274 dicitur,
3243 5204 3366 5278 jure
3391 5209 3641 5264 videlicet
3675 5211 3771 5264 do-

2209 5290 2300 5345 t'ali
2333 5307 2362 5344 θ
2391 5292 2496 5346 lilia
2529 5293 2798 5358 Baldu'mi,
2826 5294 2919 5363 qui
2950 5294 3080 5349 olim
3109 5296 3468 5366 imperaverat
3502 5297 3769 5356 Constan-

2210 5385 2448 5454 tinttpoli,
2477 5386 2527 5439 in
2552 5401 2803 5456 sponsam
2824 5388 2899 5443 illi
2920 5389 3108 5461 juncta
3130 5399 3326 5457 tracto,
3357 5394 3453 5448 sed
3477 5395 3590 5448 sine
3611 5407 3769 5456 terra.

2208 5477 2310 5534 hoc
2342 5489 2423 5533 est
2451 5481 2582 5534 citra
2613 5482 3005 5550 possessionem
3033 5483 3153 5553 ejus
3188 5483 3429 5553 imperii,
3464 5486 3531 5538 ab
3559 5488 3765 5539 Andro-

2211 5573 2334 5627 nico
2371 5575 2616 5629 videlicet
2643 5574 2868 5629 detenti.

2287 5663 2732 5733 Ὶζὶιγκιιάτορες,
2785 5681 2836 5735 p.
2872 5666 2997 5721 4η.
3039 5667 3234 5722 Fuisse
3267 5683 3360 5738 per
3392 5669 3504 5724 ba-c
3535 5678 3771 5739 tempora

2213 5758 2350 5825 apud
2405 5755 2622 5811 Griecos
2677 5757 3003 5828 liyzantiuos
3039 5761 3088 5814 in
3150 5777 3246 5814 usu
3304 5761 3570 5830 frequenti
3617 5777 3771 5815 arens

2210 5853 2468 5920 quosdam
2513 5851 2799 5919 peculiaris
2849 5851 3033 5905 formae
3063 5870 3089 5906 a
3125 5852 3329 5908 Latinis
3361 5863 3624 5924 acceptae,
3655 5869 3770 5921 qua

2209 5942 2460 6013 τζαγγρὰ
2495 5941 2576 5996 vel
2612 5944 2916 6013 τζαγγρςιὶος
2958 5948 3239 6013 vocabunt,
3279 5945 3633 6015 intelligimus
3656 5958 3769 6000 cum
