4058 6298
106 451 213 516 781

1485 450 1530 509 ι]
1547 439 1832 510 LossAn‘
1844 459 1859 509 ι
1876 455 1920 512 υ
1937 453 2009 511 ιι.

3258 443 3364 516 782

100 582 170 616 εις
207 564 330 618 aliis
357 563 489 621 locis
514 566 835 634 scriptorum
864 564 977 634 ejus
1006 568 1128 631 aevi,
1157 575 1266 622 tum
1302 581 1365 622 ex
1409 569 1510 621 boc
1537 565 1681 629 Can-
1717 569 1759 624 Α
1860 564 2203 633 Φάμουσος,
2236 579 2287 634 p.
2335 562 2462 621 215.
2495 565 2703 621 Dudum
2755 565 2937 622 notavi
2986 565 3054 620 ad
3083 565 3173 623 illa
3202 567 3364 623 verba

103 658 360 713 tacuseni
391 658 428 713 ι.
456 674 494 724 ι,
529 675 580 715 c.
605 659 695 725 56,
724 675 780 732 p.
809 661 908 717 l08
937 661 1024 716 ed.
1054 661 1188 732 Reg.
1225 677 1239 716 :
1274 660 1395 715 τῶν
1424 662 1488 715 ἐκ
1517 660 1688 728 τόξων

98 752 422 806 Λατινικῶν
475 752 786 824 λεγομένων
850 754 1143 827 τζαγγρῶν
1207 755 1478 826 ἀφιέντων
1533 753 1685 826 βέλη.

100 841 434 910 Hnjusnu-di
486 845 723 900 arcubus
771 847 862 917 qui
919 856 1226 911 uterentur,
1275 847 1688 918 τζαγκράτορες

101 936 452 1007 Pacltymere
501 947 723 994 auctore
771 940 1124 1004 vocabantur,
1177 943 1370 1008 Opinor
1429 941 1537 1000 atri.
1593 941 1688 994 τοῦ

103 1029 339 1095 κρατεῖν
379 1015 444 1079 ea
483 1029 756 1099 τζαγγρά,
789 1047 820 1084 a
857 1047 1014 1085 ntanu
1046 1032 1280 1087 tenendis
1316 1035 1549 1104 tzangris
1584 1033 1688 1088 La-

100 1120 236 1175 tina
260 1113 447 1189 fo'rmu
469 1121 716 1178 arcubus.
750 1122 840 1178 Sic
867 1123 1030 1179 etiam
1065 1124 1166 1180 hoc
1201 1128 1531 1184 vocabulum
1569 1140 1692 1184 ant-

102 1226 172 1265 ea
235 1213 536 1280 scripserat
565 1211 782 1268 Nicetes
810 1214 860 1268 in
898 1214 1140 1270 tlanuele
1163 1214 1442 1272 Ceurneno
1466 1217 1502 1271 Ι.
1531 1234 1567 1272 ιι
1607 1219 1692 1273 bis

103 1305 295 1360 verbis
322 1321 351 1359 a
378 1305 618 1361 Meursio
649 1306 837 1364 relatis
868 1325 882 1364 :
915 1309 1261 1380 Φραξάμενοι
1297 1327 1377 1378 τε,
1425 1311 1501 1375 ὡς
1523 1308 1688 1382 ιῖχον,

101 1402 181 1451 τὰ
208 1400 364 1470 sein
414 1400 660 1466 τοξῦταις
691 1403 786 1456 καὶ
820 1386 1250 1474 τζιιγγράτορσι.
1283 1403 1500 1462 Nicetes
1549 1407 1690 1462 idem

105 1496 164 1548 in
197 1495 416 1557 Alexio,
452 1495 487 1548 l.
520 1511 601 1562 tu,
643 1497 838 1551 milites
886 1496 1128 1567 ejusdem
1163 1500 1378 1570 generis
1421 1498 1694 1572 τζαγγρο-

103 1585 339 1660 τοξότας
397 1597 575 1643 vorat.
634 1588 863 1644 Eosdem
928 1607 1094 1661 porro
1127 1592 1406 1663 proprium
1435 1595 1693 1650 habuisse

106 1679 628 1750 στρατοπεδάρχην,
662 1684 797 1735 sicut
834 1681 923 1738 hic
959 1685 1116 1739 docet
1143 1684 1522 1758 Pacitymeres.
1557 1703 1691 1743 con-

107 1773 321 1839 ﬁrmat,
384 1774 466 1829 bis
525 1773 642 1844 ejus
706 1777 1182 1850 στρατοπεδάρχου
1242 1779 1572 1835 mentionem
1607 1779 1692 1836 fa-

103 1874 288 1936 ciens,
325 1869 582 1926 Codinus.
621 1870 724 1926 Sed
778 1873 1063 1945 utrobique
1093 1874 1344 1930 mendum
1376 1887 1460 1932 est
1485 1877 1690 1933 librarii

100 1964 513 2036 τζαγγατὸρων
540 1981 637 2036 pro
663 1967 1113 2039 τζαγγρατόρων,
1145 1971 1222 2024 ait
1255 1968 1549 2038 Mersius,
1582 1971 1691 2029 imo

102 2075 210 2132 pro
257 2060 710 2131 τζαγκρατόρων,
761 2063 1076 2134 scribentis,
1131 2062 1190 2120 in
1227 2081 1359 2122 voce
1388 2066 1495 2123 hac
1525 2068 1690 2123 inter-

103 2154 377 2221 pretanda
412 2170 516 2209 non
545 2154 702 2209 debui
736 2155 994 2214 adbibere
1024 2160 1252 2231 arquitze
1290 2170 1380 2217 aut
1424 2161 1690 2231 sagittarii

103 2247 409 2308 vocabida.
445 2246 530 2321 [P.
565 2248 694 2322 512]
725 2267 846 2322 qua:
873 2252 1202 2323 peculiarem
1246 2252 1477 2309 formam
1514 2270 1696 2311 armo-

107 2355 235 2394 rum
289 2339 454 2411 hujus
484 2342 690 2398 ordinis
721 2357 824 2398 non
875 2346 1266 2416 exprimerent.
1317 2345 1532 2402 Retinui
1564 2361 1693 2419 ergo

103 2439 381 2500 tanquam
422 2434 701 2504 proprium
737 2435 892 2504 vulgo
917 2445 1046 2492 tunc
1078 2437 1330 2494 usitatum
1367 2454 1584 2498 nomen.

186 2527 417 2595 Τριεαί,
451 2526 658 2596 p.615.
705 2527 841 2583 Nota
869 2540 952 2586 est
991 2532 1227 2603 vulgaris
1271 2542 1508 2603 potestas
1545 2536 1694 2593 vocis

102 2620 277 2691 τριϐὴ
316 2620 545 2690 duplex;
587 2638 708 2676 nam
745 2633 800 2678 et
844 2640 999 2680 usum
1054 2627 1448 2684 exercitatione
1480 2642 1693 2700 partum

102 2724 160 2768 et
223 2729 438 2769 moram
471 2724 563 2770 aut
598 2719 1000 2774 cunctationem
1035 2719 1179 2791 apud
1230 2732 1476 2780 auctores
1501 2725 1696 2781 classi-

109 2824 212 2866 cos
267 2818 461 2875 sonat;
513 2810 653 2879 quod
682 2820 970 2881 utrumque
995 2814 1234 2869 breviter
1271 2815 1573 2890 liesycbins
1601 2835 1697 2876 ex-

108 2904 350 2975 pressit,
406 2904 532 2959 dum
587 2905 748 2978 τριὸὴ
803 2908 1040 2978 explicat
1098 2908 1348 2985 διατριϐὴ
1411 2913 1442 2984 ἠ
1500 2914 1701 2986 βραδῦ-

104 3016 240 3068 της.
275 2998 385 3054 Sed
423 2999 512 3054 hic
565 3013 752 3057 noster
794 3001 1002 3071 plurali
1069 3021 1292 3061 numero
1323 3022 1510 3063 vocem
1562 3010 1700 3066 hanc

109 3103 353 3162 usurpat
399 3093 685 3162 peculiari,
722 3098 775 3151 ni
811 3093 984 3160 fallor,
1017 3095 1260 3162 notione,
1295 3112 1393 3168 pro
1439 3097 1694 3158 induciis.

109 3186 409 3243 Sententia
437 3187 637 3259 quippe
669 3189 770 3244 loci
815 3189 930 3246 inec
961 3183 1173 3246 videtur
1207 3205 1349 3256 esse,
1403 3191 1700 3264 imperato-

109 3297 238 3336 rem
268 3290 437 3336 totum
466 3283 729 3338 intentum
760 3284 1031 3352 hostibus,
1061 3300 1089 3338 a
1117 3285 1310 3356 quibus
1338 3301 1367 3340 e
1394 3288 1699 3358 propinquo
1727 3302 1770 3361 ο

110 3376 416 3432 molestius
447 3375 754 3445 urgebatur,
791 3379 1170 3448 reprimendis.
1209 3380 1453 3435 inducias
1486 3381 1698 3436 interim

106 3473 270 3528 velut
305 3473 564 3542 quasdam
596 3474 933 3530 concessisse
965 3471 1149 3531 Persis
1201 3492 1297 3546 per
1342 3484 1550 3530 tractus
1595 3476 1698 3531 im-

109 3565 262 3637 perii
309 3565 615 3622 Orientales
643 3566 1040 3637 grassantibus,
1080 3567 1214 3624 nihil
1241 3579 1429 3626 contra
1465 3587 1556 3625 eos
1589 3585 1701 3624 lllO-

105 3659 331 3724 liendo,
362 3660 542 3730 quoad
579 3659 719 3714 maio
754 3659 1004 3714 viciniori
1036 3669 1091 3714 et
1122 3661 1176 3717 in
1210 3662 1330 3717 sinu
1389 3664 1584 3731 posito,
1611 3667 1700 3733 ὲγ-

107 3754 366 3823 κολπῑῳ,
407 3754 736 3807 mederetur.
793 3753 1054 3820 Suspicor
1085 3767 1214 3824 ergo
1239 3754 1295 3810 in
1327 3769 1424 3810 usu
1457 3757 1699 3826 populari

108 3847 443 3904 Grecorum
497 3844 919 3918 Byzantinorum
981 3846 1147 3901 fuisse
1201 3847 1526 3903 vocabulum
1584 3867 1702 3924 τρι-

113 3941 210 3994 σαι
241 3941 313 3995 ad
343 3938 760 4009 signitiCandnm
789 3937 929 4010 quod
953 3936 1128 3994 Latini
1157 3939 1398 3995 inducias
1425 3941 1700 4000 dixerunt.

114 4035 641 4105 Argumentumque
704 4031 821 4102 ejus
877 4046 1031 4086 sumo
1061 4046 1126 4087 ex
1184 4033 1344 4103 722
1378 4048 1508 4088 voce
1542 4031 1701 4090 hodie

115 4127 338 4185 Gallica
377 4113 561 4181 Mess
591 4126 732 4180 idem
767 4123 1002 4192 valente,
1049 4141 1210 4196 quam
1241 4135 1368 4197 puto
1398 4141 1426 4179 ιι
1475 4125 1702 4182 Francis

111 4221 421 4278 occasione
454 4235 737 4277 sacrarum
764 4218 1168 4290 expeditionum
1193 4220 1286 4276 diu
1321 4219 1430 4276 illic
1469 4222 1701 4276 versatis

117 4315 251 4369 inde
280 4309 600 4368 relatamin
635 4311 886 4380 patriam.

198 4406 603 4476 Ὑπέρπυρον,
635 4421 688 4475 p.
731 4403 855 4462 616.
906 4404 1097 4462 Merito
1151 4404 1324 4461 elevat
1358 4406 1700 4477 largitionem

113 4498 214 4559 sex
246 4503 704 4574 byperpyrorum,
741 4498 811 4564 si.
854 4498 996 4571 quod
1023 4514 1088 4555 ex
1116 4497 1304 4556 Graeco
1353 4501 1567 4557 bontine
1599 4499 1701 4556 fide

115 4595 456 4668 dignissimo
482 4593 687 4658 audivi,
716 4593 1035 4666 ὑπέρπυρον
1067 4593 1377 4649 nummulus
1401 4605 1482 4650 est
1504 4610 1696 4666 argen-

115 4701 242 4748 teus
277 4697 520 4758 quatuor
577 4686 759 4756 aspris
805 4684 1156 4754 atquivalens.
1210 4684 1342 4740 Cum
1398 4697 1601 4754 autem,
1648 4699 1703 4743 ut

119 4786 270 4840 idem
314 4780 586 4841 tradebat.
619 4795 779 4848 aspra
811 4793 915 4833 non
951 4779 1073 4847 plus
1105 4778 1316 4848 singula
1354 4778 1568 4834 valeant
1613 4797 1709 4836 sex

118 4875 353 4935 minutis
388 4855 560 4929 :eneis
583 4872 696 4928 sive
747 4870 1036 4941 quatrinis,
1096 4881 1151 4926 ut
1187 4872 1349 4940 vulgo
1404 4871 1490 4925 hic
1523 4871 1707 4928 [inmte

115 4978 446 5043 loquuntur,
511 4981 738 5037 quorum
791 4963 1183 5035 quinquaginta
1212 4962 1410 5018 Iulium
1449 4964 1561 5018 sive
1605 4965 1702 5017 tle—

114 5050 341 5127 narium
367 5064 672 5120 Romanum
700 5060 873 5131 pretio
905 5059 1207 5128 adaequant,
1248 5057 1568 5126 intelligitur
1600 5059 1703 5126 by-

115 5177 403 5240 perpyron
461 5162 741 5229 quatrinos
793 5154 983 5225 viginti
1039 5163 1269 5224 quatuor
1302 5153 1556 5223 pendere,
1601 5153 1705 5207 hoc

116 5275 228 5327 est,
268 5273 340 5313 ne
374 5254 704 5324 semijulium
738 5249 956 5320 quidem
1001 5247 1328 5314 Romanum,
1364 5263 1521 5318 quem
1557 5262 1706 5318 grus-

112 5373 236 5411 sum
273 5358 495 5413 vocant,
527 5346 889 5402 insinuatione
941 5341 1190 5409 assequi;
1229 5355 1353 5394 nam
1418 5339 1462 5393 is
1513 5339 1700 5407 viginti

116 5450 376 5522 quinque
413 5439 698 5512 quatrinos
722 5438 985 5492 continet.
1019 5434 1288 5492 Usitatum
1322 5442 1378 5488 et
1411 5433 1532 5488 aliis
1563 5433 1701 5488 scri~

112 5542 378 5614 ptoribus
432 5537 535 5593 hoc
589 5533 790 5589 Graeca:
834 5525 1072 5609 monete
1131 5544 1330 5584 nomen
1399 5527 1599 5582 dudum
1649 5534 1704 5580 te

115 5637 405 5699 Meursius
438 5629 686 5688 docuerlt
709 5642 726 5684 :
753 5629 850 5683 sed
877 5637 1139 5698 quantum
1164 5637 1228 5678 ea
1266 5623 1461 5686 valeat,
1494 5621 1538 5675 si
1579 5634 1706 5676 cre-

115 5735 365 5795 dendum
419 5725 642 5782 duxeris
695 5722 750 5778 in
805 5736 862 5776 re
905 5717 1217 5775 Grtecorum
1253 5715 1526 5785 popularis
1574 5726 1705 5769 usus

116 5826 337 5889 homini
381 5831 506 5878 nato
535 5822 874 5886 edura'oque
907 5815 960 5869 in
1012 5810 1221 5867 Graecia
1271 5809 1416 5864 unde
1443 5823 1541 5864 nos
1573 5806 1706 5862 itau-

115 5928 326 5986 simns.
375 5930 440 5973 ex
489 5916 589 5971 bac
626 5918 830 5968 nostra
866 5905 1158 5965 testimonii
1199 5901 1316 5975 ejus
1360 5902 1700 5968 recitatione,

116 6005 323 6081 lector,
357 6011 551 6067 disces.

1789 655 1962 711 Anna:
1986 655 2322 723 Contmcnar,
2357 658 2395 719 l.
2426 673 2519 714 ιιιιι
2556 658 2848 725 Αιρπίαᾱὶι,
2879 675 2930 733 p.
2963 660 3066 716 377
3105 679 3119 715 :
3151 661 3367 734 Φᾶμου-

1796 751 1866 805 σὰ
1896 769 2017 806 τινα
2054 752 2358 824 γράφοντες
2385 755 2529 810 κατὰ
2559 755 2659 828 τὴν
2691 755 2785 811 τοῦ
2819 757 3084 828 βασιλέως
3107 758 3365 834 ἔρριπτον

1794 844 2023 918 σκηνήν,
2042 858 2094 901 et
2125 846 2228 902 hoc
2254 845 2458 904 Latina:
2486 849 2672 921 stirpis
2705 850 3026 908 vocabulum
3053 850 3370 924 Byzantina

1793 937 2015 994 Graeciae
2057 938 2225 996 fuisse
2276 942 2498 998 civitate
2533 944 2789 999 donatum
2832 943 2945 1016 jam
2975 961 3004 999 a
3036 947 3369 1016 temporibus

1791 1029 1968 1087 Alexii
1992 1032 2294 1101 Conmeni;
2328 1050 2434 1104 quo
2466 1036 2644 1090 minus
2670 1038 2868 1092 mirum
2918 1046 3072 1094 tanto
3095 1041 3367 1110 posterio-

1794 1138 1905 1178 rem
1940 1123 1992 1198 id
2021 1123 2124 1179 hoc
2155 1125 2281 1181 loco
2319 1141 2584 1196 usurpare
2610 1125 3027 1200 Pachymerem,
3063 1145 3130 1186 ex
3162 1132 3368 1201 vulgari

1793 1216 1907 1271 illic
1934 1218 2329 1274 consuetudine
2357 1220 2611 1289 loquendi
2635 1219 2834 1291 scripta
2869 1223 3128 1280 maledica
3157 1236 3374 1280 mutua-

1795 1315 1851 1364 to
1880 1309 1949 1364 ab
1971 1308 2120 1367 italis
2165 1313 2386 1366 nomine
2417 1314 2679 1384 φὰμουσα
2706 1325 2760 1370 et
2790 1315 2992 1386 τόμους
3033 1317 3147 1374 sive
3177 1317 3371 1390 λόγους

1795 1402 2112 1473 pannucea;
2137 1406 2432 1462 dicentem.

1865 1497 2057 1565 Φιάλη
2086 1499 2442 1570 ἐκκλησίας,
2475 1517 2528 1572 p.
2559 1500 2655 1559 ‘22.
2694 1501 2891 1572 Φιάλη,
2919 1512 2976 1556 ιιι
3023 1501 3373 1562 doctissimus

1795 1587 2029 1646 Jacobns
2051 1590 2197 1648 Goar
2247 1592 2311 1650 0.
2334 1592 2396 1650 P.
2419 1597 2733 1652 observavit
2760 1598 2903 1654 notis
2924 1600 2988 1655 ad
3013 1600 3258 1667 διάταξιν
3271 1603 3372 1674 τῆς

1799 1683 2214 1754 ἱεροδιακονεας.
2275 1704 2326 1756 p.
2363 1687 2433 1742 25
2487 1689 2570 1744 sui
2608 1689 2946 1760 Eucitologii,
2999 1692 3122 1748 fons
3167 1697 3371 1755 eratin

1795 1774 2044 1832 ccclesiis
2074 1775 2384 1834 Crtecorum
2421 1782 2487 1838 ἐν,
2511 1779 2649 1853 αὐλῇ
2663 1778 2758 1835 τοῦ
2785 1781 3079 1854 νάρθηκος,
3111 1784 3166 1838 in
3191 1787 3374 1841 subdi-

1797 1869 1905 1925 vati
1933 1886 2059 1925 arca
2087 1869 2372 1935 narllucis,
2405 1871 2606 1928 ultimae
2637 1874 2806 1945 partis
2834 1875 2965 1930 aedis
2990 1891 3180 1942 sacras,
3205 1893 3377 1950 aquas

1795 1962 2024 2018 fundens
2048 1965 2166 2018 usui
2190 1963 2256 2020 ad
2287 1965 2544 2020 lationem
2570 1966 2779 2035 ingredi
2802 1966 3110 2025 volentibus
3137 1971 3371 2028 futuras.

1799 2052 1886 2128 [Ρ.
1921 2054 2048 2130 515]
2073 2057 2358 2130 Colligitur
2386 2069 2568 2118 autem
2594 2076 2660 2116 ex
2688 2059 3010 2120 Balsamone
3043 2063 3112 2121 ad
3148 2081 3271 2126 can.
3306 2067 3376 2124 76

1798 2158 1967 2204 sexta:
1997 2150 2211 2222 synodi.
2244 2167 2427 2207 aream
2462 2153 2628 2209 etiam
2656 2153 2858 2226 ipsam,
2904 2157 2954 2210 iu
2987 2172 3091 2228 qua
3126 2159 3245 2218 fons
3268 2172 3376 2227 est,

1799 2244 1998 2300 usitata
2025 2245 2278 2301 videlicet
2305 2246 2645 2319 synecdoche
2673 2249 2877 2322 φιάλην
2906 2251 3130 2309 dictam.
3159 2255 3377 2310 Connu-

1802 2348 1980 2395 merat
2009 2341 2154 2395 enim
2188 2341 2389 2410 φιάλας
2436 2343 2548 2406 τοῖς
2586 2342 2796 2416 ἑτέροις
2833 2345 3029 2416 μέρεσι
3073 2347 3182 2404 τῶν
3213 2348 3374 2406 θείων

1800 2433 1968 2501 ναῶν,
2021 2433 2229 2504 phialas
2283 2435 2409 2492 aliis
2449 2438 2694 2507 partibus
2726 2453 3001 2496 sacrorum
3037 2443 3378 2514 templorum,

1802 2543 1940 2600 quas
1984 2543 2177 2585 omnes
2228 2528 2510 2601 utcunque
2570 2531 2884 2590 subdivales
2931 2537 3207 2591 communi
3244 2553 3376 2610 προσ

1802 2623 1946 2678 νάων
1969 2624 2191 2679 nomine
2221 2623 2604 2695 comprehendi
2633 2638 2696 2682 ex
2728 2626 3025 2697 probatiori
3049 2630 3231 2686 multis
3251 2647 3381 2689 sen-

1805 2717 1974 2774 tentia
2033 2717 2220 2774 tradit.
2276 2717 2376 2774 Est
2431 2717 2599 2790 igitur
2631 2719 2800 2792 tptd‘m
2832 2721 2930 2793 τῆς
2970 2722 3267 2796 ἐκκλησίας
3297 2728 3378 2780 vel

1804 2807 1928 2866 fans
1968 2819 2092 2866 ante
2123 2809 2270 2867 fores
2302 2811 2434 2867 aedis
2468 2825 2644 2868 sacra:
2681 2816 2912 2883 positus,
2969 2815 3053 2871 vel
3088 2831 3211 2874 area
3245 2834 3382 2892 quo-

1804 2921 1910 2976 que
1939 2905 2054 2976 ipsa
2086 2905 2269 2973 templi
2304 2896 2462 2962 ostiis
2487 2915 2774 2978 pratenta,
2805 2908 2857 2964 in
2892 2925 2996 2983 qua
3033 2915 3133 2968 sub
3161 2915 3286 2971 divo
3318 2917 3373 2972 in

1805 2999 2015 3054 conclia
2045 2997 2167 3054 l'ons
2199 2995 2398 3054 tubulis
2426 2999 2623 3056 ductus
2659 3016 2826 3073 aquas
2861 3004 3119 3061 salientes
3144 3008 3375 3066 eructat.

1806 3089 2052 3147 Inlitatos
2085 3099 2137 3145 et
2167 3089 2315 3147 banc
2360 3106 2563 3149 morem
2599 3091 2824 3150 Latinos
2867 3095 3209 3153 demonstrat
3236 3096 3378 3156 Pau-

1804 3182 1899 3238 lini
1953 3182 2125 3248 locus.
2184 3184 2342 3254 epist.
2373 3183 2444 3241 53
2475 3203 2490 3242 :
2528 3183 2594 3241 In
2623 3185 2897 3254 vestibulo,
2939 3187 3210 3260 inquiens,
3243 3207 3369 3246 can-

1803 3279 2015 3332 titarunt
2068 3278 2313 3332 ministra
2352 3278 2620 3342 manibus.
2653 3288 2703 3335 et
2725 3280 2904 3336 oribus
2955 3284 3146 3338 nostris
3173 3285 3376 3354 ﬂuenta

1803 3378 2100 3424 ructantcm
2155 3368 2464 3439 fustigiatus
2520 3365 2692 3424 solido
2734 3385 2838 3425 me
2891 3371 3061 3426 tholus
3127 3383 3282 3428 ornat
3327 3384 3379 3430 at

1803 3466 2092 3530 inumbrat,
2126 3481 2229 3518 non
2256 3464 2366 3519 sine
2402 3464 2624 3535 mystica
2653 3464 2818 3533 specie
2851 3475 3083 3536 quatuor
3117 3466 3377 3523 columnis

1802 3558 2051 3612 salientes
2101 3573 2265 3628 aquas
2300 3558 2556 3615 ambiens.
2590 3556 2666 3614 De
2715 3573 2865 3614 more
2901 3559 3123 3629 antiquo
3151 3560 3367 3619 lavandi

1805 3671 1999 3711 manus
2018 3665 2169 3710 extra
2204 3655 2488 3713 ecclesiam
2531 3663 2658 3710 ante
2686 3655 2988 3729 ingressum
3020 3656 3140 3712 vide
3171 3659 3378 3727 episto.

1802 3749 1908 3805 iam
1938 3747 1997 3803 Β.
2030 3746 2134 3804 Nili
2167 3748 2255 3817 Si,
2286 3749 2324 3805 l.
2352 3764 2369 3804 ι
2394 3748 2482 3804 ed.
2510 3746 2667 3808 Rom.
2697 3748 2841 3821 typis
2867 3749 3196 3820 Barberinis,
3227 3767 3284 3822 p.
3320 3754 3376 3811 9.

1874 3841 2038 3915 723
2071 3844 2552 3912 Φυλλοκριγεῖν,
2618 3857 2672 3913 p.
2733 3842 2852 3897 H5.
2927 3842 3380 3918 Ἐφνλλοκρενουν

1804 3933 2048 4006 ἀκριϐῶς
2074 3935 2172 4007 τὴν
2205 3935 2484 4007 ἐξήγησιν.
2516 3935 2591 3990 Ita
2622 3935 2926 3993 clarissime
2955 3936 3208 4009 exprimit
3235 3939 3377 3994 hunc

1805 4029 1984 4084 locum
2012 4031 2180 4085 codex
2217 4029 2456 4100 optimus
2493 4027 2848 4096 Barberinns,
2881 4046 3038 4100 quem
3067 4033 3180 4088 haec
3205 4033 3373 4090 editio

1807 4123 2074 4194 praecipue
2119 4125 2271 4193 sequi
2325 4124 2624 4194 profitetur.
2676 4125 2858 4191 Quare
2889 4125 3054 4180 aliam
3085 4126 3372 4185 lectionem

1805 4217 2059 4273 Allatiani
2116 4216 2492 4288 ιφιλοκρῖνουν
2523 4231 2620 4287 pro
2668 4216 3092 4290 ὲφυλλοκριιιονν
3123 4220 3373 4295 legentis.

1805 4312 2001 4368 silente
2037 4309 2338 4382 praesertim
2377 4307 2661 4376 Vaticano,
2697 4308 2788 4381 qni
2820 4327 3034 4367 comma
3067 4306 3210 4369 istud
3232 4328 3376 4385 pra:-

1808 4404 1954 4472 terit,
1986 4402 2412 4474 posthabcndam
2435 4399 2588 4466 duxi,
2614 4401 2714 4457 etsi
2741 4403 2885 4458 ultro
2915 4403 3088 4460 fatear
3117 4406 3235 4477 ejus
3267 4422 3370 4463 ex-

1807 4498 2124 4569 peditiorem
2177 4512 2392 4552 sensum
2450 4512 2590 4553 esse.
2641 4494 2775 4551 Nam
2811 4502 3144 4569 φιλοκρενεῖν
3187 4511 3374 4555 notmn

1807 4592 2029 4646 verbum
2065 4600 2172 4650 cst.
2226 4590 2390 4645 etiam
2425 4591 2706 4646 commode
2760 4591 3039 4660 quadrans
3071 4592 3120 4645 in
3149 4605 3376 4648 senten-

1731 4681 1784 4742 D
1814 4685 1940 4738 tiam
1995 4683 2128 4739 loci.
2184 4675 2293 4739 Sed
2323 4697 2443 4738 cum
2476 4683 2643 4738 sciam
2689 4681 3071 4754 Pacliymerem
3103 4683 3169 4737 ab
3194 4683 3372 4740 obviis

1807 4793 1950 4843 saepe
1996 4775 2267 4846 refugere.
2321 4774 2646 4831 obsoletiora
2679 4776 2872 4845 cupide
2899 4780 3377 4842 accersere,arbi-

1810 4878 1923 4921 tror
1958 4867 2106 4922 illum
2142 4882 2265 4922 raro
2292 4866 2550 4922 vocabqu
2594 4866 2681 4922 hic
2711 4869 2784 4921 uti
2816 4867 3091 4932 maluisse.
3137 4879 3192 4923 et
3232 4873 3373 4939 quod

1808 4963 1978 5015 codex
2012 4963 2253 5016 omnium
2295 4961 2764 5015 etnettdatissimus
2801 4964 3008 5028 Suadet,
3056 4963 3374 5038 mancupi-

1807 5071 1929 5108 vouv
1957 5054 2226 5124 posuisse,
2264 5062 2320 5107 ut
2348 5055 2614 5108 indicaret
2638 5055 2844 5124 singula
2874 5056 3000 5111 folia
3032 5058 3374 5115 dissertatio-

1808 5151 1893 5204 nis
1925 5163 1952 5202 a
1985 5149 2158 5204 Vecco
2191 5150 2402 5218 scripta:
2426 5163 2656 5203 excussa
2686 5159 2986 5218 peratteute
3016 5167 3043 5203 a
3080 5150 3372 5207 lectoribus

1809 5242 1992 5297 fuisse.
2031 5241 2228 5296 lterum
2274 5244 2446 5296 utitur
2478 5243 2578 5297 hoc
2619 5245 2785 5298 verbo
2814 5253 3020 5310 noster,
3047 5261 3097 5312 p.
3128 5245 3252 5310 “8,
3280 5247 3369 5300 ubi

1806 5337 1884 5393 sic
1908 5338 2102 5392 scribit
2145 5338 2213 5391 de
2255 5336 2616 5392 odioaissimis
2657 5337 3102 5393 criminatoribus
3145 5340 3368 5394 asseclit

1806 5431 2085 5486 Athanasii
2127 5431 2448 5500 patriarcha!
2480 5446 2495 5485 :
2527 5431 2633 5483 Καὶ
2667 5430 2918 5484 τοσοῦτον
2948 5431 3368 5505 ἐφυλ).οκρίνουν

1803 5525 1973 5579 ταῦτα
2025 5526 2118 5578 καὶ
2165 5527 2374 5588 ποιναῖς
2417 5522 2755 5589 ὲξεκόλαζον,
2799 5523 2873 5588 ὡς
2923 5523 2998 5596 μὴ
3048 5525 3209 5593 μόνον
3243 5528 3372 5587 τοὺς

1803 5615 2228 5688 ὰδιαφοροῦντις
2253 5617 2483 5671 δεδιιναι
2528 5618 2619 5670 καὶ
2647 5618 2870 5688 τρέμειν
2896 5616 3121 5672 ἐκείνων
3147 5619 3373 5674 intota-

1809 5713 1950 5773 σῐαν,
1983 5695 2122 5766 ἀλλὰ
2165 5712 2260 5767 καὶ
2288 5711 2378 5765 τὸν
2411 5709 2673 5765 ὁρκοῦντα
2709 5709 3239 5783 προσεκτικάηατον.
3273 5709 3371 5768 ille

1805 5803 2058 5862 similiter
2088 5805 2423 5858 Burberinns
2458 5802 2621 5857 codex
2659 5802 2961 5858 clarissime
2987 5803 3180 5858 scribit
3210 5803 3373 5874 ἀφυλ-

1805 5897 2108 5968 λοκρῐνονν,
2143 5894 2416 5949 Allatiano
2471 5894 2525 5950 in
2553 5910 2658 5948 suo
2712 5894 3084 5965 ῐςρι).οκρενουν
3120 5909 3373 5962 perseve-

1809 5997 1984 6056 rante,
2008 5978 2278 6044 Vaticano
2315 5994 2490 6042 autem
2521 5984 2600 6043 sic
2630 5985 2806 6044 locum
2837 5987 3172 6059 exprimente
3207 6001 3223 6045 :
3261 5982 3372 6046 Καὶ
