4058 6298
697 427 808 494 ⁸183

1259 405 1364 490 Ῥ.
1403 427 1702 490 I‘OSSINI
1741 425 2565 491 OBSERVATIONUM‘LIB.
2607 429 2656 488 ι.
2685 454 2754 462 -
2786 427 3305 492 omsssmmu.

3838 428 3933 492 Ἰδᾶ

693 541 954 599 τοσοῦτον
976 537 1152 594 ταῦτα
1189 538 1533 607 ἐξετάζοντες
1564 539 1883 606 ἐξεκόλαξον
1913 539 2076 595 ὥστε.
2109 537 2258 597 Vide-

2375 541 2596 600 alterius
2630 541 2645 595 l
2683 541 2813 609 Reg.
2851 542 3020 609 ",29
3064 559 3080 599 :
3124 541 3281 600 Dedit
3338 556 3545 614 quoque
3586 541 3726 598 Deus
3784 540 3936 598 Salo-

694 645 783 691 tur
814 633 950 690 velle
975 643 1165 688 auctor
1192 643 1332 686 totos
1363 631 1495 687 istos
1527 632 1692 695 fuisse
1717 633 1770 687 in
1803 634 2041 690 studiose
2068 649 2266 705 (εοεηο-

693 729 908 784 scendis
963 725 1163 785 libellis
1210 725 1542 781 delationum
1570 766 1585 790 ,
1622 736 1901 796 utcunque
1950 729 2266 798 nugatoria-

695 836 842 884 rum.
891 819 1099 875 chartis
1129 818 1438 875 istiusmodi
1488 823 1698 874 cunctis
1733 822 1889 875 avide
1927 821 2262 877 scrutandis.

693 912 994 968 Cuniirtuat
1044 911 1306 965 hactenus
1371 910 1512 966 dicta
1569 921 1624 966 et
1683 911 1825 967 alius
1863 914 2032 972 nostri
2089 913 2264 980 locus,

694 1020 748 1076 p.
776 1004 882 1060 557
916 1021 932 1060 :
969 1002 1301 1063 Βασιλεὺςδ⁹
1338 1003 1487 1074 ὅμως
1510 1003 1657 1068 ἅπας
1682 1004 1770 1058 διὰ
1800 1006 2008 1059 σκοποῦ
2039 1006 2265 1074 θέμενος

693 1095 892 1159 αὐτοὺς
965 1093 1405 1164 προσλαόἐσθαι,
1463 1094 1617 1148 οὐδὲν
1683 1096 2057 1166 ὲφυλλοκρενει
2129 1098 2266 1168 πρὸς

692 1187 868 1243 ταῦτα
890 1203 907 1219 ο
948 1186 1100 1243 Nihil
1134 1188 1352 1242 nimium
1380 1189 1614 1242 scrutari
1648 1198 1741 1243 aut
1776 1189 2040 1244 curiosius
2063 1189 2265 1260 disqui-

694 1299 811 1338 rere
840 1286 905 1338 tle
930 1283 1014 1339 his
1039 1282 1226 1338 voluit.

762 1377 919 1447 Χοᾶς
949 1376 1291 1444 θαλάσσης,
1326 1393 1378 1447 ρ.
1415 1374 1544 1432 279.
1572 1374 1716 1430 Fisit
1758 1375 1890 1431 mihi
1930 1391 2145 1434 crucem
2176 1378 2265 1436 hic

692 1472 849 1528 locus
875 1469 1016 1526 baud
1049 1471 1104 1525 in
1147 1481 1396 1539 promptu
1425 1469 1648 1524 habenti
1686 1471 1814 1538 quid
1849 1469 1938 1525 hic
1965 1482 2145 1528 essent
2171 1483 2263 1528 aut

689 1575 948 1630 quorsum
973 1559 1077 1613 huc
1101 1557 1341 1614 lacerent
1363 1559 1611 1630 xoai,seu
1640 1560 1840 1625 verius,
1860 1570 1917 1614 ut
1941 1577 2063 1618 mox
2084 1573 2267 1618 osten-

692 1653 841 1717 dam,
873 1652 1018 1722 χοεῖς
1059 1649 1355 1721 Θαλάσσης.
1384 1650 1525 1716 Quid
1557 1650 1908 1706 divinarerim
1938 1668 2259 1724 proponam.

2369 634 2512 688 mani
2548 632 2882 689 latitudine»:
2919 635 3093 689 cordis
3121 635 3274 703 quasi
3324 651 3562 701 arenam,
3601 652 3720 706 qua:
3762 646 3844 692 est
3894 638 3938 689 is

2366 725 2546 781 littore
2579 725 2770 790 utaris,
2793 725 3006 794 Graece,
3038 731 3134 781 xui.
3160 729 3310 799 χῦμα
3338 729 3566 797 καρδίας
3593 729 3669 790 ὡς
3698 731 3733 796 ἡ
3765 729 3938 797 ἅμμος

2366 821 2400 891 ἡ
2438 817 2590 890 παρὰ
2612 819 2710 888 τὴν
2741 816 3037 883 θάλασσαν,
3069 820 3158 876 ubi
3197 821 3380 892 ἄμμος
3408 822 3768 891 singulariter
3799 824 3938 889 p0ui-

2369 918 2455 964 tur
2502 923 2599 977 pro
2652 923 2802 973 vase,
2847 915 2907 964 ut
2964 911 3043 964 sic
3099 908 3296 976 dicam,
3353 919 3449 968 aut
3479 911 3635 966 alveo
3687 912 3936 967 marisin

2368 1013 2533 1056 arena
2569 1001 2770 1072 ubique
2800 1001 3075 1066 cubantis,
3109 1001 3196 1062 cui
3228 1003 3362 1068 vasi,
3394 1017 3499 1057 non
3549 1013 3735 1058 autem
3773 1020 3939 1060 arena

2369 1093 2638 1164 granatim
2672 1101 2922 1164 sumptae,
2953 1093 3205 1148 convenit
3241 1092 3391 1164 χῦμα
3419 1095 3672 1162 latitudo,
3704 1111 3835 1164 qua:
3868 1097 3934 1153 ilﬁ

2370 1187 2626 1244 tribuitur
2681 1188 2739 1243 in
2798 1187 2915 1244 loco
2971 1186 3090 1245 illo.
3125 1186 3308 1255 Quare
3357 1187 3412 1244 in
3453 1188 3555 1244 hoc
3595 1201 3793 1246 nostro
3831 1192 3934 1259 pari

2369 1277 2590 1334 natione
2625 1293 2914 1348 possumus
2966 1278 3217 1346 accipere
3259 1277 3400 1334 idem
3434 1279 3624 1350 ἄμμον
3672 1291 3729 1337 et
3765 1296 3937 1337 arena:

2364 1384 2589 1434 nomen,
2640 1385 2736 1441 pro
2765 1371 2918 1426 alveo
2949 1372 3161 1427 scilicet
3199 1373 3560 1442 capacissima
3615 1375 3795 1431 maris
3829 1376 3936 1430 uui-

2363 1459 2538 1527 versi;
2583 1461 2637 1516 in
2673 1476 2802 1532 quo,
2860 1460 2965 1516 ubi
2998 1465 3068 1520 de
3100 1478 3326 1519 numero
3370 1467 3569 1536 agitur,
3596 1469 3936 1538 synecdoche

2365 1552 2722 1607 usitatissima
2754 1552 3086 1608 continentis
3113 1569 3210 1624 pro
3233 1564 3510 1622 contento,
3540 1557 3684 1613 sicut
3719 1559 3937 1625 quando

2365 1646 2547 1700 vinum
2578 1655 2803 1701 vocatur
2840 1646 3009 1712 calix,
3041 1645 3446 1718 intelligendum
3487 1650 3559 1705 sit
3580 1651 3664 1720 agi
3696 1652 3764 1704 de
3795 1665 3938 1704 men-

2365 1755 2491 1793 sura
2515 1738 2742 1810 liquoris
2774 1738 2912 1809 ejus,
2959 1739 3034 1794 ita
3067 1749 3125 1793 ut
3153 1738 3334 1795 dicere
3365 1757 3381 1795 :
3409 1739 3540 1808 Quis
3583 1743 3936 1795 dinumerari:

683 1740 918 1798 ξγὶιιειω·
945 1751 1140 1797 auctor
1191 1742 1444 1797 allusisse
1474 1742 1817 1814 proverbium
1853 1759 1883 1800 e
1913 1745 2085 1800 sacris
2111 1760 2262 1800 sum-

669 1845 838 1905 .ptum
872 1835 1097 1891 Litteris
1125 1835 1192 1892 de
1219 1849 1277 1890 re
1307 1851 1466 1903 quam
1501 1835 1624 1906 quis
1652 1834 1884 1905 cuipiam
1921 1835 2146 1892 minime
2182 1837 2265 1892 iu-
2292 1889 2339 1951 Β
2366 1848 2603 1902 arenam,
2636 1831 2709 1896 sit
2732 1832 2918 1888 dicere
2949 1849 2964 1888 :
3001 1831 3134 1901 Quis
3171 1842 3302 1888 tenet
3344 1851 3619 1899 numerum
3654 1838 3935 1902 amphora-

692 1929 870 1951 »---
908 1930 1178 1951 ---,-----ε.
1340 1928 1478 1951 nm-
1517 1927 1826 1951 ιωεᾎιιημ
1862 1935 1986 1951 ----.
2038 1928 2260 1951 ι-..ι-ε--
2366 1943 2480 1951 __-_
2521 1935 2608 1951 -.4.
2638 1941 2911 1951 mm--.“
2954 1943 3100 1951 -__._
3150 1927 3331 1951 ---τμη
3367 1937 3475 1951 ._._
3516 1929 3749 1951 ___._.___
3791 1947 3910 1951 --μ

687 1929 872 1986 dicare
904 1930 1203 1995 curaverit,
1238 1939 1295 1983 ut
1339 1928 1479 1983 Deus
1517 1927 1829 1984 hominibus
1858 1935 1990 2000 quot
2038 1928 2261 2000 hydrias
2292 1927 2339 1951 "
2365 1943 2484 1988 rum
2514 1935 2608 1981 aut
2638 1941 2913 1985 urceorum
2947 1943 3117 1998 aqua,
3145 1927 3332 1998 quibus
3364 1937 3477 1992 toto
3507 1929 3750 1998 expletur
3779 1947 3934 2000 eapse

683 2023 801 2078 sive
831 2036 986 2092 aquae
1021 2036 1311 2086 mensuras
1375 2023 1655 2077 contineat
1685 2035 1857 2077 mare.
1886 2025 2026 2077 Ante
2076 2022 2260 2078 omnia
2359 2018 2496 2072 citas
2553 2018 2713 2072 maris
2743 2019 2770 2072 1
2797 2017 2974 2091 Atque
3037 2025 3093 2074 ut
3129 2018 3223 2074 illo
3258 2019 3626 2077 Ecclesiastici
3665 2022 3932 2092 principis

656 2114 1125 2170 -constitueudum
1174 2122 1260 2170 est
1308 2129 1496 2170 vocem
1526 2116 1658 2186 χοᾶς
1701 2113 1751 2169 in
1803 2116 2091 2169 accusandi
2129 2129 2258 2171 casu
2362 2111 2504 2167 Deus
2533 2117 2773 2172 ostentat
2793 2119 3122 2171 reservatam
3156 2111 3316 2170 istam
3352 2113 3455 2168 sibi
3496 2115 3746 2169 notitiam
3787 2131 3934 2172 meu-

658 2207 875 2280 “plurali
904 2209 1214 2278 signiﬁcare
1237 2217 1443 2264 certam
1479 2222 1782 2264 mensuram
1809 2207 2056 2277 liquoris.
2092 2207 2259 2262 Docet
2361 2217 2610 2260 surarum
2651 2203 2904 2264 elementi
2970 2201 3243 2268 Oceanum
3301 2203 3601 2273 impleatis,
3669 2207 3744 2262 ita
3812 2207 3928 2262 inL

662 2302 786 2358 dtoc
818 2302 1141 2359 scholiastcs
1175 2303 1554 2373 Aristophanis
1614 2301 1681 2357 sal
1717 2303 1878 2357 illum
1920 2302 2038 2371 ejus
2087 2313 2258 2371 poeta:

683 2395 738 2449 in
771 2394 1034 2450 commdia
1061 2395 1305 2467 Νεφέλαι
1336 2397 1478 2450 dicta
1518 2395 1698 2449 locum
1733 2412 1747 2450 :
1790 2394 1889 2460 ’Ἐξ
1917 2395 2050 2464 χοᾶς
2076 2396 2259 2468 χωρή-

681 2502 856 2540 σεται.
879 2483 982 2541 Ubi
1006 2485 1084 2542 sic
1107 2486 1326 2540 adnotat
1358 2502 1372 2540 :
1403 2483 1576 2548 Χοεὺς
1604 2485 1660 2538 δέ
1686 2485 1835 2540 ἐστιν
1863 2479 2000 2548 εἶδος
2032 2487 2256 2554 μέτρον,

752 2576 1015 2651 μετροῦσι
1041 2579 1133 2632 τὸν
1159 2573 1302 2634 οῐνον
1325 2595 1342 2612 ·
1365 2578 1392 2631 ὃ
1417 2579 1511 2633 καὶ
1541 2578 1784 2633 κλίνεται
1814 2579 1984 2650 χοέως
2015 2577 2256 2648 πηλέως,

670 2675 756 2738 ὡς
784 2674 878 2729 καὶ
907 2673 966 2728 ιν
1008 2671 1310 2738 Ἱππεῦσιν,
1351 2671 1494 2725 Ἀλλ’
1525 2670 1714 2740 ἔνετκὲ
1757 2687 1848 2742 μοι
1876 2671 2087 2740 ταχέως
2107 2671 2255 2724 οἴνου

662 2767 801 2840 τχοᾶ..
870 2763 1137 2822 Ἐνταῦθα
1195 2766 1253 2821 δὲ
1298 2765 1359 2818 τὸ
1417 2767 1570 2838 χοᾶς,
1634 2765 1686 2818 εἰ
1733 2763 1833 2836 μὲν
1897 2763 2254 2836 περισπᾶται,

662 2860 770 2933 1P.
804 2857 934 2932 5N]
963 2860 1026 2912 tu
1068 2857 1262 2913 τούτου
1293 2856 1386 2912 τοῦ
1435 2858 1593 2929 xosth
1622 2859 1738 2912 ἐστι
1793 2855 1936 2910 κατὰ
1967 2856 2258 2927 ποιητικὴν

662 2952 862 3007 ,ἄδειαν
882 2968 898 2984 ο
929 2952 1058 3022 xci);
1080 2950 1189 3021 γὰρ
1223 2949 1457 3018 ὤφειλεν
1489 2950 1692 3016 εἰπεῖν,
1724 2948 1799 3012 ὡς
1831 2949 2022 3020 ἱππῆς.
2050 2949 2254 3004 Simili-

684 3056 766 3099 ter
788 3052 843 3100 et
877 3042 1190 3100 Eustathius
1217 3042 1286 3097 ad
1340 3040 1535 3112 Odyss.
1587 3057 1662 3098 αι
1698 3040 1858 3093 Ἐστι
1909 3039 2003 3093 καὶ
2043 3041 2071 3094 ὁ
2098 3039 2255 3111 χοείις

685 3135 883 3208 μιτρον
911 3151 986 3188 τι.
1016 3132 1150 3190 Vide
1176 3143 1230 3188 et
1255 3133 1407 3188 illum
1431 3132 1498 3187 ad
1527 3131 1696 3192 Iliad.
1727 3149 1766 3200 ι,
1796 3132 1863 3186 ad
1892 3129 2063 3186 Iliad.
2112 3148 2174 3196 π,
2198 3139 2254 3184 ut

2353 2297 2461 2354 Job
2516 2313 2565 2354 c.
2609 2313 2799 2364 mut,
2845 2297 2937 2361 25.
2969 2296 3129 2354 istam
3163 2295 3446 2352 scientiam
3477 2313 3536 2353 se
3578 2313 3786 2369 negare
3840 2296 3932 2354 bo.

2360 2391 2595 2456 minibus
2651 2401 2706 2448 et
2744 2391 2847 2453 sibi
2881 2399 2934 2445 ut
2972 2391 3247 2464 propriam
3287 2391 3490 2448 habere
3527 2392 3753 2446 innuit:
3796 2391 3928 2447 Deus

2356 2485 2604 2556 intelligit
2653 2486 2792 2541 uiam
2843 2486 2955 2561 ejus
2991 2487 3321 2557 (sapientia)
3362 2497 3408 2542 et
3442 2486 3553 2556 ipse
3587 2488 3730 2542 novit
3763 2488 3927 2544 locum

2357 2577 2529 2630 illius.
2564 2574 2685 2646 Ipse
2709 2577 2847 2637 enim
2878 2577 3009 2646 lines
3040 2579 3223 2640 mundi
3251 2581 3508 2642 intuetur,
3535 2589 3581 2633 et
3609 2579 3792 2634 omnia
3817 2595 3926 2649 qua

2356 2669 2450 2724 sub
2496 2669 2622 2724 calo
2653 2679 2772 2724 sunt
2813 2670 3073 2737 respicit;
3109 2670 3204 2738 qui
3234 2671 3355 2742 fecit
3407 2683 3573 2726 uentis
3624 2675 3856 2741 pondus,
3881 2684 3924 2726 et

2357 2781 2526 2836 aquas
2566 2762 2817 2831 appendit
2854 2763 2910 2817 in
2966 2779 3242 2819 mensura.
3283 2761 3345 2818 in
3371 2761 3563 2822 Graeco
3597 2763 3804 2834 legerat
3834 2762 3926 2818 Pa-

2356 2859 2640 2928 chymores
2662 2872 2759 2926 pro
2801 2855 2883 2916 bis
2930 2855 3140 2913 ultimis
3172 2855 3355 2917 verbis
3387 2853 3582 2924 ὕδατος
3629 2856 3811 2927 μέτρα
3844 2858 3922 2910 ὅτι

2355 2947 2632 3016 ἐποίησεν,
2661 2963 2810 3018 aqute
2863 2961 3136 3007 mensuras
3183 2945 3396 3016 quando
3453 2945 3595 3014 fecit.
3648 2947 3726 3003 En
3777 2962 3923 3024 aqua

2357 3053 2640 3093 mensuras
2670 3037 2932 3108 singulari
2989 3037 3080 3092 Dei
3108 3036 3349 3100 scientiis
3376 3037 3627 3108 imputat.
3654 3038 3918 3102 Similiter

2355 3141 2410 3187 et
2440 3132 2685 3201 ejusdem
2719 3129 2843 3185 libri
2869 3128 2972 3185 Job
3000 3143 3050 3186 c.
3074 3145 3307 3195 “svnt,
3337 3130 3477 3194 inter
3512 3133 3922 3211 exprimendum

681 3230 748 3284 ad
765 3226 960 3299 Odyss.
985 3243 1036 3282 σ.
1082 3224 1219 3281 llinc
1240 3225 1540 3295 sumpsisse
1572 3224 1675 3280 hoc
1704 3223 1925 3279 verbum
1957 3221 2255 3294 Pachyme-
2275 3237 2327 3301 ε
2363 3219 2651 3289 magniﬁco
2680 3219 2810 3290 quid
2849 3219 2990 3274 Deus
3023 3220 3196 3288 possit
3221 3228 3280 3275 et
3303 3220 3463 3288 sciat,
3501 3221 3629 3293 quid
3653 3233 3921 3294 nequeant

683 3337 798 3377 rem
830 3331 916 3378 est
938 3319 1219 3384 credibile.
1249 3319 1684 3376 versatissimum
1714 3315 1990 3376 hominem
2021 3316 2074 3372 in
2098 3317 2259 3372 scho-

683 3414 771 3470 liis
803 3423 1089 3485 poetarum
1133 3412 1508 3484 antiquorum,
1563 3411 1642 3468 uti
1691 3411 1856 3466 etiam
1909 3408 2259 3479 peculiariter

683 3506 802 3575 ipse
831 3506 1127 3576 signiﬁcat,
1152 3518 1208 3577 ι).
1255 3503 1384 3562 306.
1413 3505 1560 3568 Χοᾶς
1587 3517 1719 3574 ergo
1759 3503 1935 3574 μέτρα
1963 3500 2254 3559 intellexit.

682 3599 912 3654 Videtur
935 3607 1118 3652 autem
1143 3596 1397 3653 habuisse
1429 3597 1545 3652 hac
1569 3598 1816 3652 scribens
1845 3596 1901 3650 in
1931 3595 2112 3652 animo
2139 3595 2258 3652 loca

691 3690 782 3747 illa
816 3705 1096 3748 sacrarum
1120 3688 1478 3756 Litterarum,
1510 3687 1676 3761 725
1705 3688 1903 3758 quibus
1943 3687 2086 3744 Deus
2115 3689 2259 3744 inter

681 3799 746 3840 ea
780 3798 900 3853 qua:
931 3782 1032 3838 sibi
1063 3781 1365 3848 notissima,
1387 3780 1878 3848 incompertissima
1911 3787 2040 3836 sunt
2084 3778 2258 3835 bomi-

683 3877 862 3942 nibus,
894 3887 1146 3932 numerat
1167 3889 1476 3931 mensuram
1512 3873 1702 3939 maris,
1733 3887 2020 3928 numerum
2045 3872 2257 3929 scilicet

683 3967 1000 4041 hydriarum
1041 3973 1136 4020 aut
1165 3973 1544 4031 metretarum,
1602 3979 1710 4034 quo
1740 3963 1995 4020 delinitur
2025 3963 2256 4019 immen-

681 4055 820 4114 sitas
871 4056 1142 4112 undarutu
1198 4053 1340 4126 ejus.
1402 4053 1772 4112 Ecclesiasticl
1828 4070 1871 4122 ι,
1918 4056 1994 4113 2:
2025 4053 2255 4111 Arenam

683 4151 849 4206 maris
879 4160 928 4206 et
954 4148 1145 4220 pluvia
1177 4158 1361 4222 guttas
1382 4160 1431 4204 et
1463 4148 1574 4206 dies
1600 4149 1782 4204 σιτευιὲ
1805 4149 1920 4219 quis
1948 4150 2250 4206 dinumera-

679 4245 752 4313 νει
773 4242 799 4299 2
822 4241 1011 4299 Graece
1064 4243 1252 4314 ἄμμον
1293 4241 1601 4298 satanas.
1635 4241 1740 4298 Ubi
1773 4243 1876 4296 etsi
1909 4241 2102 4298 obvius
2128 4255 2254 4297 sen-

681 4352 778 4392 sus
807 4345 890 4392 est
911 4337 1208 4407 probabilis
1239 4337 1306 4392 de
1344 4352 1554 4392 summa
1607 4350 1896 4408 granorum
1943 4333 2116 4390 sabuli
2155 4334 2248 4388 de-

680 4429 1053 4503 speratissima
1088 4429 1303 4485 inventu
1341 4438 1558 4501 pr0ptcr
1586 4427 1909 4484 inliuitatem
1943 4426 2090 4481 omni
2121 4441 2250 4494 sup-

682 4523 964 4594 putatione
1010 4521 1296 4591 majorem,
1335 4531 1514 4579 tamen
1559 4536 1627 4578 ex
1688 4518 2094 4589 comparatione
2147 4518 2250 4576 loci

2359 3321 2413 3368 et
2447 3315 2698 3384 ignorent
2731 3312 3000 3377 homines,
3037 3327 3088 3366 v.
3121 3311 3189 3368 l6
3217 3312 3440 3384 ponitur
3481 3331 3496 3371 :
3535 3311 3812 3388 Numquid
3843 3317 3922 3371 iu-

2357 3421 2566 3476 gressus
2616 3420 2670 3459 es
2702 3405 2966 3475 profunda
2996 3407 3179 3466 maris.
3215 3414 3262 3460 et
3308 3407 3366 3460 in
3424 3409 3717 3463 novissimis
3753 3411 3923 3482 abyssi

2357 3499 2756 3554 deambulnsti?
2794 3497 2924 3576 Qua:
2957 3507 3230 3568 utcunque
3287 3500 3498 3555 numeri
3546 3517 3919 3559 mensurarum

2360 3608 2513 3663 aqua
2540 3593 2739 3648 diserte
2767 3606 2873 3646 non
2903 3593 3218 3659 meminere,
3249 3602 3425 3648 tamen
3457 3609 3550 3664 per
3574 3596 3917 3666 praseutiatn

2358 3685 2513 3756 quasi
2543 3684 2794 3739 obeuntis
2821 3693 2875 3738 et
2909 3682 3127 3738 curiose
3152 3682 3436 3738 lustrantis
3461 3685 3666 3740 uetitis:
3702 3685 3919 3741 interio-

2364 3778 2439 3834 ris
2467 3778 2769 3848 emphasim
2804 3777 3023 3835 habent.
3062 3778 3199 3836 ilinc
3227 3778 3442 3836 videtur
3477 3779 3774 3835 invaluisse
3799 3794 3916 3848 pro-

2357 3872 2612 3928 verbialis
2637 3871 2779 3929 inter
2804 3870 3022 3928 Graecos
3052 3873 3280 3930 formula
3301 3873 3371 3929 de
3404 3873 3563 3929 rebus
3585 3871 3746 3928 alicui
3781 3871 3916 3928 cela-

2359 3965 2447 4033 tis,
2484 3974 2595 4020 tam
2627 3980 2690 4020 ea
2715 3964 2792 4020 illi
2823 3979 2946 4021 esse
2979 3967 3158 4038 ignota
3188 3980 3349 4036 quam
3381 3979 3666 4020 numerum
3701 3963 3916 4033 ampho-

2357 4075 2539 4119 rarum
2577 4059 2804 4131 liquoris
2833 4074 2942 4134 quo
2985 4058 3239 4131 expletur
3270 4074 3461 4126 mare;
3493 4073 3653 4128 quem
3688 4066 3748 4115 ut
3776 4058 3913 4114 Deus

2354 4152 2509 4223 seire.
2537 4151 2653 4206 vult
2691 4151 2840 4208 solus
2872 4165 2976 4207 nec
3004 4151 3406 4206 communicare
3454 4149 3710 4218 dignatur
3747 4147 3911 4204 homi-

2356 4245 2540 4313 nibus,
2581 4245 2655 4301 ita
2692 4245 2985 4317 imperator
3016 4258 3174 4300 suum
3218 4243 3285 4299 de
3333 4240 3538 4298 findere
3573 4242 3796 4298 Serbieo
3817 4256 3911 4296 nu-

2355 4340 2483 4410 ptiis
2538 4337 2964 4410 conglutiuando
3030 4334 3317 4392 consilium
3375 4334 3907 4406 impertiendumpa-

2357 4430 2611 4487 triarcha
2640 4445 2746 4486 non
2781 4431 3009 4502 putavit.
