4058 6298
57 381 168 444 785

1582 387 1817 449 ΝΟΤᾸΞ

1223 524 3174 556 MM.

870 707 1341 838 PETRI
1443 710 2059 843 POSSINI
2172 706 2503 832 S.J.

314 966 1546 1088 OBSERVATIONUM
1635 960 3082 1086 PACHYMEBIANARUM

1135 1212 1496 1303 LIBER

1603 1211 2262 1306 SECUNDUS.

1577 1569 1825 1635 ΝΟΤᾹΞ.

127 1871 303 1944 725
334 1870 421 1946 [Ρ.
445 1870 584 1945 5161
629 1872 754 1944 Pag.
783 1869 872 1929 12.
910 1870 1288 1939 Imperatorem
1307 1877 1370 1925 ab
1404 1869 1655 1928 Ecclesia:
1682 1880 1738 1938 Α·
1763 1883 2019 1945 tanquam
2045 1872 2486 1930 irrevocabiliter
2519 1874 3019 1940 addicta-Tartaro,
3053 1872 3342 1931 declarata

53 1966 393 2020 auctoritate
416 1965 534 2036 jam
570 1965 749 2021 animo
783 1966 1024 2035 tte/icere.
1071 1963 1170 2021 Est
1209 1965 1297 2022 hic
1349 1967 1651 2037 imperator

54 2076 169 2129 quo
205 2060 281 2114 de
322 2062 504 2131 agitur
554 2062 674 2116 sine
729 2058 890 2115 dubio
940 2060 1308 2124 Andronicus.
1357 2074 1517 2130 quem
1571 2061 1652 2117 vi-

56 2159 230 2209 vente
255 2148 440 2208 adhuc
471 2161 647 2222 patre,
674 2150 759 2206 cui
787 2157 908 2205 erat
939 2149 992 2205 in
1022 2148 1249 2221 imperio
1274 2150 1502 2222 collega,
1529 2166 1652 2222 per-

56 2245 328 2301 territum
383 2244 613 2300 tumultu
653 2243 1144 2300 schismaticorutn
1175 2242 1289 2313 jam
1340 2245 1523 2300 animo
1555 2244 1651 2301 de-

57 2337 270 2394 Iecisse
297 2353 328 2393 a
360 2339 529 2407 patris
581 2347 635 2394 et
679 2337 933 2393 Ecclesize
982 2338 1306 2394 auctoritate
1357 2338 1666 2398 historicus-

60 2433 166 2487 bec
204 2432 333 2487 loco
367 2431 545 2487 docet.
599 2431 754 2488 Unde
791 2432 1129 2504 intelligatur
1158 2445 1316 2502 quam
1351 2450 1650 2506 congruam

58 2525 402 2582 defectionis
433 2540 644 2595 pmuam
705 2525 910 2603 tulerit,
942 2523 1034 2599 qui
1071 2536 1218 2583 metu
1251 2530 1529 2583 turbarum
1565 2546 1651 2585 re-

55 2621 284 2675 volutus
325 2621 380 2674 in
413 2619 667 2685 schisma,
691 2619 891 2675 nullum
939 2621 1052 2674 l'ere
1113 2620 1169 2676 in
1199 2622 1442 2679 omnium
1475 2621 1654 2681 infeli-

56 2711 292 2766 cissimo
325 2711 631 2780 principatu
658 2710 796 2766 diem
828 2725 1056 2766 vacuum
1089 2727 1115 2764 a
1137 2713 1312 2769 turbis
1339 2713 1654 2773 domesticis

57 2803 348 2865 civilibus,
374 2801 602 2868 bellicis,
623 2803 1009 2860 ecclesiasticis
1035 2803 1306 2876 habuerit,
1332 2818 1469 2865 otes
1491 2810 1652 2879 hujus

60 2896 301 2951 decursu
337 2894 583 2950 historia:
618 2891 844 2964 patebit.

130 2986 275 3050 Ibid.
312 2985 456 3044 Loco
502 2986 824 3058 Δονοροιὶιω
856 2990 1068 3045 mortui.
1099 2991 1415 3048 Clarissiute
1453 2993 1542 3049 hic
1565 3008 1655 3048 as-

63 3079 201 3134 serit
230 3075 601 3149 Pacltymeres
637 3079 926 3153 Georgium
974 3082 1342 3150 Acropolitam
1396 3099 1651 3156 magnum

59 3171 407 3243 lngothetam
443 3175 657 3228 vivente
691 3173 866 3230 adhuc
900 3173 1160 3232 Micltaele
1197 3175 1500 3246 Palmologo
1551 3179 1653 3242 int-

61 3278 330 3338 peratore
368 3265 478 3324 fato
526 3266 813 3335 iunctum;
846 3270 986 3339 quod
1023 3269 1160 3324 idem
1213 3287 1334 3325 cum
1381 3273 1648 3342 superiori

59 3364 352 3418 volumine
404 3362 438 3418 l.
471 3378 524 3428 v,
557 3379 606 3419 c.
643 3363 714 3419 26
757 3373 812 3419 et
848 3363 914 3420 34
962 3363 1233 3420 innuisset
1275 3365 1455 3434 potius
1485 3382 1649 3436 quam

60 3459 272 3514 diserte
307 3455 653 3524 aliirmassct,
682 3458 813 3513 mihi
839 3472 949 3513 non
982 3468 1354 3528 persuaserat,
1388 3469 1448 3513 ut
1478 3459 1531 3513 in
1557 3476 1654 3512 no-

60 3553 130 3606 tis
157 3553 232 3607 ad
269 3551 364 3606 illa
414 3555 594 3620 capita
633 3551 672 3607 l.
730 3567 774 3606 tt
799 3549 1260 3608 Observationum
1297 3567 1562 3620 mearum,
1596 3569 1649 3624 p.

62 3647 166 3701 686
202 3656 264 3701 et
300 3642 406 3701 686
440 3648 695 3715 exposui,
724 3661 845 3716 qua
875 3661 911 3700 a
942 3662 1026 3702 me
1053 3645 1198 3701 dicta
1233 3663 1373 3702 nunc
1405 3662 1510 3702 non
1545 3647 1654 3702 vel-

64 3743 194 3798 lem.
240 3740 363 3796 Non
415 3743 560 3797 enim
609 3742 764 3798 video
799 3758 898 3797 cur
930 3740 1064 3798 ﬁdes
1098 3742 1283 3815 negari
1318 3743 1514 3799 debeat
1545 3726 1686 3798 tam.

66 3838 240 3892 clarae
299 3836 592 3891 assertioni
644 3835 888 3892 historici
942 3851 1062 3906 quae
1115 3854 1359 3908 prmscns
1404 3850 1655 3894 cerneret

66 3929 389 3984 scribentis.
425 3929 641 3984 induxit
680 3944 763 3985 me
795 3929 850 3984 in
887 3930 1052 3984 istum
1096 3945 1336 3985 errorem
1370 3946 1475 3986 non
1519 3933 1655 3986 bene
1701 3919 1704 3921 ’

65 4023 482 4080 ronsideratum
540 4022 912 4078 testimonium
969 4022 1230 4079 Demetrii
1269 4022 1481 4093 Baulis,
1512 4025 1654 4094 quod

68 4120 119 4171 in
150 4117 353 4171 iisdem
383 4115 527 4169 n0tis
559 4130 614 4185 p.
669 4112 772 4168 654
821 4117 1016 4170 recito.
1047 4113 1178 4177 Sed.
1219 4116 1367 4184 quod
1405 4114 1655 4171 animad-

68 4221 234 4264 verto
265 4222 408 4262 nunc
434 4221 578 4271 sero,
610 4205 662 4261 in
694 4223 768 4262 eo.
788 4223 895 4262 non
932 4208 1114 4277 agitur
1135 4208 1200 4263 de
1227 4207 1459 4278 Georgio
1485 4206 1659 4263 Acro-

68 4303 270 4370 polita,
301 4315 486 4356 verum
537 4301 603 4356 de
629 4299 866 4371 Georgio
905 4300 1215 4366 Metocbita,
1262 4317 1426 4372 quem
1467 4300 1661 4358 Deme-

70 4397 220 4449 trius
253 4410 508 4466 maguum
542 4394 710 4450 fuisse
767 4394 1102 4462 logotltetam
1143 4396 1216 4450 ibi
1261 4397 1476 4464 scribit,
1510 4398 1656 4469 quod

71 4487 219 4542 mihi
272 4485 454 4541 fucum
489 4485 637 4553 fecit,
669 4495 722 4541 et
750 4488 1020 4558 quomodo
1053 4502 1236 4542 verum
1269 4500 1391 4544 esse
1418 4490 1660 4561 potuerit

1755 1966 1995 2039 lncapaci
2035 1967 2282 2023 habenda
2330 1965 2714 2039 suiiragiorum
2748 1967 3035 2031 Ecclesiae,
3084 1983 3205 2039 qua:
3236 1982 3338 2039 pro

1756 2059 1860 2130 piis
1889 2059 1940 2115 iu
1973 2059 2071 2115 Dei
2119 2061 2390 2116 charitate
2441 2060 2738 2126 defunctis,
2775 2075 2883 2116 non
2931 2075 3032 2131 pro
3063 2058 3172 2116 Deo
3200 2075 3333 2117 esoo

1753 2156 1837 2214 sis
1861 2165 1917 2212 et
1944 2157 2000 2212 in
2026 2172 2124 2214 suo
2163 2157 2315 2229 gravi
2361 2167 2585 2228 peccato
2639 2156 2868 2212 mortuis
2898 2156 3080 2213 oﬂ'erri
3111 2172 3341 2213 consue-

1756 2260 1972 2314 verunt,
2022 2249 2159 2305 satis
2213 2250 2594 2306 demonstrare
2623 2264 2785 2320 quam
2827 2249 3021 2310 falsum
3054 2251 3150 2318 sit,
3191 2252 3337 2323 quod

1756 2344 1932 2408 multi,
1964 2343 2268 2414 praesertim
2321 2343 2666 2408 beterodoai,
2715 2346 3048 2414 persuadere
3086 2355 3216 2400 sunt
3245 2359 3336 2400 co-

1755 2437 1889 2505 nati,
1916 2436 2218 2492 doctrinam
2251 2437 2304 2492 in
2344 2437 2588 2494 Ecclesia
2647 2435 2891 2492 Romana
2945 2449 3219 2508 receptam
3271 2439 3340 2494 de

1756 2531 2073 2603 purgatorio
2099 2547 2126 2584 a
2163 2531 2367 2587 Graecis
2408 2531 2624 2600 penitus
2659 2530 2835 2602 rejici.

1826 2623 1886 2678 P.
1923 2623 2007 2678 i9.
2064 2620 2210 2678 Post
2245 2625 2384 2678 diem
2431 2624 2774 2679 tricesimum.
2832 2623 3048 2680 Videtur
3093 2622 3347 2680 indicare

1758 2717 2094 2773 tricesimam
2134 2718 2363 2788 primam
2413 2715 2911 2775 Decembrisdiem
2944 2735 2959 2771 :
2992 2733 3053 2772 ea
3087 2716 3230 2773 enim
3256 2727 3339 2771 cst

1754 2817 1869 2878 post
1901 2811 2243 2866 tricesimum.
2279 2810 2434 2867 Unde
2485 2808 2684 2865 festum
2718 2809 2875 2881 cujus
2908 2808 3069 2878 paulo
3103 2820 3228 2879 post
3273 2811 3334 2865 iit

1756 2902 1987 2968 mentio,
2032 2903 2197 2959 fuerit
2251 2913 2468 2960 octavas
2505 2902 2819 2960 Nativitatis
2864 2912 2920 2958 et
2977 2902 3343 2959 Circumcisio

1757 2993 1972 3049 Domini
2002 3011 2032 3050 a
2067 3009 2293 3066 vespera
2346 2993 2623 3066 pridiana,
2665 3003 2727 3051 ut
2762 2988 2845 3062 iit,
2903 2995 3196 3065 incipiens.
3246 2993 3338 3052 Sic

1758 3085 2010 3154 interius,
2044 3102 2098 3158 p.
2133 3087 2227 3153 22,
2270 3086 2462 3157 quinta
2502 3086 2763 3144 Januarii
2786 3088 2888 3144 sub
2923 3102 3206 3158 vesperam
3253 3089 3337 3144 fo-

1757 3189 1900 3235 stum
1954 3179 2459 3252 Theopltaniorum,
2493 3189 2586 3237 aut
2637 3189 2697 3237 ut
2753 3196 2852 3238 nos
2905 3195 3182 3250 vocamus,
3211 3180 3331 3252 Epi-

1756 3274 1969 3346 pltanite
2006 3273 2272 3331 celebrari
2303 3283 2542 3345 coeptum
2570 3274 2841 3340 inanitur,
2872 3273 2999 3330 dum
3039 3274 3109 3330 ibi
3141 3273 3346 3332 scribit

1759 3368 2075 3433 historicus,
2132 3368 2277 3423 datis
2335 3366 2632 3438 unicuique
2679 3368 2855 3424 cereis
2895 3376 3133 3439 peractas
3173 3361 3359 3424 inisse-

1754 3478 1872 3533 que
1891 3462 2017 3533 festi
2039 3461 2168 3517 ritus
2191 3464 2463 3533 poscebat.

1826 3557 1891 3614 (Ξ.
1919 3556 1952 3611 8
1980 3565 2035 3612 et
2066 3557 2122 3611 9.
2152 3555 2284 3625 Quae
2315 3556 2367 3611 in
2419 3557 2504 3613 his
2555 3554 3092 3628 capitibus-duobus,
3125 3555 3221 3612 sed
3253 3555 3343 3610 tli-

1757 3650 2014 3726 stinctius
2045 3651 2098 3704 in
2135 3648 2190 3717 9,
2230 3648 2300 3706 de
2346 3649 2525 3706 Vecco
2555 3649 2852 3706 traduntur
2880 3660 2934 3704 et
2965 3649 3083 3720 ejus
3113 3659 3344 3706 senten-

1760 3743 1858 3813 tia,
1917 3743 2288 3799 declaratione
2341 3741 2608 3814 indigent,
2644 3751 2701 3798 ut
2731 3742 2798 3798 iis
2840 3743 3054 3812 species
3087 3742 3350 3799 dematur.

1759 3834 2121 3906 ὲτεροδοξιας.
2157 3833 2393 3890 Prbnum
2423 3834 2621 3904 quippe
2651 3833 2817 3890 fuerit
2850 3847 2959 3890 non
3001 3833 3354 3904 praemunito-

1762 3928 1974 3993 lectori,
2009 3926 2097 3982 tibi
2142 3929 2341 3983 viderit
2377 3927 2614 3984 Vercum
2655 3936 2942 3997 negantem
2987 3925 3178 3981 Filium
3217 3942 3345 3983 esse

1759 4035 2002 4084 causam,
2042 4020 2143 4075 hoc
2175 4029 2260 4076 est
2317 4019 2670 4090 principium,
2721 4018 2981 4090 Spiritus,
3009 4033 3335 4074 concausam

1759 4112 1876 4167 sive
1907 4114 2361 4184 comprincipium
2391 4130 2515 4168 cum
2564 4111 2750 4180 Patre,
2780 4113 3013 4182 denique
3039 4111 3337 4181 subjicien~

1759 4215 1868 4259 tetu
1901 4205 2234 4261 anathemati
2292 4214 2400 4260 tam
2431 4222 2524 4262 eos
2559 4207 2651 4277 qui
2687 4222 2753 4260 ea
2792 4206 3066 4262 senserint
3095 4221 3154 4262 ac
3181 4206 3336 4261 dixe-

1762 4299 1892 4364 rint,
1916 4315 2077 4367 quam
2111 4299 2204 4370 qui
2227 4300 2309 4354 sic
2333 4298 2670 4368 sapientibus
2693 4311 2747 4356 et
2780 4297 3354 4372 loquentibus-scien-

1762 4401 1848 4446 tes
1872 4391 2419 4453 communieaverint.
2470 4407 2730 4448 accusare
2789 4393 2965 4462 ipsum
3009 4394 3338 4464 praevarica-

1763 4487 1926 4541 tionis
1969 4485 2021 4541 in
2065 4501 2228 4541 causa
2259 4494 2512 4554 suscepta
2574 4483 2866 4555 purganda
2897 4485 2964 4540 ab
2991 4485 3217 4540 haeresis
3247 4500 3332 4539 su-

71 4597 177 4635 nux
220 4579 482 4650 intelligo,
509 4593 630 4633 cum
671 4578 890 4635 vivente
924 4577 1187 4636 Michaele
1217 4581 1385 4647 solus,
1415 4584 1559 4651 quod
1591 4597 1655 4636 ex
1685 4593 1728 4654 α
1764 4581 2014 4648 spicione
2047 4580 2311 4635 doctrina:
2359 4578 2685 4634 Latinorum
2737 4578 2884 4634 circa
2932 4579 3344 4651 processionent

73 4675 417 4746 Paehymere
464 4682 743 4743 appareat,
797 4665 1065 4744 Georgius
1097 4675 1408 4746 Acmpolita
1443 4675 1534 4729 tali
1570 4675 1654 4730 di.

73 4768 286 4837 guitate
312 4763 530 4820 iunctus
550 4768 620 4820 sit
645 4781 662 4834 ;
694 4781 813 4835 qua
841 4776 959 4837 post
991 4767 1108 4836 ejus
1140 4779 1366 4821 mortem
1398 4766 1452 4821 iu
1479 4759 1657 4821 Theo-

73 4865 269 4911 dorum
311 4857 655 4912 Muzalonem
692 4857 761 4913 ab
814 4858 933 4927 ipso
984 4857 1244 4914 ﬂichaele
1276 4860 1529 4931 Augusto
1571 4868 1654 4915 est

75 4953 373 5016 translata,
395 4960 555 5018 prout
586 4950 677 5006 hic
702 4951 854 5007 locus
886 4951 1066 5006 docet.

141 5044 280 5114 Pag.
320 5043 410 5098 i5.
443 5044 641 5099 Mensis
669 5053 778 5098 tum
810 5044 1042 5112 primum
1077 5047 1422 5113 appositione.
1459 5044 1534 5102 De
1566 5060 1655 5101 τευ

72 5148 298 5193 servata
331 5135 535 5190 seniori
568 5135 814 5204 Augusto
845 5135 1245 5205 subscriptione
1275 5153 1394 5190 cum
1445 5140 1655 5208 apposi-

76 5232 220 5284 tione
255 5227 489 5294 mensis,
518 5227 640 5281 vide
677 5243 797 5296 quae
838 5230 1145 5282 putavimus
1178 5227 1458 5282 Glossario
1485 5231 1656 5297 priori

75 5323 141 5378 ad
174 5321 406 5376 verbum
441 5322 782 5390 μηνοὶογείν.

146 5406 319 5488 726
349 5411 414 5486 [P
446 5410 574 5506 ὅρη
610 5409 670 5468 Ρ.
709 5413 790 5467 l5.
831 5412 1158 5479 Supplicium
1217 5415 1493 5484 fustuaru'.
1527 5412 1659 5468 Vide

81 5525 196 5564 rem
231 5503 515 5561 narratam
555 5507 664 5560 vol.
704 5503 744 5567 Ι,
776 5521 828 5575 p.
862 5504 968 5559 495
1003 5521 1128 5575 sqq.

146 5602 216 5659 C.
242 5603 298 5656 5.
325 5600 514 5656 Obiter
551 5600 638 5655 hic
678 5600 1098 5656 admounerim:
1154 5613 1272 5668 quas
1329 5599 1432 5654 hoc
1483 5599 1662 5669 capite

81 5697 383 5752 traduntur
410 5694 488 5766 (p.
524 5693 612 5760 i6,
675 5691 763 5759 t7)
796 5695 862 5748 de
897 5690 1151 5747 fraudata
1184 5692 1658 5748 schismaticorum

82 5790 212 5845 odio
237 5789 418 5843 anima
451 5784 731 5842 Michaelis
763 5785 1108 5857 imperatoris
1142 5785 1194 5840 in
1232 5783 1475 5840 Romana
1505 5799 1660 5841 com-

88 5883 350 5940 munione
383 5880 582 5940 mortui
611 5879 862 5939 subsidio
890 5877 1253 5951 piacularium
1277 5895 1581 5948 sacrorum,
1609 5888 1664 5940 et

1764 4669 2004 4740 Spiritus
2039 4670 2218 4726 sancti
2276 4685 2341 4727 ex
2396 4667 2558 4724 Patre
2603 4669 2850 4739 Filioque
2889 4677 2987 4723 aut
3015 4670 3200 4742 potius
3236 4684 3336 4739 pu-

1763 4765 1921 4819 dendi
1955 4764 2140 4835 lapsus
2168 4766 2221 4819 in
2249 4777 2489 4820 errorem
2522 4762 2836 4818 Graecorum
2870 4779 2899 4817 a
2934 4761 3121 4818 Latina
3145 4764 3338 4819 Eccle-

1764 4858 1844 4913 sia
1886 4859 2224 4924 damnatum,
2283 4857 2543 4912 aientium
2584 4871 2611 4909 a
2667 4855 2832 4912 Patro
2876 4855 2993 4912 solo
3042 4849 3340 4926 procedere

1767 4953 2028 5021 Spiritum
2062 4964 2349 5018 sanctum;
2407 4967 2436 5004 a
2485 4949 2682 5019 quibus
2715 4949 2765 5004 is
2790 4959 2968 5004 tamen
3017 4949 3187 5018 culpis
3223 4949 3341 5004 lon—

1766 5043 1990 5113 gissime
2031 5043 2224 5098 abfuit.
2259 5040 2714 5096 Animadvertere
2741 5041 2905 5113 igitur
2935 5057 3070 5113 opus
3103 5052 3209 5106 est,
3240 5055 3338 5097 ca-

1772 5138 1967 5193 tholica
2002 5137 2182 5192 doceri
2221 5136 2449 5192 veritate
2494 5151 2600 5190 non
2635 5150 2758 5192 esse
2789 5134 2893 5190 nisi
2930 5151 3102 5190 unum
3127 5137 3333 5204 princi-

1770 5230 1914 5298 pium
1948 5233 2123 5284 sancti
2163 5228 2422 5298 Spiritus,
2450 5229 2577 5284 licet
2609 5227 2657 5283 is
2693 5241 2758 5282 ex
2810 5226 2978 5282 Patre
3004 5244 3095 5294 per
3119 5227 3339 5293 Filium,

1770 5332 1828 5376 ut
1862 5323 2032 5377 ϐττιιεί
2087 5323 2281 5376 Patres
2315 5322 2633 5388 loquuntur,
2667 5329 2722 5374 et
2762 5335 2827 5376 ex
2857 5319 3020 5374 Patre
3072 5318 3339 5392 Filioque,

1769 5427 1827 5469 ttt
1867 5414 2041 5469 Latini
2073 5428 2196 5469 vere
2245 5414 2589 5467 deelarantcs
2636 5412 2776 5467 idem
2809 5411 3113 5482 proferunt,
3146 5429 3343 5484 proce-

1769 5511 1877 5562 dat.
1913 5507 2076 5561 Pater
2115 5509 2256 5561 enitn
2291 5519 2347 5558 ut
2392 5506 2684 5561 essentiam
2723 5518 2778 5562 et
2809 5517 3062 5560 naturam
3103 5506 3343 5562 divinant

1768 5599 1912 5656 Filio
1929 5616 2023 5671 per
2048 5598 2451 5669 generationem
2479 5598 2865 5664 communicat,
2895 5599 2966 5652 ita
2993 5597 3166 5653 eidem
3194 5599 3345 5671 priu-

1771 5693 1972 5763 cipium
2021 5693 2234 5765 spirans
2291 5693 2406 5746 sive
2455 5691 2812 5762 spirationem
2873 5691 3104 5747 activam
3153 5691 3343 5761 tradit,

1769 5787 1908 5843 adeo
1942 5793 2001 5841 ut
2046 5783 2504 5855 quemadmodum
2553 5785 2742 5839 eadem
2793 5797 3023 5838 numero
3061 5791 3253 5838 natura
3288 5791 3346 5837 et

1775 5878 2007 5936 essentia
2041 5875 2224 5934 divina
2252 5873 2400 5932 Patri
2431 5873 2696 5945 Filioque,
2747 5873 2873 5933 licet
2901 5871 3091 5942 duabu-
3135 5871 3341 5953 alioqui
