4058 6298
711 360 822 438 787

1631 338 1700 445 VP.
1737 374 2040 444 POSSINI
2073 384 2727 449 OBSERVATIONUM
2769 389 2925 451 LIB.
2965 387 3048 451 Il.
3847 385 3930 451 ιιι

702 483 978 573 distinctis
1000 488 1244 560 personis
1276 498 1440 555 tuest,
1469 487 1543 546 ita
1573 492 1901 562 principium
1926 495 2143 563 spirans
2167 495 2282 550 sive
2312 502 2355 558 Α
2389 507 2645 579 utrosque
2676 496 3065 557 stabiliendum
3092 497 3399 573 oportebat,
3436 496 3579 552 ultro
3604 499 3816 558 damnat
3857 501 3932 551 tat-

704 583 934 651 spiratiu
963 583 1137 639 aetiva
1164 602 1268 642 una
1306 587 1605 654 eademque
1645 603 1874 642 numero
1908 589 1962 641 in
1997 587 2158 645 Patre
2192 603 2285 661 ge-

707 687 954 744 nerante,
1005 678 1058 732 in
1089 677 1230 734 Filio
1276 679 1461 748 genito
1490 679 1802 750 reperitur;
1853 681 1995 736 unde
2021 681 2079 736 iit
2113 689 2171 736 ut
2216 697 2284 737 ex

707 772 871 827 unico
904 773 1172 844 principio
1218 776 1480 846 procedat
1531 774 1786 846 Spiritus,
1824 779 2173 847 quantumvis
2232 776 2284 831 id

707 866 1038 935 principium
1075 867 1291 922 unicum
1345 867 1728 924 iudistinctum
1767 869 1822 925 in
1854 870 2062 924 duabus
2101 885 2286 940 perso-

709 959 795 1014 ttis
827 960 1093 1016 subsistat
1135 959 1534 1017 identiﬁcatnm
1573 962 1826 1032 utrique.
1849 962 2003 1019 Unde
2034 963 2198 1019 etiam
2227 963 2286 1016 lit

707 1060 792 1116 ιιι,
839 1057 983 1123 quod
1016 1055 1222 1126 diserte.
1256 1055 1421 1110 tradit
1474 1054 1536 1111 S.
1564 1055 1831 1111 Maximus
1886 1057 1938 1112 in
1986 1056 2131 1111 Dial.
2163 1073 2282 1112 cum

705 1145 897 1201 Anum.
929 1188 944 1210 ,
973 1146 1134 1201 Pater
1164 1159 1412 1203 sanctum
1451 1148 1719 1218 Spiritum
1753 1149 1914 1220 727
1954 1165 2058 1220 non
2088 1151 2285 1220 produ-

704 1249 794 1295 Cttl
824 1255 927 1308 qua
961 1238 1125 1294 Pater
1153 1249 1237 1296 est
1282 1238 1371 1313 [P.
1395 1239 1524 1313 5l81
1577 1240 1740 1312 (nam.
1779 1241 2017 1309 Spiritus
2051 1240 2282 1297 Patrem

708 1348 814 1388 non
849 1335 1062 1404 habet),
1094 1350 1192 1390 nec
1222 1335 1392 1391 Filius
1429 1347 1678 1391 sanctum
1711 1336 1970 1406 Spiritum
2002 1337 2282 1407 producat,

703 1441 810 1495 qua
860 1425 1028 1481 Filius
1063 1437 1146 1482 est
1170 1426 1363 1496 (Filius
1389 1429 1535 1483 enim
1570 1439 1627 1484 ut
1652 1427 1820 1484 Filius
1855 1431 2028 1486 solum
2063 1415 2282 1485 P.:trem

705 1520 977 1590 respicit),
1007 1521 1100 1575 sed
1135 1530 1242 1574 tam
1278 1519 1442 1577 Pater
1478 1539 1638 1593 quam
1680 1522 1849 1578 Filius
1893 1534 2120 1579 eatenus
2159 1535 2281 1579 tan-

706 1625 818 1669 tum
872 1616 1181 1684 producant
1240 1616 1532 1686 Spiritum,
1563 1627 1832 1687 quatenus
1889 1619 2282 1673 identilicatum

705 1709 806 1765 sibi
835 1710 1068 1780 quisque
1095 1709 1364 1776 obtinent,
1410 1720 1465 1765 et
1500 1721 1758 1766 exercent
1788 1713 2007 1766 unicum
2038 1709 2285 1766 iu-Jivisi-

704 1803 814 1860 bile
839 1803 1084 1875 spirandi
1115 1805 1473 1876 principium,
1512 1805 1657 1878 quod
1691 1807 1918 1876 spiratio
1961 1808 2135 1863 activa
2186 1821 2284 1860 vo—

705 1899 820 1953 cari
877 1899 1177 1970 prtesertim
1224 1900 1277 1955 in
1329 1898 1533 1955 scholis
1568 1900 1726 1956 solet.
1783 1900 2093 1955 Doctrinam
2145 1899 2287 1954 hanc

708 1995 930 2064 antiqua
975 1993 1231 2048 continue
1276 1994 1569 2049 traditione
1612 1994 1736 2048 inde
1788 2009 1958 2063 usque
2000 2009 2027 2047 a
2063 1993 2283 2049 Christo

709 2092 764 2141 ιιι
787 2084 1053 2155 apostolis
1096 2086 1499 2150 transmissam,
1542 2085 1621 2139 sic
1670 2086 1871 2140 diserte
1902 2085 2108 2141 Graecis
2153 2085 2288 2154 ipsis

707 2180 1133 2249 agnoscentibus
1162 2187 1216 2233 et
1250 2163 1689 2246 admittentibus,
1721 2181 1954 2250 explicat
1992 2180 2286 2236 concilium

711 2271 1108 2329 muruenicum
1164 2271 1522 2344 Lugdunense
1575 2283 1627 2328 et
1658 2288 1707 2328 et
1763 2285 1944 2327 coram
1985 2272 2287 2343 prassideus

711 2364 1005 2437 Gregorius
1036 2367 1081 2423 Χ
1114 2377 1265 2438 ροηι.
1293 2382 1440 2422 max.
1472 2354 1758 2424 Decretum
1782 2367 1833 2422 id
1862 2369 2038 2422 refero
2067 2375 2223 2436 prout
2257 2380 2286 2422 a

713 2457 959 2518 Manuele
997 2459 1196 2518 Calcca
1253 2464 1536 2529 recitatur,
1576 2461 1737 2533 quale
1775 2462 1922 2517 illinc
1955 2462 2021 2517 ad
2067 2460 2287 2515 ϐιαιως

713 2559 940 2613 tuissqu
982 2555 1223 2625 ipsorum
1261 2557 1442 2629 lingua
1473 2567 1576 2612 est.
1607 2557 1656 2612 Is
1692 2558 1834 2611 enim
1885 2559 2128 2628 scriptor
2152 2555 2290 2611 libro

710 2645 913 2709 Contra
945 2648 1180 2715 Gra'cds,
1210 2666 1260 2708 c.
1300 2650 1393 2716 '59,
1422 2650 1502 2705 sic
1535 2649 1699 2705 habet
1727 2667 1744 2708 :
1778 2650 2085 2722 Γρηγόριος
2132 2652 2190 2704 ὲν
2218 2651 2283 2723 τῇ

711 2745 858 2799 κατὰ
886 2744 1223 2814 Λούγδουνον
1255 2743 1694 2816 συγκροτηθείσῃ
1741 2739 2011 2814 καθολικῇ
2058 2742 2286 2814 συνόδῳ.

671 2899 674 2902 ,
713 2837 950 2894 Εὖλσσεϊ
980 2839 1078 2892 καὶ
1125 2841 1294 2911 πιστῇ
1325 2839 1588 2910 ὁμολογὶᾳ
1638 2839 1821 2910 φαμὲν
1853 2839 1912 2892 τὸ
1972 2834 2196 2905 Πνεῦμα
2229 2818 2290 2888 το

713 2934 871 3005 ἅγιον
906 2933 1093 2999 arata;
1144 2937 1209 2989 bs
1247 2933 1461 3005 Πατρδς
1507 2932 1606 2990 καὶ
1641 2932 1795 2997 Υἱοῦ,
1851 2931 1949 3002 οὐχ
1979 2931 2055 2995 ὡς
2097 2933 2161 2984 ἐκ
2196 2928 2290 2985 δῦο

714 3028 922 3100 ἀρχῶν,
954 3027 1070 3083 ἀλλ’
1099 3027 1174 3092 ὡς
1205 3028 1268 3081 ὲκ
1299 3029 1450 3100 μιᾶς.
1487 3029 1548 3082 οὐ
1587 3026 1708 3081 δυσὶ
1743 3024 2088 3096 πνεύσεσινῆ
2122 3027 2290 3078 ἐκπο-

715 3124 992 3197 ρσύσεσιν,
1017 3122 1152 3177 ἀλλὰ
1180 3125 1280 3194 μιᾷ
1307 3125 1399 3175 καὶ
1425 3123 1492 3193 τῇ
1515 3121 1653 3194 αὐτῇ
1677 3121 2096 3190 ἐκπορεύεσθαι.
2120 3116 2290 3173 Τοῦτο

2389 607 2480 645 sas
2535 591 2822 661 Opinioues
2880 591 3013 646 istas
3068 601 3119 646 et
3173 601 3231 646 ut
3301 591 3588 646 haereticos
3651 589 3931 659 prusscrilrit.

2392 682 2566 740 Verba
2592 685 2710 755 ejus
2747 685 3124 755 superioribus
3151 685 3409 741 cominus
3441 683 3533 739 hic
3564 683 3930 738 describamus.

2400 779 2544 835 ἈΠ’
2572 780 2693 834 ἐπεί
2725 796 2873 843 τινες
2901 778 2990 833 διὰ
3021 779 3121 848 τῆς
3154 776 3436 849 oppanso
3466 775 3676 845 ταύτης
3707 773 3933 838 ἀληθείας

2385 873 2612 941 ἄγνοιαν
2659 874 2740 936 εἰς
2793 870 3046 935 ποικίλας
3077 870 3318 941 αἱρέσεις
3352 867 3763 936 ὑπω).ίσθησαν,
3803 866 3934 936 ἡμεῖς

2387 967 2569 1020 πᾶσαν
2616 965 2736 1020 ὁδὸν
2789 967 2909 1028 ταῖς
2945 963 3222 1028 τοιαύταις
3258 963 3539 1032 αἱρέσεσιν
3587 960 3935 1032 ἀποφράττειν

2386 1056 2808 1126 ἐπιθυμοῦντες,
2859 1058 2959 1130 τῆς
3005 1058 3161 1127 ἱερᾶς
3194 1054 3691 1128 συμψηφιζομένης
3724 1053 3934 1118 συνόδου,

2387 1153 2550 1223 728
2573 1153 2975 1224 κστοικρίνομεν
3001 1155 3094 1208 καὶ
3118 1149 3598 1221 ἀποδοκιμάζομεν
3615 1149 3820 1212 πάντας
3833 1150 3937 1210 τοὶς

2382 1244 2668 1313 ἀρνεῖσθαι
2697 1245 3014 1315 τολμῶντας
3038 1243 3272 1307 αἰωνίως
3295 1246 3358 1296 ἐκ
3383 1243 3595 1315 Harpe;
3626 1243 3723 1295 καὶ
3752 1241 3870 1294 Υἱοῦ
3892 1241 3936 1292 si

2386 1339 2539 1406 ἅγιον
2569 1337 2965 1410 ἐκπορεύεσθαι
3005 1337 3249 1408 Πνεῦμακ
3280 1335 3315 1408 ἢ
3344 1337 3614 1407 προπετεῐ
3646 1353 3761 1388 τινι
3786 1334 3938 1406 τόλμῃ

2381 1431 2816 1503 διισχυρίζεσθαι
2845 1431 2921 1493 ne
2979 1431 3207 1501 Πνεῦμα
3256 1430 3320 1483 ὲκ
3357 1429 3569 1501 Harpe;
3604 1428 3701 1482 καὶ
3731 1427 3855 1481 Υἱοῦ
3881 1429 3938 1490 ὡς

2383 1530 2526 1584 δυοῖν
2558 1524 2898 1599 ἀρχῶν.ἀλλ’
2927 1526 3027 1596 οὐχ
3053 1520 3125 1584 ὡς
3150 1527 3214 1577 ὲκ
3247 1525 3379 1594 μιᾶς
3409 1519 3827 1594 ἐκπορεύεσθαι·
3857 1520 3938 1575 Sed

2383 1623 2632 1692 quoniam
2683 1634 2776 1687 per
2818 1616 3206 1689 irrefragabilis
3246 1617 3397 1670 istius
3440 1616 3801 1687 ignorantiam
3827 1613 3939 1666 reri-

2389 1716 2509 1768 tatis
2533 1715 2586 1769 in
2609 1713 2787 1768 uarias
2810 1712 3032 1767 htrreses
3057 1710 3276 1781 quidam
3302 1709 3536 1779 prolapsi
3562 1718 3710 1771 sunt,
3735 1724 3824 1761 nos
3851 1723 3940 1760 oat-

2387 1826 2502 1864 netu
2537 1809 2740 1862 aditum
2771 1801 3070 1860 istiusmodi
3124 1803 3414 1859 haresibns
3449 1804 3724 1856 obstruere
3757 1801 3941 1870 cupien-

2391 1910 2488 1969 tes,
2540 1917 2693 1956 sacro
2724 1899 3046 1970 suffragante
3083 1897 3328 1960 concilio,
3354 1896 3672 1950 damnamus
3713 1906 3760 1946 et
3792 1910 3941 1956 repro-

2389 1999 2573 2052 bamus
2627 2013 2803 2053 omnes
2839 1995 2929 2069 qui
2969 2011 3158 2067 negare
3184 1993 3612 2063 prasttmpserint
3643 1992 3942 2046 a’ternaﬁter

2391 2091 2676 2166 Spiritum.
2708 2101 2953 2146 sanctum
2987 2106 3052 2146 ea:
3088 2087 3255 2144 Patre
3284 2099 3332 2144 et
3360 2087 3501 2142 Filio
3530 2090 3836 2156 procedere,
3869 2095 3942 2139 aut

2386 2187 2478 2256 qui
2522 2186 2800 2263 temerario
2855 2200 2991 2238 ausu
3037 2184 3364 2238 asseruerint
3408 2180 3668 2251 Spiritum
3699 2197 3764 2236 ea:
3804 2183 3943 2234 Patre

2388 2292 2434 2334 et
2473 2278 2613 2335 Filio
2660 2288 2910 2350 tanquam
2943 2293 3006 2330 ex
3037 2273 3239 2329 duobus
3294 2274 3572 2344 principiis
3621 2283 3673 2328 et
3710 2290 3810 2328 non
3843 2284 3941 2327 tan-

2389 2391 2545 2446 quam
2577 2389 2641 2427 ex
2680 2388 2783 2428 uno
2830 2369 3130 2442 procedere.
3181 2367 3305 2423 llzec
3337 2366 3630 2439 Gregorius
3675 2365 3725 2421 Χ
3757 2368 3806 2421 in
3837 2381 3942 2420 cou-

2391 2468 2518 2525 ciliu
2560 2465 2928 2540 Lugdunensi.
2964 2463 3037 2519 Ex
3069 2461 3266 2533 quibus
3315 2473 3538 2530 apparet
3582 2477 3749 2531 quam
3781 2469 3943 2514 exacte

2390 2562 2456 2618 ad
2487 2557 2806 2617 catholicam
2863 2559 3166 2622 veritatem,
3215 2556 3487 2626 quamque
3512 2553 3649 2609 citra
3698 2553 3942 2624 suspicio-

2393 2673 2513 2712 nem
2556 2654 2767 2710 fari-udi
2817 2652 3131 2708 Cra-eorum
3183 2650 3385 2713 errori,
3439 2659 3550 2704 tres
3609 2647 3736 2701 illos
3764 2645 3942 2701 Vercus

2392 2732 2877 2805 anathematismos
2916 2745 3160 2801 formulae
3205 2743 3327 2799 iidei
3370 2742 3666 2812 quotannis
3709 2742 3762 2794 in
3792 2739 3942 2794 eccle-

2392 2847 2473 2900 sia
2510 2845 2595 2899 die
2623 2842 2960 2898 orthodoxiae
3011 2840 3227 2894 recitari
3275 2835 3448 2894 solitre
3500 2835 3796 2891 addiderit.
3831 2833 3942 2888 Cum

2392 2942 2535 2995 enim
2570 2938 2858 2993 anathema
2895 2935 3027 2990 dixit
3059 2936 3104 2990 ei
3148 2934 3238 3003 qui
3289 2932 3589 2988 aiiirtuar'et
3619 2930 3819 2985 Filium
3845 2940 3943 2983 esse

2392 3049 2614 3090 causam
2659 3033 2773 3087 sive
2806 3029 3134 3102 principium
3177 3025 3432 3099 Spiritus,
3460 3039 3507 3080 et
3543 3024 3594 3080 ei
3637 3024 3847 3094 pariter
3869 3019 3938 3091 qui

2392 3128 2600 3185 diceret
2635 3123 2826 3181 Filillﬂl
2859 3140 2979 3182 esse
3010 3137 3332 3177 coucausam
3364 3123 3480 3176 sive
3510 3116 3940 3186 comprincipium

709 3215 919 3270 ἄνωθεν
945 3214 1215 3287 ὡμολόγει
1247 3215 1342 3268 καὶ
1367 3213 1610 3269 διδάσκει
1640 3214 1674 3284 ὴ
1704 3211 1826 3284 ἱερὰ
1849 3199 2104 3279 κατὰ-(επ
2147 3209 2281 3264 Ῥω-

2393 3239 2499 3279 uua
2528 3206 2646 3276 ruzn
2682 3216 2838 3274 Patre
2861 3217 3104 3287 ejusdem
3140 3213 3394 3284 Spiritus,
3426 3211 3695 3266 intellexit
3721 3210 3788 3264 de
3814 3207 3941 3278 priu-

712 3309 884 3381 μσῖκὴ
926 3307 1246 3379 Ἐκκλησία,
1274 3308 1309 3379 ἡ
1338 3308 1522 3378 μήτηρ
1551 3304 1770 3360 πάντων
1797 3304 1907 3359 τῶν
1939 3303 2149 3358 πιστῶν
2187 3303 2276 3357 καὶ

708 3402 1050 3468 διδάσκαλος.
1081 3389 1279 3456 τοῦτο
1331 3401 1550 3472 κατέχει
1585 3400 1620 3472 ἡ
1653 3397 1762 3453 τῶν
1791 3396 2088 3470 ὁρθοδὸξων
2120 3395 2294 3450 Πατέ-

717 3512 827 3566 pinv
851 3495 942 3549 καὶ
969 3494 1308 3548 διδασκάλων
1331 3493 1438 3546 τῶν
1470 3508 1548 3544 ιτε
1594 3490 1840 3546 Λατίνων
1869 3491 1961 3545 καὶ
1988 3489 2095 3542 τῶν
2126 3487 2293 3559 Γραι-

714 3588 826 3644 κῶν
858 3587 1064 3661 ἀληθὴς
1093 3591 1186 3642 καὶ
1216 3587 1618 3659 ἁμετακίνητος
1649 3585 1848 3656 ψῆφος,
1883 3587 1983 3640 hoc
2010 3596 2130 3641 est:
2163 3583 2293 3640 Gre-

714 3686 892 3765 gorius
929 3683 1176 3738 Decimus
1224 3684 1278 3738 in
1313 3683 1454 3753 apud
1485 3680 1803 3753 Lugdunum
1833 3690 2142 3750 congregata
2172 3678 2293 3732 uni-

713 3779 909 3833 uersali
963 3777 1185 3851 synodo.
1223 3775 1417 3832 Devom
1445 3785 1490 3832 ct
1520 3775 1666 3845 ﬁdeli
1699 3774 2027 3845 confessione
2067 3773 2290 3827 dicimus

702 3871 974 3947 .Spiiitum
1009 3883 1243 3928 sanctum
1270 3870 1591 3927 aeternatiter
1613 3886 1677 3926 ea:
1707 3867 1864 3923 Patre
1894 3876 1941 3923 et
1974 3865 2137 3932 Filio,
2189 3879 2292 3921 non

717 3976 966 4038 tanquam
998 3981 1062 4021 ea;
1092 3965 1295 4019 duobus
1328 3963 1618 4034 principiis,
1658 3962 1750 4018 sed
1781 3971 2035 4033 tanquam
2066 3975 2130 4014 ea:
2164 3973 2291 4026 uno,

717 4076 817 4116 non
860 4059 1062 4117 duabus
1093 4058 1470 4128 spirationibtts
1497 4069 1588 4113 aut
1613 4055 2050 4128 processionibus,
2069 4053 2157 4108 sed
2185 4067 2292 4106 una

719 4170 766 4211 et
796 4157 973 4211 eadem
1008 4154 1303 4227 procedere.
1345 4152 1456 4209 Hoc
1487 4155 1738 4206 hactenus
1764 4149 2006 4221 professa
2033 4156 2132 4212 est,
2156 4163 2295 4216 pra?-

718 4250 936 4315 dicauit,
954 4249 1154 4314 docuit,
1179 4248 1273 4302 hoc
1296 4246 1525 4317 ﬁrmiter
1544 4253 1699 4308 tenet,
1717 4246 1993 4313 prmdicat,
2016 4241 2295 4312 proﬁtetur

717 4355 764 4399 et
814 4343 964 4398 docet
1011 4351 1352 4399 sacrosancta
1399 4336 1642 4394 Romana
1681 4335 1942 4398 Ecclesia,
1976 4345 2144 4391 mater
2182 4351 2294 4390 om-

720 4440 865 4493 nium
899 4436 1135 4508 fidelium
1159 4445 1206 4490 et
1237 4436 1518 4507 magistra.
1553 4430 1666 4489 Hoc
1692 4431 1846 4486 habet
1875 4432 2292 4487 ortltodozrornm

719 4531 944 4588 Patrum
975 4541 1126 4602 atque
1163 4529 1432 4586 doctorum
1485 4525 1796 4582 Latinorum
1841 4527 2042 4597 pariter
2068 4536 2114 4580 et
2148 4522 2295 4580 Crte-

719 4645 897 4681 corum
942 4644 1061 4681 uera
1095 4634 1144 4680 et
1174 4622 1618 4679 incommutabilis
1640 4624 1918 4678 sententia.
1948 4617 2022 4675 ita
2054 4620 2124 4675 ibi
2155 4619 2291 4674 Grc-

719 4723 905 4794 gurius
936 4719 1006 4788 Χ,
1040 4719 1223 4777 statim
1253 4727 1374 4788 post
1399 4716 1644 4772 iudicans
1673 4730 1738 4771 ex
1777 4716 1874 4769 ista
1910 4729 2013 4768 non
2043 4713 2179 4769 satis
2206 4711 2293 4765 di-

722 4816 918 4874 stincte
942 4817 1228 4871 observata
1265 4812 1495 4868 veritate
1525 4813 1704 4881 lapsos
1735 4810 1996 4881 quosdam
2030 4805 2085 4881 in
2114 4805 2292 4862 varias

726 4910 982 4973 increscs,
1027 4921 1220 4979 nempe
1252 4908 1388 4960 duas
1441 4903 1574 4959 istas
1605 4917 1636 4958 e
1684 4901 1959 4956 contrario
1992 4902 2290 4969 oppositas,

721 5005 1018 5062 dicentium
1050 5017 1115 5057 ex
1148 5000 1263 5056 solo
1294 4997 1454 5054 Patre
1504 4995 1798 5069 procedere
1846 5005 2092 5049 sanctum
2123 4993 2296 5063 Spiri-

723 5113 858 5164 ttttn,
899 5109 951 5155 et
987 5085 1367 5159 allirmatriium
1420 5109 1481 5147 ex
1535 5093 1697 5148 Patre
1750 5089 1990 5156 Fil‘oque
2045 5088 2303 5143 currulem-

721 5205 981 5266 tanquam
1050 5208 1115 5247 ex
1180 5177 1392 5246 duobus
1430 5190 1725 5261 procedere
1786 5188 2088 5256 principiis.
2138 5183 2290 5252 Quod

722 5300 1013 5356 utrumque
1043 5286 1315 5342 exorbitat
1349 5300 1376 5339 τι
1418 5295 1562 5338 recta
1604 5283 1724 5344 lida,
1763 5283 1888 5336 hinc
1915 5284 1979 5333 ad
2011 5283 2289 5334 dexteram

726 5382 883 5438 illanc
911 5381 975 5435 ad
1011 5381 1289 5436 sinistram
1322 5379 1391 5432 ab
1423 5395 1525 5432 una
1550 5392 1675 5432 vera
1700 5379 1800 5430 sita
1837 5378 1886 5428 in
1919 5374 2097 5428 medio
2125 5376 2289 5428 delle-

725 5491 880 5534 ctens
923 5477 1026 5528 via.
1055 5473 1188 5540 Quia
1231 5488 1362 5548 vero
1412 5474 1549 5527 hanc
1586 5475 1874 5524 secundum
1911 5471 2154 5523 haeresim
2187 5473 2294 5520 duo

721 5556 940 5641 Spiritui
972 5579 1164 5626 sancto
1201 5565 1466 5638 principia
1523 5565 1897 5634 assignantem
1936 5563 2106 5619 Grtcci
2143 5563 2291 5617 ιτειί-

721 5666 805 5721 nis
841 5661 1201 5733 imputabant,
1234 5668 1288 5714 et
1335 5657 1569 5729 priorem
1622 5653 1765 5708 Patri
1821 5653 1920 5709 soli
1955 5655 2070 5723 ejus
2099 5653 2293 5720 prudn-

718 5756 954 5823 ctiuucm
1003 5753 1339 5811 tribuentem
1392 5748 1568 5804 Latini
1627 5749 1864 5804 vicissim
1926 5749 2292 5817 inzpingebant

708 5845 941 5912 Graecis,
992 5857 1054 5908 ut
1102 5858 1295 5902 atuuos
1340 5855 1433 5900 aut
1467 5861 1656 5902 errore
1694 5855 1787 5898 aut
1831 5844 2138 5912 suspicione
2173 5843 2290 5895 istis

711 5943 1009 6013 Gregorius
1054 5944 1338 6013 purgaret,
1390 5949 1548 6011 prout
1586 5939 1650 5995 sd
1700 5942 2114 5996 consensionem
2152 5936 2290 5992 inter

2387 3318 2528 3388 cipio
2561 3331 2662 3385 quo
2690 3316 2804 3369 sive
2837 3311 3078 3382 formati,
3113 3320 3171 3363 ut
3203 3309 3502 3378 loquuntur
3542 3307 3595 3361 iu
3629 3303 3855 3366 scholis,
3879 3301 3943 3354 ni-

2396 3410 2590 3463 ilzli'lllli
2622 3407 2910 3473 spiratione
2936 3401 3127 3467 activa,
3154 3416 3273 3470 quae
3305 3414 3428 3453 cum
3462 3396 3528 3451 sit
3563 3411 3674 3450 una
3704 3393 3944 3449 eteadem

2395 3495 2806 3554 indivisibilitcr
2839 3482 3112 3548 ex’sistetts
3153 3491 3204 3544 in
3236 3489 3395 3544 Patre
3428 3500 3481 3544 et
3509 3485 3671 3548 Filio.
3699 3496 3754 3542 et
3785 3485 3845 3539 sb
3871 3482 3948 3537 illo

2396 3589 2519 3648 huic
2549 3589 2972 3654 communicata,
3009 3587 3116 3642 dici
3143 3602 3243 3641 non
3271 3595 3447 3656 potest
3474 3593 3786 3651 competere
3810 3579 3944 3641 Filio.

2396 3702 2498 3755 qua
2540 3685 2761 3756 praecise
2810 3682 2980 3738 Filius
3013 3692 3094 3736 est
3122 3696 3336 3752 quaque
3373 3677 3459 3752 [Ρ.
3489 3677 3614 3752 519]
3646 3676 3796 3732 Patri
3829 3675 3948 3730 rela-

2399 3781 2506 3834 tive
2543 3781 2838 3850 opponitur
2888 3785 2942 3832 et
2991 3776 3058 3832 ab
3103 3791 3169 3830 eo
3219 3773 3595 3844 distinguitur,
3627 3771 3948 3842 spiratioam

2396 3875 2642 3941 activam,
2673 3875 2786 3928 sive
2842 3870 3135 3926 rationem
3167 3865 3419 3939 principii
3475 3876 3728 3935 respectu
3787 3859 3943 3918 sancti

2395 3968 2652 4038 Spiritus,
2685 3966 2812 4037 quia
2863 3964 3162 4020 secundum
3214 3962 3372 4017 istam
3418 3959 3686 4014 rationem
3739 3971 3838 4012 non
3881 3952 3949 4007 di-

2396 4061 2630 4118 stinctus
2658 4077 2686 4112 a
2715 4059 2898 4124 Patro,
2925 4059 3021 4111 sed
3056 4056 3196 4110 idem
3227 4070 3348 4109 cum
3372 4053 3465 4109 illo
3493 4063 3597 4116 est,
3619 4051 3951 4122 quemadmo-
4026 4057 4027 4124 ς

2397 4156 2522 4209 dum
2555 4162 2609 4206 et
2637 4151 2936 4208 secundum
2969 4149 3232 4210 divinam,
3262 4162 3422 4217 quam
3455 4145 3583 4202 item
3614 4145 3685 4199 ab
3717 4145 3805 4198 illo
3826 4141 3949 4195 arci-
4026 4141 4027 4204 ᾗ

2396 4248 2496 4319 pit,
2525 4247 2816 4302 essentiam
2849 4254 2902 4299 et
2937 4255 3209 4298 naturam.
3254 4242 3330 4294 Ac
3363 4249 3584 4309 prapter
3611 4238 3855 4293 eamdem
3880 4250 3948 4286 ra-

2400 4343 2602 4398 tionem
2647 4352 2928 4410 perperam
2984 4337 3254 4389 diceretur
3307 4332 3744 4403 camprincipium
3795 4326 3840 4383 F
3861 4329 3944 4380 (ius

2398 4433 2554 4492 Patri
2589 4443 2821 4504 respectu
2843 4433 3010 4488 sancti
3037 4430 3292 4498 Spiritus,
3322 4428 3366 4484 si
3397 4428 3574 4498 agitur
3607 4429 3674 4481 de
3706 4423 3944 4498 principio

2397 4547 2528 4601 quo,
2563 4529 2705 4599 quia.
2745 4526 2981 4583 iudicata
3028 4522 3390 4592 comprincipii
3449 4519 3714 4574 vocabulo
3741 4515 3946 4572 duaiitas

2399 4622 2791 4694 principiorum
2859 4617 3318 4687 simplicissimatu
3391 4614 3735 4669 identitatent
3809 4612 3944 4665 unius

2399 4712 2714 4780 spirationis
2751 4709 2939 4764 activae
2998 4707 3052 4761 in
3090 4706 3249 4760 Patre
3308 4705 3469 4760 simul
3509 4720 3572 4760 ac
3627 4705 3763 4759 Filio
3794 4703 3943 4757 subsi-

2398 4805 2608 4861 stentis.
2651 4805 2925 4858 videretur
2975 4802 3290 4856 excludere.
3341 4797 3505 4871 idque
3535 4800 3672 4855 satis
3713 4795 3947 4854 indicavit

2399 4902 2517 4973 ipse
2577 4900 2785 4956 Veccus
2816 4912 2872 4952 se
2920 4898 2995 4952 ita
3045 4895 3364 4966 intelligere,
3412 4908 3534 4947 cum
3581 4888 3947 4961 p.52,Grmcis

2397 4993 2803 5066 objicientibus,
2859 5005 2926 5046 ex
2979 5004 3045 5045 eo
3077 4989 3219 5058 quod
3265 4988 3379 5057 ipse
3413 5003 3534 5042 cum
3587 4985 3793 5040 Latinis
3829 4982 3948 5038 allii-

2395 5096 2574 5144 maret
2628 5084 2889 5156 Spiritum
2955 5091 3201 5137 sanctum
3263 5094 3329 5134 ex
3364 5079 3522 5134 Patre
3573 5093 3627 5132 et
3667 5077 3799 5132 Filio
3839 5090 3945 5146 pro-

2398 5160 2612 5243 cedere,
2649 5179 2934 5233 manifeste
2981 5176 3131 5247 sequi
3171 5175 3363 5231 Filium
3411 5174 3515 5226 dici
3546 5183 3796 5242 oportere
3821 5171 3946 5238 prin-

2397 5276 2597 5344 cipiunt
2635 5274 2873 5342 Spiritus
2909 5271 3082 5325 sancti
3139 5279 3227 5322 aut
3288 5267 3477 5320 saltem
3524 5265 3943 5336 coruprincipium

2398 5387 2498 5423 una
2537 5385 2658 5423 cum
2698 5367 2875 5426 Patre,
2902 5368 3195 5429 respondet
3231 5377 3335 5414 uou
3382 5361 3553 5430 magis
3589 5373 3789 5414 rectam
3823 5360 3938 5409 hanc

2396 5479 2516 5519 esse
2559 5449 2966 5521 cuiiectiuuem,
2992 5455 3150 5510 Pater
3198 5466 3312 5508 cum
3357 5453 3496 5507 Filio
3529 5466 3603 5507 est
3659 5451 3941 5523 principium

2395 5560 2563 5613 sancti
2597 5557 2849 5627 Spiritus,
2899 5570 3021 5623 ergo
3054 5553 3158 5604 duo
3183 5559 3300 5605 sunt
3335 5550 3594 5619 principia
3644 5548 3806 5603 sancti
3836 5544 3942 5610 Spit

2399 5654 2553 5717 ritus,
2583 5667 2745 5719 quam
2780 5649 2934 5705 istam
2963 5649 3186 5702 alterum
3244 5648 3310 5697 ab
3362 5645 3615 5707 omnibus
3658 5647 3771 5698 sine
3803 5638 3944 5695 dubio

2395 5746 2789 5820 esplodeudam
2819 5763 2836 5797 ι
2875 5743 3034 5796 Pater
3087 5749 3161 5794 est
3185 5727 3446 5816 perfectus
3492 5736 3652 5800 Deus,
3687 5733 3848 5790 Filius
3876 5740 3941 5784 est

2395 5842 2655 5911 perfeftus
2707 5837 2870 5899 Deus,
2900 5835 3131 5904 Spiritus
3164 5843 3376 5889 sanctus
3399 5840 3476 5885 est
3498 5830 3756 5899 perfectus
3787 5827 3939 5880 Deus:

2394 5952 2523 6008 ergo
2547 5949 2647 5988 ncs
2677 5940 2801 5987 sunt
2827 5926 3040 6000 perfecti
3072 5927 3169 5983 dii.
3201 5925 3277 5982 ita
3300 5925 3369 5981 ibi
3393 5922 3620 5981 Veccus.
3652 5922 3797 5994 Quod
3816 5915 3936 5974 idtm
