4058 6298
263 429 384 496 789

1747 434 1980 495 NOT/E.

3423 420 3536 482 790

259 539 530 606 interius,
563 555 617 610 p.
674 539 762 604 92,
831 538 1080 606 repetiit,
1135 539 1187 592 in
1235 537 1600 608 disputatione
1661 545 1851 595 contra
1884 549 2016 607 ,μη
2056 539 2279 607 Veccus,
2315 539 2358 595 si
2391 538 2710 611 Pachymeri
2745 537 3040 600 credimus.
3086 534 3248 591 etiam
3300 532 3538 601 juratus.

269 634 644 704 patriarcham
682 631 997 703 Gregorium
1037 630 1318 702 Cyprium,
1344 634 1633 705 utrobique
1677 635 1848 706 signi-

273 727 472 792 ficans,
492 727 787 795 sicutIuna,
812 724 968 779 unice
995 723 1332 789 indistincta,
1360 724 1637 780 individua
1660 727 1851 782 divini-

272 829 362 874 tas
394 819 447 873 in
479 819 656 873 tribus
687 818 939 888 personis
972 817 1246 874 distinctis
1273 817 1454 884 Patre,
1489 819 1625 874 Filio
1654 828 1707 875 et
1732 821 1852 892 Spi-

272 911 384 966 ritu
436 921 622 965 sancto
671 909 986 964 subsistens
1023 923 1128 963 non
1193 913 1394 978 patitur
1424 924 1521 964 eos
1556 919 1685 965 tres
1721 911 1850 965 deos

271 1002 409 1063 dici,
437 1001 507 1054 ita
543 1015 678 1063 una,
712 1000 871 1054 unice
923 999 1274 1067 indistincta,
1299 1001 1580 1055 individua
1627 1002 1850 1071 spiratio

272 1095 450 1148 activa
469 1093 634 1165 729
655 1093 708 1148 in
729 1092 890 1148 Patre
913 1107 976 1148 ac
1001 1092 1136 1149 Filio
1154 1095 1422 1148 exsistens
1439 1110 1540 1147 non
1561 1096 1744 1150 sinere
1760 1111 1852 1150 eos

273 1187 383 1240 dici
414 1187 518 1240 duo
550 1185 818 1255 principia
839 1185 1073 1255 Spiritus
1108 1186 1304 1244 sancti.
1334 1186 1588 1242 Eamdem
1635 1205 1852 1260 quoque

274 1278 437 1332 istam
469 1279 731 1333 unitatem
760 1277 1080 1348 spirationis
1101 1281 1314 1344 activae,
1342 1282 1393 1335 in
1423 1280 1582 1336 Patre
1611 1281 1736 1337 licet
1765 1281 1856 1336 Fi-

274 1370 456 1440 lioque
493 1371 777 1427 distinctis
797 1372 1137 1438 essistentis,
1166 1374 1254 1428 illa
1278 1377 1596 1446 respiciunt
1620 1391 1742 1446 quae
1768 1387 1852 1430 re-

275 1463 449 1518 fertur
473 1481 502 1519 a
537 1473 721 1519 nostro
755 1465 1023 1521 historico
1054 1467 1280 1531 dixisse,
1321 1483 1374 1537 p.
1406 1469 1498 1534 32,
1527 1471 1629 1523 sub
1666 1472 1848 1533 tinem,

273 1559 322 1612 si
355 1558 683 1628 qnisinesse
730 1559 1070 1614 contenderit
1113 1562 1484 1631 prtepositioni
1517 1561 1605 1615 διά
1636 1579 1729 1632 per
1759 1579 1854 1617 no-

276 1653 484 1707 tionem
512 1667 709 1718 causa,
761 1668 881 1708 eum
933 1652 1058 1723 jure
1094 1656 1419 1711 temeritatis
1460 1656 1848 1712 accusandum.

278 1744 406 1801 Vult
458 1749 623 1817 enim,
675 1749 889 1820 quando
924 1747 1116 1804 Patres
1147 1742 1319 1806 Graeci
1365 1750 1552 1807 dicunt
1601 1763 1868 1807 sanctum~

279 1836 539 1908 Spiritum
571 1853 608 1894 a
656 1839 816 1894 Patre
865 1840 952 1894 διὰ
983 1840 1136 1906 Υἱοῦ,
1169 1857 1261 1911 per
1292 1827 1490 1895 Filium
1537 1844 1852 1912 procedere,

1954 633 2180 688 nimium
2216 647 2347 688 sane
2375 631 2690 696 liberaliter,
2719 640 2779 684 ut
2803 644 2912 684 non
2939 629 3116 684 dicam
3143 624 3307 696 730
3335 623 3543 696 injuste

1955 741 2018 780 ac
2048 725 2399 800 calumniose,
2434 725 2695 780 concedat
2732 723 2941 778 crimini
2985 721 3262 787 subiacere
3311 720 3542 774 maxime

1953 817 2139 884 Italos,
2173 817 2275 873 hoc
2310 828 2392 873 est
2428 815 2675 873 Latinam
2705 827 2758 872 et
2785 816 3085 870 Romanam
3118 812 3444 878 Ecclesium,
3474 827 3543 868 eo

1953 906 2094 973 quod
2127 920 2312 960 vocem
2350 903 2592 976 Filioque
2627 906 2943 974 apposuerit
2989 902 3268 976 Symbolo.
3306 902 3425 960 lloe
3463 904 3546 976 vi.

1952 1012 2069 1052 sum
2127 996 2228 1052 sibi
2277 973 2514 1054 audisse?
2548 998 2629 1069 (ut
2668 973 2880 1054 sonsus
2925 973 3210 1052 all‘ectibtts
3269 973 3541 1051 serviunt)

1953 1086 2362 1143 schismaticum
2391 1088 2731 1152 historicum.
2751 1089 2881 1144 dum
2905 1088 3032 1144 huic
3051 1087 3210 1143 Vecci
3233 1097 3287 1145 et
3313 1101 3543 1143 suorum

1952 1176 2264 1235 Graecorum
2296 1182 2688 1238 concertationi
2725 1183 3038 1250 interesset,
3067 1181 3228 1245 facile
3251 1195 3542 1239 concesse-

1952 1273 2054 1326 rim
2089 1289 2104 1326 :
2138 1270 2377 1328 Veceum
2407 1289 2599 1329 revera
2644 1275 2719 1330 ita
2766 1274 3008 1329 locutum
3034 1288 3180 1345 aegre
3214 1273 3454 1342 adducar
3483 1283 3543 1330 ut

1952 1365 2193 1420 credam.
2240 1349 2622 1434 Natnprolabi
2659 1367 2957 1436 scriptores
3010 1365 3191 1421 studio
3239 1368 3302 1421 ac
3350 1363 3540 1422 favore

1952 1474 2130 1514 causa:
2165 1461 2416 1531 propriae,
2453 1459 2760 1530 exemplum
2789 1459 2845 1514 in
2878 1459 2980 1514 hoc
3007 1458 3125 1529 ipso
3155 1472 3392 1528 praesens
3439 1457 3540 1513 ha-

1952 1551 2055 1607 beo
2086 1548 2340 1611 Vaticani
2373 1552 2768 1623 paraphrastis,
2799 1552 2891 1623 qui
2927 1567 3052 1608 cum
3101 1553 3217 1608 haec
3241 1553 3541 1610 duntaxat

1957 1644 2117 1700 modo
2166 1661 2194 1699 a
2242 1645 2402 1701 nobis
2439 1644 2708 1717 descripta
2742 1645 2796 1702 in
2829 1644 3165 1719 Pachymere
3202 1646 3442 1718 legisset,
3476 1659 3542 1702 ea

1955 1739 2272 1795 immaniter
2301 1740 2637 1810 amplillcans
2669 1740 2994 1796 deformavit
3021 1741 3073 1796 in
3101 1743 3246 1799 hunc
3279 1741 3493 1797 modum
3521 1756 3542 1796 :

1976 1829 2138 1883 Ἀλλᾶ
2178 1829 2319 1896 τέως
2365 1833 2460 1887 καὶ
2493 1833 2655 1902 μόνον
2689 1833 2750 1887 τδ
2772 1831 3031 1904 ἔγκλημα
3060 1831 3446 1905 Θεραπιύοιτο,
3477 1831 3542 1888 ob

278 1942 408 1984 eum
453 1927 540 1981 illa
593 1928 976 1999 praepositione
1026 1931 1114 1985 διά
1152 1947 1243 1998 per
1278 1930 1516 1987 indicent
1554 1935 1860 1988 communi—

1967 1921 2076 1975 τῶν
2115 1922 2340 1977 Ἰταλῶν
2369 1922 2674 1994 οὕμενουν·
2708 1925 2906 1979 ἐκεῖνοι
2945 1925 3054 1998 γὰρ
3097 1925 3268 1999 χωρὶς
3304 1925 3415 1980 τῶν
3448 1926 3544 1980 ἄλρ

278 2021 547 2075 nationem
602 2037 633 2075 a
691 2022 856 2077 Patre
891 2022 1086 2077 factam
1141 2024 1274 2080 Filio
1308 2025 1621 2096 spirationis
1662 2029 1852 2082 activa:

281 2115 446 2170 unius
475 2113 846 2186 ejusdemque,
873 2118 1094 2173 omnino
1121 2120 1421 2192 negandum
1450 2135 1570 2175 esse
1592 2122 1854 2192 prteposi-

281 2210 488 2265 tionem
535 2209 682 2264 illam
709 2210 800 2264 διά
821 2226 914 2279 per
941 2210 1182 2268 indicare
1215 2214 1378 2268 ullam
1410 2215 1674 2270 rationem
1705 2216 1856 2286 priu-

283 2304 410 2373 cipii
450 2303 625 2358 sancti
660 2303 922 2373 Spiritus,
975 2323 1096 2378 quze
1143 2306 1281 2362 Filio
1314 2315 1607 2375 competat,
1662 2309 1859 2365 distin«

283 2410 372 2451 rta
411 2397 477 2453 ab
513 2413 575 2452 ea
609 2413 726 2467 quae
757 2399 895 2455 inest
924 2401 1074 2456 Patri
1113 2418 1381 2471 quamque
1408 2403 1479 2457 illi
1515 2404 1677 2459 Pater
1706 2419 1856 2458 com-

286 2492 550 2546 municat.
580 2490 676 2546 llis
711 2492 782 2546 ita
813 2493 867 2546 in
913 2494 1220 2549 universum
1245 2493 1578 2562 prantrnctis
1611 2495 1678 2549 ad
1708 2507 1864 2548 atho-

285 2584 528 2639 lieltdam
578 2601 606 2639 a
662 2581 842 2640 Vecco’
884 2587 1264 2655 suspicionem
1292 2603 1510 2643 omnem
1564 2588 1856 2653 ha‘reseos,

285 2680 536 2747 quaedam
579 2679 690 2733 alia-
721 2681 775 2734 in
817 2695 866 2734 c.
907 2680 940 2735 9
983 2689 1188 2735 restant
1215 2681 1536 2753 explicanda
1569 2683 1744 2740 nobis.

355 2768 419 2824 P.
452 2771 540 2828 50.
580 2771 698 2840 Τὴν
717 2771 786 2828 δὲ
813 2771 1202 2842 κατασκευὴν·
1225 2773 1333 2842 τῆς
1355 2775 1723 2844 προτάσεως.
1749 2778 1859 2835 lico

286 2867 529 2934 spiciunt
567 2865 682 2922 haec
711 2865 887 2922 locum
934 2865 1286 2940 Hermogenis
1324 2869 1359 2923 Ι.
1392 2885 1407 2925 ι
1440 2870 1514 2925 De
1541 2872 1862 2941 inventione,

289 2959 380 3013 ubi
412 2960 728 3030 κατασκευὴ
775 2960 874 3030 τῆς
922 2960 1457 3030 προτάσεωςιιίοίιιιι·
1484 2966 1655 3030 αἰτία,
1696 2985 1858 3024 causa

289 3053 405 3108 sive
434 3053 570 3107 ratio
602 3068 699 3108 cur
735 3055 1056 3108 enuntietur
1099 3063 1153 3110 et
1182 3055 1478 3110 allirmetur
1506 3058 1729 3126 aliquid.
1766 3061 1861 3117 Est

289 3146 436 3200 enim
491 3146 752 3217 πρότασις
795 3148 1102 3216 propositio,
1155 3148 1478 3223 enuntiatio,
1534 3150 1857 3222 allirmatio;

290 3255 412 3311 qua:
440 3255 560 3294 cum
586 3240 783 3294 habere
819 3240 1226 3296 luudatneutum
1250 3242 1463 3312 aliquod
1493 3243 1707 3310 debeat,
1729 3246 1858 3305 illud

291 3333 612 3402 κατασκευή
644 3333 871 3388 dicitur.

302 3461 305 3463 .
362 3418 500 3472 lhid.
526 3421 962 3490 Παρῃρημένην
989 3424 1280 3493 opponitur
1311 3425 1390 3496 τῷ
1422 3427 1703 3498 κειμένην.
1733 3428 1868 3480 Kst-

297 3513 436 3583 μὲνη
463 3528 586 3567 cum
609 3514 678 3568 sit
709 3517 1002 3583 propositio
1036 3513 1314 3586 expresse,
1349 3519 1514 3584 clare,
1547 3520 1862 3591 intelligibi-

292 3608 416 3662 liter
437 3608 638 3663 etcitra
657 3609 1156 3678 interpretationem
1190 3614 1305 3668 visu
1336 3613 1507 3682 primo
1522 3613 1865 3684 agnoscibili-

295 3712 375 3755 ter
401 3701 574 3770 posita
603 3703 748 3771 (nam
776 3704 835 3755 τὸ
853 3704 1104 3772 κείμενον
1126 3713 1304 3760 textus
1320 3705 1514 3761 dicitur
1536 3709 1861 3778 glossemata

290 3795 629 3858 excludens),
655 3797 899 3865 sequitur
929 3813 959 3852 e
992 3800 1196 3854 ratione
1225 3801 1479 3856 contrarii
1510 3810 1568 3855 ut
1613 3818 1866 3872 παρῃρη-

295 3888 434 3955 μένη
469 3888 773 3955 sitohlique
810 3891 1101 3960 itninttata,
1129 3892 1362 3948 latenter
1383 3897 1722 3952 adumbrata.
1755 3897 1866 3952 Nec

292 3977 511 4046 penitus
573 3978 625 4033 id
677 3980 924 4035 abhorret
975 3999 1002 4034 :t
1061 3984 1280 4038 n0tione
1324 3986 1519 4040 usitata
1573 3984 1670 4040 τοῦ
1724 4004 1869 4054 παρ-

292 4071 592 4143 αιρεῖσθαι,
625 4089 744 4144 quae
786 4084 869 4129 est
913 4077 1172 4140 adimere,
1204 4076 1480 4144 sulfurari,
1506 4078 1744 4147 auferre,
1769 4096 1866 4149 pu-

291 4167 447 4222 blica!
465 4166 708 4222 videlicet
732 4167 1022 4237 cognitioni
1041 4170 1378 4233 subtrahere,
1406 4169 1506 4224 hoc
1529 4179 1610 4226 est
1637 4170 1865 4226 abscon-

294 4262 421 4316 dere
453 4274 552 4315 nec
582 4260 683 4314 nisi
731 4275 825 4328 per
865 4261 1118 4333 ambages
1154 4270 1208 4315 et
1235 4262 1574 4329 conjecturas
1606 4265 1867 4331 indicare,

296 4362 387 4408 aut
412 4352 574 4407 etiam
602 4349 815 4420 penitus
836 4352 1045 4406 tollere.
1084 4352 1231 4408 Unde
1272 4353 1648 4424 disjuuctivam
1689 4359 1866 4428 posui,

297 4455 391 4500 aut
417 4445 664 4501 omissam
706 4454 798 4500 aut
850 4446 1054 4516 oblique
1105 4446 1430 4518 insinuatam
1483 4450 1865 4518 interpretans,

298 4555 480 4608 nequa
525 4555 611 4592 me
641 4537 804 4608 fugiat
848 4538 973 4603 νοῦς
1008 4517 1285 4594 σκοτείνοῦ
1325 4543 1713 4613 συγγραφέως,
1746 4562 1867 4598 seu-

298 4633 456 4685 tentia
493 4631 737 4701 lucifuga:
764 4633 1032 4701 scriptoris
1064 4650 1078 4685 τ
1110 4648 1228 4688 eam
1261 4634 1428 4696 enim,
1463 4651 1528 4690 ne
1559 4636 1864 4705 aliquaver-
1894 4665 1946 4726 Β

297 4743 413 4781 sum
447 4725 713 4786 elabatur.
745 4724 921 4794 sepire
947 4726 1186 4796 undique
1216 4731 1525 4782 consultum
1553 4737 1655 4784 est.

367 4820 508 4875 Ibid.
557 4819 769 4873 lndttcit
810 4819 1099 4874 historiCtts
1133 4820 1360 4874 Veccutn
1393 4832 1712 4889 purgantem
1748 4835 1870 4879 sese

300 4931 326 4969 a
360 4913 669 4984 suspicione
698 4913 950 4982 culpandi
983 4913 1202 4970 Graecos
1250 4923 1344 4969 aut
1393 4915 1605 4970 favendi
1642 4916 1869 4975 Latinis.

302 5010 356 5066 ln
411 5025 517 5078 quo
562 5007 611 5062 ei
669 5006 872 5079 allingit
924 5007 1148 5076 aliquid,
1179 5023 1243 5062 es
1279 5023 1377 5063 suo
1406 5008 1634 5064 fortasse
1682 5026 1868 5078 sensu,

300 5102 567 5172 ejusmodi
633 5100 775 5168 quod
826 5114 931 5153 non
973 5102 1108 5154 citra
1141 5101 1391 5170 iujuriam
1432 5100 1745 5155 Latinorum
1776 5105 1868 5166 sit,

301 5196 389 5267 qni
428 5204 481 5250 et
523 5195 575 5248 in
604 5191 933 5248 tractatione
987 5192 1181 5261 prioris
1228 5194 1382 5246 istius
1415 5194 1720 5249 concordiae
1753 5211 1871 5263 que

303 5301 544 5356 tempore
575 5286 847 5342 Michaelis
873 5284 1155 5353 PalanIOgi
1181 5285 1234 5338 in
1268 5287 1502 5341 concilio
1524 5285 1870 5358 Lugdunensi

300 5386 526 5449 coaluit,
557 5382 682 5437 etin
714 5394 973 5450 apparatu
1004 5379 1252 5434 secundae
1275 5381 1325 5432 in
1354 5381 1583 5434 concilio
1611 5382 1875 5438 Florenti-

303 5493 373 5532 no
427 5475 677 5537 firmatae,
717 5489 930 5543 semper
981 5473 1339 5529 defenderunt
1385 5492 1447 5530 se
1479 5478 1622 5544 jnste
1658 5491 1719 5531 ac
1756 5478 1874 5532 sine

301 5574 457 5638 culpa
491 5572 712 5632 verbum
742 5566 983 5638 Filioque
1020 5569 1263 5638 symbolo
1292 5567 1510 5622 Nicatno
1543 5571 1686 5624 dicto
1716 5571 1869 5624 addi-

301 5667 474 5728 disse,
508 5679 629 5716 cum
654 5671 831 5716 tamen
859 5662 946 5716 hic
973 5661 1178 5716 Veccus
1202 5663 1438 5729 graviter
1464 5664 1513 5716 in
1537 5679 1601 5717 eo
1624 5679 1873 5732 peccasse

306 5759 444 5822 illos,
483 5754 637 5827 quasi
668 5754 808 5810 ultro
842 5755 1223 5824 pmvaricans,
1257 5756 1594 5826 proﬁteatur.
1631 5756 1718 5829 [P.
1741 5755 1869 5828 5°30]

306 5852 490 5907 Verba
531 5847 776 5910 historici
825 5848 928 5904 tale
962 5848 1134 5904 Vecco
1179 5848 1383 5904 dictum
1429 5850 1713 5904 tribuentis
1760 5852 1873 5904 haec

305 5956 431 6003 sunt
468 5958 481 5999 :
517 5941 718 6007 Δεδιὼς
745 5941 802 5998 δὲ
831 5941 985 6008 αὖθις
1014 5974 1082 5986 -—
1122 5943 1334 5999 κεῖσθαι
1382 5943 1442 5997 τὺ
1478 5943 1752 6013 μέγιστον,
1793 5943 1868 5998 Eu

1968 2015 2075 2069 λων
2102 2007 2176 2070 ὧν
2200 2017 2418 2088 ἔχουσιν
2444 2021 2737 2093 αἱρὲσεων,
2767 2017 2845 2094 τῷ
2879 2022 3148 2092 τολμῆσαι
3178 2023 3341 2096 μόνον
3368 2037 3542 2094 προα-

1965 2107 2143 2162 θεῖναι
2191 2110 2270 2182 τῷ
2328 2110 2588 2183 συμϐόλῳ
2642 2113 2744 2186 τὴν
2786 2114 2952 2182 λέξιν,
2983 2116 3232 2187 μεγάλης
3271 2115 3544 2189 αἱρέσεως

1965 2199 2192 2263 εἰκότως
2256 2201 2433 2275 Ινοχοι
2477 2204 2743 2274 γίνονται.
2794 2203 2910 2262 lloc
2963 2214 3047 2264 est
3076 2224 3092 2262 :
3123 2205 3233 2263 Sed
3284 2207 3542 2268 hactenus

1965 2295 2254 2362 duntaxat,
2288 2308 2346 2352 ut
2396 2291 2595 2353 crimen
2643 2310 2915 2355 excusaret
2937 2298 3189 2372 (Veceus)
3222 2317 3324 2356 non
3367 2303 3546 2374 utique

1965 2386 2227 2443 Italorum
2268 2409 2286 2446 :
2337 2391 2418 2444 illi
2455 2392 2616 2456 enim,
2650 2405 2842 2463 praster
2887 2392 3027 2449 alias
3071 2393 3260 2464 quibus
3304 2403 3546 2450 tenentur

1964 2480 2210 2545 hrrreses,
2249 2481 2328 2536 vel
2374 2485 2488 2539 solo
2524 2500 2661 2538 ausu
2688 2486 2982 2540 additionis
3013 2484 3263 2557 Symbolo
3293 2486 3547 2557 apposita

1964 2575 2121 2628 unius
2148 2576 2308 2639 vocis,
2341 2577 2566 2647 ingentis
2607 2578 2864 2636 haereseos
2911 2579 2987 2635 rei
3013 2579 3133 2652 jure
3172 2583 3378 2652 peracti
3425 2592 3545 2638 sunt

1927 2675 1940 2689 '
1965 2665 2213 2723 habendi.
2243 2665 2318 2723 lta
2348 2668 2700 2740 interpolator
2720 2673 3121 2738 schismaticus,
3157 2674 3356 2731 oblitus
3378 2689 3547 2748 quam

1966 2775 2108 2830 saepe
2138 2764 2280 2834 apud
2311 2764 2652 2834 scriptorem,
2687 2781 2850 2836 quem
2881 2766 3160 2838 compilat,
3186 2767 3380 2838 legerit
3405 2767 3544 2823 Vec—

1966 2867 2090 2907 cum
2138 2869 2356 2910 omnem
2394 2855 2622 2928 lapidem
2654 2858 2914 2923 movisse,
2949 2859 3001 2915 in
3053 2874 3229 2930 eoque
3275 2875 3543 2916 summam

1965 2959 2179 3015 semper
2213 2947 2619 3004 contentionem
2650 2950 2984 3018 adhibuisse,
3020 2963 3076 3008 ut
3119 2951 3395 3009 evinceret
3442 2968 3546 3023 pu-

1967 3051 2060 3092 ros
2096 3039 2242 3092 omni
2286 3039 2557 3097 haereseos
2600 3039 2719 3096 labe
2750 3037 2978 3098 Latinos
3013 3057 3157 3108 esse,
3198 3051 3259 3098 ut
3301 3042 3426 3097 inde
3459 3041 3547 3098 in.-

1971 3129 2134 3185 l'erret
2162 3140 2311 3187 recte
2335 3133 2573 3204 potuisse
2602 3136 2724 3194 illos
2749 3137 2801 3192 in
2826 3136 3263 3193 communionem
3293 3153 3319 3190 a
3340 3136 3544 3194 Graecis

1968 3221 2203 3291 admitti,
2229 3225 2442 3282 etiamsi
2471 3226 2612 3284 forte
2633 3245 2742 3285 non
2772 3231 2906 3287 satis
2930 3241 3230 3302 purgarent
3281 3214 3541 3298 invidiam

1887 3308 1935 3372 C
1964 3316 2331 3386 adjunctionis
2376 3323 2522 3377 verbi
2568 3323 2634 3379 ad
2666 3324 3013 3395 symbolum;
3053 3341 3195 3396 quae,
3229 3334 3284 3382 ut
3325 3341 3544 3384 summo

1961 3408 2083 3479 jure
2117 3423 2386 3482 ageretur,
2423 3428 2578 3471 error
2595 3426 2794 3475 contra
2822 3415 3016 3488 dogma
3053 3432 3176 3474 esse
3205 3435 3315 3476 non
3337 3432 3554 3491 posset.

1966 3504 2059 3557 sed
2106 3515 2388 3571 peccatum
2421 3509 2684 3566 duntaxat
2724 3520 2914 3566 contra
2955 3512 3323 3582 disciplinam,
3355 3515 3541 3586 qualia

1966 3611 2071 3651 non
2122 3598 2385 3653 inducunt.
2436 3600 2818 3668 obligatiouem
2871 3605 3274 3662 communionis
3326 3608 3547 3662 abrum-

1968 3689 2173 3759 pendae.
2222 3691 2289 3747 Ut
2344 3693 2508 3764 igitur
2561 3697 2842 3754 historiam
2901 3715 3062 3769 qttam
3121 3701 3384 3772 scriptam
3435 3717 3550 3771 pra

1965 3784 2139 3838 oculis
2176 3785 2407 3845 habebat
2449 3805 2755 3862 auonymus
2799 3791 3148 3859 epitotnator,
3175 3793 3389 3850 allectui
3436 3797 3549 3866 pri-

1968 3886 2091 3931 vato
2131 3894 2258 3950 erga
2293 3883 2530 3937 schisma
2563 3884 2872 3956 indulgens,
2912 3885 2963 3940 in
2992 3885 3394 3956 praeiudicatum
3421 3903 3548 3942 cor-

1969 3978 2111 4043 rupit
2169 3980 2521 4045 sententiam,
2578 3981 2647 4036 ita
2707 3983 2972 4052 suspicari
3036 3984 3182 4051 licet,
3235 3984 3544 4040 audientem

1971 4063 2125 4124 vecci
2151 4073 2309 4126 verba
2343 4071 2750 4144 Pachymerem,
2777 4077 3178 4144 contendentis,
3205 4076 3293 4134 vel
3323 4078 3370 4131 si
3407 4077 3548 4134 forte

1969 4165 2148 4220 ail'erri
2183 4169 2434 4238 nequiret
2463 4169 2654 4224 idonea
2689 4173 2968 4228 excusatio
3009 4175 3362 4231 additamenti
3396 4172 3550 4230 Lati-

1969 4272 2158 4312 norum
2205 4259 2270 4313 ad
2302 4261 2623 4334 symbolum,
2661 4263 2715 4318 in
2743 4279 2851 4332 quo
2880 4264 2992 4335 ipse
3021 4281 3261 4337 pugnare
3298 4267 3546 4326 odiosius

1968 4364 2074 4403 non
2106 4349 2328 4406 duceret
2360 4357 2725 4409 necessarium
2758 4356 2825 4412 ad
2867 4371 3112 4422 causam,
3154 4369 3333 4414 tamen
3373 4359 3548 4416 inere-

1971 4444 2089 4497 ticae
2142 4445 2410 4500 immunes
2458 4446 2594 4503 labis
2641 4449 2827 4519 utique
2873 4452 3020 4520 ipsos
3073 4467 3215 4516 esse.
3249 4454 3343 4524 qui
3387 4455 3441 4508 in
3482 4470 3546 4509 ea

1969 4552 2130 4604 quant
2193 4536 2480 4597 tradebant
2543 4543 2610 4598 de
2664 4546 3013 4612 processione
3071 4551 3249 4602 sancti
3309 4549 3548 4618 Spiritus

1971 4631 2132 4685 etiam
2160 4646 2224 4686 ex
2253 4632 2388 4686 Ftlio
2423 4635 2664 4692 doctrina
2694 4652 2801 4692 non
2837 4639 2998 4694 dubie
3030 4639 3414 4711 suifragatores
3439 4641 3548 4697 Pa-

1976 4733 2086 4780 tres
2112 4720 2332 4780 Grcccos
2384 4727 2586 4793 primae.
2612 4731 2955 4785 auctoritatis
2984 4731 3265 4787 naberent.
3293 4733 3424 4787 Eam
3457 4732 3550 4789 ille

1972 4819 2382 4874 concessionem
2419 4821 2469 4874 in
2503 4836 2819 4888 expressam
2853 4823 3170 4880 Latinorum
3204 4826 3276 4881 ob
3316 4825 3552 4881 additio—

1972 4924 2094 4963 nem
2124 4910 2189 4964 ad
2214 4911 2521 4982 symbolum
2553 4914 2957 4971 damnationem
2999 4921 3242 4987 augendo
3268 4928 3549 4989 perverte-

1973 5003 2064 5082 rit.
2125 5003 2257 5059 Utut
2309 5006 2400 5071 sit,
2455 5007 2706 5076 equidem
2760 5011 2896 5064 satis
2945 5009 3092 5066 clare
3140 5010 3552 5069 demonstrasse

1976 5098 2108 5151 mihi
2145 5099 2333 5154 videor
2375 5104 2590 5169 propria
2625 5118 2791 5174 super
2826 5119 2892 5158 eo
2924 5115 3246 5174 argumento
3285 5106 3550 5161 disserta-

1977 5193 2142 5258 tione,
2176 5209 2292 5262 quae
2325 5205 2503 5249 exstat
2536 5195 2574 5249 l.
2619 5211 2658 5251 tt
2707 5212 2950 5252 mearum
2993 5197 3448 5253 Observationum
3481 5200 3549 5254 ad

1977 5287 2128 5355 prius
2170 5286 2417 5341 volumen
2466 5289 2626 5356 hujus
2669 5288 2918 5346 Historia:
2953 5305 2981 5345 a
3020 5305 3072 5360 p.
3105 5290 3210 5346 665
3236 5320 3304 5330 -—
3335 5307 3387 5358 p.
3419 5290 3550 5357 67b.

1975 5383 2300 5437 additionetn
2362 5383 2427 5437 ad
2476 5384 2791 5454 Symbolum
2849 5395 2993 5442 recte
3027 5400 3091 5441 ac
3135 5385 3429 5456 prudenter
3472 5387 3549 5440 fa-

1977 5486 2116 5532 ctum
2176 5476 2304 5529 nulli
2355 5491 2474 5530 esse
2528 5477 2815 5532 obnoxiam
2849 5478 3296 5548 reprehensioni;
3336 5486 3393 5531 ut
3428 5493 3551 5533 eam

1974 5586 2066 5624 seu
2096 5569 2301 5627 Veccus
2335 5587 2428 5626 seu
2456 5572 2812 5643 Pacbymeres
2837 5572 3057 5644 culpare
3075 5573 3324 5640 voluerit,
3348 5571 3553 5626 frustra

1975 5665 2104 5718 sint.

2045 5757 2106 5812 P.
2140 5759 2211 5813 52
2268 5759 2471 5812 Καίτοι
2513 5777 2576 5830 γε
2609 5759 2678 5814 τὰ
2697 5759 2910 5828 μέτριά
2940 5776 3007 5829 τε
3036 5759 3164 5828 τοῖς
3199 5761 3409 5831 ⁹ιόγοις
3441 5760 3552 5817 αὐ-

1974 5851 2080 5906 τοῦ
2110 5854 2698 5921 προσαρθρούμενος,
2733 5853 2969 5910 obnoxie
3018 5854 3190 5910 lateor
3238 5856 3292 5911 its
3328 5871 3430 5914 ms.
3462 5871 3550 5912 me

1975 5945 2168 6016 legisse
2202 5947 2659 6017 προσειρχόμενος.
2685 5947 2788 6003 Sed
2822 5948 3042 6005 verbum
3076 5951 3316 6019 ignotum
3342 5961 3395 6008 et
3423 5952 3552 6013 huic
