4058 6298
547 359 648 428 791

1423 362 1490 427 P.
1520 363 1818 428 POSSINI
1850 367 2499 433 OBSERVATIONUM
2545 370 2689 432 LIB.
2735 369 2818 431 ΙΙ.

3669 369 3775 432 79⁸1

545 479 761 550 quidem
785 476 902 532 loco
935 475 1362 548 ἀπροσδιόνυσον
1390 481 1546 553 731
1587 499 1708 539 cum
1739 487 2108 558 προσαροροὺη

2216 490 2311 543 καὶ
2337 489 2542 554 πάντες
2580 490 2708 552 λαὸς
2738 487 2902 566 (forte
2933 488 3100 544 voluit
3121 486 3361 544 scribere
3394 487 3515 544 λαοὶ
3544 489 3631 543 vel
3657 488 3779 542 λαῖο

543 587 707 641 μενος
734 580 973 626 mutasse
1001 588 1015 625 :
1045 573 1314 628 sententia
1340 577 1740 644 percommoda,
1764 595 1926 651 quam
1949 581 2109 638 inter-

542 665 777 733 pretatio
800 676 914 718 mea
939 665 1211 733 exprimit.

611 755 672 811 P.
701 756 788 811 54.
823 758 888 810 At
921 755 1116 814 Vaccus
1143 759 1294 814 aliud
1319 763 1489 830 potius
1510 766 1745 832 quodvis,
1781 770 1887 822 etc.
1915 765 2109 822 Nolen-

541 857 630 902 tnr
663 849 777 904 haec
821 851 889 904 ad
917 853 1282 907 exettsandum
1312 853 1564 925 Veccum,
1596 859 1639 912 si
1674 860 1888 928 quando
1934 860 1986 915 iu
2024 861 2108 917 his

542 943 1064 1010 concertationibus,
1105 949 1400 1014 praesertim
1451 951 1503 1004 iu
1542 950 1807 1020 colloquio
1858 952 1942 1024 ip.
1976 952 2108 1027 59.ίῖ

542 1034 660 1104 tjus
688 1047 814 1093 cum
844 1037 1173 1096 adversariis
1213 1039 1374 1105 infra,
1411 1056 1462 1098 c.
1502 1042 1572 1099 55
1617 1042 1740 1100 libri
1778 1043 1935 1114 hujus
1969 1047 2109 1101 reci-

542 1139 676 1195 tato,
708 1130 871 1184 multa
903 1133 1224 1188 subticuerit
1267 1136 1334 1190 ad
1366 1149 1582 1191 causam
1625 1137 1974 1207 pertinentia,
2012 1140 2108 1195 sed

542 1239 664 1293 quae
698 1222 743 1279 si
775 1222 1108 1287 dicerentur,
1151 1227 1427 1284 auditores
1481 1227 1844 1299 praeiudicatis
1886 1241 2106 1288 ruentes

543 1317 826 1374 atfectibns
851 1316 1162 1375 cﬂ‘erarent.
1188 1317 1322 1374 Nam
1356 1321 1492 1376 talia
1542 1322 1644 1378 etsi
1685 1321 1829 1392 justa
1871 1333 1924 1378 et
1955 1339 2106 1390 vero,

543 1407 688 1474 pacis
718 1423 877 1464 causa
906 1407 1248 1465 laudabiliter
1267 1408 1539 1468 interdum
1564 1413 1780 1470 silentio
1802 1415 2107 1483 comprimi,

543 1500 866 1571 intelligitur
900 1517 964 1556 ex
997 1501 1142 1558 facto
1177 1505 1237 1559 S.
1269 1503 1520 1575 Gregorii
1556 1522 1726 1578 papae,
1756 1508 1871 1578 qui,
1908 1517 1968 1563 ut
1996 1508 2110 1575 ipse

543 1599 789 1660 testatur,
831 1595 1025 1665 synodi
1055 1595 1090 1651 5
1114 1595 1216 1651 etsi
1247 1597 1485 1666 probata:
1525 1597 1626 1654 sibi
1662 1599 1992 1654 mentionem
2026 1597 2107 1653 fa-

537 1697 664 1740 cere
713 1685 1017 1757 supersedit
1071 1687 1210 1758 apud
1266 1703 1360 1746 eos
1409 1689 1501 1762 qui
1565 1705 1629 1748 ea
1680 1691 2108 1748 oli'endereutur.

541 1776 717 1834 verba
763 1780 938 1836 sancti
971 1780 1242 1852 pontificis
1290 1780 1404 1838 hac
1441 1793 1565 1838 sunt
1593 1800 1658 1840 ex
1686 1785 1911 1851 epistola
1946 1785 2036 1853 37,
2069 1785 2104 1840 Ι.

541 1886 625 1938 ut,
679 1874 746 1928 ad
793 1874 1170 1932 Constantium
1219 1877 1533 1950 episcopum
1601 1877 2102 1935 Mediolanensem:

543 1962 698 2031 Quod
734 1975 915 2022 autem
941 1969 1245 2039 scripsistis,
1271 1972 1396 2042 quia
1427 1970 1703 2040 epistolam
1736 1986 1902 2027 meam
1940 1971 2109 2028 Theo-

541 2057 768 2112 delindte
817 2060 1012 2130 regina:
1045 2063 1404 2117 transmittere
1457 2065 1669 2119 minime
1726 2064 1965 2119 voluistis
2012 2081 2109 2136 pro

541 2166 602 2204 eo
642 2150 782 2221 quod
809 2152 863 2206 in
899 2168 962 2207 ea
995 2153 1180 2217 quinta
1211 2153 1444 2224 synodus
1478 2157 1869 2222 nominabatur,
1901 2159 1949 2212 si
1993 2175 2108 2212 eam

540 2241 731 2297 exinde
779 2244 1137 2300 scandalizari
1187 2260 1339 2314 posse
1378 2243 1702 2308 credidistis,
1733 2261 1870 2304 recte
1908 2249 2107 2317 factum

540 2343 618 2389 est
641 2344 694 2388 ut
715 2335 1396 2396 minimetransmitterctis.
1423 2337 1540 2394 Mox
1564 2339 1649 2394 ubi
1682 2339 1747 2395 de
1774 2341 1876 2396 ista
1899 2339 2108 2411 synodo

539 2424 1161 2499 Constantinopolitana,
1185 2444 1212 2483 a
1242 2429 1422 2486 multis
1451 2432 1633 2501 quinta
1660 2433 1956 2500 nominata,
1980 2433 2110 2489 sub-

533 2516 715 2591 ]unxit
765 2522 982 2590 probari
1023 2537 1141 2578 eam
1192 2523 1319 2584 sibi.
1352 2524 1490 2579 addit
1530 2541 1547 2580 :
1581 2522 1692 2581 Nos
1735 2537 1931 2593 tanien,
1970 2528 2110 2581 sicut

537 2611 807 2678 voluistis,
845 2614 920 2669 ita
953 2614 1190 2683 fecimus,
1214 2626 1272 2671 ut
1291 2616 1523 2688 ejusdem
1546 2619 1734 2690 synodi
1760 2618 1962 2674 nullam
1996 2635 2108 2674 nte-
2144 2669 2148 2676 .

540 2718 625 2756 mo
634 2703 764 2757 riam
795 2703 1109 2774 faceremus.

619 2796 679 2852 P.
706 2796 793 2853 39.
825 2796 1169 2866 Πάτροκλος
1201 2799 1257 2853 δ’
1283 2798 1499 2866 ἔδοξεν
1528 2798 1777 2874 Ἰωσήφ.
1811 2800 2111 2872 Usurpatur

543 2889 636 2946 hic
663 2905 762 2945 vos
797 2890 1113 2962 Πάτροκλος
1147 2893 1556 2960 proverbialiter
1609 2893 1916 2965 significatu
1970 2911 2109 2965 προ-

545 2980 790 3050 φάσεως.
822 2984 922 3050 Qui
955 2999 1084 3038 usus
1110 2983 1300 3040 creber
1328 2985 1469 3056 apud
1512 2987 1720 3042 Annam
1752 2985 2104 3054 Comneunm,

546 3085 609 3132 ut
652 3076 718 3132 ad
763 3075 885 3146 ejus
931 3075 1243 3135 Alesiadem
1285 3078 1340 3134 in
1374 3077 1651 3136 GlosSario
1691 3081 1895 3143 notavi,
1926 3080 2020 3137 sed
2054 3089 2109 3137 et

2140 1835 2187 1896 B

2209 580 2317 650 κοὶ)
2345 579 2533 650 ἑώρων
2558 579 2626 633 τὰ
2650 579 2954 649 τελούμενα
2972 596 2986 610 ο
3024 580 3424 649 Imperatorem,
3446 581 3706 650 principes
3728 592 3779 634 et

2210 689 2414 727 omnem
2449 674 2721 741 populum,
2761 674 2885 728 inde
2909 683 3169 742 spectasse
3203 691 3380 739 sacra,
3409 675 3536 728 dum
3567 676 3778 743 ﬁerent.

2209 764 2363 831 Quod
2395 767 2475 828 δὶς
2504 767 2592 821 διὰ
2625 767 2814 821 πασῶν
2852 769 3122 835 discrepat
3166 782 3194 821 a
3228 769 3512 837 scriptoris
3541 780 3778 823 asserto.

2211 857 2390 924 Quare
2421 866 2579 912 caute
2608 856 2866 926 legendus
2889 857 2980 911 hic
3009 856 3366 922 epitomator;
3406 865 3506 909 nec
3562 854 3614 909 ei
3660 854 3782 908 sine

2209 947 2436 1017 pignore
2485 947 2750 1001 tidendum
2786 945 2844 1002 in
2879 947 2943 1001 iis
2983 961 3102 1015 qua:
3144 943 3494 1016 Pachymeris
3534 945 3778 1006 nomine,

2216 1042 2336 1112 ipso
2363 1042 2681 1110 plerumque
2704 1039 2895 1102 invito,
2925 1038 3147 1092 recitat.

2285 1134 2367 1209 [P.
2411 1133 2536 1207 522]
2561 1135 2621 1190 P.
2653 1133 2741 1190 5t.
2769 1133 2959 1199 Profeo
2982 1133 3122 1202 quod
3151 1130 3356 1186 habent
3378 1122 3538 1184 codd.
3567 1129 3608 1184 Β
3633 1138 3688 1182 et
3711 1128 3777 1191 Α,

2211 1228 2460 1300 ἀκριῦῶς
2497 1227 2840 1296 παριστῶσαι
2873 1226 2973 1298 τήν
3009 1225 3191 1293 φύσιν,
3218 1224 3285 1278 de
3307 1223 3471 1294 guttis
3496 1222 3779 1290 sanguinis

2211 1323 2356 1377 clare
2388 1319 2778 1391 apparentibus
2807 1332 2971 1387 supra
3000 1315 3139 1379 vela,
3167 1330 3298 1369 saxa
3320 1323 3374 1368 et
3403 1313 3643 1377 frondes,
3673 1312 3778 1366 Va-

2213 1413 2425 1467 ticanus
2494 1410 2656 1466 habet
2720 1408 2969 1480 ἀκριδῶς
3027 1405 3126 1480 τὴν
3187 1403 3350 1476 φύσιν
3411 1406 3780 1481 ἐχαρακτήρι-

2211 1507 2322 1572 ζον,
2349 1504 2585 1574 eleganti
2609 1502 2952 1572 paraphrasi.

2282 1593 2343 1649 P.
2378 1595 2468 1651 55.
2507 1594 2547 1650 Ε
2569 1598 2787 1666 regione
2817 1594 2975 1666 hujus
3001 1597 3196 1668 capitis
3224 1597 3278 1653 in
3305 1597 3492 1654 codice
3519 1590 3782 1666 optimoB

2211 1687 2327 1743 haec
2353 1687 2454 1742 alia
2483 1703 2642 1743 manu
2669 1686 2870 1758 scripta
2903 1698 3120 1743 exstant
3157 1708 3174 1746 :
3208 1687 3319 1744 Τοῦ
3352 1690 3410 1743 ιν
3429 1690 3781 1744 Κωνσταντιο

2213 1779 2467 1833 νουπόλει
2496 1778 2774 1851 συνεδρίου
2805 1779 2947 1834 κατὰ
2977 1780 3085 1834 τῶν
3115 1779 3534 1850 ὑποδεξαμένων
3566 1778 3671 1850 τὴν
3707 1779 3784 1833 sl-

2218 1873 2390 1944 ρήνην
2419 1872 2518 1943 τὴν
2545 1872 2684 1944 πρὸς
2715 1873 2807 1926 τὸν
2832 1873 3063 1928 πάππαν
3099 1873 3278 1945 ψῆφον
3310 1874 3403 1928 καὶ
3429 1863 3779 1946 ἀπαιτήσεις,

2209 1983 2328 2038 quae
2353 1968 2645 2023 ostendunt
2670 1974 2887 2022 narrata
2921 1967 2975 2022 in
3002 1968 3106 2024 hoc
3135 1968 3311 2036 capite
3328 1976 3448 2024 acta
3476 1980 3600 2023 esse
3631 1979 3767 2040 syn-

2209 2061 2296 2118 odi
2330 2060 2566 2128 ejusdem
2603 2062 2665 2114 de
2734 2074 2837 2130 qua
2884 2059 3178 2117 historicus
3229 2075 3284 2130 p.
3310 2061 3380 2117 50
3418 2074 3544 2131 sqq.
3574 2067 3783 2131 egerat.

2211 2154 2320 2211 Sed
2347 2169 2468 2209 cum
2505 2152 2557 2208 id
2597 2167 2701 2207 non
2733 2153 3068 2223 exprimatur
3115 2152 3167 2208 in
3202 2160 3483 2216 contextu,
3508 2167 3610 2223 ego
3638 2151 3782 2220 quod

2209 2246 2355 2303 κατὰ
2407 2245 2469 2301 τὸ
2519 2244 2876 2316 σιωπώμενον
2936 2259 3034 2315 per
3091 2259 3151 2301 se
3196 2244 3432 2314 scriptor
3482 2244 3708 2312 intelligi
3750 2259 3783 2298 a

2211 2339 2413 2394 lectore
2459 2335 2650 2400 voluit,
2686 2335 2984 2406 σαφηνείας
3019 2335 3181 2407 χάριν
3226 2333 3391 2391 verbo
3430 2333 3783 2390 iudicandum

2210 2428 2439 2487 credidi.
3339 2438 3345 2442 ·

2281 2523 2367 2597 [Ρ.
2401 2523 2490 2579 55.
2524 2521 2825 2578 Λίόελλον
2849 2519 2967 2593 μὲν
3003 2519 3284 2587 πίστεως.
3325 2521 3454 2575 Herc
3484 2518 3785 2576 Theodore

2209 2615 2484 2672 confessio
2532 2614 2824 2684 instigante
2852 2612 3162 2684 patriarcha
3188 2611 3297 2668 (ΞΡ.
3332 2612 3401 2667 ab
3433 2613 3784 2682 imperatrice

2207 2708 2407 2764 emissa
2441 2715 2524 2764 est
2549 2707 2614 2762 ad
2645 2707 2994 2763 rescintlenda
3031 2717 3146 2763 acta
3177 2705 3454 2762 Michaelis
3485 2705 3782 2776 Palaeologi

2209 2815 2310 2870 pro
2331 2800 2530 2855 unione
2552 2798 2806 2854 Ecclesia:
2836 2797 3132 2855 Orientalis
3153 2809 3204 2854 et
3235 2797 3618 2855 Occidentalis.
3644 2799 3782 2854 Mor-

2211 2902 2303 2948 tuo
2337 2892 2595 2948 Michaele
2633 2893 2810 2947 clerus
2850 2892 3254 2956 schismaticus,
3289 2892 3618 2946 connivente
3665 2891 3779 2945 An-

2209 2986 2434 3042 dronico
2463 2985 2788 3055 Palas-ologo,
2840 2986 3075 3040 schisma
3128 2985 3470 3040 instauravit.
3509 2977 3650 3040 Cum
3682 2985 3780 3039 tli-

2211 3079 2368 3134 chael
2427 3075 2761 3147 Palmologus
2826 3077 2914 3132 die
2964 3075 3021 3131 ll
3086 3076 3397 3133 Decembris
3456 3077 3583 3132 anni
3643 3076 3822 3132 1282⁷

541 3171 686 3240 apud
714 3171 850 3227 alios
879 3171 1150 3227 citerioris
1187 3173 1287 3228 aevi
1337 3171 1551 3228 Graecos
1576 3175 1890 3244 scriptores.
1919 3173 2110 3230 Trahit
2136 3181 2177 3237 α
2211 3181 2453 3228 mortuus
2484 3170 2575 3236 sit,
2607 3180 2660 3224 et
2697 3170 3010 3239 imperatris
3047 3170 3242 3225 marito
3276 3169 3382 3223 vita
3426 3168 3613 3224 functo
3647 3185 3780 3225 con-

539 3263 804 3334 originem
837 3278 868 3319 e
911 3279 1070 3320 versu
1103 3263 1320 3321 Homeri
1349 3265 1632 3323 notissimo
1656 3265 1718 3322 ll.
1747 3285 1779 3321 τ
1812 3283 1828 3321 :
1878 3297 1948 3308 -
1982 3267 2107 3322 Ἐπὶ

538 3355 598 3412 δὲ
626 3359 947 3429 στενάχοντο
973 3359 1232 3426 γυναῖκες
1266 3358 1580 3430 Πάτροκλον
1619 3358 1917 3431 πρόφασιν,
1953 3359 2108 3430 σᾳῶν

539 3449 799 3505 δἀῠτῶν
825 3449 976 3523 κήδε’
1009 3450 1239 3521 ἑκάστη.
1303 3451 1380 3507 Ad
1438 3465 1601 3522 quem
1654 3451 1832 3508 locum
1888 3453 2109 3507 adnotat

542 3541 857 3598 Eustathius
885 3542 994 3598 illic
1019 3558 1046 3597 a
1064 3557 1150 3598 me
1166 3542 1369 3597 relatus
1399 3541 1593 3599 abiisse
1616 3558 1728 3599 rem
1757 3558 1877 3600 eam
1903 3544 1954 3598 in
1979 3559 2109 3612 pro-

543 3633 812 3701 verbium,
833 3644 891 3689 ut
911 3635 1234 3706 Πατρόκλου
1265 3635 1430 3691 verbo
1452 3637 1836 3704 compendiose
1861 3637 2108 3707 signare-

546 3737 636 3780 tur
658 3726 954 3792 simulatio,
981 3741 1084 3798 qua
1117 3728 1240 3799 quis
1274 3727 1450 3797 aliqua
1479 3743 1642 3784 causa
1666 3728 1842 3783 facere
1867 3745 1924 3784 se
1949 3729 2110 3800 quid-

545 3816 688 3886 piam
723 3819 947 3874 studens
980 3820 1287 3885 ostendere,
1317 3819 1462 3875 aliud
1497 3837 1553 3875 re
1590 3835 1716 3875 vera
1751 3820 2016 3890 sequitur.
2053 3821 2108 3877 In

544 3924 612 3965 eo
636 3925 734 3965 usu
772 3911 873 3966 hoc
909 3911 1073 3966 habet
1102 3912 1374 3980 singulare
1407 3921 1610 3978 noster,
1636 3914 1776 3982 quod
1804 3914 1916 3968 fere
1956 3917 2109 3970 Anna

547 4004 655 4058 duo
685 4004 940 4060 continue
973 4003 1231 4060 vocabula
1261 4005 1576 4077 Πάτροκλον
1611 4007 1889 4077 πρόφασιν
1908 4004 2108 4074 jungit,

549 4093 914 4169 Pachytner'es
951 4097 1039 4153 hic
1077 4097 1248 4154 solum
1280 4099 1592 4170 Πάτροκλον
1618 4099 1896 4168 exprimit.
1935 4098 2110 4154 Ellam

548 4197 603 4244 et
632 4189 764 4244 illud
797 4190 1172 4256 admoneatur,
1211 4191 1263 4245 in
1288 4191 1413 4255 hoc,
1438 4202 1493 4246 ut
1523 4201 1579 4246 et
1603 4193 1656 4245 in
1681 4191 1957 4249 vocabulis
1987 4208 2109 4250 cre-

554 4282 634 4337 bri
669 4297 818 4346 usus,
850 4297 1009 4336 manu
1057 4283 1291 4354 scriptos
1338 4285 1556 4353 antiqua
1598 4282 1812 4339 codices
1853 4287 1926 4338 uti
1958 4299 2113 4341 com-

547 4377 765 4446 pendio.
820 4377 1008 4447 Itaque
1066 4377 1236 4431 nostri
1278 4378 1494 4432 codices
1545 4376 1586 4431 Β
1619 4387 1671 4430 et
1701 4376 1743 4432 Α
1785 4376 1978 4447 integri
2008 4377 2109 4433 soli

545 4477 694 4535 tuam
732 4467 853 4524 Vat.
902 4469 1229 4538 cpitomator
1276 4469 1392 4525 haec
1440 4479 1501 4524 ut
1529 4471 1666 4525 Solet
1699 4472 2010 4534 decurtans,
2044 4487 2111 4526 ne

2209 3263 2497 3320 fessionem
2543 3262 2690 3316 illam
2738 3262 3001 3326 emiserit,
3035 3260 3305 3317 confessio
3352 3259 3469 3331 ipsa
3518 3260 3585 3314 ad
3617 3261 3778 3316 tinem

2208 3354 2335 3410 anni
2368 3353 2498 3409 1282
2519 3353 2601 3407 vel
2625 3353 2834 3406 initium
2857 3351 2980 3405 anui
3011 3351 3144 3408 1285
3171 3350 3449 3407 referenda
3474 3360 3577 3406 cst.
3607 3349 3782 3406 Porro

2207 3445 2488 3502 Theodora
2503 3444 2632 3502 obiit
2669 3446 2734 3502 l6
2758 3444 3221 3512 Februarii,anno
3257 3444 3416 3499 l284.
3447 3442 3634 3498 Libelli
3664 3453 3780 3499 tex-

2212 3545 2346 3601 tum,
2377 3552 2535 3605 quem
2571 3537 2775 3605 primus
2798 3536 2964 3591 edidit
3014 3533 3249 3591 Jodnnes
3283 3532 3496 3587 Yriarte
3520 3535 3572 3589 in
3605 3533 3773 3588 Codd.

2209 3646 2336 3684 mss.
2366 3628 2456 3685 Gr.
2492 3626 2694 3683 Matrit.
2723 3642 2776 3698 p.
2801 3629 2932 3696 285,
2970 3630 3088 3684 cod.
3127 3625 3362 3682 LXXVII
3389 3670 3405 3694 ,
3435 3626 3774 3695 subjicimus.

2279 3723 2401 3779 303.
2465 3722 2712 3792 Sequitur
2766 3723 2951 3793 (verba
3011 3733 3136 3777 sunt
3186 3722 3427 3791 Yriartii)
3487 3723 3775 3790 exemplum

2212 3816 2550 3886 confessionis
2586 3832 2741 3880 super
2793 3817 2942 3870 rebus
2988 3815 3372 3879 ecclesiasticis,
3403 3833 3557 3886 quam
3611 3815 3773 3871 Theo-

2212 3914 2343 3964 dora
2373 3909 2682 3976 imperatrix
2711 3908 2874 3963 edidit
2896 3916 3013 3973 post
3043 3908 3238 3962 obitum
3268 3907 3540 3962 Michaelis
3570 3908 3778 3964 Ρσιιρο-

2212 4003 2318 4072 logi
2349 4001 2624 4068 Comueni,
2668 4000 2969 4056 Grecorum
3003 4001 3358 4067 imperatoris,
3391 4003 3627 4072 conjugis
3671 4004 3774 4066 sui,

2211 4098 2302 4169 qui
2358 4095 2561 4149 litteras
2599 4095 2876 4148 catholica:
2911 4094 3259 4163 liomamrque
3297 4095 3422 4163 ﬁdei
3448 4106 3604 4149 testes
3640 4099 3776 4150 dedit

2212 4191 2282 4242 ad
2344 4188 2649 4258 Gregorium
2707 4185 2754 4241 Χ
2801 4186 3098 4257 pontiﬁcem
3157 4189 3480 4247 maximum.
3552 4189 3777 4241 concilio

2214 4279 2551 4351 Lugdunensi
2579 4279 2807 4349 generali
2835 4283 3059 4332 secundo
3089 4289 3211 4331 tunc
3231 4281 3620 4348 prwsidentctu.
3648 4277 3776 4333 Cum

2214 4386 2336 4425 vero
2377 4367 2433 4421 in
2464 4366 2727 4433 omnibus,
2771 4376 3020 4437 quotquot
3066 4369 3363 4429 eooloimus.
3417 4385 3590 4422 rerum
3632 4385 3776 4422 cont-

2215 4463 2483 4518 mentariis
2517 4462 2698 4516 aliisve
2732 4462 2964 4531 scriptis,
2997 4462 3200 4515 nullum
3235 4463 3536 4529 Itujnsmodt'
3578 4463 3780 4532 confes-

545 4561 870 4618 sententiam
913 4561 1128 4631 quidem
1161 4560 1265 4617 loci
1299 4561 1456 4630 hujus
1501 4563 1698 4630 reddit)
1729 4562 1973 4633 Προκλος
2015 4575 2112 4633 pro
2144 4544 2189 4602 θ
2217 4561 2380 4614 sionis
2429 4574 2531 4613 non
2585 4559 2738 4611 modo
2782 4558 3073 4621 exemplum
3119 4567 3306 4618 exstet,
3353 4557 3446 4610 sed
3481 4573 3544 4610 ne
3593 4559 3780 4611 mentio

547 4652 860 4725 Πάτροκλος
888 4653 1178 4709 habebant.

621 4745 683 4801 P.
708 4746 799 4802 ιδ.
835 4747 946 4802 Cur
977 4747 1064 4802 hic
1095 4746 1368 4818 σφραγῖδα
1394 4747 1804 4803 benedictionem
1831 4749 2107 4816 verterim,

543 4854 762 4896 causam
823 4840 948 4895 dico
1007 4841 1059 4895 in
1117 4841 1414 4898 Glossario.
1475 4841 1552 4897 De
1605 4858 1735 4897 voce
1790 4859 2114 4915 πρωτοαπο-

542 4933 827 5004 στολαριου
888 4943 942 4989 et
995 4933 1112 5004 ejus
1171 4935 1390 4991 notione
1441 4935 1574 4990 nihil
1627 4937 1767 4989 addo
1823 4938 1888 4992 ad
1932 4938 2110 4992 Meur-

541 5026 708 5082 sium.
1396 5036 1398 5038 '

611 5120 670 5174 1).
703 5118 792 5173 46.
826 5118 906 5173 Νι
941 5118 1028 5190 qui
1064 5131 1240 5175 autent
1275 5122 1329 5176 in
1365 5125 1741 5187 superioribus,
1771 5136 1876 5178 etc.
1914 5124 2107 5179 Totam

536 5212 706 5282 hujus
758 5213 860 5266 loci
901 5213 1228 5267 sententiam
1283 5216 1626 5270 ahhrevintor
1670 5216 1980 5283 Vaticanus,
2023 5218 2109 5271 vix

540 5306 785 5374 quintam
836 5305 992 5374 hujus
1047 5308 1238 5374 capitis
1276 5308 1538 5362 exhibens
1577 5316 1805 5375 partem,
1852 5311 2011 5363 etiam
2054 5313 2108 5363 iu

541 5400 876 5453 contrarium
915 5400 1080 5453 menti
1123 5399 1365 5454 auctoris
1391 5401 1659 5454 dclormnt
1703 5417 1939 5456 sensum.
1971 5403 2105 5457 Cum

539 5492 684 5544 cuitu
711 5489 1076 5563 Pot-hymeres
1110 5491 1389 5546 mauifeue
1418 5494 1644 5547 afﬁrmet
1675 5511 1740 5545 uc.
1782 5508 1810 5546 e
1841 5495 2108 5550 (interim-

539 5585 713 5640 tucnis
761 5585 976 5655 quidem
1027 5588 1372 5657 despectandi
1417 5586 1472 5642 in
1509 5589 1761 5656 templum
1793 5589 2103 5643 facultatem

536 5679 793 5746 cuiquam
837 5691 1174 5745 concessam,
1225 5681 1418 5748 positis
1455 5681 1526 5733 ihi
1563 5683 1630 5738 ad
1673 5683 1773 5736 hoc
1807 5683 2102 5750 prohiben-

532 5769 665 5828 dum
706 5771 1040 5834 custodibus,
1075 5770 1164 5826 ille
1205 5781 1382 5828 tamen
1417 5773 1577 5846 732
1606 5774 1678 5828 ait
1710 5776 1858 5828 Ἀνω
1899 5775 1952 5827 δὲ
1996 5775 2103 5826 τῶν

536 5862 1018 5934 κατηχουμινείων
1050 5864 1270 5930 πάντες,
1303 5866 1395 5918 καὶ
1432 5865 1684 5937 pastini»;
1725 5867 1815 5920 uati
1847 5867 2104 5939 ἄρχοντες

2213 4651 2421 4720 quidem
2462 4658 2724 4710 occurrat,
2753 4649 2808 4703 id
2837 4649 2974 4702 velut
3001 4647 3235 4701 historia!
3264 4646 3574 4717 Byzantina!
3604 4651 3782 4716 singu-

2214 4743 2325 4796 lare
2349 4753 2740 4796 monumentum
2769 4753 2924 4811 atque
2954 4742 3066 4810 ejus
3093 4743 3341 4797 studiosis
3366 4741 3665 4796 hominibus
3685 4741 3782 4812 ju-

2213 4837 2615 4902 cundissimum,
2641 4836 2788 4890 libuit
2813 4838 2897 4889 hic
2930 4839 2997 4888 ad
3030 4836 3257 4888 litteram
3293 4835 3604 4892 exscribere.

2219 4957 2278 5016 >14
2314 4952 2381 5006 Τὸ
2411 4953 2552 5008 ἴσον
2576 4950 2684 5018 τῆς
2712 4949 3032 5020 ὁμολογίας
3051 4946 3162 5015 τῆς
3182 4946 3468 5016 κραταιᾶς
3481 4949 3586 5020 καὶ
3610 4948 3782 5016 ἁγίας

2284 5022 2456 5092 ἡμῶν
2506 5025 2716 5089 κυρίας
2744 5019 2848 5074 ⁷καὶ
2887 5021 3216 5085 δεσποίνης
3266 5021 3364 5092 tiu-tl
3405 5019 3531 5083 τοῖς
3563 5023 3780 5085 exun-

2283 5089 2628 5159 ονίαοντικοῖς
2662 5093 3048 5161 πράγμασιν-ο
3082 5092 3229 5155 ὅπερ
3257 5089 3353 5143 διὰ
3390 5093 3784 5161 οιξιειοχειροο

2285 5164 2553 5234 σταυροῦ
2591 5165 2693 5218 ἀπ’
2718 5160 2908 5231 ἀρχῆς
2932 5161 3308 5234 ἐπιστώσατο
3330 5160 3469 5234 χκᾳὶ
3501 5162 3657 5214 κάτω
3686 5160 3784 5212 διὰ

2285 5234 2394 5302 τῆς
2416 5232 2642 5300 οἰκείας
2678 5235 2916 5301 στήλης
2950 5233 3019 5284 ἐν
3043 5233 3308 5300 χρυσίνῃ
3330 5232 3572 5298 βούλλῃ
3613 5248 3788 5302 φερο-

2284 5301 2472 5372 μένης
2520 5306 2616 5358 καὶ
2662 5302 3097 5372 ἀπῃωρημένης
3131 5302 3253 5370 (leg.
3297 5301 3765 5371 ἀπεωρουμένης

2287 5380 2318 5431 δ
2324 5382 2360 5430 ι’
2395 5379 2597 5441 ὀξείας
2623 5376 2908 5445 μετάξης.

2284 5491 2534 5564 Θεοδώρα
2563 5491 2622 5543 ὲν
2660 5487 2884 5560 Χριστῷ
2947 5486 3027 5556 τῷ
3085 5484 3223 5555 Θεῷ,
3276 5484 3441 5556 πιστὴ
3495 5484 3785 5552 Αὐγούστσ

2213 5587 2310 5638 καὶ
2337 5582 2813 5653 αὑτοκρατόρισσα
2837 5578 3150 5649 Ῥωμαίων.
3181 5579 3474 5637 Δούκαινα,
3499 5579 3780 5648 Κομνηνὴ,

2214 5679 2248 5748 ἡ
2284 5674 2703 5744 Παλαιολογίνα.
2733 5674 2836 5742 οὐχ
2868 5670 3057 5742 ὥσπερ
3101 5672 3195 5725 ἰπὶ
3233 5673 3344 5723 τῶν
3369 5670 3544 5723 ἄλλων
3585 5688 3784 5742 κατορ-

2216 5769 2510 5838 θωμάτων,
2547 5768 2647 5819 ὅσα
2679 5783 2760 5827 τις
2793 5767 2886 5817 ἐπὶ
2921 5764 3168 5836 σωτηρίᾳ
3200 5762 3395 5819 ἑαυτοῦ
3426 5762 3776 5834 κατορθῶσαι

2209 5863 2523 5935 δυνήσεται,
2560 5859 2703 5914 οἱτω
2734 5876 2824 5930 μοι
2870 5861 2963 5912 καὶ
3007 5861 3100 5912 ἐπὶ
3143 5859 3240 5930 τῆς
3283 5857 3564 5921 εὐσεϐείας
3606 5856 3775 5929 αὐτῆς
