4058 6298
460 397 566 462 795

1405 403 1473 465 Γ.
1520 403 1810 467 POSSINI
1850 405 2506 469 OBSERVATIONUM
2541 404 2687 466 LIB.
2733 400 2813 464 Ιῐ.

3594 399 3698 460 796

460 513 552 569 bat
585 530 597 564 :
629 513 702 567 Οὐ
755 515 863 586 μὴν
905 515 960 568 δι
1015 515 1150 588 πρὸς
1205 516 1304 571 τοῦ
1351 519 1493 574 κατὰ
1540 519 1868 590 Λάμψακον.
1909 516 2033 573 llaec

2160 517 2443 588 ιρτοφορῐῳ
2476 515 2638 586 μέχρι
2678 513 2772 568 καὶ
2803 513 2902 582 τῆς·
2935 511 3156 582 τυρινῆς
3190 508 3266 572 si;
3295 508 3353 561 τδ
3384 507 3533 561 ἐπιόν
3571 508 3708 570 ἔτος.

465 602 680 658 videtur
733 606 844 660 sola
905 616 1048 662 recta
1105 609 1288 675 lectio,
1315 625 1475 680 quam
1542 612 1662 668 ideo
1704 628 1864 667 unam
1909 627 2030 666 sum

467 698 764 767 amplexus.
830 698 1126 771 Operoslor
1179 700 1281 757 fuit
1337 705 1618 773 inquisitio
1682 705 1875 761 fabula
1941 714 2034 759 aut

467 790 729 855 historiae,
786 809 950 861 quam
998 802 1188 865 auctor
1241 795 1345 850 hoc
1397 797 1518 852 loco
1579 798 1776 863 innuit,
1837 799 1912 852 rei
1967 800 2036 852 ad

469 882 828 952 Lampsacum
889 898 1076 958 geste.
1150 888 1568 959 Circumspectis
1637 893 1726 945 ditt
1782 890 2037 945 omnibus

472 975 632 1048 733
658 978 711 1031 in
737 979 838 1032 hoc
862 979 1075 1034 tandem
1108 981 1373 1051 acquievi,
1395 993 1452 1038 ut
1479 985 1758 1039 crederem
1786 984 2040 1038 habuisse

475 1069 863 1141 Pachynterem
919 1073 1033 1129 inec
1090 1063 1413 1130 scribentem
1469 1077 1520 1130 in
1578 1080 1756 1131 animo
1803 1078 1852 1130 id
1897 1077 2046 1145 quod

473 1173 664 1217 auctor
692 1163 1046 1236 Etymologiei
1085 1166 1249 1222 refert
1288 1169 1453 1224 verbo
1479 1168 1785 1238 Λάμψακος
1817 1169 1868 1224 in
1901 1171 2045 1224 hunc

475 1256 692 1310 inodum
732 1256 904 1310 :'01:t
945 1261 1060 1323 τοῖς
1119 1258 1512 1332 Λαμψακηνοῖς
1561 1261 1810 1331 χρησμὸς
1848 1261 2042 1334 ἐδόθη,

472 1348 608 1404 ὃπου
639 1350 704 1404 ἂν
721 1350 906 1416 αὐτοῖς
932 1350 1147 1424 λάμψῃ,
1171 1354 1287 1408 ἐκιῖ
1305 1353 1459 1409 πόλιν
1486 1355 1693 1408 κτίσαι.
1728 1355 2045 1426 ’Δστραπῆς

476 1439 570 1497 οὖν
599 1446 916 1516 γενομένης,
947 1441 1084 1500 εἴδον
1123 1447 1212 1502 τὸν
1247 1447 1414 1502 τόπον
1447 1449 1542 1503 καὶ
1573 1449 1795 1503 ἔκτισαν
1828 1450 1925 1522 τὴν
1955 1452 2051 1505 πό-

473 1535 578 1601 λιν,
605 1539 908 1607 Λάμψακον
935 1539 1143 1610 ταύτην
1184 1542 1752 1612 προσαγορεῦσαντες,
1791 1544 1886 1598 καὶ
1924 1544 2053 1608 τοὺς

477 1630 852 1698 πολεμοῦντας
895 1632 1084 1695 αὐτοῖς
1117 1631 1450 1703 βαρϐάρους,
1494 1635 1652 1707 λόχον
1689 1637 2049 1705 ποιήσαντας,

477 1720 568 1776 διὰ
610 1721 710 1790 τῆς
739 1722 1030 1793 ἀστραπῆς
1065 1720 1268 1787 ἰδόντες
1296 1723 1670 1778 κατέκαυσαν.
1699 1723 1777 1780 Ita
1811 1724 1921 1779 ille.
1953 1724 2051 1778 Hie

480 1821 732 1880 eventus,
771 1813 1091 1869 insidiarum
1138 1813 1260 1867 luce
1299 1813 1531 1884 fulguris
1586 1830 1615 1869 a
1662 1806 2053 1883 LampsaCeuis

481 1907 668 1960 urbem
703 1906 1046 1961 molientibus
1078 1906 1438 1970 delectarum,
1491 1921 1544 1962 et
1579 1909 1765 1964 statim
1803 1909 2050 1964 immisso

478 1999 604 2068 igne
663 1999 719 2054 in
774 2001 885 2054 suis
947 2000 1080 2071 ipsis
1130 2000 1355 2059 latebris
1393 2003 1739 2056 incensurum
1790 2001 2052 2066 hostium,

479 2093 695 2150 videtur
748 2093 902 2164 quasi
955 2093 1280 2164 proverbiali
1336 2095 1655 2149 celebritate
1719 2093 1924 2152 relatus
1984 2097 2052 2150 ad

481 2186 935 2257 signiﬁcationem
973 2188 1231 2265 vindictae
1255 2187 1453 2244 celeris
1480 2189 1740 2244 divinitus
1772 2190 2055 2254 immissm,

480 2279 634 2335 clade
651 2287 773 2349 post
795 2282 971 2334 minas
993 2296 1100 2336 non
1124 2284 1390 2350 tardante,
1414 2282 1496 2354 1P.
1517 2282 1648 2354 523]
1673 2286 1766 2337 sed
1793 2283 2059 2338 continuo

481 2374 786 2441 excipiente
832 2374 1218 2450 iudicationem
1259 2375 1514 2444 primam.
1553 2375 1729 2443 Atque
1760 2375 1902 2430 haud
1937 2377 2059 2432 scio

398 2502 402 2506 λ
482 2484 552 2523 an
581 2483 684 2523 non
719 2469 840 2522 inde
883 2468 1148 2546 Adrastea
1182 2468 1450 2533 Nemesis,
1478 2470 1595 2525 sive
1627 2470 1713 2524 hic
1751 2481 2050 2524 memorata

482 2563 630 2632 δίκη.
691 2563 1038 2634 peculiariter
1092 2567 1229 2632 apttd
1278 2564 1678 2634 Lampsacenos
1729 2565 1874 2619 culta
1923 2566 2051 2619 olim

484 2653 684 2718 fuerit,
748 2656 904 2724 cujus
957 2655 1102 2710 velut
1165 2655 1418 2724 auspiciis
1485 2665 1689 2710 structa
1770 2654 1860 2710 illa
1919 2656 2056 2709 civi-

488 2759 572 2804 tas
626 2749 837 2806 finiaset.
899 2747 1092 2805 Strabo
1143 2750 1402 2805 videndus
1455 2750 1493 2804 Ι.
1531 2766 1655 2815 xm,
1704 2765 1756 2820 p.
1811 2750 1912 2806 68$
1962 2750 2050 2805 cd.

487 2844 654 2900 Basil.

558 2936 621 2993 P.
645 2940 734 2995 77.
757 2938 894 3006 Quid
919 2939 1006 2993 ltic
1039 2953 1158 2993 esse
1186 2949 1368 3006 putem
1412 2938 1772 3010 ἐπαληθεύειν
1801 2941 1914 3001 τοῖς
1968 2956 2058 2991 τεο

488 3031 856 3102 τελεσμένοες,
913 3032 1100 3086 videat
1151 3047 1334 3100 :eqnus
1398 3032 1566 3086 lector
1640 3033 1691 3086 iu
1752 3033 2053 3095 Clessario.

487 3125 656 3181 verbo
683 3124 753 3179 τὰ
782 3123 1160 3195 τετελεσμένα,
1191 3133 1478 3195 antequam
1516 3140 1690 3179 meam
1736 3124 2056 3193 interpreta-

492 3221 692 3275 tionem
714 3207 946 3274 damnet.

563 3310 700 3365 Ibid.
731 3310 804 3363 Τὸ
837 3309 882 3364 δ’
914 3306 982 3365 αὗ
1005 3312 1070 3364 ἐκ
1097 3310 1189 3365 τοῦ
1222 3310 1566 3381 παρεικότος,
1611 3319 1722 3364 etc.
1743 3310 1818 3362 Τὸ
1857 3326 2054 3382 παρει-

494 3404 590 3468 κός
656 3416 814 3461 sonat
865 3406 953 3461 hic
1011 3407 1327 3470 remissum,
1368 3406 1713 3469 dissolutum,
1759 3406 2052 3476 negligens,

491 3499 640 3570 quod
681 3508 841 3570 negat
893 3514 1055 3570 posse
1106 3501 1395 3554 convenire
1444 3501 1534 3553 Dei
1593 3499 1889 3568 sapientiae,
1943 3500 2057 3553 acri

499 3608 717 3663 semper
746 3592 923 3663 vigilia
957 3592 1177 3646 intenta:
1215 3591 1268 3644 in
1323 3605 1412 3645 res
1449 3605 1568 3662 quae
1610 3590 1764 3655 ﬁunt,
1822 3601 1875 3645 et
1926 3590 2056 3647 nulli

499 3703 610 3742 non
655 3686 868 3741 eventui
912 3701 1068 3740 suum
1103 3677 1463 3756 interponenti
1492 3685 1775 3753 judicium.

569 3775 633 3830 Ρ.
677 3775 762 3831 78.
797 3775 1091 3831 Μανίαισιν
1123 3776 1440 3848 ὑποκρέκει,
1486 3776 1622 3846 φησὶ
1654 3776 1934 3847 Πίνδαρος.
1969 3779 2061 3832 Αι-

500 3870 640 3925 lutlit
703 3870 841 3938 quod
901 3877 1079 3923 exstat
1133 3867 1403 3940 hodieque
1454 3872 1596 3937 apud
1656 3868 1948 3924 Pindarum
2007 3872 2059 3926 in

495 3965 707 4036 Olytnp.
755 3966 826 4018 Τὸ
856 3949 1162 4035 καῦχᾶσοαι
1195 3963 1344 4035 παρὰ
1393 3965 1585 4029 καιρὸν
1626 3965 1902 4036 μανίαισιν
1927 3965 2059 4019 ὐπο-

498 4058 710 4124 κρέκει.

495 4188 507 4195 ..
569 4150 681 4204 Νοιι
715 4146 1016 4219 dissimulo,
1066 4150 1192 4205 mihi
1221 4151 1323 4205 hoc
1354 4158 1518 4219 caput
1558 4162 1612 4205 et
1644 4149 1842 4218 legenti
1882 4163 1935 4205 ct
1979 4153 2062 4205 iu-

497 4246 1219 4316 terpretautismpetmdium
1261 4249 1510 4302 obortum
1556 4248 1625 4302 ob
1672 4248 1842 4318 εὐήθη
1897 4249 2061 4302 δεισι-

501 4337 787 4409 δαιμονίαν
816 4340 1120 4409 scriptoris,
1148 4339 1238 4411 qui
1269 4349 1346 4393 tot
1371 4341 1744 4408 prtel'atiunum
1774 4341 2060 4396 anxiarum

506 4432 759 4502 ambages
794 4432 940 4486 casui
971 4433 1193 4486 minime
1241 4433 1376 4486 miro
1407 4435 1777 4502 prtetexendas
1839 4445 2060 4500 putave-

461 4598 465 4602 _
503 4526 599 4592 rit,
634 4537 823 4581 uastum
867 4525 1032 4580 animi
1070 4535 1353 4580 ostentans
1405 4527 1630 4580 anicul:e
1679 4530 2063 4596 superstitiosa:

2140 610 2446 673 Μέλλοντος
2475 610 2594 680 γὰρ
2615 608 2708 662 τοῦ
2750 607 2939 678 ἱερέως
2975 604 3117 659 κατὰ
3163 596 3274 674 τὴν
3299 602 3394 672 τῆς
3422 600 3716 672 Romani];

2139 705 2354 774 ἡμέραν
2418 701 2673 772 ἐμϐαλεῖν
2735 697 2815 770 τῷ
2848 697 3177 769 ·ἁρτοφορίῳ
3244 693 3722 766 προηγιασμένους

2151 796 2342 865 ἁγίους
2376 795 2599 865 ἄρτους,
2638 785 2766 864 εἶιρε
2796 791 2889 845 τὸν
2913 789 3106 862 χρόνον
3151 779 3542 842 διαόιϐἁσαντα
3571 785 3722 853 ἅγιον

2146 889 2311 958 ἄρτον
2351 887 2630 957 σεσηπότα
2692 885 2872 956 πάντη
2925 885 3021 937 καὶ
3079 880 3553 951 ἀπηχρειωμένον.
3613 879 3720 931 Καὶ

2143 981 2302 1035 τοῦτο
2325 981 2465 1049 μέγα
2680 979 2908 1051 σημεῖόν
2926 993 3066 1039 τινες
3089 976 3196 1028 τῶν
3225 972 3720 1045 μικροθαυμὰστων

2147 1075 2462 1130 ὑπέλαϐον
2495 1073 2649 1142 Quod
2711 1075 2953 1127 dicturus
3015 1071 3136 1141 (ait)
3176 1087 3313 1129 sum,
3372 1068 3585 1137 quidam
3639 1068 3720 1119 in-

2145 1185 2266 1237 gens
2295 1176 2596 1236 portentum
2636 1175 2975 1236 putaverunt,
3019 1165 3288 1217 inventum
3314 1176 3495 1222 nempe
3526 1177 3633 1214 esse
3666 1161 3719 1213 in

2147 1279 2299 1316 sacra
2339 1262 2529 1331 pyxide
2552 1277 2737 1330 panem
2763 1269 3122 1313 consecratum
3180 1255 3558 1324 putrefactum.
3616 1252 3724 1306 Pa-

2149 1371 2262 1409 nem
2297 1366 2470 1409 autem
2505 1358 2659 1422 longe
2691 1371 2802 1407 ante
2821 1365 3116 1422 putrescere
3149 1351 3362 1402 minime
3410 1350 3603 1401 mirum
3623 1355 3718 1400 est.

2156 1450 2426 1505 Nimirum
2453 1450 2503 1503 in
2539 1450 2672 1518 festo
2709 1433 3042 1505 Palmarum,
3061 1461 3162 1514 quo
3191 1445 3274 1496 die
3298 1440 3724 1512 inaugurabatur

2151 1542 2458 1612 patriarcha
2483 1539 2733 1610 Cyprius.
2757 1555 2874 1592 cum
2911 1539 2976 1590 de
3009 1553 3151 1590 more
3181 1537 3397 1596 fuissent
3428 1533 3724 1587 consecrati

2153 1653 2311 1706 panes
2337 1634 2403 1690 eis
2447 1634 2640 1699 quibus
2684 1628 2892 1696 deinde,
2947 1647 3045 1698 quo
3099 1631 3203 1683 ritu
3243 1644 3335 1695 per
3371 1628 3721 1697 insequentem

2152 1730 2534 1786 hebdomadam
2572 1729 2658 1799 {ns
2679 1735 2779 1790 est,
2807 1743 2965 1781 sacra
2995 1739 3062 1779 ex
3083 1722 3553 1792 prwsanctiﬁratis
3587 1721 3724 1772 dicta

2155 1823 2574 1882 celebrarentur.
2643 1820 2860 1890 contigit
2899 1835 3025 1874 casu
3085 1817 3311 1887 quodam
3364 1814 3502 1884 feria
3536 1822 3724 1885 quarta

2155 1913 2377 1981 majoris
2399 1912 2746 1966 hebdomadas
2791 1926 3000 1965 sacrum
3034 1926 3093 1963 eo
3133 1908 3219 1962 die
3247 1907 3365 1977 ﬁeri
3397 1906 3611 1960 solitum
3664 1921 3725 1959 es;

2153 2007 2614 2078 prasanctiﬁcntis
2647 2006 2839 2060 omitti.
2875 2002 3026 2058 Unde
3065 2002 3416 2058 consumenda
3443 2016 3536 2070 per
3565 1998 3723 2062 iiiud,

2154 2104 2202 2156 si
2232 2104 2328 2156 rite
2359 2113 2636 2171 peractum
2668 2100 2825 2169 foret,
2857 2098 3010 2166 panis
3047 2097 3348 2150 consecrati
3381 2092 3646 2161 particula
3673 2093 3728 2146 iis

2154 2214 2308 2250 sacra
2333 2197 2526 2268 pyxide
2548 2196 2727 2248 relicta
2763 2203 2835 2246 est
2870 2209 3034 2263 usque
3081 2192 3150 2244 ad
3185 2190 3505 2243 dominieum
3568 2187 3727 2259 Tyri-

2155 2303 2263 2343 nen
2300 2297 2535 2342 vocatam
2567 2286 2884 2356 insequentis
2908 2285 3055 2341 anni.
3099 2283 3215 2350 Qun
3235 2282 3318 2336 die
3343 2298 3460 2335 cum
3487 2283 3558 2336 ad
3579 2297 3729 2336 erant

2156 2382 2398 2437 sacerdos
2450 2381 2649 2452 faciens
2699 2396 2856 2435 novas
2912 2377 3200 2432 consecrati
3241 2377 3393 2446 panis
3439 2377 3730 2445 particulas

2157 2478 2339 2532 indere
2382 2491 2550 2530 sacra:
2579 2474 2763 2546 pyxidi
2796 2473 3020 2535 deberet,
3054 2474 3241 2542 reperit
3287 2474 3340 2526 in
3389 2490 3448 2525 ea
3487 2469 3731 2541 putrefa-

2157 2584 2293 2625 ctum
2322 2571 2453 2623 tanti
2473 2571 2718 2640 temporis
2747 2586 2918 2630 mora,
2946 2569 3036 2640 qui
3062 2558 3108 2621 ei
3132 2583 3271 2621 anno
3319 2566 3580 2632 superiori
3617 2564 3733 2634 {ue-

2161 2675 2242 2718 rat
2270 2663 2492 2729 inditus,
2528 2679 2740 2718 sacrum
2778 2678 2988 2732 partem.
3027 2660 3092 2715 Et
3123 2662 3220 2714 hoc
3251 2676 3495 2728 magnum
3546 2658 3728 2728 prodi-

2158 2760 2295 2830 gium
2329 2757 2544 2828 quidam
2590 2773 2754 2826 parva
2795 2757 3049 2809 mirantes
3089 2763 3425 2824 putaverunt.
3460 2751 3730 2806 llacienus

2159 2851 2244 2906 hic
2279 2850 2555 2906 breviator
2585 2889 2600 2912 ,
2642 2850 2797 2917 cujus
2828 2849 2881 2903 in
2903 2848 3117 2923 negotio
3162 2855 3416 2915 suscepto
3451 2846 3732 2899 tractando

2158 2959 2364 2997 securae
2397 2943 2662 2999 libertatis
2699 2943 2800 2997 hoc
2829 2943 3103 3012 specimen
3125 2939 3291 3003 habe,
3311 2939 3517 3000 lector;
3545 2937 3600 2992 in
3620 2955 3726 3006 quo

2159 3037 2201 3093 si
2253 3037 2434 3091 minus
2480 3037 2640 3094 tidatn
2697 3037 2997 3104 epitomen,
3051 3044 3199 3088 certe
3262 3049 3368 3089 nun
3403 3033 3739 3088 immeritam

2157 3145 2443 3185 censuram
2499 3128 2673 3183 nostri
2731 3128 2832 3182 hoc
2893 3127 3011 3182 loco
3055 3125 3306 3182 historici
3363 3125 3586 3191 videbis,
3633 3142 3729 3181 nec

2085 3225 2128 3282 C
2163 3237 2553 3293 usquequaque
2583 3221 2936 3291 improbabis,
2971 3230 3027 3275 ut
3060 3221 3274 3290 opinor.

2233 3314 2291 3370 P.
2322 3314 2411 3369 85.
2451 3315 2525 3368 De
2565 3313 2911 3368 veneratione
2935 3313 3247 3381 angelorum
3281 3311 3411 3367 feria
3458 3313 3614 3370 tertia
3632 3329 3728 3366 cu-

2154 3410 2328 3480 ju~vis
2356 3407 2709 3463 hebdomadas!
2738 3423 2764 3460 a
2796 3405 3420 3476 Constantinopolitanis
3464 3407 3726 3460 celebrari

2162 3504 2316 3558 solita
2348 3501 2589 3570 populari
2617 3514 2885 3555 concursu
2919 3499 2982 3552 ad
3011 3509 3215 3569 partem
3239 3499 3518 3554 dextevam
3544 3501 3733 3555 altar's

2164 3595 2343 3664 templi
2378 3605 2581 3649 sancta
2615 3592 2854 3660 Sophia,
2886 3592 3007 3647 vide
3027 3607 3145 3663 quae
3178 3603 3380 3648 annoto
3417 3593 3470 3671 iu
3512 3592 3728 3648 Glossa-

2163 3687 2244 3741 rio
2280 3703 2340 3738 vc
2349 3685 2443 3740 rbo
2494 3685 2740 3754 Ὀδηγοῐ.

2236 3779 2320 3852 [Ρ.
2346 3778 2560 3852 52419.
2589 3779 2678 3835 87.
2714 3778 2924 3833 lrenen.
2955 3776 3080 3832 Fuit
3107 3777 3221 3833 haec
3269 3793 3426 3833 soror
3454 3776 3728 3834 Marchio—

2167 3873 2257 3926 uis
2319 3872 2706 3929 lllontisferrati
2740 3874 2791 3927 itt
2849 3872 3138 3938 Subalpina
3168 3876 3416 3939 regione;
3449 3873 3534 3926 cui
3570 3873 3731 3925 etiam

2163 3967 2357 4021 deinde
2393 3954 2506 4021 sine
2535 3967 2721 4021 liberis
2753 3977 2969 4021 mortuo
3005 3967 3147 4021 [ilius
3184 3967 3483 4021 Andronici
3512 3980 3578 4021 ex
3630 3967 3732 4022 hoc

2163 4061 2398 4115 secundo
2443 4071 2600 4113 natus
2656 4059 2932 4129 conjugio,
2983 4070 3041 4114 ut
3077 4067 3266 4130 postea
3317 4067 3503 4115 noster
3557 4063 3730 4125 docet,

2159 4151 2280 4222 jure
2304 4163 2551 4208 materno
2578 4153 2866 4208 successit.

2239 4245 2297 4301 l‘.
2324 4245 2414 4302 93.
2451 4247 2488 4299 Α
2522 4246 2744 4302 cunctis.
2781 4245 2979 4301 Cuncti
3026 4245 3278 4299 nimirum
3332 4243 3424 4315 qui
3483 4245 3734 4314 aderant,

2166 4351 2365 4413 prmter
2424 4341 2654 4397 Veccnnt
2731 4351 2785 4396 et
2844 4343 3284 4408 archidiaconos,
3348 4344 3737 4412 prmoecupatis

2166 4436 2459 4489 schismate
2487 4445 2541 4488 et
2572 4449 2758 4489 errore
2789 4433 3320 4502 animisjtulicabaut
3374 4433 3442 4487 de
3483 4435 3736 4501 przesenti

2170 4525 2580 4580 controversia:
2616 4526 2774 4578 aliter
2806 4525 2952 4579 enim
3016 4537 3287 4592 nunquam
3325 4521 3495 4575 valide
3523 4530 3570 4575 et
3629 4521 3740 4575 ine-

504 4620 684 4690 potius
714 4633 877 4688 quam
908 4619 1044 4682 viro,
1085 4620 1386 4687 praesertim
1445 4620 1720 4690 theologo,
1774 4631 2060 4676 consenta-
2096 4621 2139 4674 [ἱ
2172 4620 2493 4674 tttctnbiliter
2519 4619 2792 4687 disputata
2845 4617 3207 4680 censuissent,
3267 4630 3390 4683 qua:
3423 4614 3738 4668 Theodorus

504 4728 683 4768 neum.
713 4711 893 4778 Quare
927 4728 1033 4764 non
1072 4713 1278 4782 prolixe
1315 4712 1483 4767 solum
1541 4713 1758 4783 ignosco
1803 4712 2064 4769 Vaticano

505 4805 815 4868 breviatori,
857 4804 996 4873 quod
1037 4805 1290 4859 verbosas
1323 4805 1547 4860 lacinias
1596 4805 1945 4861 ridicularnm
1973 4809 2068 4861 ad-

507 4896 851 4951 mirationum
892 4910 957 4948 ex
999 4896 1101 4950 hoc
1125 4898 1298 4964 capite
1349 4898 1593 4951 recidens
1631 4897 1758 4950 illud
1795 4899 1844 4951 in
1884 4914 2068 4953 versus

504 4989 860 5065 paucissimos
895 4988 1252 5052 contraxerit,
1289 4990 1381 5043 sed
1406 4990 1566 5043 etiam
1592 4991 1708 5060 ejus
1748 4991 1834 5044 hic
1853 4991 2064 5061 quidem

501 5080 768 5151 judicium
801 5080 981 5145 laudo,
1005 5091 1058 5134 et
1097 5084 1148 5136 in
1179 5083 1296 5152 ejus
1331 5082 1558 5153 gloriam
1595 5091 1760 5138 totam
1794 5087 1932 5140 hanc
1949 5087 2067 5155 ejus

506 5174 775 5244 epitonicn
810 5174 1105 5228 adscribo:
1150 5178 1215 5229 Ὃ
1276 5177 1332 5229 δὲ
1391 5177 1567 5246 μέλλω
1617 5179 1761 5248 ἐρεῖν
1823 5178 2066 5249 (inquit),

506 5265 650 5328 τινὲς
676 5265 815 5334 μέγα
850 5283 902 5318 τι
933 5263 1158 5336 σημεῖον
1185 5271 1420 5338 ἔκρινον,
1451 5267 1536 5320 διὰ
1575 5270 1634 5321 τὸ
1662 5269 1950 5340 εὑρεθῆναι
1980 5271 2068 5323 τὸν

509 5360 665 5427 ἅγιον
688 5360 849 5427 ἄρτον
872 5361 932 5413 ὲν
972 5361 1047 5432 τῷ
1104 5358 1410 5431 ἀρτοφορῐῳ
1462 5366 1756 5431 σεσηπότα.
1808 5362 1975 5416 Τοῦτο
2012 5363 2070 5417 δὲ

514 5453 698 5516 καινὸν
727 5454 826 5507 οὐκ
861 5455 1009 5506 ἐστιν
1042 5457 1089 5506 et
1123 5457 1381 5525 etoqmo.
1416 5456 1569 5509 Κατά
1620 5457 1715 5526 τὴν
1750 5457 1858 5519 τῶν
1893 5457 2070 5512 Ιιαῖων

507 5546 724 5618 ὲ·ρτὴν,
759 5549 844 5601 ὃτι
875 5549 902 5600 ὁ
923 5547 1164 5619 Κύπριος
1185 5550 1472 5631 delapsi);
1501 5551 1762 5614 ἐτελεῖτογ
1776 5549 2071 5619 πεποίηντο

509 5641 649 5694 κατὰ
689 5642 749 5693 τὸ
781 5638 1008 5712 συνήθεες
1034 5625 1452 5712 προηδίιασμὲνα
1477 5659 1490 5672 ·
1521 5643 1616 5696 καὶ
1655 5645 1798 5697 κατὰ
1827 5661 1878 5696 τι
1936 5661 2067 5713 συμ-

511 5732 612 5785 ϐὰν
639 5735 702 5805 τῇ
741 5733 872 5806 ἁγίᾳ
905 5736 998 5786 καὶ
1060 5735 1273 5807 μεγάλῃ
1316 5734 1546 5805 ’τετράδι
1592 5733 1925 5805 παρελειφῦη
1997 5732 2072 5806 μὴ

511 5825 830 5895 τελεσθῆναι
859 5825 926 5879 τὰ
951 5825 1050 5897 τῆς
1076 5826 1224 5889 θείας
1259 5827 1568 5898 ἱερουργίας
1598 5827 2066 5898 προηγιασμένης.

513 5917 820 5973 Κάντεῦθεν
851 5918 1253 5988 sustentabat;
1307 5922 1512 5998 eam;
1563 5921 1724 5993 ἄρτος
1770 5917 1836 5991 ἦν
1881 5920 1940 5972 ὲν
1995 5919 2072 5990 τῷ

2170 4711 2384 4767 Muaalo
2461 4711 2549 4764 hic
2629 4707 2869 4763 refertur
2947 4705 3240 4775 protulisse
3318 4719 3541 4773 prorsus
3603 4705 3736 4757 ἀσύ-

2172 4823 2344 4860 στατα
2363 4814 2417 4859 ct
2450 4819 2568 4858 sese
2607 4802 2835 4856 invicem
2870 4799 3221 4854 destruentis.
3280 4796 3394 4852 Duo
3425 4798 3566 4850 enim
3591 4796 3740 4850 alllr-

2173 4909 2303 4962 mat,
2337 4899 2506 4969 prius,
2539 4911 2597 4952 se
2622 4908 2918 4967 agnoscere
2947 4908 3043 4962 pro
3088 4907 3211 4946 vera
3251 4889 3572 4944 Damasceni
3611 4906 3739 4945 sen-

2174 4993 2394 5047 tentiam
2421 5007 2449 5044 a
2490 4989 2668 5045 Vecco
2723 4987 3034 5057 allegatam,
3072 5000 3173 5056 qua
3206 4984 3250 5037 is
3297 4991 3520 5038 sanctus
3553 4984 3742 5038 doctor

2173 5087 2402 5141 aﬂirmat
2433 5084 2639 5139 Patrem
2683 5099 2792 5136 esse
2819 5081 3184 5148 productorem
3212 5093 3305 5148 per
3330 5075 3555 5131 Verbum
3578 5091 3741 5130 ensu-

2171 5182 2376 5237 tiatorii
2412 5179 2645 5250 Spiritus
2679 5194 2697 5241 ;
2735 5178 2992 5239 alterum,
3025 5183 3281 5228 setameu
3310 5187 3416 5224 non
3453 5171 3739 5223 admittere

2175 5276 2432 5346 Spiritum
2475 5290 2566 5342 per
2609 5269 2834 5325 Verbum
2870 5279 2915 5323 et
2940 5265 3141 5320 Filium
3192 5265 3442 5334 originem
3475 5279 3539 5316 ea:
3580 5261 3740 5316 Patre

2175 5370 2402 5424 trahere.
2436 5365 2594 5433 Atqui
2629 5365 2764 5418 citra
2795 5361 2957 5415 ullam
3007 5359 3402 5414 dubitationem
3437 5365 3542 5416 est,
3577 5353 3742 5423 origi-

2176 5477 2294 5515 neut
2320 5460 2586 5529 passivam
2633 5471 2698 5511 ex
2757 5467 2910 5522 sequo
2967 5449 3304 5519 respondere
3348 5446 3544 5515 origini
3605 5445 3738 5501 acti-

2173 5569 2286 5614 t'te;
2319 5553 2460 5606 unde
2484 5551 2570 5618 qui
2600 5547 2836 5603 admittit
2872 5544 3012 5600 istud
3047 5539 3598 5607 assertum,produrit
3633 5536 3741 5591 Pa-

2175 5657 2252 5698 ter
2277 5661 2366 5712 per
2403 5643 2597 5697 Filium
2623 5640 2906 5711 Spiritum,
2943 5636 3157 5695 nonnisi
3193 5649 3314 5687 cum
3349 5631 3736 5686 absurdissima

2177 5713 2617 5802 inconsequentia
2671 5743 2868 5799 negare
2920 5739 3097 5796 potest
3149 5729 3248 5781 hoc.
3315 5724 3482 5788 aliud,
3512 5721 3738 5790 Spiritus

2176 5836 2392 5880 sanctus
2431 5826 2742 5895 producitur
2795 5842 2824 5877 a
2860 5821 3022 5875 Putre
3075 5835 3165 5887 per
3199 5814 3416 5870 Filium.
3461 5812 3738 5880 QttOtnodo

2175 5917 2341 5988 igitur
2385 5926 2494 5972 tant
2525 5914 2806 5971 manifesta
2847 5909 3230 5979 ἁσυλλοτιοτία
3258 5909 3505 5978 plausum
3553 5920 3736 5965 acun-
