4058 6298
310 375 416 444 799

1352 380 1650 442 POSSINI
1681 373 2336 438 OBSEthA'l‘lt'M‘iUM
2381 371 2530 432 LIB.
2577 368 2666 431 Π.

3435 359 3554 423 80ολ

310 490 564 561 Spiritum
587 501 848 546 sanctum.
877 491 961 556 E',
994 494 1133 548 rides
1186 494 1387 563 [autent
1454 513 1606 564 aquw
1661 495 1870 556 Deum;
1905 496 1946 548 A
1978 490 2060 542 tit.
2093 485 2268 540 Verba
2323 483 2535 538 Ricardi
2591 483 2704 536 haec
2753 485 2881 534 sunt
2931 491 2944 531 :
2982 474 3121 530 Nam
3165 474 3287 530 Setit
3333 473 3536 544 quidem

311 599 504 649 aquam
567 595 745 638 autem
815 585 982 639 simam
1054 586 1313 652 Spiritum
1388 595 1657 641 sanciunt.
1725 583 1868 640 Fons

310 691 459 744 aqua
495 675 619 730 vim
644 675 806 730 Pater
827 685 927 742 est,
983 678 1177 746 flumen
1199 693 1262 732 ea:
1298 677 1440 749 fonte
1474 680 1754 750 procedens
1787 677 1873 732 Fi-

310 767 596 836 lium-aqua
619 769 852 837 ﬂuminis
872 769 1106 840 Spiritus
1136 783 1374 827 sanctus.

381 859 549 930 731‘
567 860 692 916 Hac
745 876 864 927 qua:
905 878 1073 930 pauca
1104 863 1170 918 de
1213 864 1395 918 multis
1426 864 1740 933 speciminis
1781 865 1872 919 hic

309 949 480 1018 gratia
513 954 814 1020 posuimus,
841 954 968 1022 quin
1000 963 1051 1006 et
1076 953 1127 1008 in
1149 954 1395 1010 eamdem
1419 957 1742 1011 sententiam
1767 971 1869 1008 non

309 1041 710 1098 minusdiserta
739 1045 913 1113 plura,
956 1048 1074 1101 sine
1123 1046 1288 1102 dubio
1340 1056 1628 1117 potuerant
1657 1064 1723 1103 cx
1764 1047 1870 1103 Pa-

310 1135 482 1191 lribus
517 1137 755 1207 allegare
781 1139 912 1193 socii
946 1140 1128 1208 Vecei,
1161 1139 1360 1210 quippe
1385 1139 1588 1208 quibus
1619 1142 1710 1196 diu
1751 1155 1872 1196 cum

313 1229 489 1284 Vecco
529 1230 890 1302 intbeotogiae
912 1232 1146 1301 Spiritus
1173 1231 1259 1306 ιι).
1281 1231 1592 1305 526]sancti
1621 1247 1873 1303 perscru-

312 1322 526 1375 tatione»
557 1322 787 1376 versatis
828 1321 1009 1394 ignota
1043 1322 1094 1377 in
1129 1323 1230 1378 hoc
1261 1337 1460 1392 genere
1495 1337 1617 1379 esse
1646 1338 1750 1379 non
1775 1339 1876 1395 po-

313 1423 491 1466 terant
543 1429 666 1482 qua
720 1412 878 1469 fuere
926 1414 1031 1484 ipsi
1071 1414 1246 1471 Vecco
1311 1415 1773 1486 perspectissima,
1814 1424 1882 1471 ut

311 1505 725 1574 inteltigitur-e’x
760 1507 924 1578 hujus
953 1508 1192 1577 scriptis,
1224 1523 1342 1579 qua
1366 1509 1560 1578 partim
1588 1508 1755 1565 edidit
1789 1507 1871 1564 l-ll.

312 1597 566 1666 Allatius,
587 1600 780 1668 partim
815 1601 943 1672 legit
967 1600 1020 1656 in
1049 1615 1210 1656 manu
1252 1602 1492 1657 exaratis
1518 1601 1797 1658 codicibus
1821 1610 1878 1658 et

311 1707 375 1747 ex
414 1691 480 1748 iis
520 1693 759 1764 plurima-
777 1694 1062 1764 descripsit
1102 1694 1357 1752 Petavius
1401 1705 1585 1751 noster
1621 1697 1673 1750 in
1712 1711 1878 1764 opere

313 1782 762 1855 Tltcologicorum
799 1785 1143 1855 Dugmatum.
1170 1786 1276 1841 Sed
1302 1788 1557 1842 consulto
1587 1785 1642 1842 id
1679 1788 1880 1844 omise-

314 1887 462 1942 runt,
519 1880 662 1948 quod
721 1895 861 1936 nunc
915 1893 1021 1934 non
1068 1887 1189 1935 erat
1246 1879 1339 1936 his
1386 1876 1559 1935 locus.
1603 1879 1881 1947 Agebatur

311 1969 531 2040 quippe,
569 1979 628 2024 ut
674 1969 783 2026 disi
807 2009 830 2036 ,
854 1985 1116 2026 verumne
1175 1978 1324 2026 esset
1373 1970 1580 2026 crimen
1613 1969 1883 2028 haereseos

313 2061 607 2132 impactum
641 2062 820 2120 Vecco
844 2071 900 2120 et
927 2063 1096 2120 sociis
1129 2080 1145 2119 :
1177 2077 1281 2118 non
1310 2073 1486 2118 autem
1523 2062 1588 2117 de
1630 2063 1883 2133 degmate

312 2156 713 2225 inquirebatur.
746 2155 810 2212 Et
853 2157 1190 2213 calumnioso
1233 2157 1466 2214 artiﬁcio
1496 2155 1659 2214 Vecci
1691 2159 1885 2213 adver-

311 2249 442 2304 sarii
475 2247 692 2306 eludere
714 2249 1052 2306 conabantur
1079 2251 1188 2306 vim
1232 2250 1566 2308 defensionis
1596 2252 1736 2321 ejus,
1775 2251 1893 2308 alio

315 2341 646 2396 traducenda
675 2346 996 2412 quastione.

386 2434 445 2490 P.
497 2436 587 2492 95‘.
649 2435 769 2490 Non
824 2437 1087 2504 conﬁteris
1145 2435 1405 2507 Spiritum
1467 2447 1708 2493 sanctum
1759 2457 1885 2495 corr-

316 2529 521 2582 rinnnm
567 2528 718 2582 Patri
735 2571 750 2591 ,
785 2541 890 2585 etc.
946 2531 1060 2586 lloc
1102 2531 1273 2599 ipsum
1323 2532 1616 2587 absurdum
1671 2531 1885 2588 Latinis

315 2623 563 2692 impingit
593 2637 718 2678 acer
743 2622 1053 2678 Graecorum
1084 2623 1358 2680 hareseos
1395 2623 1649 2679 defensor
1679 2624 1884 2695 Grego-

315 2716 430 2769 rius
459 2715 729 2782 Palnmas,
767 2717 1108 2772 contendens
1144 2716 1327 2772 doceri
1365 2733 1392 2771 a
1440 2716 1712 2783 Patribus,
1760 2720 1886 2789 Spi-

317 2808 479 2862 ritum
521 2817 769 2864 sanctum
815 2810 1069 2864 continue
1121 2823 1183 2864 ac
1216 2812 1350 2865 citra
1393 2811 1626 2866 medium
1668 2827 1696 2866 a
1725 2811 1888 2869 Patre

314 2900 628 2970 procedere.
674 2901 790 2956 Eoi
839 2903 971 2974 pip),
1006 2903 1206 2973 inquit,
1237 2904 1437 2975 ὲρρἐη
1485 2905 1582 2958 καὶ
1623 2904 1685 2958 τὸ
1745 2906 1888 2960 θετον

314 2993 540 3064 Πνεῦμα
577 2996 640 3047 ἐκ
670 2990 883 3063 Πατρὶς
914 2996 1155 3067 autem.
1193 2995 1428 3068 Vultque
1460 2996 1514 3052 id
1556 2998 1731 3053 ustrui
1763 3013 1889 3054 ver-

315 3086 464 3143 sibus
490 3088 811 3158 quitntsdam
834 3087 893 3146 Β.
921 3087 1161 3160 Gregorii
1186 3089 1464 3160 'l‘heologi,
1499 3091 1695 3159 quibus
1723 3090 1890 3147 Filius

1971 580 2220 650 processit
2269 579 2332 631 de
2378 574 2676 630 substantia
2713 571 2845 626 Adae
2907 569 3443 639 immediate,.utiquc
3487 568 3542 622 in

1970 686 2221 746 quantum
2258 671 2359 742 fuit
2411 670 2474 723 de
2523 667 2732 739 proprio
2776 667 3002 730 semine;
3054 664 3279 719 ntediate
3323 677 3440 715 sero
3488 661 3543 714 in

1969 774 2235 834 quantum
2284 763 2385 833 fuit
2419 761 2484 816 de
2514 761 2708 815 semine
2765 757 2916 813 Eure.
2956 756 3142 811 Talem
3191 764 3372 810 autem
3423 767 3544 809 esse

1971 860 2047 912 ait
2087 856 2486 926 processionem
2546 853 2714 924 738,
2752 851 2924 908 sancti
2961 849 3201 920 Spiritus
3245 862 3312 903 ex
3361 847 3546 913 Patre,

1972 951 2264 1004 mediatam
2321 947 2536 1016 quidem
2596 956 2862 1017 quatenus
2907 959 2975 1000 ex
3027 944 3166 998 Fiiio
3221 929 3544 1011 est,que'm

1975 1041 2138 1095 Pater
2184 1039 2405 1108 genuit,
2451 1037 2612 1092 simul
2649 1047 2828 1089 autem
2880 1033 3253 1089 immediatam
3299 1046 3546 1100 quoque.

1974 1133 2234 1203 quoniam
2271 1128 2442 1182 Filius
2478 1127 2684 1196 pariter
2719 1137 2772 1182 et
2802 1126 2962 1180 Pater
3009 1135 3252 1180 sanctum
3287 1121 3547 1193 Spiritum

1975 1223 2307 1292 producunt.
2346 1219 2578 1290 Spiritus
2621 1218 2769 1274 enim
2819 1232 3035 1272 sanctus
3068 1218 3255 1288 (verba
3284 1227 3412 1270 sunt
3438 1217 3550 1268 An-

1975 1315 2202 1386 gttstini,
2235 1315 2272 1370 Ι.
2302 1331 2392 1378 xv,
2444 1313 2519 1367 De
2555 1311 2841 1375 Trinitate,
2893 1327 2944 1366 c.
2991 1309 3085 1381 27)
3136 1325 3240 1364 non
3287 1307 3352 1362 de
3391 1306 3560 1362 Putre

1973 1407 2206 1474 proceth
2235 1409 2288 1462 in
2338 1404 2553 1469 Filium,
2580 1414 2628 1459 et
2659 1405 2721 1458 de
2752 1401 2894 1458 Filio
2942 1402 3177 1472 procedit
3234 1402 3303 1456 ad
3353 1400 3553 1455 sancti-

1975 1500 2244 1571 ﬁcandam
2296 1511 2620 1562 creaturam,
2651 1498 2739 1553 sed
2766 1496 2925 1551 simul
2946 1497 3010 1552 de
3041 1506 3261 1566 utroque
3295 1494 3548 1564 procedit,

1962 1594 2212 1665 quamvis
2248 1591 2345 1647 hoc
2381 1591 2525 1647 Filio
2561 1591 2724 1646 Pater
2749 1588 2978 1654 dederit,
3018 1603 3072 1644 ut
3116 1588 3557 1661 quemadmodum

1979 1687 2042 1738 de
2073 1699 2150 1746 se,
2178 1685 2258 1737 ita
2285 1683 2348 1738 de
2379 1684 2473 1740 illo
2501 1698 2702 1754 quoque
2728 1681 2994 1750 procedat.
3027 1680 3153 1738 Haec
3184 1681 3557 1751 Augustinus;

1979 1789 2099 1842 quae
2130 1783 2397 1844 quatenus
2422 1773 2678 1837 mediats,
2707 1782 2979 1842 quatenus
3006 1771 3375 1827 itummediata
3407 1768 3557 1824 Patri.

1984 1867 2052 1921 sit
2081 1866 2252 1922 sancti
2301 1864 2540 1947 Spiritus
2597 1868 2895 1938 processio,
2926 1866 3227 1921 luculenter
3254 1865 3561 1935 explicant.

2057 1956 2126 2016 Ρ..
2171 1956 2260 2013 96.
2312 1956 2522 2014 Sentire
2563 1960 3093 2014 autem-continuum
3126 1968 3233 2014 ete.
3279 1957 3555 2028 Signiﬁcat

1989 2052 2077 2107 his
2111 2053 2288 2108 verbis
2321 2050 2526 2108 Vecctts
2547 2068 2652 2108 non
2684 2067 2843 2123 posse
2873 2053 3139 2108 catholice
3158 2052 3262 2109 dici
3297 2055 3558 2106 duntaaut

1986 2147 2346 2201 immediatant
2367 2148 2774 2218 proeessionem
2798 2147 2973 2202 sancti
3017 2146 3251 2218 Spiritus
3273 2161 3340 2201 ex
3362 2147 3552 2207 Patre;

1964 2239 2265 2321 dicendam
2297 2241 2443 2294 enim
2473 2255 2596 2295 esse
2615 2240 2778 2295 simul
2797 2240 3160 2295 immediatam
3183 2250 3229 2294 et
3247 2241 3565 2298 mediatom.

1991 2333 2174 2404 itaque
2198 2333 2287 2388 hic
2314 2333 2384 2387 τδ
2396 2333 2678 2405 προσεχῶς
2701 2336 2946 2390 continue
2967 2343 3259 2403 usurpatur
3276 2331 3559 2394 θερινοὺς.

1992 2428 2094 2481 hoc
2138 2438 2220 2482 est
2276 2443 2396 2481 cum
2449 2427 2827 2484 subintellecta
2885 2426 3177 2498 negatione
3224 2426 3570 2482 mediationis

1992 2520 2176 2574 ullius.
2204 2519 2388 2586 Qualis
2439 2529 2618 2575 tamen
2678 2520 2856 2590 aliqua
2900 2518 3338 2590 inprocessione
3384 2518 3559 2575 sancti

1995 2611 2229 2683 Spiritus
2264 2631 2291 2667 a
2342 2613 2506 2668 Patre
2554 2615 2894 2684 agnoscenda
2949 2613 3267 2669 orthodoxis
3316 2623 3420 2676 est,
3468 2611 3558 2666 sed

1991 2721 2112 2778 quae
2147 2722 2249 2760 non
2287 2706 2544 2762 excludat
2573 2707 2940 2762 immediatant
2974 2706 3150 2761 Patris
3195 2705 3365 2774 ipsius
3393 2703 3552 2758 actio-

1994 2813 2116 2852 nem
2150 2799 2201 2851 in
2255 2800 2610 2866 productione
2648 2799 2907 2868 Spiritus,
2939 2808 2996 2854 at
3047 2807 3254 2853 tantum
3312 2796 3554 2852 admittat

1993 2889 2080 2964 [Ρ.
2116 2889 2248 2964 527]
2282 2892 2332 2946 in
2375 2906 2439 2948 ea
2479 2893 2811 2948 consortium
2842 2890 2989 2955 Filii,
3026 2894 3112 2948 cui
3174 2893 3322 2962 prius
3356 2891 3555 2946 rationt

1997 2983 2155 3038 Pater
2201 2985 2316 3054 ipse
2359 2984 2838 3039 comntuuicaverit
2862 2993 2916 3039 et
2946 2985 2993 3038 ei
3027 2999 3122 3054 per
3155 2984 3573 3055 generationem

1998 3077 2409 3133 identificaverit
2429 3077 2572 3132 illam
2593 3079 2763 3148 ipsam
2785 3095 2944 3132 unam
2964 3078 3384 3140 etindividuam,
3401 3092 3574 3147 quatu-

315 3190 371 3236 et
422 3179 482 3236 S.
518 3181 753 3250 Spiritus
806 3183 1012 3252 pariter
1063 3183 1320 3238 dicuntur
1377 3181 1515 3238 Θεοῦ
1568 3187 1784 3256 [Ius-pb;
1822 3188 1890 3240 τὰ
1918 3199 1970 3261 C
1999 3171 2112 3241 ipse
2168 3171 2528 3239 originaliter,
2561 3171 2663 3225 hoc
2706 3181 2923 3224 estnon
2957 3170 3175 3223 aliunde
3201 3177 3430 3223 tractam
3475 3169 3566 3225 sed

314 3273 545 3345 δεύτερα
584 3273 751 3346 ἔχειν,
784 3277 1039 3330 secundas
1084 3292 1119 3328 α
1167 3274 1271 3330 Deo
1321 3274 1485 3331 Patre
1524 3276 1741 3334 habere.
1785 3277 1892 3333 Sed

315 3366 520 3422 frnStra
547 3377 673 3423 sunt
697 3368 750 3422 hi
784 3368 1142 3425 schismstici.
1169 3367 1308 3422 Nam
1343 3369 1496 3439 juxta
1535 3369 1750 3424 Patrum
1783 3380 1890 3424 tam

318 3459 632 3517 Gmcorum
662 3475 822 3530 quam
848 3461 1162 3516 Latinorum
1193 3463 1555 3518 orthodoxam
1591 3464 1892 3519 doctrinam

317 3562 608 3620 utrumque
654 3569 849 3609 verum
890 3564 1008 3621 est,
1055 3563 1105 3608 et
1153 3557 1450 3625 procedere
1497 3556 1720 3627 ἀμέσως
1760 3559 1893 3612 citra

319 3644 548 3701 medium
590 3662 618 3699 ι
667 3644 828 3701 Patre
868 3657 1115 3700 sanctum
1151 3645 1438 3717 Spiritum,
1467 3657 1522 3704 et
1551 3650 1799 3705 eumdem
1828 3649 1897 3704 δι’

321 3735 474 3803 Υἱὸν,
505 3754 597 3804 per
619 3735 813 3791 Filium
865 3751 894 3790 a
928 3737 1090 3793 Patre
1143 3741 1391 3806 produci.
1437 3739 1585 3810 Apte
1644 3742 1897 3796 conciliat

322 3832 436 3886 haec
466 3830 521 3885 in
557 3831 792 3900 speciem
827 3831 1098 3885 contraria
1137 3831 1404 3886 ﬂictu-dus
1433 3831 1765 3898 Victorinus,
1799 3834 1835 3888 Ι.
1863 3851 1897 3889 v

320 3922 401 3979 De
445 3923 726 3988 Trinitate,
757 3939 804 3977 c.
841 3924 894 3986 6,
934 3925 1289 3978 similitudine
1333 3940 1398 3978 ex
1440 3926 1694 3980 humants
1734 3941 1899 3996 gene-

320 4016 624 4070 rationibus
654 4016 885 4070 adducta
919 4033 932 4068 :
969 4014 1213 4071 Procedit
1259 4032 1484 4086 namque
1507 4016 1626 4089 (ait)
1671 4034 1896 4086 persona

320 4110 386 4164 de
423 4126 644 4179 persona
684 4109 996 4181 quandoque
1039 4111 1248 4180 quidem
1300 4113 1666 4167 tantummodo
1712 4115 1897 4168 imme-

323 4202 485 4265 diate,
515 4203 828 4273 quandoque
871 4202 1240 4257 tantummodo
1297 4205 1547 4272 mediate,
1583 4207 1899 4278 quandoque

324 4303 498 4348 autem
562 4296 788 4348 mediate
835 4293 995 4349 simul
1056 4304 1105 4349 et
1186 4295 1513 4352 immediate.
1583 4297 1897 4366 Exemplum

323 4388 521 4444 deinde
569 4387 934 4456 processionis
968 4391 1342 4444 tantummodo
1385 4391 1711 4446 immediatae
1749 4393 1900 4462 ponit

327 4480 382 4536 in
432 4483 614 4536 Isaacn
666 4491 913 4548 respectu
953 4483 1248 4536 Ahrahami
1276 4526 1292 4549 ,
1331 4482 1598 4546 siquidem
1655 4483 1898 4539 lsaacnm

1997 3263 2319 3317 naturaliter
2344 3261 2730 3317 idetttiﬂcatam
2766 3277 2881 3317 sua:
2909 3278 3175 3333 personae,
3209 3261 3370 3316 habet
3400 3261 3566 3330 spira-

1998 3357 2200 3410 tiouem
2257 3354 2510 3419 activam,
2569 3355 2620 3406 in
2656 3369 2784 3423 qua,
2827 3369 2931 3408 non
2986 3354 3159 3408 solum
3204 3353 3255 3407 in
3290 3362 3480 3406 natura
3509 3361 3562 3406 et

1995 3446 2228 3502 essentia
2262 3445 2637 3512 divina,Patcr
2668 3456 2720 3499 et
2745 3444 2914 3500 Filius
2946 3460 3114 3500 unum
3137 3455 3284 3502 sunt.
3305 3444 3567 3498 Audiatur

1996 3549 2244 3596 sanctus-
2290 3541 2581 3596 Anselmus
2638 3541 2753 3595 lucc
2808 3540 3090 3610 eleganter
3145 3539 3444 3609 explicans,
3497 3537 3567 3592 De

1999 3633 2333 3703 processione
2367 3633 2602 3698 Spiritus
2633 3633 2814 3688 sancti
2841 3633 2977 3688 libro
3021 3649 3038 3688 :
3083 3630 3300 3686 Constat
3350 3631 3569 3698 inexpu-

1995 3727 2198 3798 gnabili
2224 3728 2430 3782 ratione
2463 3726 2716 3797 Spiritum
2745 3737 2987 3781 sanctum
3009 3743 3121 3782 esse
3153 3727 3217 3780 de
3246 3724 3387 3780 Ε’ἱέἱο
3414 3723 3578 3781 sicuti

1995 3831 2070 3876 est
2106 3823 2168 3874 de
2210 3819 2388 3884 Patre,
2423 3836 2515 3874 nec
2549 3829 2723 3874 tamen
2756 3836 2867 3874 esse
2905 3821 2968 3874 de
2997 3819 3200 3873 duobus
3222 3817 3569 3882 dicem‘s,sed

1996 3916 2060 3967 de
2088 3929 2214 3968 uno.
2242 3912 2324 3967 Ea:
2350 3928 2408 3966 eo
2437 3914 2571 3966 enim
2601 3913 2739 3982 quod
2777 3909 2940 3966 Pater
2959 3922 3007 3965 et
3039 3909 3208 3966 Filius
3243 3927 3403 3964 unum
3431 3921 3569 3974 sunt,

1997 4006 2055 4060 id
2073 4019 2144 4060 est
2165 4023 2231 4061 ea:
2254 4006 2380 4074 Deo,
2411 4015 2488 4060 est
2521 4017 2567 4061 et
2601 4005 2834 4074 Spiritus
2863 4017 3098 4066 sanctus,
3123 4022 3225 4058 non
3257 4021 3321 4058 es:
3348 4020 3408 4058 eo
3435 4003 3570 4058 unde

1998 4097 2091 4150 alii
2123 4105 2244 4151 sunt
2285 4096 2349 4150 ab
2403 4097 2642 4152 inuicem.
2664 4094 2770 4152 Sed
2796 4098 3046 4165 quoniam
3080 4095 3241 4162 Deus,
3269 4095 3334 4148 de
3360 4111 3473 4165 quo
3493 4106 3573 4150 est-

2000 4187 2232 4256 Spiritus
2274 4201 2513 4255 sanctus,
2549 4198 2627 4244 est
2695 4187 2856 4243 Pater
2915 4199 2964 4244 et
3011 4187 3208 4255 Filius,
3237 4189 3434 4241 idcirco
3460 4203 3571 4243 sere

1998 4282 2194 4338 dicitur
2238 4300 2347 4338 esse
2381 4285 2446 4338 de
2477 4283 2638 4338 Patre
2657 4293 2706 4338 et
2750 4281 2918 4349 Filio,
2954 4285 3045 4355 qui
3083 4283 3188 4338 duo
3233 4291 3376 4338 sunt.
3409 4279 3570 4348 Cujus

2003 4378 2142 4430 ratio
2174 4384 2278 4440 est,
2313 4378 2434 4444 quia
2466 4376 2790 4447 principium
2825 4378 3059 4431 activum
3100 4375 3338 4446 Spiritus
3377 4375 3569 4435 sancti,

2002 4472 2118 4525 sive
2140 4470 2370 4540 spiratio
2400 4471 2599 4536 activa,
2629 4470 2895 4539 ejusmodi
2930 4470 3178 4542 quaedam
3215 4471 3294 4524 vis
3322 4479 3426 4532 est,
3457 4483 3573 4539 quc

328 4575 640 4629 immediate
682 4575 1023 4631 Abrahamns
1073 4579 1291 4648 genuit;
1342 4577 1714 4644 processionis
1763 4592 1889 4631 vero

2000 4573 2058 4617 ut
2093 4564 2146 4616 in
2183 4573 2365 4618 actum
2405 4574 2564 4618 exeat
2599 4565 2768 4634 exigit
2799 4563 3129 4618 identiﬁcari
3172 4563 3421 4632 personis
3447 4564 3573 4617 dua-

330 4668 706 4722 tantummodo
759 4668 1006 4722 mediatre
1052 4669 1104 4722 in
1149 4666 1354 4724 Iacobo
1410 4677 1658 4737 respectu
1721 4669 1895 4723 Abra-

329 4754 510 4824 hami;
545 4769 666 4810 nam
692 4755 924 4811 Jacobns
952 4759 1386 4827 patriarcharum
1412 4759 1695 4814 duodecim
1722 4771 1894 4828 pater,

331 4849 565 4902 mediate
595 4857 803 4902 tantum
827 4849 894 4903 ab
921 4848 1235 4906 Abrahamo
1259 4859 1342 4905 est
1367 4851 1602 4921 genitus,
1629 4864 1897 4926 quatenus

320 4939 499 4995 lilium
525 4940 814 4996 Abrahami
844 4943 1088 4998 lsaacttm
1113 4955 1318 5012 patrem
1347 4945 1556 5009 habuit,
1587 4946 1702 5012 ipse
1728 4946 1900 4998 Abra-

330 5034 475 5089 hami
523 5050 710 5105 nepos.
747 5035 861 5091 Hoc
907 5039 1146 5092 secundo
1193 5040 1351 5093 modo
1409 5054 1539 5093 .vere
1593 5049 1819 5106 negatur
1870 5055 1897 5094 a

332 5128 643 5183 doctoribus
673 5130 958 5185 catholicis
999 5142 1250 5185 sanctum
1297 5130 1562 5199 Spiritum
1600 5133 1826 5186 mediate
1870 5147 1898 5185 a

334 5217 495 5274 Patre
532 5221 844 5287 proci-dere.
877 5222 978 5273 Sed
1010 5232 1095 5277 est
1130 5224 1234 5276 alia
1281 5224 1556 5290 processio
1587 5223 1900 5276 innuediata

333 5311 494 5366 simul
527 5323 578 5366 et
622 5313 888 5377 mediata,
927 5313 1080 5382 cujus
1120 5312 1350 5367 fortnam
1407 5313 1670 5370 Hicardus
1718 5316 1901 5369 statuit

335 5406 386 5459 itt
420 5405 768 5475 generatione
799 5404 949 5461 Selhi
1008 5423 1071 5460 ex
1124 5408 1330 5460 Adamn
1354 5418 1404 5462 et
1439 5410 1566 5462 Eva.
1604 5407 1734 5463 Nam
1767 5424 1904 5478 quo-

335 5512 478 5550 niam
514 5496 622 5551 Eva
678 5512 740 5551 ex
798 5497 1005 5551 Adamn
1040 5504 1413 5567 proCcsserat,
1464 5498 1648 5564 utique
1681 5514 1742 5551 ex
1788 5499 1904 5567 cjus

318 5600 481 5642 costa
542 5589 794 5654 formata,
843 5589 992 5644 Setlti
1041 5590 1329 5658 productio
1385 5606 1478 5659 per
1540 5591 1704 5644 Eram
1765 5590 1903 5644 facta

337 5682 570 5735 mediata
602 5692 828 5737 eatenus
860 5697 1105 5753 respectu
1145 5683 1334 5738 Adami
1365 5684 1466 5738 fuit
1508 5704 1522 5738 :
1562 5700 1746 5738 verum
1779 5686 1903 5753 quia

328 5774 476 5831 idem
512 5775 867 5831 nihilominus
913 5776 1150 5832 Adamus
1185 5794 1279 5848 per
1305 5793 1363 5833 se
1395 5779 1461 5832 ad
1488 5778 1632 5832 illam
1680 5793 1906 5847 genera-

334 5869 540 5926 tionem
580 5869 878 5938 concurrit,
923 5870 1230 5928 immediata
1263 5873 1452 5929 eadem
1498 5873 1706 5929 Adatno
1739 5872 1905 5929 exsti-

1999 4660 2117 4719 lius,
2149 4673 2379 4726 quarum
2422 4673 2526 4710 una
2571 4673 2635 4712 ex
2666 4657 2836 4712 altera
2868 4657 3218 4727 processerit.
3253 4654 3408 4711 Unde
3451 4671 3574 4710 cau-

1997 4764 2113 4802 sam
2153 4751 2353 4814 rcperit
2387 4749 2652 4806 Ricardtts
2682 4749 3015 4812 Victorinus,
3042 4750 3077 4803 l.
3124 4765 3153 4802 v
3180 4748 3255 4802 De
3298 4747 3573 4812 Trinitate,

1999 4858 2049 4895 c.
2074 4842 2133 4907 .7,
2161 4857 2260 4898 cur
2294 4842 2486 4898 ordine
2533 4842 2804 4912 posterior
2831 4843 2902 4896 sit
2933 4842 3209 4910 processio
3235 4845 3409 4896 sancti
3453 4842 3573 4911 Spi-

2003 4935 2139 4988 ritus
2190 4918 2538 5002 procesﬂione
2576 4934 2699 4988 Filii
2735 4951 2749 4986 :
2786 4931 3124 4989 Naturaliter
3175 4933 3397 5005 (inquit)
3435 4935 3576 5001 prior

2000 5037 2078 5081 est
2131 5028 2368 5082 dualitas
2416 5045 2578 5098 quam
2627 5030 2889 5083 trinitas:
2941 5045 3064 5084 nam
3108 5028 3204 5082 illa
3260 5039 3426 5094 potest
3468 5045 3576 5083 esse

2005 5124 2116 5178 sine
2149 5125 2273 5188 ista,
2309 5125 2412 5177 ista
2467 5141 2585 5178 vero
2627 5140 2898 5193 nunquam
2942 5124 3052 5177 sine
3085 5123 3205 5175 illa.
3248 5123 3578 5178 Νίκων-αιδην

2005 5214 2181 5283 itaque
2211 5225 2256 5268 et
2288 5215 2548 5280 processio
2579 5214 2724 5283 prior
2752 5224 2848 5279 est,
2877 5230 2993 5285 qua:
3022 5225 3184 5283 potest
3217 5215 3495 5269 subsistere
3527 5216 3577 5267 in

2003 5305 2344 5376 personarum
2375 5308 2657 5373 dualitate,
2690 5325 2844 5377 quam
2878 5307 2993 5370 illa,
3013 5323 3129 5376 qua:
3157 5324 3260 5360 non
3288 5317 3452 5366 potest
3470 5322 3578 5360 esse

2008 5402 2121 5454 sine
2179 5415 2521 5471 personarum
2607 5403 2868 5455 trinitate.
2937 5401 3074 5455 llinc
3137 5402 3451 5469 intelligitur
3526 5397 3576 5452 id

2011 5495 2153 5562 quod
2209 5495 2385 5548 innuit
2446 5497 2624 5548 verbis
2661 5510 2826 5562 Sttpra
2859 5494 3149 5564 descriptis
3182 5491 3410 5552 Vaccus.
3450 5508 3577 5561 pro-

2013 5588 2292 5658 prietatent
2351 5603 2477 5641 esse
2535 5587 2903 5642 distinctivam
2978 5588 3345 5655 processinnis
3383 5585 3503 5641 Filii
3547 5600 3576 5640 ι

2011 5681 2357 5752 ρτοονεεὶοηο
2415 5680 2649 5750 Spiritus
2703 5681 2901 5741 sant-ti,
2957 5680 3098 5747 qttod
3145 5678 3314 5733 Fiins
3357 5681 3576 5749 quidem

2010 5775 2270 5845 procedat
2291 5775 2358 5829 ab
2381 5792 2486 5829 ttno
2512 5774 2626 5830 solo
2649 5775 2915 5844 principio
2938 5777 3077 5844 quod
3099 5783 3153 5828 et
3175 5790 3300 5843 quo,
3330 5773 3397 5828 ab
3421 5774 3580 5830 unica

2013 5867 2264 5924 nimirum
2328 5882 2560 5938 persona
2617 5868 2820 5936 divina,
2874 5866 3055 5955 Pa‘tre,
3105 5874 3156 5922 ct
3209 5882 3304 5936 per
3362 5865 3575 5923 unicam
