4058 6298
511 429 611 496 801

2019 431 2262 495 NOTAE.

3664 435 3777 508 802

506 547 913 618 generationem
987 548 1222 603 activam
1282 545 1860 604 incommunicabilem
1929 550 2088 606 alteri
2124 555 2160 610 Α
2193 550 2318 621 poni
2352 557 2561 620 poterat
2594 549 2725 605 illud
2760 548 2961 608 Christi
2995 551 3064 609 ad
3094 551 3472 622 Nicodemnm,
3501 555 3662 613 Joan.
3685 574 3771 618 tu.

502 656 771 711 personae,
809 640 1046 713 Spiritus
1079 656 1209 698 vero
1258 651 1483 698 sanctus
1513 644 1771 714 procedat
1802 654 1856 701 et
1894 661 2086 718 proce-

494 734 629 788 dere
677 734 861 803 exigat
911 749 1007 802 per
1053 735 1275 790 unicum
1320 735 1537 805 quidem
1570 736 1734 807 739
1760 738 2082 807 principium

501 843 626 897 quo,
671 843 871 896 nempe
923 829 1264 898 spirationem
1299 831 1524 883 actis-am
1577 831 1788 886 unicam
1852 831 2085 888 indivise

499 932 855 990 propagatam
892 935 960 974 es
992 919 1153 976 Patre
1201 921 1258 975 in
1309 919 1536 989 Filium,
1587 933 1769 979 tamen
1807 941 1836 978 a
1873 926 2081 982 duobus

502 1012 786 1081 principiis
815 1012 977 1083 quod,
1011 1013 1244 1082 geminis
1276 1013 1529 1068 videlicet
1560 1014 1829 1084 personis,
1850 1031 2081 1085 quarum

501 1105 591 1161 ubi
624 1107 776 1175 prior
803 1106 960 1160 alteri
987 1106 1479 1163 communicaverit
1511 1108 1618 1162 vim
1663 1110 1934 1179 propriam
1969 1111 2084 1180 spi-

503 1199 680 1267 randi,
709 1202 880 1256 amba:
906 1201 1293 1271 conspirantes
1341 1217 1440 1272 per
1478 1218 1638 1256 unam
1694 1203 2080 1258 iudivisibilem

499 1295 871 1365 Operationem
937 1294 1239 1364 producant
1301 1296 1520 1350 tertiam
1580 1312 1904 1365 personam,
1961 1313 2083 1367 qum

499 1396 723 1443 sanctus
749 1397 835 1443 est
867 1388 1126 1456 Spiritus.
1155 1388 1330 1460 Atque
1369 1390 1486 1446 haec
1525 1399 1605 1447 est
1630 1392 1718 1447 illa
1754 1395 1892 1446 ratio
1930 1395 2085 1463 αἱπε-

499 1483 683 1536 rentia:
717 1497 879 1552 quam
911 1482 1109 1554 allegat
1145 1483 1232 1538 hic
1266 1482 1490 1552 Veccus,
1519 1501 1637 1540 eam
1680 1488 1898 1541 obstare
1928 1489 2080 1541 aiens

496 1576 791 1645 quominus
842 1575 956 1630 dici
1019 1578 1190 1646 possit
1236 1577 1481 1646 Spiritus
1537 1579 1784 1634 continue
1831 1597 1893 1632 ea:
1921 1578 2083 1634 Patre

499 1667 784 1738 προπχῶς
814 1669 879 1722 ἐκ
908 1667 1000 1722 τοῦ
1033 1669 1276 1742 Πατρός,
1321 1672 1462 1740 quod
1493 1673 1724 1741 sumpsit
1772 1689 1834 1727 ex
1876 1673 2071 1740 Grego-

498 1761 585 1814 rio
622 1759 868 1833 Nysseno
901 1763 955 1818 in
985 1763 1216 1834 cpistola
1269 1770 1333 1819 ad
1386 1764 1693 1830 Ahlabium,
1723 1767 1864 1819 unde
1909 1774 2080 1819 totum

500 1853 648 1910 hunc
694 1856 868 1910 locum
905 1857 1063 1924 juvat
1092 1857 1181 1913 hic
1208 1859 1542 1929 descriptum
1577 1873 1880 1930 pr0ponere
1917 1877 1930 1912 :
1968 1859 2075 1913 Τοῦ

498 1944 559 2010 ἒξ
593 1946 774 2010 αἰτίας
795 1947 949 2013 δντος
977 1949 1141 2003 πάλιν
1172 1949 1344 2020 ἄλλην
1373 1949 1639 2023 διαφορὰν
1671 1951 1988 2022 ἐννοοῦμεν
2013 1951 2075 2004 τὺ

495 2038 603 2110 μὲν
653 2043 765 2112 γὰρ
817 2042 1108 2114 προσεχῶς
1137 2044 1202 2097 ὲκ
1245 2042 1341 2096 τοῦ
1389 2042 1635 2111 πρώτου,
1666 2044 1726 2098 τὸ
1755 2045 1812 2098 δὲ
1851 2045 1942 2098 διὰ
1984 2044 2078 2098 τοῦ

499 2132 788 2203 πῳσεχῶς
812 2148 828 2164 ⁸
867 2133 1001 2206 Ejus
1038 2138 1176 2204 quod
1212 2153 1276 2190 ex
1301 2137 1561 2206 principio
1591 2151 1665 2192 est
1698 2154 1884 2192 rursus
1912 2139 2079 2200 aliam

491 2226 854 2296 dilfereutiam
909 2228 1280 2299 intelligimus.
1341 2227 1480 2284 Nam
1531 2231 1676 2285 aliud
1719 2233 1964 2286 continue
2016 2250 2081 2287 ea:

494 2324 669 2390 primo
696 2331 793 2385 est,
826 2323 978 2377 aliud
1006 2340 1125 2378 vero
1174 2339 1266 2391 per
1295 2323 1430 2377 illud
1460 2325 1597 2393 quod
1626 2337 1702 2378 est
1740 2328 1988 2381 continue
2017 2344 2079 2388 ex

494 2414 688 2480 primo.
717 2411 868 2468 Unde
897 2415 1080 2468 statim
1113 2416 1275 2469 infert
1313 2413 1592 2486 Nyssenus
1617 2418 1783 2484 idem,
1813 2418 1954 2472 ὥστε
1987 2422 2080 2474 καὶ

497 2503 562 2557 τὸ
614 2506 902 2576 μονογενὲς
944 2507 1320 2577 ἀναμφῐῦο).ον
1376 2507 1471 2562 ἐπὶ
1524 2508 1620 2562 τοῦ
1673 2509 1805 2563 Υιοῦ
1866 2512 2076 2582 μένειν.

501 2595 615 2654 lioc
655 2598 773 2654 loco
827 2604 1115 2670 μονογενὲς
1151 2615 1258 2655 non
1311 2601 1454 2655 idem
1489 2602 1632 2671 quod
1675 2601 1864 2659 Latine
1895 2607 2078 2674 unige-

501 2690 668 2744 nitum
719 2698 894 2754 sonat.
932 2693 1048 2757 sed,
1079 2700 1238 2762 prout
1287 2693 1499 2747 erudite
1549 2697 1694 2749 hunc
1731 2699 1905 2764 ipsum
1941 2697 2078 2768 Nys-

499 2782 617 2838 seui
646 2784 824 2837 locum
871 2793 1112 2840 tractans
1147 2785 1382 2855 explicat
1411 2784 1628 2841 Mannel
1659 2787 1904 2854 Calecas,
1941 2808 1988 2843 c.
2023 2793 2076 2855 5,

500 2874 770 2946 signiﬁcat
817 2876 872 2930 id
922 2878 1061 2944 quod
1115 2894 1279 2932 unum
1308 2896 1372 2934 ex
1400 2895 1504 2934 uno
1541 2881 1870 2950 producitur.
1902 2882 2076 2941 Verba

498 2979 626 3026 sunt
669 2969 879 3026 Calecte
911 2988 925 3026 :
959 2971 1063 3026 Kal
1092 2972 1151 3026 τὺ
1183 2975 1480 3044 μονογενὲς
1529 2975 1904 3045 ἀναμφιὸόλου
1940 2978 2079 3048 (lege

498 3065 910 3136 ἀναμφιϐόλως)
959 3068 1052 3120 ἰπὶ
1083 3066 1176 3120 τοῦ
1208 3067 1342 3121 Υἱοῦ
1395 3062 1568 3140 μένει.
1626 3070 1803 3133 Μόνος
1855 3072 1964 3139 γὰρ
2013 3073 2076 3124 ἐκ

503 3156 696 3228 μόνου,
725 3160 847 3213 emt
876 3159 1037 3231 μέχρι
1057 3161 1253 3215 τούτου
1289 3161 1507 3233 τστησιν
1534 3164 1561 3216 ὁ
1592 3162 1749 3231 λόγος
1772 3165 1871 3233 τῆς
1903 3165 2078 3236 ὑπάρ-

498 3249 634 3315 ξεως
666 3252 836 3308 αὐτοῦ
871 3255 932 3307 τὸ
965 3255 1188 3324 ἰδίωμα·
1229 3255 1535 3327 Monogenis
1567 3255 1756 3310 titulus
1783 3258 1893 3311 sine
1918 3259 2075 3311 dubio

2194 645 2261 700 10
2288 665 2299 700 :
2329 643 2406 699 Tu
2436 662 2489 700 es
2519 647 2775 720 magister
2806 646 2864 700 in
2886 644 3082 712 Israel,
3113 659 3162 702 et
3189 649 3298 703 lucc
3326 650 3581 720 ignoras?
3609 652 3773 726 740

2189 735 2344 803 Quod
2378 744 2559 789 autem
2601 745 2762 806 negat
2787 751 2846 800 se
2878 738 2955 791 ita
2992 737 3132 808 loqui
3166 741 3435 808 didicisse,
3470 744 3622 814 culpa
3654 747 3771 815 ejus

2191 839 2295 894 ρει,
2331 827 2473 896 quod
2510 829 2710 899 scripta
2745 830 3129 898 magistrorum
3156 849 3261 900 non
3287 834 3588 906 legissetut
3610 838 3774 892 debu-

2189 931 2327 986 erat,
2367 921 2584 976 Patrum
2616 922 2876 977 nimirum
2907 926 3280 995 antiquorum,
3313 928 3402 984 uhi
3438 946 3555 998 quae
3585 931 3774 986 aﬂ'ere-

2190 1011 2282 1067 bat
2309 1009 2518 1068 Veccus
2545 1015 2853 1069 invenerat.
2882 1014 2988 1072 Sed
3013 1016 3171 1088 longe
3204 1020 3452 1078 inscitius
3481 1022 3638 1090 hujus
3691 1023 3774 1078 di-

2189 1112 2333 1158 ctum
2387 1105 2620 1159 refertur
2651 1104 2820 1169 infra,
2869 1108 2958 1162 ubi
3007 1109 3385 1173 schisnnaticus
3439 1112 3541 1168 iste
3587 1111 3774 1170 driinit

2189 1195 2441 1250 haeresim
2479 1199 2716 1270 reputari
2753 1200 2813 1253 τὸ
2847 1202 3102 1272 συνιστᾷν
3135 1200 3311 1255 θέλειν
3339 1202 3630 1277 ἀσύνηθες,
3666 1207 3770 1259 κᾶν

2188 1291 2424 1360 ἀσφαλὲς
2451 1287 2541 1363 ἦν,
2583 1292 2823 1348 stabilire
2857 1294 2985 1351 velle
3035 1295 3301 1352 insuetum
3339 1299 3636 1370 quippiam,
3672 1303 3770 1356 etsi

2187 1401 2434 1439 securum
2492 1387 2584 1442 sit.
2615 1386 2734 1455 Quo
2765 1388 3109 1459 iniquissimo
3143 1392 3322 1446 edicto
3352 1408 3543 1451 omnes
3578 1393 3770 1450 Ercle-
3829 1397 3834 1404 '

2186 1478 2280 1532 sise
2311 1475 2525 1543 Patres,
2559 1492 2746 1533 omnes
2779 1478 3037 1550 theologi,
3066 1495 3259 1536 omnes
3292 1497 3575 1538 sacrorum
3609 1485 3772 1540 libro-

2192 1589 2312 1627 rum
2349 1574 2647 1643 intepretes
2683 1574 2735 1630 in
2771 1575 3149 1630 haereticorum
3195 1577 3466 1646 ergastula
3518 1577 3768 1646 compin-

2189 1674 2411 1735 guntur.
2450 1665 2658 1733 Quotus
2705 1667 2849 1721 enim
2898 1667 3128 1738 quisque
3162 1668 3378 1724 illorum
3430 1684 3534 1725 non
3568 1670 3766 1738 aliquid

2188 1757 2391 1828 profert
2421 1759 2706 1826 insuetum,
2742 1758 2922 1812 idiotis
2943 1760 3242 1829 praesertim
3271 1769 3366 1815 aut
3395 1762 3447 1815 in
3474 1760 3651 1826 studio
3681 1779 3769 1818 sa-

2189 1863 2297 1902 crae
2335 1849 2598 1902 doctrinae
2641 1849 3004 1920 ncgligeutius
3049 1853 3299 1919 versatis,
3348 1852 3559 1924 qualem
3588 1869 3647 1910 se
3678 1855 3766 1910 hic

2180 1941 2486 2010 patriarcha
2510 1941 2891 1998 schismaticus
2913 1945 3089 2013 prodit
3123 1945 3147 1998 ἲ

2256 2034 2386 2089 Ibid.
2426 2034 2523 2090 Ubi
2545 2035 2686 2089 enim
2717 2036 2835 2105 plus
2866 2038 3008 2091 clare
3035 2037 3478 2106 deprehendatur,
3502 2049 3608 2097 etc.
3635 2044 3766 2100 Ver.

2185 2127 2250 2184 ba
2283 2141 2407 2183 sunt
2428 2129 3014 2200 Constantinopolitani
3039 2133 3361 2201 patriarcha:
3381 2135 3628 2206 Gregorii
3658 2137 3764 2209 Cy-

2185 2223 2311 2292 prii,
2342 2239 2462 2292 quzc
2500 2224 2650 2279 illum
2684 2225 2978 2280 ostendunt
3009 2227 3178 2283 nihilo
3209 2237 3299 2283 aut
3334 2229 3632 2286 doctiorem
3668 2242 3763 2286 aut

2191 2316 2614 2373 moderatiorem
2666 2321 2965 2376 Athanasio
3014 2322 3116 2377 isto
3160 2323 3547 2390 Alexandrino.
3598 2341 3758 2396 quem

2186 2411 2347 2464 modo
2401 2413 2736 2470 notavimus.
2770 2413 3024 2469 Profecto
3077 2416 3247 2480 enim,
3281 2418 3324 2470 si
3354 2432 3417 2472 ex
3468 2433 3624 2486 atque
3675 2434 3763 2473 re-

2183 2505 2483 2572 spondente
2507 2504 2591 2558 vel
2626 2504 2784 2561 fama:
2815 2523 2921 2578 qua
2958 2509 3356 2575 celebrabatur,
3398 2509 3479 2565 vel
3512 2511 3757 2581 dignitati

2183 2613 2284 2660 qua
2326 2597 2588 2668 fulgebat,
2624 2609 2771 2655 esset
2800 2601 3106 2663 eruditione
3150 2602 3427 2673 praeditus,
3466 2620 3570 2658 non
3609 2605 3761 2672 igno-

2185 2699 2331 2743 raret
2361 2705 2478 2758 qua:
2508 2692 2571 2745 de
2619 2691 2931 2748 immediata
2962 2693 3124 2747 simul
3163 2704 3218 2749 et
3263 2695 3498 2750 mediata
3535 2711 3759 2766 proces-

2181 2781 2336 2838 sione
2386 2782 2562 2836 sancti
2617 2781 2852 2854 Spiritus
2907 2799 2970 2838 ex
3019 2783 3178 2840 Patre
3234 2794 3464 2851 veteres,
3504 2797 3562 2842 ut
3597 2791 3758 2856 paulo

2180 2873 2425 2940 superius
2460 2875 2815 2940 ostendimus,
2844 2874 3097 2931 Ecclesia:
3124 2879 3372 2934 doctores
3401 2894 3596 2948 magno
3626 2895 3757 2933 con-

2180 2978 2342 3018 sensu
2379 2965 2589 3018 tradunt
2617 2980 2633 3029 ;
2673 2974 2726 3020 et
2765 2965 2952 3022 sicam
2985 2969 3345 3024 reverentiam
3378 2969 3615 3040 antiquis
3648 2970 3755 3023 Pa-
3818 3019 3820 3021 .

2183 3055 2354 3111 tribus
2399 3057 2666 3113 tribueret
2695 3074 2857 3129 quam
2896 3059 2965 3114 iis
3009 3075 3038 3114 a
3084 3062 3352 3117 catholico
3400 3064 3612 3133 quovis,
3646 3081 3759 3118 ma-

2179 3149 2324 3204 xime
2357 3159 2537 3205 autem
2596 3151 2886 3221 episcopis,
2925 3151 3126 3209 deferri
3174 3168 3275 3225 par
3322 3164 3425 3218 est.
3482 3171 3756 3224 nunquam

2180 3244 2474 3313 nugatoria!
2506 3245 2845 3313 loquacitatis
2878 3245 3245 3316 plenissimam
3278 3248 3503 3311 diceret,
3534 3263 3694 3316 quam
3725 3265 3754 3303 ιι

499 3343 646 3398 Filio
671 3348 916 3417 proprius
957 3359 1128 3401 manet
1161 3363 1179 3402 :
1207 3348 1351 3403 solus
1379 3350 1514 3403 enim
1545 3369 1609 3406 es:
1641 3352 1754 3414 solo
1779 3360 1876 3422 est,
1908 3369 2072 3424 quan-

2181 3347 2368 3392 sancto
2415 3336 2677 3406 Gregorio
2728 3338 2969 3411 Nysseno
3013 3340 3234 3396 disertis
3268 3340 3523 3398 aﬂirmari
3571 3343 3755 3398 verbis

495 3439 772 3510 doquidem
831 3449 1044 3495 eatenus
1090 3441 1383 3496 orthodoxa
1433 3443 1675 3498 doctrina
1746 3445 1884 3501 sistit
1927 3445 2071 3499 illius

495 3533 817 3588 exsistentim
869 3534 1264 3600 proprietatem.
1302 3532 1560 3589 Potui-rat
1629 3536 1727 3590 hoc
1779 3536 2073 3605 Gregorius

497 3623 773 3697 Nysscnus
826 3625 1085 3682 didicisse
1138 3643 1167 3683 a
1207 3629 1426 3684 seniore
1456 3628 1622 3684 fratre
1658 3629 1888 3696 Basilio,
1919 3633 2073 3700 cujus

498 3731 678 3780 exstat
725 3721 792 3776 ad
841 3721 1062 3776 fratrem
1095 3718 1395 3794 Nyssenum
1431 3726 1682 3794 cpistola,
1718 3724 1768 3778 in
1820 3741 1922 3794 qua
1956 3727 2072 3780 lucc

499 3815 745 3886 leguntur
779 3833 794 3869 :
835 3814 896 3868 Ὀ
946 3813 1002 3868 δὲ
1038 3814 1189 3878 Υἱὸς.
1223 3815 1249 3868 6
1287 3815 1349 3868 τδ
1396 3815 1459 3869 ἐκ
1510 3815 1605 3869 τοῦ
1661 3817 1876 3886 Πατρὸς
1911 3817 2074 3869 ἐκπο-

499 3909 794 3980 ρευόμενον
826 3907 1050 3979 Πνεῦμα
1093 3907 1166 3960 δι’
1196 3906 1392 3960 ἑαυτοῦ
1429 3908 1525 3960 καὶ
1558 3907 1678 3977 μεθ’
1712 3908 1907 3962 ἑαυτοῦ
1935 3925 2074 3976 γνω-

497 4000 684 4072 ρίζων,
726 4000 886 4072 μόνος
930 3999 1238 4071 μονογενῶς
1289 4003 1352 4054 lx
1409 4001 1502 4053 τοῦ
1548 4001 1844 4073 ἀγεννήτου
1896 4002 2072 4071 φωτὸς

495 4093 799 4169 ἐκλάμψας,
824 4093 1084 4164 οὐδεμίαν
1113 4091 1256 4149 κατὰ
1291 4093 1352 4146 τὺ
1384 4090 1586 4162 ἰδιάζον
1619 4093 1728 4146 τῶν
1758 4097 2074 4164 γνωρισμά-

494 4204 603 4242 των
627 4189 728 4258 τὴν
759 4188 1048 4242 κοινωνίαν
1078 4187 1195 4258 ἔχει
1228 4185 1367 4258 πρὸς
1398 4186 1491 4241 τὸν
1525 4187 1743 4258 Πατέρα
1775 4187 1809 4258 ἢ
1842 4187 1976 4258 πρὸς
2010 4187 2073 4242 τὸ

495 4278 725 4350 Πνεῦμα
749 4280 810 4334 τὸ
838 4280 1027 4349 ἅγιον·
1059 4277 1242 4334 Filius
1297 4295 1438 4346 vero,
1483 4282 1572 4347 sui
1623 4294 1688 4334 es:
1742 4278 1901 4333 Patre
1949 4297 2074 4348 pro-

493 4375 812 4444 gredientem
835 4373 1090 4444 Spiritum
1121 4391 1216 4444 per
1245 4389 1299 4428 se
1322 4375 1494 4444 ipsum
1520 4385 1564 4428 et
1587 4374 1638 4426 in
1663 4390 1717 4427 se
1746 4373 1860 4444 ipso
1891 4383 2072 4427 notum

495 4468 649 4538 facit,
678 4467 824 4523 solus
874 4469 1096 4539 unigena
1131 4468 1287 4522 modo
1315 4483 1379 4523 ex
1406 4469 1641 4537 ingenita
1686 4469 1801 4522 luce
1843 4468 2073 4536 resplen-

491 4563 640 4629 dens,
669 4561 868 4616 nullam
890 4561 1179 4616 secundum
1209 4561 1580 4630 proprietatem
1616 4561 1886 4615 nationum
1931 4576 2073 4614 com-

491 4655 788 4709 munionem
831 4653 984 4708 habet
1029 4669 1150 4707 cum
1184 4652 1351 4708 Patre
1391 4663 1482 4707 aut
1514 4651 1723 4724 Spiritu
1761 4662 1962 4706 sancto.
1993 4649 2072 4705 Ex

491 4748 688 4813 quibus
719 4748 974 4802 omnibus
1011 4756 1180 4817 patet,
1208 4749 1361 4815 juxta
1393 4746 1699 4802 doetrinam
1747 4746 2068 4800 catholicam

491 4841 734 4910 Patrum,
773 4840 1282 4896 characteristicam
1339 4855 1462 4895 esse
1519 4839 1901 4910 proprietatem
1949 4836 2068 4891 Filii

488 4933 702 4998 aeterni,
740 4947 846 5002 qua
892 4944 945 4988 et
980 4947 1009 4985 a
1059 4932 1218 4987 Patre
1256 4941 1311 4986 et
1340 4947 1369 4986 a
1403 4930 1610 5002 Spiritu
1652 4943 1844 4987 sancto
1876 4930 2072 4984 distin-

491 5027 693 5096 guitur,
725 5026 791 5082 alt
842 5043 945 5081 uno
995 5027 1297 5096 procedere,
1329 5027 1444 5082 sive
1479 5035 1538 5079 ut
1579 5026 1818 5094 loquitur
1859 5022 2069 5078 Manucl

489 5123 746 5191 Galccas,
803 5124 965 5195 μόνον
1012 5127 1074 5176 ὲκ
1127 5124 1314 5196 μόνον.
1360 5125 1528 5178 solum
1578 5139 1641 5176 es:
1683 5119 1792 5175 solo
1824 5121 2067 5189 produci.

491 5218 606 5273 lioc
655 5217 797 5274 idem
843 5227 927 5272 est
962 5219 1106 5287 quod
1143 5217 1351 5273 Veccus
1395 5232 1460 5271 ex
1509 5213 1752 5286 Nysseno
1801 5213 1905 5267 hoc
1951 5212 2070 5266 loco

490 5320 648 5366 vocat
674 5327 786 5366 esse
819 5308 1021 5366 Filium
1061 5311 1308 5365 continue
1337 5325 1402 5364 ex
1431 5308 1610 5364 l‘atre.
1641 5305 1927 5361 Notionem
1971 5320 2066 5357 au-

492 5415 598 5459 tem
643 5418 709 5459 ac
758 5404 1150 5475 proprietatem
1190 5402 1399 5474 pariter
1430 5401 1795 5456 distiuctivam
1833 5398 2071 5467 Spiritus

492 5498 661 5554 sancti
693 5513 812 5554 esse
839 5497 1058 5566 produci
1083 5513 1174 5566 per
1199 5513 1316 5551 eum
1337 5495 1425 5566 qui
1458 5496 1701 5550 continue
1723 5493 1952 5549 cxPatre
1971 5501 2069 5556 est,

493 5592 596 5646 hoc
630 5601 736 5655 est,
772 5589 1110 5646 identificata
1157 5589 1366 5645 duabus
1425 5589 1671 5657 personis
1708 5599 1763 5641 et
1816 5601 1845 5639 a
1897 5585 2070 5654 prima

491 5685 645 5740 alteri
676 5684 1076 5740 communicata
1105 5683 1407 5750 spiratione
1441 5681 1686 5751 produci.

563 5776 661 5852 [P.
691 5774 824 5849 528]
844 5775 904 5831 P.
944 5776 1033 5833 91.
1069 5777 1156 5833 Ita
1181 5793 1298 5832 vero
1329 5774 1471 5848 loqui
1501 5793 1601 5836 non
1633 5777 1936 5844 didicimus,
1966 5786 2072 5832 ctc.

496 5871 832 5943 Responsum
866 5879 950 5925 est
978 5870 1330 5925 Alexandrini
1379 5869 1704 5938 patriarcha:
1740 5887 1806 5925 ex
1843 5871 2067 5935 Icelulu,

494 5977 626 6021 sane
643 5961 1068 6021 somniculosum
1093 5971 1146 6020 ct
1172 5963 1613 6019 oscitabundum.
1649 5963 1744 6019 Cui
1773 5963 1962 6020 merito
1993 5981 2078 6020 rc-

2173 3430 2502 3486 scntcntiam
2536 3431 2815 3488 faterctur.

2246 3523 2305 3576 P.
2343 3523 2431 3578 98.
2470 3523 2725 3578 Fatemur
2752 3527 3119 3592 temeritatem,
3151 3537 3198 3580 et
3235 3527 3436 3581 veniam
3467 3527 3752 3597 poscimus.

2178 3612 2352 3671 Verba
2395 3627 2521 3672 sunt
2580 3615 2760 3683 Vecci,
2809 3621 2861 3673 in
2897 3619 3094 3690 quibus
3146 3621 3226 3674 vel
3278 3620 3455 3675 ironia
3503 3621 3752 3689 quasdam

2175 3714 2515 3780 agnoscenda
2560 3711 2719 3765 tacita
2755 3720 2857 3777 est,
2893 3712 2973 3765 vel
3004 3712 3286 3782 permissio
3316 3716 3624 3770 necessaria
3652 3715 3752 3767 Ito-

2176 3801 2305 3854 mini
2352 3815 2569 3855 causam
2604 3812 2867 3858 accusat-.e
2898 3804 3232 3860 calumniosc
3258 3806 3575 3862 innocentiae
3609 3804 3752 3874 apud

2175 3905 2577 3964 praeoccupatos
2611 3911 2795 3951 errore
2855 3896 3135 3955 iucurabili
3173 3899 3385 3969 judices
3423 3899 3624 3970 agenti.
3663 3896 3756 3951 Vi-

2173 3980 2335 4044 debat
2373 3988 2462 4048 ille
2498 4005 2657 4044 ruere
2706 3990 2989 4046 manifeste
3015 4002 3068 4047 et
3118 3991 3569 4062 inconsequenter
3605 3992 3752 4060 loqui

2176 4081 2560 4151 patriarcham,
2617 4085 2807 4138 sedeo
2864 4083 3155 4154 supercilio
3189 4093 3248 4138 ut
3299 4099 3358 4139 se
3397 4085 3596 4138 revinci
3643 4100 3749 4140 nou

2176 4186 2458 4240 passurum
2494 4182 2802 4244 appareret.
2839 4173 3058 4236 Frustra
3102 4174 3269 4244 igitur
3301 4175 3672 4241 contenderet,
3699 4177 3750 4231 si

2176 4265 2451 4320 vindicare
2473 4281 2502 4319 a
2532 4266 2798 4320 calumnia
2825 4266 3150 4336 nugacitatis
3178 4267 3408 4340 impacta
3441 4283 3752 4340 usquequa-

2176 4374 2282 4427 que
2316 4359 2673 4414 orthodoxam
2724 4358 2954 4430 Nysseni
2993 4360 3291 4414 doctrinam
3329 4371 3662 4429 conaretur;
3694 4372 3751 4417 et

2175 4451 2391 4506 interim
2441 4452 2786 4508 occasionem
2837 4453 3079 4522 perderet
3115 4468 3174 4508 se
3205 4469 3269 4508 ac
3311 4470 3436 4508 suos
3471 4455 3538 4509 ab
3571 4460 3749 4510 Incre-

2175 4559 2296 4600 seos
2337 4544 2561 4600 infamia
2600 4547 2883 4617 purgandi.
2933 4543 3355 4602 Usitatissimum
3391 4548 3634 4615 patronis
3664 4557 3748 4603 est

2177 4655 2300 4695 reos
2338 4640 2389 4694 in
2418 4641 2620 4710 judicio
2645 4639 3074 4705 defendentibus,
3108 4652 3390 4710 postquam
3435 4643 3568 4694 satis
3604 4641 3747 4694 refu-

2179 4740 2359 4785 tarunt
2387 4730 2822 4802 criminationem
2855 4732 3091 4800 aliquam
3128 4733 3305 4786 minus
3336 4733 3401 4786 ad
3440 4747 3549 4788 rem
3583 4735 3751 4802 perti-

2175 4834 2410 4888 nentem,
2438 4839 2503 4878 ea
2533 4841 2638 4877 non
2672 4826 2849 4892 agnita
2880 4826 3097 4896 quidem
3130 4841 3226 4894 pro
3253 4841 3397 4887 vera,
3425 4828 3514 4880 sed
3543 4825 3746 4881 omissa

2174 4917 2251 4970 uti
2285 4932 2473 4986 parum
2505 4919 2765 4980 curanda,
2811 4920 3014 4972 referre
3044 4933 3099 4972 se
3129 4921 3193 4972 ad
3239 4928 3398 4989 caput
3429 4934 3608 4974 causae
3649 4923 3750 4974 hoc

2173 5021 2259 5064 aut
2297 5011 2462 5066 simili
2514 5026 2710 5083 genere
2748 5013 3003 5080 loquendi
3035 5027 3051 5066 :
3085 5031 3104 5066 ι
3147 5011 3343 5068 Verum
3394 5012 3465 5066 sit
3496 5013 3570 5066 ita
3619 5027 3752 5068 sane

2174 5113 2230 5158 ut
2264 5105 2427 5158 vultis
2461 5123 2476 5160 :
2517 5116 2697 5159 tamen
2732 5108 2811 5160 vel
2841 5107 2941 5160 hoc
2968 5106 3129 5159 etiam
3162 5120 3426 5161 conces-o
3458 5117 3610 5159 extra
3638 5106 3752 5159 cut.

2175 5214 2296 5268 pam
2329 5214 2448 5255 esse
2479 5199 2531 5254 in
2569 5216 2748 5256 causa:
2773 5201 2951 5272 capite
2984 5217 3160 5256 meum
3193 5211 3498 5271 susceptum
3533 5211 3694 5271 patet.
3725 5220 3746 5252 ι

2173 5291 2357 5362 Talem
2399 5295 2622 5351 omnino
2655 5311 2878 5350 sensum
2925 5296 3039 5349 haec
3080 5293 3236 5350 Vecci
3265 5296 3425 5349 habet
3450 5295 3650 5361 oratio,
3691 5304 3751 5348 ut

2174 5395 2318 5453 clare
2350 5392 2668 5462 intelligitur
2696 5407 2759 5446 ex
2790 5391 3269 5460 consequentibus.

2246 5485 2305 5541 P.
2333 5485 2425 5541 99.
2450 5486 2705 5540 Alludeas
2734 5485 2804 5542 ad
2831 5501 3016 5540 nomen
3042 5483 3214 5540 aliud.
3251 5485 3532 5552 Quodnam
3583 5482 3752 5539 fuerit

2173 5579 2302 5637 illud
2353 5579 2495 5635 aliud
2545 5594 2738 5635 nomen
2791 5578 3008 5650 Georgii
3049 5577 3494 5649 Moschampar-is,
3548 5593 3616 5632 ne
3667 5575 3752 5632 ill.

2175 5675 2392 5746 quidem
2425 5675 2657 5732 Allatius
2682 5674 3178 5738 inaccuratissima
3225 5677 3290 5730 de
3317 5672 3566 5746 Georgiis
3620 5673 3753 5727 Dia-

2178 5772 2316 5835 trilm
2343 5772 2510 5834 multa
2557 5771 2621 5826 de
2653 5771 2755 5826 hoc
2795 5785 3104 5826 memorans
3144 5769 3341 5839 prodit.
3374 5769 3525 5824 Licet
3566 5769 3749 5838 suspi-

2175 5864 2287 5921 cari
2313 5881 2375 5920 ex
2414 5866 2620 5920 urbano
2667 5863 2762 5917 illo
2791 5863 2952 5918 Vecci
2991 5863 3156 5929 dicto,
3197 5860 3376 5933 ψύλλα
3422 5878 3507 5925 τις
3553 5864 3748 5914 imae.

2179 5959 2376 6014 θίσασα
2418 5971 2520 6016 ctc.
2554 5957 2787 6029 f'syt'lum
2817 5958 2980 6016 fuisse
3034 5957 3496 6029 cognominatum.
3537 5955 3744 6012 iit-citat
