4058 6298
302 449 411 514 803

1225 443 1293 508 Ρ.
1336 441 1644 507 POSSINI
1685 441 2339 506 OBSERVATIONUM
2377 431 2526 504 LIB.
2570 441 2659 501 II.

3437 433 3545 501 8‘34

305 561 449 617 hunc
477 559 632 632 74],
667 546 838 614 locum
868 574 921 631 p.
957 557 1062 614 549
1090 555 1246 613 editae
1271 557 1337 614 de
1365 557 1612 629 Georgiis
1633 555 1878 611 diatribae
1913 560 1952 614 Α
1980 555 2144 610 sociis
2169 555 2426 626 judicium
2456 570 2471 620 ;
2507 561 2671 621 atque
2712 551 2814 606 hoc
2844 548 3017 618 ipsum
3049 547 3396 618 colloquium.
3426 562 3546 601 cum

309 654 468 708 modo
501 654 745 708 laudatus
780 651 889 708 Leo
929 652 1158 708 Allatius
1190 666 1311 707 cum
1340 651 1518 721 aliqua
1562 651 1876 706 diversitate

218 743 220 745 ’
308 757 415 798 tam
452 744 502 796 in
544 755 802 798 contextu
838 742 1034 798 Graeco
1083 759 1241 814 quam
1273 744 1325 797 in
1363 742 1554 797 Latina
1607 745 1877 810 interpre-

307 839 530 900 tatéone,
563 837 717 906 cujus
768 834 856 890 hic
903 837 1198 889 admonere
1231 833 1485 890 lectorem
1538 834 1728 888 debeo.
1766 832 1878 887 Illic

305 930 474 998 igitur
505 929 590 982 illa
623 929 781 982 verba
805 926 982 996 φύλλα
1004 944 1088 991 τις
1117 937 1398 982 \‘ertuntur
1421 924 1570 980 culis:
1596 926 1875 997 quispiam.

307 1014 564 1090 Suspicor
592 1021 851 1074 mendum
884 1021 1199 1092 typotbetae,
1229 1019 1321 1090 qui
1353 1035 1379 1071 c
1421 1035 1516 1090 pro
1544 1036 1576 1086 p
1628 1018 1678 1074 in
1712 1016 1880 1088 priovi

309 1113 570 1167 vocabulo
604 1111 864 1178 posuerit,
900 1110 1044 1166 facili
1070 1112 1254 1181 utique
1277 1111 1450 1181 lapsu,
1486 1110 1697 1180 qualem
1735 1128 1883 1164 ama-

309 1207 596 1262 nuensium
635 1203 718 1281 [Ρ.
753 1203 882 1278 529]
917 1207 1111 1261 eruditi
1146 1214 1446 1276 agnoscunt
1478 1204 1528 1258 in
1577 1206 1697 1261 loco
1721 1203 1880 1259 Plinii

307 1299 499 1364 1.3m,
547 1313 600 1353 c.
649 1295 761 1353 10:
798 1296 971 1368 Napis
1013 1298 1226 1362 culices,
1279 1306 1407 1363 εις..
1463 1297 1552 1351 ubi
1586 1313 1652 1352 ex
1700 1298 1883 1351 Theo-

309 1391 553 1459 phrasto,
585 1405 744 1459 quem
777 1390 1136 1456 describebat,
1180 1391 1377 1458 pulices
1419 1400 1611 1445 auctor
1638 1391 1753 1445 sine
1782 1391 1884 1445 du-

311 1485 400 1538 bio
430 1495 709 1553 posuerat.
743 1483 848 1538 Sed
877 1494 1174 1540 memoratu
1228 1484 1438 1553 dignior
1465 1485 1519 1540 in
1551 1484 1754 1540 Grecis
1788 1501 1882 1537 va-

311 1578 481 1632 rietas
511 1586 615 1631 est.
655 1573 758 1632 Ubi
794 1577 938 1630 enim
985 1576 1285 1632 clarissime
1319 1577 1487 1630 codex
1534 1576 1884 1643 Barberinus,

288 1667 510 1722 fundus
558 1679 759 1723 nostrae
808 1668 1082 1733 editionis,
1131 1666 1290 1722 habet
1321 1667 1435 1721 οὒτ’
1480 1669 1731 1741 ἀνασπᾷν
1761 1669 1885 1724 οὔτε

313 1761 605 1833 κατασπᾷ-ι
652 1762 766 1830 ἔχει
798 1761 914 1833 τὴν
959 1759 1355 1830 scalpit/01,1”.
1410 1759 1660 1825 Allatius,
1697 1762 1778 1816 vel
1822 1778 1884 1816 ex

313 1856 534 1926 proprio
564 1856 773 1921 codice,
817 1867 976 1925 quem
1017 1854 1080 1907 ad
1115 1869 1329 1908 insnum
1363 1854 1520 1909 modo
1554 1871 1660 1908 non
1697 1855 1886 1919 habeo,

312 1948 399 2003 vel
423 1964 486 2003 ex
520 1949 825 2020 conjectura
861 1947 990 2018 legit
1022 1948 1120 2019 τὴν
1150 1946 1435 2017 μήρινθον.
1468 1946 1743 2001 Arbitrum
1772 1947 1884 2002 dis-

314 2042 602 2110 crepantis:
647 2042 894 2097 codicum
957 2041 1185 2096 duorum
1239 2040 1556 2094 Vaticanum
1611 2039 1889 2108 exemplar

315 2133 514 2187 ferrem
542 2150 557 2188 :
585 2133 680 2188 Sed
713 2133 756 2188 is
787 2144 1071 2203 utramque
1105 2133 1252 2187 illam
1281 2127 1472 2188 vitavit
1504 2149 1709 2197 vocem,
1746 2132 1888 2186 hunc

319 2224 495 2280 locum
528 2224 606 2280 sic
637 2224 945 2292 exprimens
980 2224 1165 2280 εΨίλοι
1194 2224 1447 2293 (scribere
1493 2224 1658 2278 voluit
1693 2221 1890 2295 oena)
1932 2298 1934 2300 ν

316 2335 403 2383 τις
430 2318 728 2401 attenderes
788 2319 866 2389 τῷ
896 2319 997 2388 τῆς
1033 2317 1251 2391 ἀμάξης
1277 2318 1454 2390 ῥυμῷ,
1487 2319 1610 2390 ἥτις
1637 2318 1762 2372 οὕτε
1799 2319 1896 2387 βά-

322 2429 416 2483 ρος
443 2413 600 2485 φέρει
634 2415 701 2484 τῇ
736 2411 921 2484 ἁμάξῃ
953 2411 1080 2465 οὔτε
1113 2411 1220 2484 μὴν
1269 2413 1504 2483 ἐλαφρόν
1537 2429 1593 2465 τι
1624 2416 1717 2475 καὶ
1763 2411 1892 2466 κοῦ-

320 2524 444 2576 φον,
478 2509 753 2562 verbosius
778 2521 936 2577 quam
983 2506 1341 2563 breviatorem
1377 2509 1587 2581 decuit,
1627 2523 1725 2562 nec
1753 2506 1894 2560 mul-

322 2610 435 2654 tum
499 2602 804 2672 eleganter;
857 2600 970 2670 Ego
1021 2616 1118 2654 cur
1180 2602 1496 2671 abrogarem
1565 2601 1722 2666 fidem
1776 2614 1896 2654 meo

321 2695 621 2766 archetypo
649 2710 865 2749 causam
901 2678 1012 2748 non,
1044 2693 1228 2756 habui,
1259 2709 1381 2749 cum
1409 2694 1574 2764 proba
1607 2706 1660 2747 ei
1687 2691 1899 2764 Pachy-

324 2804 471 2843 mere
505 2792 535 2841 d
559 2804 660 2855 gna
701 2788 946 2842 videatur
981 2788 1097 2843 haec
1149 2788 1327 2855 lectio,
1381 2797 1566 2857 utpote
1609 2805 1767 2856 tltlttlll
1799 2805 1898 2858 ap-

324 2891 513 2950 pareat
532 2883 745 2946 ductam
769 2895 832 2933 ex
859 2880 1093 2935 Homero
1119 2879 1282 2935 Ιιὶιιᾱ.
1326 2899 1405 2934 ωε
1435 2879 1640 2946 Ἀὐτὰρ
1663 2881 1744 2948 ὅγ’
1773 2877 1896 2947 υἷας

324 2973 542 3043 ἅμαξαν
561 2974 819 3044 ἐΰτροχον
843 2975 1126 3044 ἡμιονείην
1149 2976 1366 3028 ὁπλίσαι
1396 2973 1616 3046 ἠνώγει,
1647 2977 1900 3047 πείρινθα

323 3067 381 3119 δὲ
416 3065 576 3135 δῆσαι
611 3065 698 3119 ἐπ’
732 3068 942 3136 αὐτῆς,
975 3075 1028 3120 et
1080 3066 1268 3138 Odyss.
1317 3085 1383 3122 o:
1437 3068 1548 3121 Καὶ
1595 3069 1660 3124 τὰ
1693 3069 1793 3140 μὲν
1844 3070 1904 3134 ἐς

329 3159 580 3231 πείρινθα
607 3160 747 3216 τίθει
785 3161 1170 3232 Πεισίστρατος
1196 3162 1368 3234 ἥρως.
1398 3163 1631 3230 Quorum
1659 3163 1898 3218 locorum

1979 660 2163 704 secuta
2192 665 2407 705 reorum
2434 649 2748 702 auditorum
2783 644 3254 701 condemnatione.
3282 644 3547 714 synodum

1980 749 2250 804 vocatam.
2279 756 2439 810 cujus
2471 751 2589 796 acta
2624 738 2894 809 publicata
2926 739 3028 792 rite
3051 737 3182 793 sint.
3221 734 3392 806 Hujus
3422 751 3553 804 qua-

1981 833 2264 901 liscuttque
2317 833 2507 904 synodi
2547 831 2825 901 exemplar
2851 825 3143 897 .antiquum
3179 840 3369 883 nactus
3395 825 3552 883 Jaco-

1982 928 2085 983 bus
2140 927 2464 984 Sirmondus
2493 939 2706 991 noster,
2751 928 2804 981 id
2854 927 3275 982 communicavit
3323 923 3555 979 Henrico

1983 1015 2276 1084 Spondano
2319 1017 2571 1087 episcOpo
2608 1016 2944 1084 Apamiensi,
2989 1016 3083 1086 qui
3135 1031 3402 1070 summam
3433 1013 3554 1085 ejus

1983 1112 2203 1165 exhibet
2241 1110 2294 1162 in
2339 1127 2435 1164 sua
2468 1111 2876 1166 continuatione
2913 1110 3200 1170 Annalium
3240 1110 3456 1164 Barouii
3484 1106 3552 1165 ad

1987 1219 2186 1264 annum
2219 1203 2375 1266 1285,
2401 1220 2455 1258 ιι.
2490 1206 2578 1259 l0.
2605 1201 2813 1257 Dicitur
2837 1203 2947 1258 illic
2981 1203 3082 1259 ista
3108 1207 3344 1275 synodus
3376 1203 3555 1258 habita

1985 1300 2085 1354 sub
2116 1297 2428 1352 Andronico
2485 1295 2785 1368 Palasologo
2831 1299 3160 1369 imperatore
3198 1307 3251 1351 et
3297 1297 3558 1366 Gregorio

1987 1391 2296 1458 patriarcha
2325 1399 2513 1446 contra
2545 1390 2807 1445 Joannem
2843 1388 3080 1444 Veccum
3111 1401 3167 1444 et
3188 1390 3349 1459 hujus
3382 1391 3557 1446 socios

1987 1482 2401 1537 Constantinum
2460 1482 2818 1538 Melitenioten
2861 1491 2915 1538 et
2965 1481 3258 1550 Georgium
3303 1481 3560 1537 Metochi-

1986 1581 2121 1636 tam.
2168 1574 2259 1642 qui
2296 1575 2612 1630 Latinorum
2673 1576 2863 1644 dogma
2895 1576 2961 1629 de
3003 1575 3358 1644 processione
3388 1575 3562 1644 Spiri-

1991 1677 2078 1720 tus
2118 1666 2290 1720 sancti
2338 1665 2735 1733 proﬁtebantur
2793 1667 2860 1719 ab
2894 1665 3053 1723 annis
3106 1677 3251 1722 octo.
3295 1665 3449 1723 Hnno
3486 1666 3558 1723 ibi

1991 1777 2272 1814 numerum
2299 1760 2431 1815 Acta
2458 1762 2647 1830 synodi
2675 1760 3006 1830 exprimunt,
3044 1776 3110 1816 ex
3142 1776 3248 1828 quo
3274 1762 3421 1816 illam
3454 1761 3558 1818 hoc

1994 1871 2138 1908 anno
2167 1854 2497 1909 celebratam
2552 1854 2838 1920 evincitur,
2879 1854 2990 1922 qui.
3030 1865 3088 1911 ut
3112 1853 3253 1909 libro
3281 1857 3439 1910 tertio
3463 1856 3562 1911 ha-

1995 1964 2111 2004 rum
2163 1947 2654 2008 Observationum,
2688 1962 2738 2002 (ε.
2790 1950 2848 2011 '2,
2891 1947 3411 2011 demonstrabimus,
3441 1962 3564 2004 vere

1989 2054 2214 2100 octavus
2241 2047 2325 2094 est
2352 2038 2417 2094 ab
2443 2038 2576 2092 inito
2606 2054 2635 2092 a
2666 2036 2840 2094 Vecco
2864 2039 3236 2108 patriarcbatu
3262 2048 3320 2094 et
3350 2051 3563 2110 recepta

1999 2135 2175 2209 palam
2205 2131 2370 2204 (quod
2395 2132 2494 2186 sub
2525 2131 2665 2185 idem
2688 2141 2896 2207 tempus
2919 2132 3165 2204 contigit)
3185 2131 3568 2188 Constantino-

1993 2230 2099 2302 poli
2152 2226 2534 2283 commuuione
2585 2241 2710 2280 cum
2745 2223 2993 2281 Ecclesia
3041 2223 3306 2281 Romana.
3365 2224 3567 2281 Deinde

1996 2330 2298 2377 memorant
2366 2317 2555 2374 eadem
2641 2319 2771 2374 Acta
2833 2318 3231 2390 pseudosynodi
3302 2315 3564 2373 Joannem

1994 2415 2230 2470 Veccum
2275 2413 2386 2484 jam
2422 2422 2549 2467 ante
2576 2411 2646 2467 ob
2671 2411 2918 2466 eamdem
2962 2427 3184 2467 causam
3221 2410 3386 2467 fuisse
3414 2410 3567 2466 dam-

1995 2518 2182 2564 natum
2215 2507 2266 2561 in
2294 2506 2525 2573 quadam
2573 2503 2883 2561 ercorum
2927 2507 3177 2576 synodo;
3209 2522 3368 2575 quam
3402 2519 3568 2574 appa-

1997 2611 2078 2657 ret
2104 2618 2221 2656 eam
2260 2615 2380 2655 esse
2412 2599 2566 2670 cujus
2598 2598 2846 2653 meminit
2873 2607 3079 2665 noster,
3127 2616 3179 2669 p.
3211 2599 3300 2656 54.
3345 2597 3477 2661 Nam
3513 2599 3564 2652 in

1997 2710 2059 2751 ea
2117 2694 2302 2747 dicunt
2339 2689 2570 2746 Veccum
2616 2688 2847 2746 libellum
2887 2691 3261 2761 resipiscentia:
3320 2689 3410 2764 [P.
3441 2690 3568 2764 530]

1999 2786 2265 2847 obtulisse,
2304 2798 2406 2854 quo
2445 2782 2808 2853 acquiesceloat
2852 2781 3189 2836 damnationi
3238 2798 3302 2835 ac
3360 2781 3569 2852 deposi-

1996 2881 2130 2935 tioni
2161 2894 2291 2934 sucu.
2329 2876 2419 2930 Sic
2464 2877 2717 2930 nimirum
2778 2875 3072 2950 appellant,
3095 2890 3256 2944 quam
3304 2885 3570 2930 extortam

2002 2974 2077 3030 ibi
2103 2971 2299 3040 ,Vecco
2329 2971 2688 3040 Paebymeres
2719 2976 2905 3022 narrat
2959 2969 3394 3038 subscriptionem
3421 2984 3568 3022 como

2003 3076 2159 3146 positi
2184 3073 2367 3132 libelli.
2396 3088 2498 3143 quo
2529 3069 2788 3142 professio
2816 3077 2970 3121 recta:
3000 3047 3126 3135 ﬁdei
3155 3062 3576 3134 conjungehatur

2004 3186 2122 3225 cum
2155 3168 2465 3223 amolitione
2507 3164 2890 3234 suspicionum.
2942 3160 2985 3213 si
3013 3175 3129 3230 quo:
3160 3158 3216 3211 in
3245 3158 3573 3234 contrarium

327 3253 393 3305 ad
426 3256 660 3321 priorem
689 3253 1003 3310 Eustathius
1046 3232 1488 3327 docetvizslpwlia
1523 3257 1623 3310 dici
1667 3257 1726 3309 τὸ
1752 3257 1973 3326 saltv-(1
2007 3271 2298 3324 curarent,
2345 3259 2532 3330 quibus
2587 3232 2654 3310 ad
2697 3263 2987 3309 extremum
3034 3250 3377 3305 annectebant
3421 3232 3574 3303 abdi-

329 3346 447 3399 θίον
471 3346 530 3398 τὸ
575 3346 687 3402 ἄνω
715 3345 815 3415 τῆς
857 3346 1097 3417 ἁμάξης,
1129 3347 1264 3401 ὅπου
1304 3349 1373 3400 τὰ
1400 3349 1599 3418 φορτία.
1637 3348 1904 3403 ἐπιτίθεν-

327 3455 441 3499 ται,
467 3438 531 3491 ad
565 3440 914 3508 posteriorem
947 3451 1127 3495 autem
1158 3440 1287 3511 εΕἴη
1325 3442 1372 3495 δ’
1402 3440 1464 3494 ἂν
1509 3441 1763 3511 πείρινθα
1810 3443 1904 3497 καὶ

328 3529 362 3599 ἡ
400 3530 504 3598 ripa
537 3529 728 3582 τούτου
776 3529 1006 3599 ρηοεϊσά
1036 3546 1137 3584 που
1183 3529 1483 3599 ὑπερτερία
1521 3531 1611 3582 ἐπὶ
1635 3527 1735 3598 τῆς
1762 3530 1902 3583 κατᾶ

328 3622 426 3693 τὴν
473 3622 798 3676 Ναυσικάαν
843 3624 1082 3694 ἁμάξης,
1115 3625 1250 3693 ὅπερ
1293 3626 1340 3677 oi
1394 3623 1619 3696 ὕστερον
1663 3624 1904 3694 ἐσχάραν

329 3719 612 3775 καλοῦσιν.
641 3719 717 3774 Ex
750 3721 944 3788 quibus
980 3722 1238 3774 habemus
1271 3718 1521 3790 πείρινθα
1551 3720 1729 3774 voeari
1759 3719 1904 3773 locu-

327 3813 440 3870 lum
482 3824 574 3868 aut
598 3815 790 3868 cistam
833 3815 944 3869 sive
977 3829 1195 3883 capsam
1228 3814 1515 3882 quamdam
1553 3813 1738 3868 formae
1770 3829 1906 3883 qua-

332 3907 500 3962 drata:
530 3907 779 3961 curribus
808 3907 1005 3976 imperti
1047 3907 1260 3961 solitam
1293 3907 1571 3976 capiendis
1597 3910 1757 3962 rebus
1788 3923 1906 3978 qua:

331 4000 590 4056 vehenda:
627 4001 756 4064 sint,
790 4001 1126 4071 ὑπερτερίαν
1154 4010 1207 4054 et
1251 4001 1491 4072 ἐσχάραν
1531 4000 1651 4054 aliis
1683 4001 1904 4056 dictam.

333 4093 489 4149 Unde
519 4095 673 4159 satis,
724 4094 933 4162 Opinor,
974 4093 1282 4147 defenditur
1322 4103 1504 4147 nostra
1556 4103 1609 4148 et
1659 4089 1817 4148 lectio
1856 4101 1910 4149 et

333 4185 532 4241 versio.
575 4185 684 4240 Nec
721 4187 902 4240 obstat
940 4187 1080 4256 quod
1130 4185 1292 4241 verba
1343 4185 1598 4257 ἀνασπᾷν
1637 4196 1690 4241 et
1738 4203 1911 4242 κατα.-

336 4282 480 4352 σπᾷν
501 4279 670 4349 magis
702 4279 993 4334 convenire
1014 4279 1301 4334 videantur
1329 4278 1582 4350 μηρίνθῳ
1605 4278 1722 4349 funi
1748 4294 1908 4348 quam

334 4372 574 4445 πείρινθι
628 4366 856 4443 plaustri
894 4370 1068 4426 cista'.
1125 4369 1237 4426 Etsi
1274 4370 1417 4426 enim
1466 4369 1708 4425 trahendi
1763 4372 1910 4425 notio

333 4483 399 4522 ex
435 4468 643 4536 origine
690 4465 821 4534 ipsis
870 4464 1010 4518 inest
1055 4464 1437 4532 congruentior
1479 4462 1593 4518 luni
1631 4465 1912 4518 tractioois

333 4561 711 4622 instrumento,
737 4567 915 4611 tamen
941 4571 1049 4612 non
1069 4557 1245 4612 minus
1269 4555 1524 4625 frequens
1559 4566 1642 4611 est
1683 4557 1910 4612 istorum

333 4654 620 4707 verborum
648 4666 774 4704 usus
799 4649 865 4705 ad
900 4647 1305 4719 significandam
1342 4648 1907 4720 depressionemmum

337 4746 394 4798 fit
413 4759 570 4814 aggra
582 4742 772 4805 vando,
797 4753 884 4794 aut
906 4740 1351 4803 sublevationem,
1372 4757 1490 4809 quin
1514 4742 1571 4796 lit
1622 4740 1909 4798 minuendo

337 4839 567 4910 pondus.
595 4836 866 4893 Utsensus
889 4835 978 4890 hic
1002 4834 1092 4898 sit,
1129 4835 1358 4903 pnlieem
1393 4835 1714 4891 insidentem
1737 4845 1910 4890 tracto

338 4948 459 4987 cum
495 4931 699 5001 impetu
739 4929 918 4982 currui
954 4944 1050 4982 nec
1075 4930 1274 4982 addere
1320 4944 1418 4983 nec
1451 4929 1731 4983 detrahere
1761 4928 1915 4997 quid-

339 5039 497 5094 quam
532 5021 737 5084 oneiis,
769 5023 861 5075 sed
907 5021 1127 5090 perinde
1172 5019 1371 5074 habere
1403 5035 1466 5074 ac
1499 5024 1541 5074 si
1596 5035 1701 5073 non
1743 5028 1910 5074 esset.

409 5116 470 5174 P.
508 5115 630 5171 lOO.
669 5113 796 5169 Volo
831 5125 880 5169 et
905 5114 1047 5168 vobis
1084 5115 1392 5176 orthodoxe,
1434 5122 1540 5166 etc.
1572 5111 1676 5168 Per
1709 5115 1911 5182 hyper-

338 5210 515 5265 bolem
551 5211 663 5264 haec
699 5209 801 5262 dici
845 5206 1172 5260 credendum
1202 5218 1307 5270 est,
1343 5217 1394 5259 et
1446 5222 1506 5260 ea
1544 5207 1740 5259 ﬁducia
1785 5221 1910 5274 qua,

339 5306 382 5361 si
420 5304 606 5358 fierent
638 5319 757 5373 quae
792 5303 903 5365 ﬁeri
943 5317 1046 5354 non
1081 5317 1236 5370 posse
1263 5302 1351 5370 qui
1381 5302 1616 5368 loquitur
1641 5301 1912 5370 intelligit,

341 5399 387 5452 is
433 5413 493 5452 se
545 5398 691 5450 durae
758 5395 990 5464 cuipiam
1033 5393 1217 5464 objicit
1284 5395 1602 5449 conditioni.
1669 5393 1911 5448 Similem

340 5490 625 5562 quamdam
657 5487 899 5542 nonnulli
927 5487 1243 5558 interpretes
1264 5487 1563 5558 appingunt
1586 5486 1912 5541 sententiam

343 5584 448 5638 illis
478 5581 642 5636 Musis
670 5589 722 5634 et
755 5577 904 5632 Pauli
941 5579 1120 5633 verbis
1158 5594 1172 5632 :
1211 5577 1430 5633 Dimitte
1474 5578 1585 5633 illis
1608 5617 1623 5643 ,
1669 5589 1766 5634 aut
1797 5578 1915 5648 dele

342 5677 498 5733 mede
527 5678 658 5732 libro
680 5675 877 5748 (Exod.
910 5691 1042 5738 χχιι,
1069 5674 1188 5746 52);
1220 5685 1272 5729 et
1305 5693 1318 5729 :
1351 5676 1606 5741 Optabam
1635 5676 1914 5731 anathema

341 5782 504 5824 ossea
544 5769 750 5824 Christo
782 5785 877 5839 pro
899 5766 1152 5838 fratribus
1187 5770 1314 5822 meis
1359 5766 1534 5836 (Rom.
1571 5785 1645 5833 tx,
1675 5769 1754 5839 5).

417 5863 578 5935 7ᾰ2
641 5863 1003 5931 Snpplendum
1053 5862 1138 5916 hic
1192 5864 1333 5928 quod
1377 5862 1669 5916 historicus
1714 5863 1916 5916 diserte

347 5973 454 6014 non
498 5959 770 6028 exprimit,
810 5956 1073 6028 perlatum
1114 5973 1140 6009 ιι
1170 5955 1534 6011 scbismaticis
1566 5955 1628 6012 dc
1660 5953 1836 6010 Vccco
1864 5965 1916 6010 et

2006 3357 2263 3410 cntionem
2286 3351 2588 3408 sacerdotii.
2622 3347 2876 3417 Adiungit
2905 3343 3349 3415 pseudosynodus
3371 3340 3577 3396 codicis

2008 3443 2376 3502 Sirmondiani
2407 3441 2640 3499 Veccum
2679 3451 2863 3510 postea
2901 3437 2955 3492 in
2985 3436 3216 3506 priorem
3250 3433 3574 3490 sententiam

2009 3539 2255 3594 rediisse.
2293 3534 2349 3590 ιιι
2383 3550 2512 3590 vero
2573 3532 2800 3602 negabat
2850 3528 3076 3593 Veecus,
3133 3529 3221 3597 qui
3267 3541 3332 3582 eo
3378 3528 3578 3595 scripto

2008 3647 2067 3687 se
2105 3645 2386 3686 revocasse
2415 3629 2574 3682 tidem
2607 3625 2757 3694 prius
2778 3629 3173 3695 propugnatam
3210 3635 3312 3675 non
3335 3617 3578 3675 credide-

2007 3733 2116 3790 rat,
2147 3725 2242 3779 sed
2297 3733 2510 3777 tantum
2545 3719 2807 3789 temporis
2861 3731 3025 3772 causa
3085 3717 3281 3769 throno
3325 3714 3574 3770 cessisse.

2012 3819 2269 3889 Sequitur
2293 3816 2403 3872 illic
2433 3813 2713 3870 sententia
2743 3807 3222 3867 condemnationis
3251 3809 3304 3862 in
3343 3806 3577 3865 Voccum

2006 3920 2063 3968 et
2099 3912 2232 3967 duos
2255 3911 2370 3982 ejus
2417 3909 2594 3963 socios
2630 3907 2774 3971 latae,
2808 3920 2930 3960 cum
2971 3902 3306 3960 refutatione
3346 3903 3577 3973 capitum

2013 4004 2274 4060 doctrinae
2310 4002 2518 4056 illorum
2550 4002 2614 4056 de
2641 3999 2845 4067 Spiritu
2881 4006 3093 4062 sancto,
3121 4009 3176 4054 et
3213 4000 3402 4054 iterata
3436 4000 3580 4055 dete-

2013 4098 2246 4155 statione
2277 4097 2433 4151 factaa
2451 4094 2851 4149 conciliationis
2874 4093 3253 4149 Ecc'esiarum
3290 4092 3489 4148 Graecae
3520 4107 3580 4149 ac

2013 4193 2236 4256 Latina,
2278 4206 2441 4262 quam
2480 4187 2873 4258 πεπλασμένην
2902 4187 3215 4257 οἰκονομίαν
3239 4187 3331 4240 καὶ
3361 4187 3582 4259 εἰρήνην

2015 4287 2284 4359 πολεμίαν
2328 4296 2537 4339 vocant.
2579 4281 2938 4337 Addunturin
2978 4281 3084 4336 line
3127 4281 3578 4352 subscriptiones,

2017 4382 2191 4452 primo
2218 4378 2562 4450 imperatoris
2592 4375 2770 4432 rubris
2795 4375 3010 4438 litteris,
3044 4373 3373 4430 Andronicus
3395 4375 3448 4429 in
3479 4373 3581 4430 Deo

2015 4475 2183 4546 ﬁdelis
2230 4489 2321 4526 res:
2367 4481 2415 4525 et
2445 4472 2734 4537 imperator
2788 4469 2966 4524 Ducas
3001 4468 3234 4538 Angelus
3288 4466 3582 4524 Conmenus

2017 4562 2377 4631 Paltrologns.
2429 4561 2623 4614 deinde
2668 4557 3009 4627 patriam-lue,
3047 4556 3330 4625 Gregorius
3374 4558 3584 4612 miseri-

2013 4658 2194 4711 rordia
2237 4655 2326 4709 Dei
2364 4655 2597 4720 arrhiep.
2635 4651 2695 4707 Ο.
2733 4649 2797 4704 1³.
2831 4668 2973 4705 nouae
3008 4650 3186 4705 Roma:
3212 4660 3260 4705 et
3305 4652 3582 4705 oecumeni-

2014 4768 2106 4804 rus
2141 4751 2468 4819 patriarcha.
2508 4746 2866 4801 Subscribunt
2899 4747 3024 4800 inde
3053 4747 3122 4800 4‘2
3157 4746 3415 4816 epismpi,
3449 4762 3582 4812 quo-

2017 4859 2132 4897 tum
2183 4843 2386 4910 primus
2437 4837 2770 4893 eleoaunes
2808 4837 3143 4907 Ephesinus,
3195 4851 3244 4892 et
3277 4854 3306 4893 e
3343 4839 3492 4893 clero
3529 4840 3580 4893 itt

2016 4936 2274 5003 dignitate
2333 4932 2615 4987 COIISlitttli
2684 4931 2874 4999 viginti
2955 4940 3098 4985 octo.
3153 4930 3328 4986 Locus
3386 4933 3582 5004 SynoJi

2016 5029 2248 5082 omissus
2284 5042 2338 5080 In
2379 5027 2561 5080 codice
2594 5022 2894 5088 Sirmondi,
2959 5025 3083 5086 fuit,
3115 5034 3170 5078 ut
3225 5024 3584 5097 Parhymeres

2017 5121 2190 5182 docet,
2231 5120 2540 5171 Alexiacum
2590 5117 2886 5171 triclinium
2936 5117 2987 5170 in
3034 5118 3236 5186 palatio
3276 5117 3579 5175 Constanti-

2016 5213 2357 5279 ntiptilitant).

2091 5306 2148 5359 P.
2184 5307 2307 5360 109.
2334 5303 2503 5358 Sacra
2554 5301 2901 5370 HOpIotheca.
2943 5301 3040 5358 llic
3085 5303 3237 5368 liber,
3272 5306 3412 5372 quod
3444 5304 3584 5359 scire

2019 5400 2284 5455 hactenus
2331 5398 2596 5467 potuerim
2621 5437 2636 5461 ,
2681 5412 2787 5450 non
2830 5405 3044 5453 exstat.
3075 5397 3338 5452 Collectio
3367 5399 3488 5464 luit,
3532 5406 3586 5453 ut
3625 5447 3628 5451 .

2018 5501 2273 5563 apparet,
2308 5489 2746 5545 testimoniorum
2782 5504 2812 5545 e
2844 5488 3117 5556 Pairibus,
3145 5506 3240 5562 per
3268 5507 3387 5560 qua
3413 5493 3588 5562 impu-

2017 5584 2172 5656 gnari
2204 5595 2256 5637 et
2283 5584 2530 5638 convinci
2567 5585 2798 5638 lmreses
2855 5594 3094 5653 possent,
3125 5575 3318 5656 eaque
3380 5601 3585 5642 sutmna

2018 5694 2148 5734 cura
2184 5685 2238 5732 et
2267 5677 2371 5732 [ide
2398 5677 2539 5730 facta
2567 5694 2583 5745 ;
2612 5677 2754 5731 unde
2779 5677 2854 5732 illi
2898 5679 3053 5747 vulgo
3107 5681 3453 5748 praejndicata
3505 5681 3584 5735 iur-

2019 5771 2330 5826 duhitabilis
2376 5769 2535 5842 743
2592 5770 2867 5826 ﬁdelitatis
2921 5779 3217 5826 auctoritas
3278 5774 3585 5834 adhic-serit;

2019 5864 2094 5920 Ex
2146 5879 2210 5918 eo
2260 5866 2401 5932 quod
2455 5865 2612 5934 paulo
2671 5876 2793 5937 post
2839 5867 2944 5920 hoc
2994 5865 3112 5919 loro
3168 5883 3499 5923 memoratur
3541 5867 3590 5924 ei

2020 5958 2164 6034 operi
2200 5962 2398 6013 attesta
2434 5960 2831 6030 cxceptiuncula
2878 5958 3127 6017 Comneni
3179 5960 3442 6018 Maenalis
3482 5964 3598 6018 Au-
