4058 6298
325 452 436 518 803

1799 451 2042 513 ΝΟΤιΕ.

3471 449 3578 513 8ῧ6

332 573 472 646 gusti
504 571 859 627 submouentis
888 569 1162 642 quippiam
1201 571 1266 624 ad
1292 566 1616 624 sententiam
1651 566 1722 622 ibi
1757 567 1894 621 reci-
1930 577 1969 628 Α
2001 559 2372 616 Scholasticus
2421 561 2739 626 monachus,
2773 559 3059 636 Matthreus
3105 563 3430 629 monachus,
3468 565 3577 621 bla-

336 681 498 720 tatam
556 665 615 720 S.
669 663 899 719 Joannis
969 663 1288 718 Damasceni
1357 661 1656 732 pertinens,
1707 660 1900 735 oborta

334 762 464 814 mihi
494 760 729 827 suspicio
761 759 1004 826 quedam
1038 768 1144 819 est,
1175 771 1336 826 quam
1373 768 1493 809 meo
1529 753 1771 823 periculo
1814 753 1900 806 hic

331 862 598 914 exponam
643 847 867 914 judiciis
925 847 1192 900 lectorum
1242 847 1601 900 eruditorum.
1658 844 1794 910 Quid
1855 842 1901 895 si

331 940 595 995 Munuelis
641 940 906 995 Comlteni
949 941 1105 1008 jussu
1158 939 1508 1006 compilotam
1565 948 1618 992 et
1683 936 1902 991 tintttittc

327 1037 531 1087 editam
569 1046 915 1088 auturuemus
947 1033 1273 1102 farraginem
1312 1033 1468 1084 istam
1507 1031 1900 1085 sententiarum

329 1127 574 1191 Patrum,
611 1142 729 1196 qua:
770 1143 865 1196 pro
902 1126 1330 1180 armamentario
1356 1141 1473 1180 esse
1501 1133 1681 1194 posset
1715 1128 1906 1178 catho-

330 1220 453 1274 licis
487 1221 752 1290 theologis
795 1233 861 1275 au
894 1219 1254 1274 heterodoxos
1307 1218 1737 1290 impugnandos?
1761 1216 1904 1272 Sane

329 1314 453 1368 talia
482 1315 708 1368 curandi
741 1315 942 1368 avitum
978 1314 1284 1383 exemplum
1323 1313 1534 1368 Mannel
1565 1314 1775 1376 habuit,
1809 1328 1902 1368 ne-

329 1423 426 1475 pos
475 1408 665 1475 utique
724 1407 1078 1474 imperatoris
1140 1407 1314 1461 Alexii
1371 1405 1662 1472 Comneni,
1736 1425 1900 1479 quem

332 1499 503 1568 ipsius
541 1499 676 1564 ﬁlia,
708 1498 971 1553 Manuelis
1005 1501 1165 1552 amita
1198 1502 1352 1554 Anna
1391 1511 1659 1556 memorat
1688 1503 1905 1558 Alexia-

294 1594 413 1652 _tlis
453 1592 488 1646 L
523 1608 612 1658 xv,
674 1609 729 1663 p.
771 1592 874 1647 490
917 1594 1005 1648 ed.
1052 1591 1184 1663 Reg.
1220 1610 1444 1651 curasse
1475 1612 1610 1666 opus
1651 1597 1903 1665 componi

327 1696 382 1738 et
426 1667 524 1738 ledi
560 1687 864 1754 argumenti
915 1696 1080 1756 atque
1133 1703 1262 1742 usus
1301 1702 1407 1741 non
1459 1689 1750 1743 absimilis.
1784 1688 1900 1743 Non

331 1779 434 1834 erit
479 1779 576 1834 abs
607 1797 664 1834 re
693 1781 857 1834 verba
897 1781 981 1835 ltic
1019 1785 1186 1834 Annae
1215 1796 1414 1851 pauere
1436 1782 1588 1852 iuxta
1633 1783 1902 1851 interpre-

332 1874 594 1927 tationem
623 1881 886 1930 nostram.
920 1871 1022 1929 Ubi
1059 1874 1166 1943 egit
1201 1874 1319 1928 fuse
1344 1876 1410 1929 de
1441 1875 1640 1931 Basilio
1667 1881 1901 1946 quodam

2008 656 2181 710 ximus
2226 655 2558 724 Margunius,
2591 654 2808 710 Gabriel
2861 655 3094 711 Severus
3135 655 3582 730 Philadelphien-

2009 749 2106 811 sis,
2160 746 2423 816 Georgius
2464 747 2740 811 Coresins,
2808 759 2861 801 et
2894 751 3093 816 passim
3143 749 3257 819 alii,
3320 751 3582 819 colligunt

2007 859 2126 912 cum
2158 857 2386 912 negasse
2411 843 2582 896 sancti
2618 840 2856 911 Spiritus
2883 843 3286 912 processiouem
3311 859 3376 901 ex
3402 845 3577 902 Fllio:

2007 935 2170 988 sedet
2203 951 2231 988 e
2272 934 2668 988 recentioribus
2693 931 2911 990 Latinis.
2935 934 2987 988 id
3019 949 3116 1003 pro
3158 947 3308 990 certo
3337 936 3579 995 admittit

2005 1028 2200 1085 Juann-
2250 1026 2527 1083 Gerardns
2553 1025 2816 1092 .Vossius,
2855 1029 2892 1084 l.
2949 1044 2987 1086 ll
3021 1027 3097 1083 De
3128 1029 3392 1085 historicis
3422 1029 3579 1089 Gra-

2005 1122 2102 1181 cis.
2136 1136 2187 1192 p.
2211 1121 2337 1176 281.
2367 1119 2509 1188 Quin
2550 1122 2734 1176 multo
2756 1133 2885 1176 ante
2911 1123 2993 1176 vir
3025 1137 3250 1179 summa:
3278 1127 3580 1181 auctorita-

2009 1215 2076 1268 tis
2117 1212 2175 1267 S.
2207 1211 2314 1268 Th.
2369 1217 2558 1271 doctor
2599 1215 2890 1284 Angelicus
2941 1217 3080 1272 idem
3132 1228 3479 1295 concesserat
3526 1220 3580 1274 in

2008 1307 2247 1374 Summa,
2283 1323 2322 1364 tt
2368 1294 2544 1378 parte,
2593 1320 2788 1379 quast.
2836 1309 2925 1374 36,
2961 1321 3066 1364 art.
3111 1311 3169 1378 2,
3205 1294 3301 1366 rubi
3329 1328 3450 1366 cum
3478 1311 3578 1369 sibi

2005 1403 2296 1470 obiecisset
2325 1397 2648 1474 argumento
2685 1405 2718 1457 3
2746 1406 2890 1458 hunc
2924 1406 3102 1475 ipsum
3139 1405 3337 1462 locum.
3383 1405 3580 1461 Dama-

2005 1497 2180 1560 sceni,
2208 1497 2286 1551 sic
2336 1499 2630 1566 respOndet
2663 1511 2679 1549 :
2713 1497 2793 1550 Ad
2845 1497 2878 1553 5
2928 1499 3205 1552 dicendum
3252 1501 3389 1568 quod
3416 1498 3585 1570 Spiri-

2006 1602 2114 1644 tum
2168 1602 2407 1646 sanctum
2460 1608 2562 1645 non
2617 1592 2896 1661 procedere
2951 1608 2983 1646 α
3041 1589 3182 1649 Filio
3213 1601 3381 1664 primo
3410 1594 3510 1664 [uit
3549 1611 3582 1650 α

2010 1682 2350 1738 Nestorianis
2401 1685 2786 1750 introductum,
2838 1699 2891 1743 ut
2935 1696 3078 1759 patet
3109 1688 3163 1750 iu
3194 1688 3420 1756 quodam
3445 1705 3586 1760 sym-

2007 1776 2124 1830 bolo
2165 1776 2606 1832 Nestorianorum
2663 1779 2916 1852 damnato
2951 1781 3002 1834 in
3047 1777 3314 1845 Ephesiua
3357 1783 3581 1846 synodo.

2011 1866 2078 1921 Et
2125 1870 2263 1923 hunc
2314 1885 2546 1924 errorem
2604 1881 2813 1924 secutus
2864 1869 2966 1940 fuit
3026 1868 3381 1926 Thcodoricus
3419 1870 3584 1942 (forte

334 1977 561 2018 auctore
612 1966 836 2021 lia-regis
883 1980 1045 2034 quam
1088 1937 1245 2021 uocat
1288 1937 1717 2036 Βοςοιιιῑιοι-υηξ,
1763 1983 1901 2038 quo-
1936 1937 1978 1994 Β
2011 1961 2292 2030 legendum
2331 1960 2696 2034 Theodoritus)
2751 1960 3104 2017 Nestorianus
3153 1973 3203 2018 et
3243 1959 3420 2031 plures
3466 1972 3583 2033 post

331 2075 454 2112 rum
493 2061 745 2124 dogmata
783 2070 840 2113 et
880 2058 1125 2113 facinora
1164 2061 1236 2116 ob
1271 2061 1659 2132 turpitudinem
1699 2061 1902 2119 referre

332 2154 618 2206 scandere
669 2163 852 2220 negat,
905 2167 1199 2208 memorem
1247 2155 1586 2208 rerecondia:
1620 2155 1899 2210 mulierem

333 2260 567 2314 eamque
591 2245 890 2316 principem
917 2247 1177 2310 decentis,
1205 2247 1281 2301 sic
1301 2250 1562 2301 continuo
1584 2247 1860 2320 subiungit
1888 2269 1900 2305 ε

337 2337 470 2403 Qua:
506 2339 553 2392 si
586 2339 672 2391 cui
707 2355 860 2392 nosse
908 2341 1048 2393 tanti
1074 2351 1169 2396 est.
1215 2340 1488 2394 consulere
1520 2344 1564 2394 is
1596 2345 1785 2408 poterit
1841 2342 1905 2395 li-

338 2431 490 2485 brum
537 2433 625 2500 qui
687 2432 997 2485 inscribitur
1053 2431 1364 2501 Dogma-icu
1419 2431 1698 2502 Panoplt’a,
1750 2435 1905 2504 jttSatt

337 2527 439 2578 mei
481 2527 649 2594 patris
681 2527 935 2593 scrip'um
983 2535 1137 2596 atque
1169 2529 1390 2578 e.titum.
1442 2529 1647 2582 Auctor
1675 2530 1789 2598 ejus
1829 2541 1906 2585 est

339 2620 622 2672 monachus
682 2621 993 2689 Zygadenui
1046 2621 1274 2682 nomine,
1307 2633 1463 2675 notus
1518 2623 1743 2678 domina-
1784 2643 1909 2682 mea:

337 2712 469 2763 asite
499 2724 770 2767 »καῖρε-νην.
805 2724 846 2762 et
879 2714 1115 2765 omnibus
1152 2712 1256 2766 Deo
1291 2715 1454 2766 sacris
1487 2715 1802 2783 hominibus,
1825 2737 1914 2772 sa-

338 2803 635 2855 cerdotibus
661 2819 723 2854 ac
757 2803 1090 2872 pontiﬁcibus
1119 2789 1428 2872 familiaris.
1462 2804 1616 2860 Iluuc
1648 2824 1907 2864 sun-mum

338 2897 750 2964 grammaticum
778 2900 1115 2965 eumdemque
1151 2900 1403 2949 rhetorem
1455 2915 1556 2952 non
1600 2900 1913 2956 inexercita-

339 3000 474 3051 tum,
509 2989 779 3057 theologia
797 3006 911 3043 rero
929 3002 973 3044 et
998 2990 1237 3046 catholici
1261 2992 1520 3061 dogmatis
1540 3009 1648 3062 μιαν
1673 2997 1911 3050 omnibus

341 3083 772 3148 scientissimum,
795 3085 1064 3153 Augustus
1097 3097 1244 3152 pater
1267 3103 1410 3139 meus
1435 3088 1502 3139 ad
1519 3104 1575 3140 se
1604 3092 1910 3145 acrersitum

343 3177 497 3238 iussit
523 3175 758 3244 digerere
790 3177 973 3231 ordine
1003 3178 1058 3230 in
1091 3195 1218 3248 opus
1252 3197 1410 3232 unum
1429 3192 1646 3235 cunctas
1669 3184 1926 3245 hirmos,

340 3277 387 3320 et
431 3271 710 3337 unicuique
761 3269 941 3336 relatis
981 3271 1258 3336 sigillatim
1283 3287 1537 3341 opponere
1574 3275 1913 3342 refutattoues

2010 2057 2203 2128 ipsum,
2231 2060 2370 2113 inter
2394 2077 2522 2128 quos
2553 2059 2652 2130 fuit
2682 2063 2836 2115 etiam
2897 2058 3276 2119 Damascenus.
3334 2060 3484 2117 Unde
3525 2061 3587 2116 in

2011 2151 2107 2205 hoc
2173 2153 2286 2221 ejus
2339 2154 2609 2208 sententia:
2671 2171 2772 2207 non
2811 2165 2884 2208 est
2936 2157 3205 2218 standum,
3259 2157 3493 2224 quamris
3551 2171 3586 2210 ts

2011 2247 2331 2316 quibusdam
2361 2247 2576 2300 dicatur
2608 2248 2744 2316 quod
2778 2247 3134 2308 (latitascenus
3160 2251 3294 2302 sicut
3334 2266 3438 2302 non
3463 2266 3588 2304 con-

2012 2338 2187 2405 ﬁtetur
2214 2334 2470 2404 Spiritum
2501 2351 2738 2391 smmum
2771 2347 2881 2391 ess'e
2921 2355 2952 2390 a
2986 2337 3142 2401 Filio,
3176 2341 3250 2393 ita
3293 2342 3450 2395 etiam
3483 2356 3586 2408 non

2016 2441 2253 2498 negatos:
2288 2430 2337 2483 vi
2384 2433 2678 2487 verborum.
2732 2429 2805 2486 lta
2854 2431 2928 2487 ibi
2975 2443 3197 2487 sanctus
3237 2433 3445 2489 doctor.
3483 2431 3588 2487 De-

2015 2521 2041 2574 f
2072 2524 2240 2576 mlunt
2275 2533 2452 2577 tamen
2497 2523 2591 2578 hic
2647 2523 2715 2576 ab
2761 2537 2947 2579 errore
2983 2525 3374 2580 Damascenum
3414 2524 3584 2581 Graeci

2017 2631 2230 2685 quoque
2269 2617 2391 2686 ipsi,
2437 2617 2530 2672 sed
2580 2618 2864 2673 orthodoxi
2901 2627 2952 2673 et
2993 2618 3158 2690 alieni
3202 2635 3228 2672 a
3271 2618 3596 2680 schismate.

2018 2709 2350 2780 Νἰαρριιυτιιε
2381 2709 2700 2774 Blemmida,
2735 2725 2820 2766 or.
2871 2710 2938 2766 ad
2971 2709 3228 2768 Jacobmn
3271 2713 3588 2784 episcopum

2021 2804 2281 2873 Bulgaria!
2325 2805 2388 2857 de
2436 2806 2782 2871 processione
2815 2802 3046 2875 Spiritus
3099 2808 3305 2874 sancti;
3339 2805 3591 2861 Bessariu

2019 2899 2333 2963 cardinal‘s,
2358 2899 2519 2967 epist.
2553 2899 2617 2950 ad
2656 2898 2902 2952 Alexinm
2935 2896 3210 2952 Lascarim
3243 2897 3589 2954 Philanthro-

2022 3006 2238 3062 penum,
2283 3003 2331 3045 et
2367 2992 2614 3046 oratione
2651 2992 2956 3062 dogmatica
2996 2993 3061 3047 ad
3095 2993 3357 3064 synodum
3391 2990 3587 3047 Orieno

2023 3083 2221 3144 talem;
2276 3081 2577 3134 Demetrius
2623 3081 2920 3152 Cydonius,
2966 3085 3231 3151 Opust-.qu
3276 3084 3350 3149 De
3383 3099 3594 3153 proces-

2021 3177 2163 3230 sione
2197 3173 2428 3241 Spiritus
2454 3177 2653 3242 sancti;
2681 3175 2948 3246 Josepbus
2971 3176 3340 3232 Methonensis
3369 3189 3423 3232 et
3456 3176 3592 3232 Grec

2024 3272 2205 3338 gorius
2269 3268 2706 3340 Piotosyncellus
2738 3282 2928 3325 contra
2958 3273 3116 3342 epist.
3153 3270 3315 3328 Marci
3348 3271 3587 3342 Ephesii,

345 3318 381 3320 "
468 3318 474 3319 '
532 3318 569 3320 "
616 3318 703 3337 'l"'
792 3318 824 3321 "
856 3318 932 3336 πῖ*
983 3318 1078 3336 ““ΰ“
1109 3318 1257 3323 "‘""'
1285 3318 1533 3341 'rr"""
1575 3318 1913 3342 "l""'""""'
2024 3318 2203 3338 U""'"
2269 3318 2286 3322 “
2317 3318 2326 3321 ’
2348 3318 2484 3340 ""J
2504 3318 2705 3324 """"'
2744 3318 2928 3325 """‘
2961 3318 3116 3342 ’τ’-’⁷
3153 3318 3253 3326 ⁷““““
3271 3318 3315 3328 ⁹“
3348 3318 3587 3342 _l""""

343 3370 645 3414 sanctorum
685 3359 932 3427 Patrum,
962 3373 1079 3430 post
1109 3380 1284 3417 omnes
1332 3368 1554 3435 denique
1597 3369 1912 3439 subjungnje
1944 3318 1987 3379 C
2019 3358 2336 3416 Gennadius
2369 3366 2676 3429 patriarcha
2709 3379 2808 3432 pro
2835 3363 3066 3418 concilio
3089 3363 3416 3425 Florentino,
3447 3377 3588 3435 quos

345 3453 589 3506 ultimam
637 3452 774 3506 hanc
818 3451 1208 3523 Bogomilorum
1250 3457 1488 3510 [tormini
1526 3459 1740 3530 ejusque
1787 3464 1915 3532 dog-

345 3555 512 3612 mata,
532 3558 684 3614 prout
711 3563 767 3600 ea
789 3547 980 3612 impius
1003 3547 1090 3599 ille
1111 3547 1339 3602 Basilius
1363 3565 1693 3619 exposuerat.
1720 3551 1800 3607 Ex
1824 3561 1917 3608 hoc

347 3640 521 3694 Διοπὶὶ
565 3643 812 3694 mandato
848 3642 1050 3695 exstitit
1080 3625 1206 3710 opus
1237 3643 1414 3712 ingens
1457 3645 1632 3713 plures
1661 3648 1713 3700 in
1758 3648 1918 3703 libros

347 3735 622 3799 tributum,
660 3737 745 3787 cui
776 3735 1031 3805 hodieque
1084 3737 1329 3790 universo
1363 3737 1592 3791 adhaeret
1626 3743 1922 3795 nomencla-

349 3829 422 3881 tio
467 3829 532 3881 ab
569 3829 887 3898 imperatore
933 3829 1160 3896 primum
1207 3818 1504 3902 excogitata
1545 3847 1697 3904 atque
1748 3835 1917 3888 indita

345 3922 445 3975 illa
470 3939 627 3992 quam
675 3921 907 3976 diximus
948 3921 1221 3993 Panoplite
1265 3926 1609 3995 dogmaticw.
1646 3908 1918 3984 Hactenus

349 4018 540 4080 Anna;
575 4029 638 4070 ex
671 4017 828 4085 cujus
857 4017 1037 4070 verbis
1065 4017 1191 4086 quis
1233 4020 1474 4086 prudens
1516 4035 1622 4075 non
1655 4029 1919 4089 agnoscat

353 4112 498 4166 haud
549 4111 896 4166 abhorruisse
943 4125 970 4163 a
1010 4111 1172 4181 genio
1215 4112 1408 4169 domus
1453 4111 1764 4178 Comnouae,
1827 4125 1921 4170 aut

350 4204 422 4258 ab
454 4203 632 4256 indole
657 4203 916 4271 peculiari
950 4203 1209 4257 Manuelis
1239 4201 1323 4275 [P.
1361 4203 1487 4275 531]
1516 4221 1784 4261 summam
1814 4209 1916 4261 sibi

351 4313 555 4370 ponere
587 4298 731 4354 soliti
767 4300 818 4351 in
871 4299 1170 4354 imitatione
1210 4301 1508 4355 facinorum
1552 4305 1728 4356 omnis
1760 4317 1923 4372 gene-

353 4393 432 4447 ris
454 4391 798 4447 laudatorum
840 4391 894 4446 in
925 4408 1023 4447 avo
1054 4407 1153 4448 suo
1183 4394 1372 4448 Alexio
1405 4395 1670 4464 Augusto.
1695 4396 1922 4453 descen-

349 4485 482 4543 dere
511 4486 566 4541 in
593 4501 780 4541 curam
815 4487 1174 4542 concinnantli
1201 4487 1322 4543 talis
1344 4491 1715 4545 commentarii
1748 4501 1798 4544 et
1824 4506 1922 4545 suo

351 4581 560 4638 nomini
595 4580 711 4651 ejus
741 4582 1031 4635 editionem
1061 4584 1352 4652 imputandi
1374 4584 1397 4638 7
1422 4583 1476 4637 lo
1507 4599 1614 4654 quo
1643 4581 1784 4639 forte
1814 4601 1918 4639 non

353 4689 546 4745 parum
600 4675 677 4740 illi
731 4674 1000 4745 profuerit
1051 4678 1200 4746 prior
1253 4678 1338 4730 illa
1373 4674 1642 4748 Zygadeui
1675 4678 1919 4748 scriptio,
1957 4718 1998 4772 ο

352 4782 518 4840 quam
551 4769 775 4823 resectis
805 4777 1010 4822 tantum
1044 4769 1500 4840 descriptionibus
1541 4772 1829 4825 bwresium
1865 4784 1921 4826 et

360 4863 774 4935 recitationibus
837 4863 1196 4918 absurdarum
1261 4867 1646 4928 assertionum,
1715 4867 1924 4926 quibus

358 4960 462 5013 illae
493 4959 833 5023 constabant,
885 4965 999 5012 tum
1057 4958 1384 5012 testimoniis
1442 4957 1664 5012 Patrum
1693 4976 1718 5011 a
1752 4958 1925 5028 Zyga-

360 5053 502 5106 deuo
527 5049 802 5118 congestis
830 5048 884 5102 in
940 5050 1188 5103 ordinem
1223 5052 1565 5105 commodum
1598 5053 1926 5116 distributis,

363 5144 716 5208 lteviaverit,
748 5153 799 5196 et
829 5141 1030 5212 proprii
1059 5143 1290 5198 nominis
1316 5127 1605 5196 nocturna".
1625 5130 1642 5194 ἶ
1666 5145 1928 5196 munitum

361 5239 660 5307 Vulgaverit
687 5252 827 5291 novo
863 5236 1020 5289 titulo
1053 5237 1205 5307 ἱερᾶς
1240 5235 1725 5306 ὁπλοοήκῃςηαενὶ
1757 5251 1932 5288 arma-

364 5334 633 5386 mentarii.

437 5425 569 5480 Ibid.
605 5425 692 5480 Ait
730 5427 976 5479 nimirum
1009 5423 1146 5479 idem
1176 5431 1410 5478 sanctus.
1455 5421 1532 5477 Ex
1587 5424 1672 5478 his
1733 5424 1929 5479 Dama-

367 5517 513 5571 srcni
568 5517 766 5579 verbis,
823 5531 940 5584 quae
987 5514 1232 5585 leguntur
1269 5512 1534 5584 hodieque
1589 5516 1729 5582 apud
1783 5513 1935 5568 illum

370 5609 406 5663 I.
446 5625 460 5663 ι
496 5608 571 5662 De
613 5600 738 5677 ﬁde,
765 5608 963 5676 capite,
1009 5616 1067 5659 ut
1107 5608 1326 5682 quidam
1372 5607 1563 5669 citant,
1619 5607 1684 5660 l2
1731 5609 1853 5678 (ego
1882 5609 1935 5662 in

372 5703 432 5756 ll
479 5702 689 5771 reperio
719 5701 805 5756 ed.
844 5698 1167 5753 Basilecnsis
1199 5699 1329 5752 anui
1364 5697 1592 5768 l575,p.
1621 5700 1730 5768 ιδ),
1776 5698 1939 5773 744

373 5810 480 5850 non
545 5796 705 5850 modo
751 5792 926 5848 Graeci
975 5792 1308 5846 schiStuntit:i
1363 5792 1590 5862 antiqui,
1668 5794 1938 5849 Macarius

371 5889 714 5960 Ancyranus.
756 5887 1048 5955 Gregorius
1086 5884 1356 5946 Palamas,
1417 5883 1684 5954 Jowphus
1737 5886 1939 5956 Bryeu-

373 5982 518 6047 nius,
579 5980 842 6036 Etuanucl
924 5978 1254 6049 Palaologus
1314 5978 1607 6050 Angu~tus,
1669 5977 1936 6048 Georgius

2018 3470 2206 3508 omnes
2257 3454 2458 3517 laudat,
2516 3455 2791 3512 lusissiine
2843 3467 2899 3511 et
2943 3457 3310 3512 eruditissime
3351 3468 3591 3510 tractans

2020 3548 2162 3601 hunc
2192 3548 2394 3611 locum,
2437 3549 2514 3602 lll.
2547 3549 2652 3604 Leo
2679 3550 2927 3616 Allatius,
2967 3551 3002 3606 Ι.
3042 3567 3080 3606 ιι
3112 3550 3188 3605 De
3216 3549 3360 3605 Eccl.
3399 3549 3587 3606 Occid.

2015 3651 2066 3696 et
2104 3638 2311 3696 Orient.
2337 3652 2587 3713 perpetua
2624 3644 2983 3711 consensione,
3014 3642 3143 3700 c3.
3180 3642 3379 3697 Horum
3412 3642 3592 3712 plero-

2019 3749 2246 3804 rumque
2300 3752 2394 3806 pro
2461 3735 2798 3791 Damasccno
2857 3739 3136 3808 respOusio
3176 3737 3292 3792 fere
3333 3735 3593 3793 coincidit

2020 3843 2142 3882 cum
2194 3831 2483 3897 po.-tremis
2533 3830 2590 3884 S.
2648 3829 2869 3886 Thonue
2918 3831 3205 3900 Aquinatis
3253 3837 3410 3904 utodo
3445 3830 3586 3884 'relao

2025 3923 2093 3975 tis
2158 3924 2356 3978 verbis.
2400 3923 2569 3976 Aiunt
2619 3923 2827 3978 scilicet
2882 3934 2936 3979 et
2966 3923 3054 3978 isti
3117 3939 3454 3993 nequaqua-u
3504 3936 3606 3978 seo-

2021 4016 2112 4082 qui
2138 4031 2202 4068 ex
2235 4030 2298 4069 eo
2315 4018 2454 4084 quod
2475 4017 2673 4070 scribat
2695 4016 3062 4072 Damascenus
3079 4033 3132 4072 se
3149 4033 3250 4071 non
3278 4017 3447 4071 dicere
3475 4017 3595 4085 Spi-

2023 4107 2183 4160 ritum
2212 4124 2276 4163 ea:
2307 4108 2464 4174 Filio,
2498 4110 2683 4180 negari
2721 4113 2787 4164 ab
2831 4113 2948 4179 ipso
2993 4112 3137 4166 istud
3178 4112 3384 4180 ipsum.
3434 4110 3588 4177 Qua-

2023 4201 2145 4256 dam
2193 4203 2336 4256 enim
2365 4213 2512 4257 certa
2553 4218 2620 4257 ex
2661 4218 2827 4259 causa
2875 4218 2981 4260 non
3015 4204 3284 4268 dicuntur,
3318 4218 3436 4273 quas
3479 4218 3590 4258 non

2025 4306 2297 4366 negantur
2342 4305 2546 4362 tamen,
2585 4299 2711 4366 quia
2761 4300 2922 4354 verba
2975 4306 3096 4370 qua:
3139 4299 3374 4353 haeretici
3423 4313 3594 4370 pravo

2024 4405 2183 4444 sensu
2256 4391 2602 4461 protulerint,
2673 4394 2939 4446 interdum
3011 4394 3266 4449 catltnliti
3339 4407 3596 4449 verentur

2025 4499 2306 4552 usurpare,
2365 4499 2433 4540 ne
2485 4485 2669 4540 audita
2723 4497 2981 4555 putentur
3033 4490 3300 4558 appictam
3356 4487 3461 4542 illis
3496 4504 3594 4558 per

2027 4577 2310 4630 damnatos
2339 4589 2587 4633 auctores
2611 4579 3051 4634 adhuotetinet‘e
3074 4583 3420 4638 sententiam.
3448 4581 3596 4648 Quo-

2031 4670 2174 4724 niam
2230 4685 2361 4741 ergo
2418 4672 2713 4728 Eunomius
2769 4673 3056 4729 Trinitatis
3112 4677 3623 4745 consubsmntialia'

2029 4764 2200 4816 hostis
2248 4772 2494 4817 sanctum
2535 4767 2794 4834 Spiritum
2841 4781 2963 4820 esse
3009 4783 3074 4820 ex
3113 4760 3593 4826 Filio-affirmave-

2029 4865 2134 4916 rat,
2186 4867 2252 4908 eo
2293 4855 2495 4908 scilicet
2545 4857 2703 4909 modo
2733 4856 2786 4911 id
2825 4857 3129 4928 intelligens
3161 4876 3269 4928 quo
3317 4862 3490 4930 ipsum
3526 4881 3592 4920 ex

2027 4945 2189 5002 Patre
2255 4948 2450 5002 Filium
2504 4959 2556 5003 et
2611 4947 2846 5004 Verbum
2903 4969 3006 5006 non
3057 4944 3596 5013 consubslatttlsliter

2030 5043 2325 5111 procedere
2359 5044 2558 5106 aiebat,
2593 5044 2833 5100 vitabant
2874 5050 3122 5102 catholici
3156 5050 3475 5116 simplici-ter
3517 5065 3596 5106 ta-

2031 5136 2133 5187 lcm
2172 5136 2497 5187 sententiam
2537 5135 2753 5201 elferre,
2800 5141 2886 5192 cui
2919 5157 2981 5194 ex
3026 5143 3130 5195 late
3170 5145 3382 5211 vulgato
3416 5144 3596 5199 Euno-

2033 5227 2124 5289 mii
2159 5243 2344 5285 errore
2373 5233 2584 5296 reprobi
2619 5234 2881 5301 dogmatis
2912 5234 3178 5288 calumnia
3204 5239 3447 5292 hereret.
3479 5239 3596 5303 Qua

2033 5320 2146 5372 sola
2179 5322 2431 5376 cautione
2464 5326 2600 5376 idem
2629 5324 2990 5380 ltanmseenus
3018 5327 3214 5397 refugit
3243 5345 3438 5386 vocare
3466 5331 3596 5384 bea~

2035 5421 2143 5468 tam
2201 5411 2423 5471 Mariam
2472 5414 2889 5486 Christiparam,
2941 5419 3068 5474 licet
3108 5421 3328 5476 minimc
3374 5435 3598 5494 negaret

2035 5520 2155 5560 eam
2208 5522 2336 5563 vere
2385 5507 2662 5564 Christum
2719 5512 3014 5580 peperisse.
3065 5525 3273 5569 tantum
3325 5532 3391 5572 ne
3442 5531 3600 5574 utcns

2038 5600 2184 5658 notis
2213 5603 2393 5657 verbis
2425 5602 2682 5670 Nestorii,
2710 5608 2906 5676 quibus
2926 5608 3015 5663 ille
3051 5596 3426 5673 haeresiarcba.
3450 5613 3602 5671 blas-

2039 5698 2289 5764 phemam
2360 5713 2512 5752 suam
2563 5701 2898 5769 exprimebat
2958 5704 3292 5773 Opinionem,
3347 5723 3602 5776 personas

2041 5790 2174 5843 duas
2204 5787 2427 5844 Christo
2458 5789 2823 5860 aﬂiugcntem,
2859 5794 3290 5868 745diviuam
3322 5810 3375 5853 et
3410 5803 3603 5855 buma~

2043 5898 2190 5948 nam,
2246 5883 2325 5938 sic
2379 5893 2438 5937 ut
2490 5884 2659 5937 Maria
2725 5886 2890 5941 solius
2933 5889 3462 5961 humaniu'porsonfe
3489 5909 3606 5948 ma-

2043 5988 2127 6034 ter
2158 5987 2321 6046 esset,
2352 5977 2492 6034 unde
2523 5978 2667 6034 illam
2701 5983 3057 6041 contendebat
3086 5985 3481 6059 Christiparam
3515 6004 3608 6049 vo-
