4058 6298
433 421 551 492 ῗϐὒἿ

1352 413 1427 483 Ῥ.
1473 419 1774 482 ΡΟΞΞΙΝῘ
1815 413 2471 480 OBSERVATIONUM
2503 414 2662 481 1.13.
2709 419 2784 481 Ii.

3568 415 3666 481 808

447 545 556 600 cari
586 542 804 607 debere,
830 557 932 597 non
969 547 1147 595 autem
1175 535 1456 608 Deiparam
1479 555 1493 592 :
1519 550 1584 590 ne
1614 535 1739 595 illis,
1768 535 2010 614 inquam,
2043 543 2087 595 Α
2118 533 2289 603 pergit
2317 535 2535 599 diserte,
2567 541 2838 596 accurate,
2871 531 3169 603 eleganter,
3200 532 3399 593 acriter
3427 546 3547 600 qua
3571 532 3672 602 Cy-

446 635 636 690 iisdem
681 632 1044 686 Damascenus
1081 632 1258 683 verbis
1303 637 1457 681 utens
1497 625 1664 680 videri
1695 635 1877 694 posset
1910 622 2010 676 mi»

446 741 548 780 nus
579 726 748 779 cautis
786 739 890 778 neu
919 723 1053 776 satis
1086 723 1252 775 vitare
1276 719 1669 788 'contagionem
1732 715 2010 770 Nestoriu-

447 834 528 871 nae
561 818 720 880 labis,
752 831 856 870 non
921 815 1092 869 solum
1133 814 1198 868 iis
1233 813 1305 865 ttti
1351 809 1602 873 noluerit,
1637 808 1721 880 ιι».
1754 805 1881 879 552]
1917 807 2010 860 sed

445 909 609 963 etiam
643 923 980 977 nequaquam
1012 922 1068 960 se
1093 907 1165 960 ita
1198 905 1343 973 loqui
1370 903 1569 956 diserte
1598 903 1672 956 sit
1702 901 2007 969 professus.

449 999 574 1052 Hmc
631 1009 908 1065 utcunque
956 996 1310 1066 plaltsihiliter
1356 994 1656 1062 allegeutur
1701 1005 1874 1046 :vera
1934 1000 2010 1041 ta-

449 1107 569 1146 men
620 1095 739 1158 ejus
791 1091 912 1144 nodi
960 1091 1156 1143 solutio
1203 1098 1308 1152 est,
1353 1103 1514 1156 quam
1573 1100 1637 1138 ex
1690 1083 2011 1136 Bessariouc

447 1186 605 1255 epist.
632 1187 696 1238 ad
728 1184 999 1240 Lascarim
1031 1184 1260 1238 atferunt
1281 1180 1559 1242 Petavius,
1585 1188 1726 1233 tomo
1755 1177 1796 1230 ll
1829 1174 2007 1230 Tlteot.

447 1279 620 1347 dogm.
654 1278 690 1332 l.
727 1294 820 1340 vtt,
849 1292 898 1331 c.
934 1277 1020 1337 17.
1055 1295 1108 1332 ιι.
1139 1277 1205 1342 8;
1238 1285 1292 1330 et
1333 1275 1581 1332 Allatius,
1607 1274 1650 1325 1.
1689 1288 1724 1326 ιι
1772 1271 1844 1325 De
1890 1286 2013 1324 eon-

448 1387 586 1426 sens.
619 1369 997 1434 Ecclesiarum,
1029 1385 1079 1425 c.
1103 1371 1158 1431 2.
1188 1385 1241 1424 ιι.
1278 1368 1364 1434 10,
1390 1381 1582 1436 nempe
1619 1367 1737 1419 ideo
1765 1365 2012 1418 absolute

447 1479 512 1518 ac
539 1464 655 1517 sine
694 1464 941 1532 adjuncta
983 1464 1164 1518 Patris
1203 1462 1474 1515 mentione
1521 1475 1628 1512 esse
1671 1475 1718 1511 s.
1749 1455 2009 1526 Spiritum

443 1573 514 1611 ea:
543 1557 678 1611 Filio
713 1572 820 1610 non
849 1557 1045 1611 dixisse
1092 1556 1507 1615 Damascenum,
1558 1553 1698 1622 quod
1747 1557 2012 1604 metueret

443 1665 518 1703 rte
545 1652 624 1703 sic
664 1649 936 1703 videretur
966 1661 1263 1717 agnoscere
1295 1645 1349 1699 in
1396 1643 1539 1700 Filio
1595 1658 2008 1713 προκαταρκτι-

444 1739 552 1804 κὴν
596 1741 798 1805 αἰτίαν,
840 1740 1097 1807 Originale
1127 1738 1441 1808 principium
1500 1735 1756 1806 Spiritus.
1792 1735 1936 1804 quod
1980 1749 2010 1789 a

446 1831 704 1900 degmate
738 1831 1004 1885 catholico
1041 1831 1326 1896 abhorret;
1362 1830 1515 1899 juxta
1562 1829 1725 1896 quod,
1763 1838 1819 1881 ut
1849 1841 2012 1896 supe-

442 1922 565 1975 rius
609 1922 946 1976 ostendimus
989 1924 1128 1976 notis
1176 1922 1242 1976 ad
1297 1937 1346 1977 c.
1384 1921 1417 1975 8
1448 1921 1558 1975 et‘9
1593 1921 1624 1974 Ι.
1661 1937 1700 1984 t,
1753 1922 1825 1973 ita
1873 1919 2013 1973 inest

447 2013 592 2070 Filio
653 2013 731 2070 vis
789 2014 1052 2082 spirandi,
1089 2015 1190 2069 hoc
1228 2023 1312 2069 est
1367 2013 1701 2084 producendi
1759 2022 2008 2068 sanctum

441 2105 732 2175 Spiritum,
774 2117 831 2159 ut
860 2107 904 2159 is
958 2105 1102 2159 illam
1169 2121 1198 2160 a
1260 2106 1420 2162 Patre
1478 2106 1762 2176 acceperit,
1799 2122 1904 2159 non
1943 2121 2004 2160 es

447 2213 529 2261 se,
561 2208 828 2266 quatenus
876 2211 901 2247 a
942 2193 1102 2248 Patre
1155 2193 1440 2248 distinctus
1497 2204 1598 2256 est,
1633 2195 1846 2258 habeat,
1904 2193 2011 2245 imo

439 2291 634 2344 eadem
702 2288 1102 2356 simplicissime
1158 2303 1263 2341 una
1311 2286 1454 2340 Patri
1507 2287 1708 2354 pariter
1761 2287 1893 2340 insit
1948 2300 2010 2340 ac

445 2382 606 2448 Filio,
649 2383 771 2436 huic
799 2381 866 2435 ab
897 2381 987 2435 illo
1017 2381 1430 2444 communicata,
1466 2381 1543 2434 sic
1584 2389 1639 2434 ut
1685 2378 1770 2431 illa
1823 2389 2008 2448 quate-

449 2491 552 2528 nus
577 2475 628 2526 in
664 2474 821 2526 Patre
847 2481 930 2526 est
960 2472 1412 2541 προκαταρκτικὴ
1449 2471 1680 2536 dicatur,
1711 2471 1834 2540 quia
1865 2470 2006 2524 illam

447 2582 513 2621 es
546 2582 605 2620 se
650 2566 810 2620 habet
858 2581 886 2617 ε
937 2565 1082 2619 nullo
1123 2565 1223 2618 sibi
1260 2565 1369 2619 alio
1417 2565 1692 2626 tributam,
1728 2579 1831 2617 non
1879 2565 2007 2617 item

448 2669 714 2729 quatenus
745 2656 880 2711 Filio
905 2657 1179 2712 ceuvenit.
1233 2655 1329 2710 Hic
1367 2657 1509 2711 enim
1560 2656 1773 2710 aliunde
1806 2656 2004 2721 hausit,

447 2766 696 2822 nempe-a
727 2750 893 2805 Patre
923 2750 1191 2805 tribuente
1217 2764 1311 2818 per
1338 2749 1737 2819 generationem
1766 2748 1863 2817 ipsi
1888 2763 2009 2801 om-

446 2847 536 2899 nia
573 2861 690 2914 quaa
718 2845 897 2910 habet,
931 2852 1124 2912 printer
1165 2857 1274 2895 esse
1309 2841 1544 2904 Patrem,
1577 2856 1638 2895 ac
1673 2855 2009 2910 consequen-

450 2947 532 2992 ter
556 2936 733 3006 ipsam
771 2951 984 3004 quoque
1014 2935 1176 2988 dante
1218 2935 1268 2987 in
1299 2949 1354 2987 se
1382 2934 1717 3002 originaliter
1745 2935 2010 2987 exsistet:-

444 3039 556 3084 tem
585 3029 932 3098 spiratiouem
970 3026 1228 3090 activam,
1258 3041 1360 3093 qua
1390 3024 1547 3078 simul
1586 3041 1705 3078 cum
1746 3023 1881 3078 Filio
1910 3041 2006 3095 per

445 3123 665 3177 modum
694 3120 852 3174 unius
881 3118 1126 3190 principii
1155 3118 1415 3188 spirantis
1441 3117 1701 3186 Spiritunt
1731 3119 2003 3186 producit.

2110 625 2260 693 prius
2297 627 2551 682 mendose
2586 628 2640 681 in
2673 638 2818 681 tomo
2848 626 3138 694 scripserat
3164 639 3418 695 arguere.

2179 717 2315 773 Ibid.
2349 716 2650 773 Prtesertim
2679 717 2984 772 incursabat
3006 727 3381 786 expositionem
3405 717 3460 769 in
3482 730 3542 767 eo
3569 721 3676 767 tra-

2108 809 2301 864 ditam.
2353 808 2588 876 iuvabit,
2619 811 2679 866 ni
2713 810 2890 876 fallor,
2917 810 3191 866 eruditum
3224 811 3481 864 lectorem
3517 809 3672 864 Vecci

2113 904 2308 967 locum,
2334 919 2495 973 quem
2524 903 2610 959 his
2629 904 2809 959 verbis
2838 905 3038 960 indicat
3063 904 3444 974 Paebymeres,
3472 904 3672 956 videre.

2107 993 2363 1064 Reperiet
2401 997 2549 1050 illum
2577 999 2826 1052 oratione
2856 997 2907 1059 l.
2941 998 2993 1051 in
3027 1007 3228 1050 tomum
3255 995 3439 1067 Cyprii
3478 1011 3535 1065 ιι.
3569 994 3671 1049 2'27

2114 1100 2168 1142 et
2222 1089 2328 1145 228
2387 1091 2516 1143 tomi
2567 1091 2790 1146 secundi
2847 1092 3067 1147 Gra'oia:
3121 1092 3426 1148 orthodoxae
3474 1092 3544 1144 ab
3596 1089 3672 1144 Ill.

2110 1181 2290 1237 Leone
2326 1182 2521 1236 Allatio
2550 1183 2706 1237 editae
2737 1183 2924 1239 Romae
2955 1201 3045 1239 an.
3081 1185 3240 1240 I659.

2183 1275 2240 1330 P.
2281 1276 2402 1332 117.
2434 1275 2534 1332 Vix
2595 1277 2729 1332 tanti
2769 1287 2851 1334 est
2904 1280 3201 1334 admonere
3243 1282 3551 1349 comparari
3586 1283 3674 1338 hic

2113 1367 2370 1434 Veccum,
2425 1379 2546 1437 post
2594 1369 2998 1426 damnationem
3053 1381 3109 1426 et
3157 1371 3477 1438 ejeeiionem
3518 1389 3672 1428 suam

2113 1458 2374 1528 Gregorio
2415 1461 2614 1533 Cyprio
2644 1465 2981 1534 persecutori
3011 1480 3113 1519 suo
3143 1467 3380 1535 graviter
3424 1476 3479 1523 et
3537 1465 3678 1538 peri-

2111 1551 2295 1605 culose
2328 1553 2632 1608 molestiam
2673 1554 3057 1622 lacessentem,
3080 1572 3207 1612 cum
3239 1557 3330 1612 illo
3371 1573 3437 1613 ex
3481 1557 3676 1613 fabulis

2114 1642 2200 1714 [P.
2223 1642 2350 1716 553]
2374 1647 2658 1700 notissimo
2678 1645 2848 1702 Nesso
2873 1647 3166 1716 Centauro,
3189 1650 3280 1720 qui
3308 1651 3434 1705 dtttn
3462 1652 3676 1718 rapiens

2113 1735 2420 1806 Dejaniram
2453 1741 2660 1795 eminus
2687 1742 2791 1795 tclo
2816 1739 3059 1798 Herculis
3093 1743 3384 1798 transiimus
3410 1745 3669 1813 exspirat,

2114 1846 2210 1884 suo
2241 1832 2500 1900 sanguine
2535 1834 2693 1886 misto
2726 1849 2844 1887 cum
2873 1847 3086 1888 veneno
3118 1835 3335 1905 llydrre,
3375 1852 3482 1904 quo
3529 1847 3674 1892 esset

2116 1925 2280 1976 tincta
2335 1925 2512 1988 cuspis
2561 1923 2891 1979 Vulnerautis
2923 1923 3094 1992 ipsum
3139 1925 3328 1993 iaculi,
3356 1940 3560 1982 vestem
3588 1926 3676 1982 in-

2115 2015 2322 2079 fecerit,
2355 2031 2514 2094 quam
2549 2017 2742 2071 deinde
2777 2017 3004 2072 imluens
3035 2018 3292 2073 Hercules
3318 2037 3381 2074 es
3409 2037 3470 2074 ea
3495 2021 3674 2088 perie-

2113 2110 2205 2163 rit.
2262 2107 2395 2161 lllud
2457 2108 2594 2164 forte
2666 2109 3026 2177 opportunius
3073 2109 3366 2172 notabitur,
3421 2110 3588 2164 scribi
3643 2124 3673 2165 ι

2113 2199 2444 2269 Pacbytnere
2485 2201 2588 2253 hoc
2643 2217 2763 2254 cum
2823 2201 2984 2255 unico
3026 2203 3216 2272 sigma,
3247 2217 3368 2256 cum
3414 2212 3593 2256 tamen
3621 2213 3676 2257 et

2111 2293 2308 2362 passim
2369 2292 2434 2346 ab
2467 2293 2585 2346 aliis
2637 2309 2758 2347 cum
2793 2294 2988 2364 duplici
3031 2294 3308 2349 scribatur
3336 2303 3390 2351 et
3434 2295 3508 2350 ita
3559 2295 3673 2352 ﬁeri

2115 2385 2310 2440 debere
2347 2385 2538 2438 doceat
2565 2386 2879 2441 Eustathius
2912 2391 2978 2441 ad
3021 2387 3169 2441 Iliad.
3215 2407 3281 2442 ω.

2181 2475 2238 2530 P.
2287 2474 2413 2528 150.
2453 2473 2546 2539 Ὠς
2592 2474 3093 2545 ἁταλαιπωρήτως
3135 2475 3385 2544 ἔχοντες
3429 2476 3563 2546 περὶ
3609 2477 3674 2534 τι)

2106 2567 2320 2620 κακόν.
2361 2566 2452 2622 Sic
2490 2567 2824 2622 restituimus
2880 2583 2944 2622 ex
3011 2569 3290 2636 margina'li
3333 2571 3675 2624 correctione

2109 2658 2454 2727 perantiqua,
2486 2674 2605 2712 cum
2656 2661 2713 2711 ὲν
2749 2659 2828 2730 τῷ
2863 2659 3104 2733 κειμένῳ
3137 2661 3423 2731 utriusque
3470 2663 3674 2718 codicis

2108 2751 2151 2805 B
2177 2761 2230 2804 et
2255 2751 2301 2806 Α
2336 2752 2604 2818 legeretur
2645 2751 2834 2806 καλόν.
2873 2752 2979 2807 Sed
3015 2754 3106 2819 qui
3151 2754 3367 2822 penitus
3417 2753 3674 2824 introspi-

2109 2844 2240 2906 ciat,
2269 2840 2552 2896 manifeste
2587 2843 2955 2910 deprehendet
2996 2846 3150 2912 plane
3190 2855 3374 2898 contra
3409 2845 3511 2900 loci
3551 2861 3672 2900 scn-

2110 2934 2331 2988 tentiam
2415 2932 2500 2985 hic
2574 2931 2739 2984 καλ-όν
2814 2934 2959 3001 poni.
3021 2933 3084 2987 Et
3152 2933 3476 3004 suffragatur
3527 2932 3678 2990 Vati-

2107 3040 2274 3079 canus
2306 3023 2693 3093 interpolator,
2751 3024 2839 3092 qui
2894 3040 2988 3092 pro
3040 3026 3145 3080 illis
3167 3067 3182 3092 ,
3208 3027 3676 3098 ἀταλαιπωρήτως

2107 3116 2325 3188 ἔχοντες
2377 3114 2506 3186 περὶ
2536 3113 2594 3167 τὸ
2640 3113 2827 3179 καλόν,
2863 3115 2977 3171 haec
3022 3118 3206 3173 subdit
3241 3135 3257 3173 :
3291 3119 3363 3172 To
3397 3119 3565 3174 κακὸν
3601 3120 3676 3190 μὴ

444 3211 589 3282 Ergo
637 3210 1004 3264 Damascenus
1061 3224 1183 3263 cum
1229 3208 1430 3262 diserte
1488 3207 1762 3277 professus
1815 3208 2076 3284 fuissetc
2111 3209 2424 3280 μισοῦντες.

446 3305 538 3356 τὸν
593 3303 810 3373 Πατέρα
863 3300 1134 3370 προσολέα
1181 3298 1250 3353 δι’
1287 3298 1420 3352 Υἱῡῦ
1467 3299 1559 3352 τοῦ
1614 3301 2006 3371 ἒκφαντορικοῦ

447 3395 765 3466 Πνεὺματος
781 3395 993 3449 Patrem
1023 3397 1388 3463 productorem
1419 3410 1508 3460 per
1538 3390 1734 3446 Filium
1766 3395 2010 3446 enuntio-

448 3490 570 3542 torii
603 3487 860 3558 Spiritus,
885 3497 1029 3540 recte
1062 3485 1328 3540 recusavit
1362 3486 1540 3540 dicere
1577 3485 1641 3537 ἐκ
1669 3483 1764 3536 τοῦ
1792 3485 1919 3537 Υἱοΰ
1952 3486 2011 3539 τὸ

448 3579 593 3633 11νεῦ
602 3597 702 3650 μα,
724 3595 786 3633 ex
805 3577 944 3631 Filio
959 3575 1218 3647 Spiritum
1241 3593 1378 3637 esse.
1404 3575 1587 3637 ἀπὶ-ὦς
1604 3585 1657 3629 et
1673 3577 1789 3632 sine
1817 3579 2009 3645 adjun-

445 3684 535 3726 cta
563 3671 758 3738 Patris,
791 3671 880 3739 qui
909 3671 956 3724 ei
980 3685 1044 3724 ex
1075 3686 1134 3725 se
1167 3672 1443 3739 przrbitam
1480 3671 1582 3722 vim
1638 3669 1875 3738 spirandi
1933 3671 2008 3723 si-

449 3764 558 3818 tnul
586 3778 705 3816 cum
737 3777 802 3816 eo
839 3770 1110 3826 exerceat,
1157 3762 1447 3815 mentione.
1484 3761 1709 3815 Fallitur
1748 3776 1875 3830 ergo
1911 3758 2011 3813 Pa-

445 3858 750 3928 chytueres,
805 3855 930 3909 dum
978 3853 1079 3908 hoc
1128 3854 1245 3908 loco
1276 3854 1350 3907 ait
1379 3852 1483 3907 isto
1511 3854 1825 3907 Damasceni
1860 3853 2010 3906 testi-

449 3950 632 4002 monio
657 3948 809 4017 quasi
839 3961 1094 4001 mucrone
1125 3946 1355 4015 quodam
1389 3944 1600 4000 confodi
1630 3960 1747 4000 cum
1785 3944 2007 4000 Latinus

447 4043 713 4112 Spiritum
748 4055 812 4094 ex
842 4038 984 4094 Filio
1029 4039 1322 4108 procedere
1361 4040 1622 4103 dicentes,
1653 4047 1764 4092 tum
1793 4037 2009 4094 Graecos

450 4138 523 4192 iis
540 4137 945 4206 patrocinantes
973 4131 1301 4188 adstruenda
1346 4131 1722 4200 tequivelentia
1759 4131 2011 4202 praeposi-

452 4232 662 4285 tionum
684 4245 749 4282 es:
766 4239 818 4280 et
842 4242 971 4295 per:
996 4237 1213 4280 neutros
1230 4225 1371 4280 enim
1398 4239 1456 4278 re
1479 4238 1604 4278 vera
1623 4223 1706 4278 vel
1733 4223 2011 4278 minimum

449 4322 767 4392 perstringit
799 4321 904 4375 ista
930 4321 1130 4392 χρῆσις
1152 4335 1217 4374 es
1237 4334 1366 4374 vero
1390 4316 1705 4373 Damasceni
1735 4331 1896 4373 sensu
1922 4317 2016 4370 de-

443 4415 672 4468 clarata.

519 4506 582 4561 P.
611 4507 734 4561 114.
754 4502 1004 4558 Perlattts
1025 4512 1196 4558 tomus
1218 4503 1272 4557 in
1293 4517 1480 4556 manus
1509 4499 1678 4564 Vecci,
1699 4508 1803 4554 etc.
1823 4499 2014 4554 Exstat

2186 3305 2247 3361 P.
2334 3307 2456 3367 169.
2527 3307 2772 3379 Πέμπει.
2812 3308 2867 3362 ln
2933 3315 3163 3373 utroque
3225 3319 3331 3362 ms.
3401 3305 3678 3374 legi-batur

2117 3399 2379 3468 πέμπειν.
2405 3400 2558 3458 Unde
2585 3400 3004 3471 lectorquidant,
3030 3409 3090 3452 ut
3113 3398 3324 3452 fulciret
3350 3399 3674 3467 pendentem

2115 3494 2463 3570 sententiam,
2497 3494 2551 3549 in
2612 3493 2852 3564 margine
2887 3489 3136 3557 ascripsit
3181 3490 3340 3556 ἔγνω.
3384 3491 3487 3542 Sed
3517 3503 3679 3554 espe-

2118 3585 2285 3637 ditior
2313 3587 2579 3640 correctio
2605 3595 2688 3641 est
2726 3584 2945 3639 extritio
2978 3581 3307 3637 abundantis
3343 3581 3538 3636 littera:
3561 3599 3589 3634 ν
3623 3583 3676 3637 ia

2116 3693 2243 3730 voce
2272 3679 2532 3745 πέμπειν.
2571 3678 2855 3731 Vaticanus
2881 3677 2994 3731 haec
3014 3675 3236 3732 omittit.

2188 3770 2270 3838 [P.
2327 3767 2481 3841 554.]
2512 3769 2572 3823 Ρ.
2630 3771 2751 3825 178.
2789 3769 2948 3836 Κατὰ
2971 3769 3083 3834 τὴν
3129 3769 3384 3841 περαίαν
3407 3772 3521 3835 τὴν
3573 3769 3710 3831 δυ·-

2115 3861 2310 3926 τικήν.
2362 3861 2623 3924 Requiret
2669 3861 2934 3930 quispiam
2985 3866 3038 3914 in
3079 3861 3526 3929 interpretatione
3563 3875 3676 3915 mea

2115 3953 2257 4019 quod
2294 3953 2619 4018 respondeat
2649 3952 2766 4006 voci
2795 3951 3041 4021 δυτικήν.
3079 3950 3389 4005 Existimavi
3412 3967 3518 4015 me,
3557 3968 3675 4006 cum

2117 4041 2363 4095 Galatam
2398 4042 2656 4107 dicerent,
2681 4041 2814 4096 duas
2838 4042 2955 4095 illas
2981 4058 3141 4097 voces
3177 4044 3416 4112 περαίαν
3450 4057 3500 4098 et
3531 4043 3678 4098 δυτι-

2118 4135 2242 4204 χήν,
2277 4134 2438 4186 unica
2461 4134 2550 4186 illa
2579 4133 2870 4200 ettplicare.
2897 4133 3024 4188 Sive
3053 4135 3195 4187 enim
3219 4137 3473 4190 Suburhia
3492 4147 3678 4192 trans-

2120 4227 2325 4278 marina
2362 4225 2618 4296 Byzantio
2640 4225 2797 4296 747
2823 4228 2925 4278 duo
2945 4225 3116 4287 fuere.
3141 4226 3370 4281 alterum
3399 4230 3462 4283 ad
3491 4229 3677 4284 Ortum

2118 4329 2364 4385 vergens,
2398 4317 2626 4368 alterum
2668 4317 2732 4368 ad
2772 4315 3072 4381 Occasum,
3111 4331 3176 4372 ex
3216 4317 3333 4373 istis
3361 4319 3461 4374 hoc
3506 4318 3677 4374 solo

2118 4407 2442 4470 secundum,
2492 4407 2548 4460 in
2584 4423 2691 4476 quo
2724 4406 3042 4462 Genuenses
3076 4409 3408 4476 habitarunt,
3432 4411 3675 4467 Galalam

2120 4499 2320 4553 dictum
2375 4499 2622 4567 reperio;
2658 4510 2712 4552 et
2750 4500 2815 4552 de
2859 4499 2960 4554 hoc
2993 4501 3108 4555 solo
3160 4515 3320 4572 agere
3347 4502 3433 4557 hic
3471 4503 3678 4574 Pachy-

444 4601 542 4656 hic
572 4601 866 4654 indicatum
895 4597 1047 4652 Vecci
1077 4611 1236 4665 opus,
1267 4595 1472 4650 editum
1509 4605 1653 4649 tomo
1681 4593 1725 4648 11
1754 4591 2017 4648 Orthodo-
2042 4587 2094 4648 D
2123 4606 2321 4644 merem
2346 4591 2676 4644 existimavit
2700 4601 2825 4645 ante
2847 4607 2931 4646 me
2957 4594 3339 4662 paraphrastes
3362 4595 3679 4661 Vaticanus,

440 4710 534 4748 ω
579 4691 801 4748 στρατια
829 4706 858 4745 a
890 4706 946 4761 p.
974 4691 1080 4744 915
1106 4691 1168 4748 ad
1199 4688 1330 4751 286,
1366 4688 1454 4742 ubi
1484 4698 1676 4742 auctor
1712 4688 1812 4741 sub
1845 4688 2014 4756 ipsum

443 4786 774 4856 principium
815 4795 1035 4854 questus
1057 4782 1290 4852 primum
1321 4781 1466 4834 hunc
1485 4780 1741 4850 Cyprium
1765 4779 1830 4832 ad
1850 4777 2020 4830 schis-

448 4892 540 4932 ma
570 4876 876 4931 Grecorum
899 4889 931 4927 a
961 4873 1214 4928 trecentis
1237 4872 1347 4940 jam
1379 4871 1536 4924 annis
1574 4870 1883 4924 inchoatum
1917 4868 2018 4921 isto

445 4967 622 5039 Ttnpio
653 4983 748 5023 suo
784 4975 928 5020 torno
966 4966 1213 5020 haeresim
1244 4964 1463 5027 addere,
1493 4963 1546 5018 in
1579 4965 1710 5016 tanti
1741 4970 2016 5015 auctorem

454 5062 579 5119 nali
615 5059 696 5115 fas
729 5070 919 5130 putans
947 5059 1039 5112 itte
1084 5057 1267 5111 liberae
1287 5056 1530 5110 aculeum
1563 5069 1838 5119 exserere,
1864 5062 2020 5105 vocat

449 5170 580 5210 eum
616 5167 670 5222 p.
719 5151 822 5205 216
884 5153 1050 5205 κακὸν
1091 5149 1427 5209 διαπόντιον,
1459 5149 1596 5217 θῆρα
1631 5144 1932 5206 Θαλάττιον,
1962 5145 2022 5196 ὅ·

447 5260 610 5315 ’τριον
643 5245 803 5314 κῆτος
833 5245 929 5312 τῆς
962 5243 1187 5312 Κύπρου
1219 5240 1529 5294 ἅπαναστὰν
1573 5240 1683 5300 τοῖς
1713 5237 1834 5290 καθ’
1875 5238 2020 5305 ἡμᾶς

450 5333 842 5405 ὲνδεδημηκδς,
873 5335 971 5405 οὐχ
1005 5334 1092 5389 ἵνα
1137 5334 1354 5404 φυγάδα
1386 5333 1670 5405 προφήτην
1697 5328 2019 5397 ὕποδέξηται

453 5430 547 5482 καὶ
568 5431 646 5492 εἰς
668 5428 969 5499 ὑπηρεσίαν
993 5426 1126 5480 Θεοῦ
1149 5425 1507 5496 διασώσηται,
1532 5423 1648 5480 ἀλλ’
1669 5425 1758 5478 ἵνα
1797 5422 2024 5492 Ἐκκλη-

456 5519 579 5574 σίαν
607 5521 736 5593 ὃλην
770 5519 1042 5573 καταπιὸν
1089 5517 1327 5587 ἄφαντον
1362 5517 1770 5588 ἀπεργάσηται.
1813 5512 2020 5571 Motum

448 5623 613 5684 ponto
643 5613 1002 5682 deportatum,
1037 5611 1206 5678 [eram
1231 5612 1517 5676 marinam,
1544 5609 1825 5662 immanem
1852 5617 2021 5662 cetum

452 5708 627 5782 Cypro
643 5707 804 5778 746
818 5715 1170 5775 erumpentem
1189 5714 1236 5758 et
1257 5705 1356 5757 huc
1373 5719 1580 5774 peregre
1597 5701 1896 5770 appulsttm,
1917 5716 2020 5754 non

453 5813 512 5854 ut
539 5801 817 5871 fugitiuum
855 5798 1157 5867 prapltetam
1178 5800 1246 5851 ad
1274 5796 1368 5852 Dei
1392 5797 1742 5850 ministerium
1764 5801 2019 5856 seruaret,

454 5897 543 5950 sed
573 5907 628 5947 ut
662 5892 945 5948 Ecclesium
977 5876 1269 5947 univeriam
1309 5892 1584 5944 absorbens
1621 5889 1867 5944 aboleret.
1893 5887 2020 5941 Inde

2117 4697 2146 4734 ιι
2172 4695 2281 4749 quo
2311 4682 2397 4735 hic
2443 4681 2595 4734 locus
2641 4682 2720 4735 sic
2751 4681 2971 4736 effertur
3008 4701 3022 4737 :
3058 4684 3216 4739 Κατὰ
3243 4686 3546 4758 ἀντιπέραν
3583 4687 3680 4756 τῆς

2117 4773 2330 4834 πόλεως
2364 4777 2497 4843 apo;
2530 4773 2606 4844 τῷ
2635 4775 2852 4828 Γαλατᾶ
2886 4776 3064 4845 μέρει.
3094 4776 3220 4833 Sive
3272 4779 3430 4834 unius
3473 4791 3677 4837 tantum

2118 4866 2358 4921 suhnrbii
2418 4868 2534 4921 dua:
2585 4867 2992 4938 distinguuntur
3046 4880 3228 4937 partes
3278 4871 3574 4944 ἀνατολικὴ
3627 4885 3674 4928 et

2114 4963 2344 5033 δυτικὴ,
2381 4977 2604 5031 quarum
2641 4963 2781 5015 hanc
2827 4961 2994 5015 solam
3043 4961 3358 5016 incendium
3403 4968 3680 5036 corripue-

2121 5054 2213 5119 rit,
2269 5069 2332 5106 ει
2367 5055 2551 5105 eodem
2605 5053 2958 5122 paraphraste
3002 5052 3245 5122 intelligo
3283 5055 3555 5123 proltriam
3583 5072 3680 5126 ap-

2120 5145 2461 5212 pellationem
2513 5145 2670 5198 istius
2707 5146 2937 5215 περαίας
2963 5145 3188 5215 δυτικῆς
3216 5145 3464 5202 Calatam
3492 5148 3678 5206 fuisse.

2123 5237 2235 5293 lioc
2289 5242 2573 5308 sequebar.
2633 5238 2690 5293 Si
2756 5256 2840 5294 me
2899 5241 3039 5295 ratio
3093 5240 3381 5309 fefellerit,
3439 5242 3682 5313 ignoscat

2122 5330 2292 5385 lector
2325 5341 2377 5384 et
2406 5331 2664 5398 corrigat.

2193 5421 2252 5476 P.
2293 5420 2415 5475 186.
2470 5422 2875 5492 Ποιμαντικὴν
2913 5423 3254 5493 βακτηρίαν
3298 5429 3504 5484 λαϐὼν
3523 5427 3704 5501 παρὰ¹

2123 5513 2230 5568 τοῦ
2258 5513 2640 5582 κρατοῦντος.
2664 5515 2823 5569 Hunc
2872 5531 3073 5572 morem
3105 5518 3456 5576 Orientalium
3507 5525 3677 5594 impe-

2121 5617 2362 5661 ratorum
2415 5607 2614 5661 imitari
2642 5609 2898 5663 Germani
2963 5611 3270 5680 voluerunt,
3293 5617 3490 5683 quibus
3545 5619 3680 5673 male

2124 5715 2243 5752 cmn
2291 5698 2531 5752 Romana
2573 5698 2808 5754 Ecclesia
2861 5705 3132 5769 convenit,
3175 5717 3486 5775 arrogantes
3533 5720 3586 5764 et
3620 5698 3678 5764 ibi

2123 5794 2222 5845 sibi
2255 5792 2342 5861 jus
2377 5793 2699 5846 investiendi
2743 5795 3022 5864 episcopos
3077 5798 3362 5853 traditione
3397 5803 3679 5871 pastoralis

2126 5887 2338 5950 baculi;
2377 5887 2514 5955 quod
2549 5890 2612 5941 ab
2650 5888 2920 5945 Hadriano
2982 5907 3116 5964 papa
3160 5893 3328 5950 fuisse
3364 5910 3677 5951 concessum
