  <div class='ocr_page' id='page_1' title='image "/cluster/home/n/w/nwhite01/storage/ocr_20150623/144/mdp.39015046822246/428.png"; bbox 0 0 4058 6298; ppageno 0'>
   <div class='ocr_carea' id='block_1_1' title="bbox 186 422 299 483">
    <p class='ocr_par' dir='ltr' id='par_1_1' title="bbox 186 422 299 483">
     <span class='ocr_line' id='line_1_1' title="bbox 186 422 299 483; baseline 0 0"><span class='ocrx_word' id='word_1_1' title='bbox 186 422 299 483; x_wconf 77' lang='lat'><strong>809</strong></span> 
     </span>
    </p>
   </div>
   <div class='ocr_carea' id='block_1_2' title="bbox 1636 416 1871 479">
    <p class='ocr_par' dir='ltr' id='par_1_2' title="bbox 1636 416 1871 479">
     <span class='ocr_line' id='line_1_2' title="bbox 1636 416 1871 479; baseline -0.013 0"><span class='ocrx_word' id='word_1_2' title='bbox 1636 416 1871 479; x_wconf 71' lang='grc' dir='ltr'><strong>ΝΟΤιΕ.</strong></span> 
     </span>
    </p>
   </div>
   <div class='ocr_carea' id='block_1_3' title="bbox 3332 414 3440 480">
    <p class='ocr_par' dir='ltr' id='par_1_3' title="bbox 3332 414 3440 480">
     <span class='ocr_line' id='line_1_3' title="bbox 3332 414 3440 480; baseline -0.028 -1"><span class='ocrx_word' id='word_1_3' title='bbox 3332 414 3440 480; x_wconf 80' lang='lat'><strong>810</strong></span> 
     </span>
    </p>
   </div>
   <div class='ocr_carea' id='block_1_4' title="bbox 190 523 3434 604">
    <p class='ocr_par' dir='ltr' id='par_1_4' title="bbox 190 523 3434 604">
     <span class='ocr_line' id='line_1_4' title="bbox 190 523 3434 604; baseline -0.002 -16"><span class='ocrx_word' id='word_1_4' title='bbox 190 531 394 588; x_wconf 80' lang='lat' dir='ltr'><strong>Carolo</strong></span> <span class='ocrx_word' id='word_1_5' title='bbox 422 531 635 604; x_wconf 78' lang='lat' dir='ltr'><strong>Magno,</strong></span> <span class='ocrx_word' id='word_1_6' title='bbox 666 549 727 588; x_wconf 89' lang='lat' dir='ltr'><strong>ac</strong></span> <span class='ocrx_word' id='word_1_7' title='bbox 753 543 1152 603; x_wconf 82' lang='lat' dir='ltr'><strong>consequenter</strong></span> <span class='ocrx_word' id='word_1_8' title='bbox 1197 537 1361 604; x_wconf 79' lang='lat' dir='ltr'><strong>ipsius</strong></span> <span class='ocrx_word' id='word_1_9' title='bbox 1396 545 1609 602; x_wconf 84' lang='lat' dir='ltr'><strong>quoque</strong></span> <span class='ocrx_word' id='word_1_10' title='bbox 1640 545 1764 584; x_wconf 89' lang='lat' dir='ltr'><strong>sue-</strong></span> <span class='ocrx_word' id='word_1_11' title='bbox 1798 536 1838 588; x_wconf 78' lang='grc' dir='ltr'><strong>Α</strong></span> <span class='ocrx_word' id='word_1_12' title='bbox 1871 524 2153 594; x_wconf 82' lang='lat' dir='ltr'><strong>utrobique</strong></span> <span class='ocrx_word' id='word_1_13' title='bbox 2181 528 2516 578; x_wconf 73' lang='lat' dir='ltr'><strong>observatam</strong></span> <span class='ocrx_word' id='word_1_14' title='bbox 2547 523 2796 584; x_wconf 83' lang='lat' dir='ltr'><strong>formam,</strong></span> <span class='ocrx_word' id='word_1_15' title='bbox 2830 535 2881 577; x_wconf 91' lang='lat' dir='ltr'><strong>et</strong></span> <span class='ocrx_word' id='word_1_16' title='bbox 2921 523 3112 579; x_wconf 89' lang='lat' dir='ltr'><strong>ambos</strong></span> <span class='ocrx_word' id='word_1_17' title='bbox 3141 524 3434 582; x_wconf 80' lang='lat' dir='ltr'><strong>historicos</strong></span> 
     </span>
    </p>
   </div>
   <div class='ocr_carea' id='block_1_5' title="bbox 190 626 1766 698">
    <p class='ocr_par' dir='ltr' id='par_1_5' title="bbox 190 626 1766 698">
     <span class='ocr_line' id='line_1_5' title="bbox 190 626 1766 698; baseline -0.004 -17"><span class='ocrx_word' id='word_1_18' title='bbox 190 626 524 694; x_wconf 81' lang='lat' dir='ltr'><strong>cesset-ibus,</strong></span> <span class='ocrx_word' id='word_1_19' title='bbox 574 626 888 695; x_wconf 79' lang='lat' dir='ltr'><strong>Sigebertns</strong></span> <span class='ocrx_word' id='word_1_20' title='bbox 934 629 1177 698; x_wconf 77' lang='lat' dir='ltr'><strong>regnanti</strong></span> <span class='ocrx_word' id='word_1_21' title='bbox 1212 640 1264 683; x_wconf 86' lang='lat' dir='ltr'><strong>et</strong></span> <span class='ocrx_word' id='word_1_22' title='bbox 1301 644 1326 680; x_wconf 90' lang='lat' dir='ltr'><strong>a</strong></span> <span class='ocrx_word' id='word_1_23' title='bbox 1356 628 1600 680; x_wconf 83' lang='lat' dir='ltr'><strong>Romano</strong></span> <span class='ocrx_word' id='word_1_24' title='bbox 1635 638 1766 693; x_wconf 83' lang='lat' dir='ltr'><strong>pon-</strong></span> 
     </span>
    </p>
   </div>
   <div class='ocr_carea' id='block_1_6' title="bbox 192 715 1766 783">
    <p class='ocr_par' dir='ltr' id='par_1_6' title="bbox 192 715 1766 783">
     <span class='ocr_line' id='line_1_6' title="bbox 192 715 1766 783; baseline -0.004 -9"><span class='ocrx_word' id='word_1_25' title='bbox 192 720 342 775; x_wconf 85' lang='lat' dir='ltr'><strong>tillce</strong></span> <span class='ocrx_word' id='word_1_26' title='bbox 394 720 632 775; x_wconf 86' lang='lat' dir='ltr'><strong>discordi</strong></span> <span class='ocrx_word' id='word_1_27' title='bbox 687 720 921 776; x_wconf 77' lang='lat' dir='ltr'><strong>Henrico</strong></span> <span class='ocrx_word' id='word_1_28' title='bbox 970 734 1254 776; x_wconf 79' lang='lat' dir='ltr'><strong>asscutans</strong></span> <span class='ocrx_word' id='word_1_29' title='bbox 1300 718 1582 783; x_wconf 80' lang='lat' dir='ltr'><strong>conﬁnxit,</strong></span> <span class='ocrx_word' id='word_1_30' title='bbox 1627 715 1766 772; x_wconf 87' lang='lat' dir='ltr'><strong>baud</strong></span> 
     </span>
    </p>
   </div>
   <div class='ocr_carea' id='block_1_7' title="bbox 191 812 1769 884">
    <p class='ocr_par' dir='ltr' id='par_1_7' title="bbox 191 812 1769 884">
     <span class='ocr_line' id='line_1_7' title="bbox 191 812 1769 884; baseline -0.004 -18"><span class='ocrx_word' id='word_1_31' title='bbox 191 813 395 881; x_wconf 81' lang='lat' dir='ltr'><strong>dignus</strong></span> <span class='ocrx_word' id='word_1_32' title='bbox 431 814 537 867; x_wconf 74' lang='lat' dir='ltr'><strong>tida</strong></span> <span class='ocrx_word' id='word_1_33' title='bbox 565 814 681 867; x_wconf 76' lang='lat' dir='ltr'><strong>sine</strong></span> <span class='ocrx_word' id='word_1_34' title='bbox 710 814 999 884; x_wconf 86' lang='lat' dir='ltr'><strong>antiquiori</strong></span> <span class='ocrx_word' id='word_1_35' title='bbox 1031 823 1164 868; x_wconf 83' lang='lat' dir='ltr'><strong>teste</strong></span> <span class='ocrx_word' id='word_1_36' title='bbox 1196 829 1306 867; x_wconf 86' lang='lat' dir='ltr'><strong>rem</strong></span> <span class='ocrx_word' id='word_1_37' title='bbox 1335 812 1613 865; x_wconf 83' lang='lat' dir='ltr'><strong>allirmans</strong></span> <span class='ocrx_word' id='word_1_38' title='bbox 1657 815 1769 861; x_wconf 87' lang='lat' dir='ltr'><strong>tre-</strong></span> 
     </span>
    </p>
   </div>
   <div class='ocr_carea' id='block_1_8' title="bbox 193 901 1767 974">
    <p class='ocr_par' dir='ltr' id='par_1_8' title="bbox 193 901 1767 974">
     <span class='ocr_line' id='line_1_8' title="bbox 193 901 1767 974; baseline -0.005 -16"><span class='ocrx_word' id='word_1_39' title='bbox 193 905 377 958; x_wconf 88' lang='lat' dir='ltr'><strong>centis</strong></span> <span class='ocrx_word' id='word_1_40' title='bbox 424 906 576 974; x_wconf 84' lang='lat' dir='ltr'><strong>prius</strong></span> <span class='ocrx_word' id='word_1_41' title='bbox 622 907 776 958; x_wconf 87' lang='lat' dir='ltr'><strong>annis</strong></span> <span class='ocrx_word' id='word_1_42' title='bbox 822 915 1054 974; x_wconf 76' lang='lat' dir='ltr'><strong>gestam;</strong></span> <span class='ocrx_word' id='word_1_43' title='bbox 1109 915 1167 958; x_wconf 90' lang='lat' dir='ltr'><strong>ut</strong></span> <span class='ocrx_word' id='word_1_44' title='bbox 1196 904 1447 958; x_wconf 81' lang='lat' dir='ltr'><strong>observat</strong></span> <span class='ocrx_word' id='word_1_45' title='bbox 1480 901 1767 961; x_wconf 72' lang='lat' dir='ltr'><strong>lini-anius,</strong></span> 
     </span>
    </p>
   </div>
   <div class='ocr_carea' id='block_1_9' title="bbox 197 992 1770 1062">
    <p class='ocr_par' dir='ltr' id='par_1_9' title="bbox 197 992 1770 1062">
     <span class='ocr_line' id='line_1_9' title="bbox 197 992 1770 1062; baseline -0.003 -14"><span class='ocrx_word' id='word_1_46' title='bbox 197 1012 291 1049; x_wconf 86' lang='lat' dir='ltr'><strong>an.</strong></span> <span class='ocrx_word' id='word_1_47' title='bbox 339 995 476 1051; x_wconf 84' lang='lat' dir='ltr'><strong>Chr.</strong></span> <span class='ocrx_word' id='word_1_48' title='bbox 531 996 660 1050; x_wconf 71' lang='grc'><strong>774.</strong></span> <span class='ocrx_word' id='word_1_49' title='bbox 700 996 838 1062; x_wconf 83' lang='lat' dir='ltr'><strong>Quid</strong></span> <span class='ocrx_word' id='word_1_50' title='bbox 870 998 941 1051; x_wconf 89' lang='lat' dir='ltr'><strong>sit</strong></span> <span class='ocrx_word' id='word_1_51' title='bbox 977 997 1342 1051; x_wconf 71' lang='lat' dir='ltr'><strong>dicambulunt</strong></span> <span class='ocrx_word' id='word_1_52' title='bbox 1385 995 1472 1048; x_wconf 86' lang='lat' dir='ltr'><strong>hic</strong></span> <span class='ocrx_word' id='word_1_53' title='bbox 1514 992 1770 1048; x_wconf 75' lang='lat' dir='ltr'><strong>cont’nue</strong></span> 
     </span>
    </p>
   </div>
   <div class='ocr_carea' id='block_1_10' title="bbox 196 1089 1154 1153">
    <p class='ocr_par' dir='ltr' id='par_1_10' title="bbox 196 1089 1154 1153">
     <span class='ocr_line' id='line_1_10' title="bbox 196 1089 1154 1153; baseline 0.002 -11"><span class='ocrx_word' id='word_1_54' title='bbox 196 1100 584 1153; x_wconf 84' lang='lat' dir='ltr'><strong>memoratum,</strong></span> <span class='ocrx_word' id='word_1_55' title='bbox 621 1090 739 1143; x_wconf 76' lang='lat' dir='ltr'><strong>vide</strong></span> <span class='ocrx_word' id='word_1_56' title='bbox 774 1089 827 1142; x_wconf 90' lang='lat' dir='ltr'><strong>in</strong></span> <span class='ocrx_word' id='word_1_57' title='bbox 852 1089 1154 1144; x_wconf 87' lang='lat' dir='ltr'><strong>Glossario.</strong></span> 
     </span>
    </p>
   </div>
   <div class='ocr_carea' id='block_1_11' title="bbox 273 1177 1773 1248">
    <p class='ocr_par' dir='ltr' id='par_1_11' title="bbox 273 1177 1773 1248">
     <span class='ocr_line' id='line_1_11' title="bbox 273 1177 1773 1248; baseline 0 -16"><span class='ocrx_word' id='word_1_58' title='bbox 273 1177 334 1232; x_wconf 88' lang='lat' dir='ltr'><strong>L.</strong></span> <span class='ocrx_word' id='word_1_59' title='bbox 370 1194 455 1240; x_wconf 87' lang='grc' dir='ltr'>ιιι,</span> <span class='ocrx_word' id='word_1_60' title='bbox 491 1193 540 1232; x_wconf 91' lang='lat' dir='ltr'><strong>c.</strong></span> <span class='ocrx_word' id='word_1_61' title='bbox 570 1180 622 1234; x_wconf 87' lang='grc' dir='ltr'>ι.</span> <span class='ocrx_word' id='word_1_62' title='bbox 661 1179 924 1235; x_wconf 76' lang='lat' dir='ltr'><strong>Narratur</strong></span> <span class='ocrx_word' id='word_1_63' title='bbox 953 1179 1113 1234; x_wconf 89' lang='lat' dir='ltr'><strong>simul</strong></span> <span class='ocrx_word' id='word_1_64' title='bbox 1156 1179 1452 1248; x_wconf 86' lang='lat' dir='ltr'><strong>assumptio</strong></span> <span class='ocrx_word' id='word_1_65' title='bbox 1493 1177 1773 1236; x_wconf 74' lang='lat' dir='ltr'><strong>Michaelis</strong></span> 
     </span>
    </p>
   </div>
   <div class='ocr_carea' id='block_1_12' title="bbox 196 1271 1772 1342">
    <p class='ocr_par' dir='ltr' id='par_1_12' title="bbox 196 1271 1772 1342">
     <span class='ocr_line' id='line_1_12' title="bbox 196 1271 1772 1342; baseline -0.001 -19"><span class='ocrx_word' id='word_1_66' title='bbox 196 1271 253 1324; x_wconf 87' lang='lat' dir='ltr'><strong>in</strong></span> <span class='ocrx_word' id='word_1_67' title='bbox 297 1271 633 1326; x_wconf 72' lang='lat' dir='ltr'><strong>consortium</strong></span> <span class='ocrx_word' id='word_1_68' title='bbox 693 1271 930 1340; x_wconf 84' lang='lat' dir='ltr'><strong>imperii,</strong></span> <span class='ocrx_word' id='word_1_69' title='bbox 979 1272 1141 1327; x_wconf 84' lang='lat' dir='ltr'><strong>simul</strong></span> <span class='ocrx_word' id='word_1_70' title='bbox 1193 1271 1432 1342; x_wconf 77' lang='lat' dir='ltr'><strong>ejusdem</strong></span> <span class='ocrx_word' id='word_1_71' title='bbox 1490 1271 1772 1326; x_wconf 85' lang='lat' dir='ltr'><strong>coronatin</strong></span> 
     </span>
    </p>
   </div>
   <div class='ocr_carea' id='block_1_13' title="bbox 194 1363 1772 1437">
    <p class='ocr_par' dir='ltr' id='par_1_13' title="bbox 194 1363 1772 1437">
     <span class='ocr_line' id='line_1_13' title="bbox 194 1363 1772 1437; baseline 0 -17"><span class='ocrx_word' id='word_1_72' title='bbox 194 1363 493 1432; x_wconf 80' lang='lat' dir='ltr'><strong>solemnis;</strong></span> <span class='ocrx_word' id='word_1_73' title='bbox 526 1380 660 1432; x_wconf 85' lang='lat' dir='ltr'><strong>quas</strong></span> <span class='ocrx_word' id='word_1_74' title='bbox 691 1374 869 1420; x_wconf 86' lang='lat' dir='ltr'><strong>tamen</strong></span> <span class='ocrx_word' id='word_1_75' title='bbox 930 1367 1162 1421; x_wconf 79' lang='lat' dir='ltr'><strong>diversis</strong></span> <span class='ocrx_word' id='word_1_76' title='bbox 1190 1367 1484 1436; x_wconf 80' lang='lat' dir='ltr'><strong>contigisse</strong></span> <span class='ocrx_word' id='word_1_77' title='bbox 1520 1365 1772 1437; x_wconf 80' lang='lat' dir='ltr'><strong>tempori-</strong></span> 
     </span>
    </p>
   </div>
   <div class='ocr_carea' id='block_1_14' title="bbox 201 1458 1773 1529">
    <p class='ocr_par' dir='ltr' id='par_1_14' title="bbox 201 1458 1773 1529">
     <span class='ocr_line' id='line_1_14' title="bbox 201 1458 1773 1529; baseline 0.001 -19"><span class='ocrx_word' id='word_1_78' title='bbox 201 1459 325 1520; x_wconf 73' lang='lat' dir='ltr'><strong>lius,</strong></span> <span class='ocrx_word' id='word_1_79' title='bbox 357 1469 414 1512; x_wconf 89' lang='lat' dir='ltr'><strong>et</strong></span> <span class='ocrx_word' id='word_1_80' title='bbox 437 1459 579 1513; x_wconf 85' lang='lat' dir='ltr'><strong>hanc</strong></span> <span class='ocrx_word' id='word_1_81' title='bbox 601 1458 686 1512; x_wconf 83' lang='lat' dir='ltr'><strong>illa</strong></span> <span class='ocrx_word' id='word_1_82' title='bbox 720 1468 832 1512; x_wconf 89' lang='lat' dir='ltr'><strong>toto</strong></span> <span class='ocrx_word' id='word_1_83' title='bbox 864 1473 1010 1513; x_wconf 87' lang='lat' dir='ltr'><strong>anno</strong></span> <span class='ocrx_word' id='word_1_84' title='bbox 1054 1459 1219 1514; x_wconf 73' lang='lat' dir='ltr'><strong>luisse</strong></span> <span class='ocrx_word' id='word_1_85' title='bbox 1257 1461 1636 1529; x_wconf 73' lang='lat' dir='ltr'><strong>posteriorem,</strong></span> <span class='ocrx_word' id='word_1_86' title='bbox 1680 1474 1773 1512; x_wconf 84' lang='lat' dir='ltr'><strong>os-</strong></span> 
     </span>
    </p>
   </div>
   <div class='ocr_carea' id='block_1_15' title="bbox 199 1550 1772 1618">
    <p class='ocr_par' dir='ltr' id='par_1_15' title="bbox 199 1550 1772 1618">
     <span class='ocr_line' id='line_1_15' title="bbox 199 1550 1772 1618; baseline 0 -13"><span class='ocrx_word' id='word_1_87' title='bbox 199 1550 492 1606; x_wconf 83' lang='lat' dir='ltr'><strong>tendemus</strong></span> <span class='ocrx_word' id='word_1_88' title='bbox 538 1551 572 1604; x_wconf 93' lang='grc' dir='ltr'><strong>Ι.</strong></span> <span class='ocrx_word' id='word_1_89' title='bbox 610 1567 668 1606; x_wconf 87' lang='grc' dir='ltr'>ιιι</span> <span class='ocrx_word' id='word_1_90' title='bbox 721 1553 915 1605; x_wconf 88' lang='lat' dir='ltr'><strong>barum</strong></span> <span class='ocrx_word' id='word_1_91' title='bbox 944 1550 1200 1616; x_wconf 83' lang='lat' dir='ltr'><strong>Observ.,</strong></span> <span class='ocrx_word' id='word_1_92' title='bbox 1240 1568 1290 1606; x_wconf 92' lang='lat' dir='ltr'><strong>c.</strong></span> <span class='ocrx_word' id='word_1_93' title='bbox 1336 1551 1392 1606; x_wconf 93' lang='grc'><strong>5.</strong></span> <span class='ocrx_word' id='word_1_94' title='bbox 1425 1552 1580 1618; x_wconf 82' lang='lat' dir='ltr'><strong>Quod</strong></span> <span class='ocrx_word' id='word_1_95' title='bbox 1625 1551 1772 1606; x_wconf 90' lang='lat' dir='ltr'><strong>diem</strong></span> 
     </span>
    </p>
   </div>
   <div class='ocr_carea' id='block_1_16' title="bbox 199 1643 1775 1713">
    <p class='ocr_par' dir='ltr' id='par_1_16' title="bbox 199 1643 1775 1713">
     <span class='ocr_line' id='line_1_16' title="bbox 199 1643 1775 1713; baseline 0.001 -16"><span class='ocrx_word' id='word_1_96' title='bbox 199 1644 396 1699; x_wconf 90' lang='lat' dir='ltr'><strong>attinet</strong></span> <span class='ocrx_word' id='word_1_97' title='bbox 422 1644 762 1699; x_wconf 64' lang='lat' dir='ltr'><strong>caremonia:</strong></span> <span class='ocrx_word' id='word_1_98' title='bbox 791 1645 1052 1700; x_wconf 88' lang='lat' dir='ltr'><strong>delectam</strong></span> <span class='ocrx_word' id='word_1_99' title='bbox 1087 1643 1209 1698; x_wconf 74' lang='lat' dir='ltr'><strong>ltlaii</strong></span> <span class='ocrx_word' id='word_1_100' title='bbox 1244 1643 1338 1710; x_wconf 69' lang='lat'><strong>2|,</strong></span> <span class='ocrx_word' id='word_1_101' title='bbox 1374 1660 1437 1699; x_wconf 88' lang='lat' dir='ltr'><strong>ea</strong></span> <span class='ocrx_word' id='word_1_102' title='bbox 1469 1644 1583 1713; x_wconf 84' lang='lat' dir='ltr'><strong>ipsa</strong></span> <span class='ocrx_word' id='word_1_103' title='bbox 1615 1645 1775 1700; x_wconf 87' lang='lat' dir='ltr'><strong>bodie</strong></span> 
     </span>
    </p>
   </div>
   <div class='ocr_carea' id='block_1_17' title="bbox 200 1737 1776 1794">
    <p class='ocr_par' dir='ltr' id='par_1_17' title="bbox 200 1737 1776 1794">
     <span class='ocr_line' id='line_1_17' title="bbox 200 1737 1776 1794; baseline 0 -4"><span class='ocrx_word' id='word_1_104' title='bbox 200 1737 255 1790; x_wconf 85' lang='lat' dir='ltr'><strong>in</strong></span> <span class='ocrx_word' id='word_1_105' title='bbox 305 1737 464 1792; x_wconf 85' lang='lat' dir='ltr'><strong>libris</strong></span> <span class='ocrx_word' id='word_1_106' title='bbox 495 1737 886 1793; x_wconf 78' lang='lat' dir='ltr'><strong>ecclesiasticis</strong></span> <span class='ocrx_word' id='word_1_107' title='bbox 927 1737 1240 1794; x_wconf 69' lang='lat' dir='ltr'><strong>Graecorum</strong></span> <span class='ocrx_word' id='word_1_108' title='bbox 1281 1738 1556 1793; x_wconf 65' lang='lat' dir='ltr'><strong>memoria:</strong></span> <span class='ocrx_word' id='word_1_109' title='bbox 1615 1737 1776 1790; x_wconf 80' lang='lat' dir='ltr'><strong>anui-</strong></span> 
     </span>
    </p>
   </div>
   <div class='ocr_carea' id='block_1_18' title="bbox 200 1830 1774 1902">
    <p class='ocr_par' dir='ltr' id='par_1_18' title="bbox 200 1830 1774 1902">
     <span class='ocr_line' id='line_1_18' title="bbox 200 1830 1774 1902; baseline 0.002 -20"><span class='ocrx_word' id='word_1_110' title='bbox 200 1831 460 1890; x_wconf 67' lang='lat' dir='ltr'><strong>verssria</strong></span> <span class='ocrx_word' id='word_1_111' title='bbox 506 1832 687 1902; x_wconf 77' lang='lat' dir='ltr'><strong>magni</strong></span> <span class='ocrx_word' id='word_1_112' title='bbox 714 1830 1063 1888; x_wconf 79' lang='lat' dir='ltr'><strong>Constantini</strong></span> <span class='ocrx_word' id='word_1_113' title='bbox 1101 1841 1158 1887; x_wconf 91' lang='lat' dir='ltr'><strong>et</strong></span> <span class='ocrx_word' id='word_1_114' title='bbox 1189 1833 1380 1886; x_wconf 79' lang='lat' dir='ltr'><strong>matris</strong></span> <span class='ocrx_word' id='word_1_115' title='bbox 1422 1831 1541 1900; x_wconf 90' lang='lat' dir='ltr'><strong>ejus</strong></span> <span class='ocrx_word' id='word_1_116' title='bbox 1571 1830 1631 1886; x_wconf 90' lang='lat' dir='ltr'><strong>S.</strong></span> <span class='ocrx_word' id='word_1_117' title='bbox 1665 1830 1774 1885; x_wconf 85' lang='lat' dir='ltr'><strong>lle-</strong></span> 
     </span>
    </p>
   </div>
   <div class='ocr_carea' id='block_1_19' title="bbox 200 1924 1772 1994">
    <p class='ocr_par' dir='ltr' id='par_1_19' title="bbox 200 1924 1772 1994">
     <span class='ocr_line' id='line_1_19' title="bbox 200 1924 1772 1994; baseline 0 -17"><span class='ocrx_word' id='word_1_118' title='bbox 200 1924 340 1978; x_wconf 70' lang='lat' dir='ltr'><strong>lenze</strong></span> <span class='ocrx_word' id='word_1_119' title='bbox 372 1933 697 1980; x_wconf 77' lang='lat' dir='ltr'><strong>consecrata</strong></span> <span class='ocrx_word' id='word_1_120' title='bbox 725 1924 988 1980; x_wconf 90' lang='lat' dir='ltr'><strong>cernitur.</strong></span> <span class='ocrx_word' id='word_1_121' title='bbox 1025 1924 1330 1994; x_wconf 78' lang='lat' dir='ltr'><strong>Descriptio</strong></span> <span class='ocrx_word' id='word_1_122' title='bbox 1377 1926 1512 1980; x_wconf 87' lang='lat' dir='ltr'><strong>ritus</strong></span> <span class='ocrx_word' id='word_1_123' title='bbox 1542 1940 1772 1978; x_wconf 90' lang='lat' dir='ltr'><strong>corona-</strong></span> 
     </span>
    </p>
   </div>
   <div class='ocr_carea' id='block_1_20' title="bbox 201 2015 1772 2088">
    <p class='ocr_par' dir='ltr' id='par_1_20' title="bbox 201 2015 1772 2088">
     <span class='ocr_line' id='line_1_20' title="bbox 201 2015 1772 2088; baseline -0.001 -16"><span class='ocrx_word' id='word_1_124' title='bbox 201 2017 372 2072; x_wconf 83' lang='lat' dir='ltr'><strong>tionis</strong></span> <span class='ocrx_word' id='word_1_125' title='bbox 415 2020 779 2086; x_wconf 76' lang='lat' dir='ltr'><strong>Augustorum</strong></span> <span class='ocrx_word' id='word_1_126' title='bbox 823 2015 1206 2083; x_wconf 83' lang='lat' dir='ltr'><strong>Orientalium,</strong></span> <span class='ocrx_word' id='word_1_127' title='bbox 1246 2033 1406 2086; x_wconf 87' lang='lat' dir='ltr'><strong>quam</strong></span> <span class='ocrx_word' id='word_1_128' title='bbox 1449 2017 1536 2072; x_wconf 81' lang='lat' dir='ltr'><strong>hic</strong></span> <span class='ocrx_word' id='word_1_129' title='bbox 1563 2015 1772 2088; x_wconf 53' lang='lat' dir='ltr'><strong>Pacbyc</strong></span> 
     </span>
    </p>
   </div>
   <div class='ocr_carea' id='block_1_21' title="bbox 205 2109 1782 2180">
    <p class='ocr_par' dir='ltr' id='par_1_21' title="bbox 205 2109 1782 2180">
     <span class='ocr_line' id='line_1_21' title="bbox 205 2109 1782 2180; baseline 0 -18"><span class='ocrx_word' id='word_1_130' title='bbox 205 2124 386 2162; x_wconf 75' lang='lat' dir='ltr'><strong>meres</strong></span> <span class='ocrx_word' id='word_1_131' title='bbox 424 2109 608 2177; x_wconf 84' lang='lat' dir='ltr'><strong>paucis</strong></span> <span class='ocrx_word' id='word_1_132' title='bbox 657 2109 991 2178; x_wconf 82' lang='lat' dir='ltr'><strong>exsequitur,</strong></span> <span class='ocrx_word' id='word_1_133' title='bbox 1047 2111 1180 2164; x_wconf 83' lang='lat' dir='ltr'><strong>satis</strong></span> <span class='ocrx_word' id='word_1_134' title='bbox 1212 2125 1446 2166; x_wconf 84' lang='lat' dir='ltr'><strong>consona</strong></span> <span class='ocrx_word' id='word_1_135' title='bbox 1476 2111 1782 2180; x_wconf 73' lang='lat' dir='ltr'><strong>reperietur</strong></span> 
     </span>
    </p>
   </div>
   <div class='ocr_carea' id='block_1_22' title="bbox 204 2199 1778 2270">
    <p class='ocr_par' dir='ltr' id='par_1_22' title="bbox 204 2199 1778 2270">
     <span class='ocr_line' id='line_1_22' title="bbox 204 2199 1778 2270; baseline 0 -16"><span class='ocrx_word' id='word_1_136' title='bbox 204 2200 434 2270; x_wconf 68' lang='lat' dir='ltr'><strong>lungiuri</strong></span> <span class='ocrx_word' id='word_1_137' title='bbox 481 2215 512 2254; x_wconf 82' lang='lat' dir='ltr'><strong>a</strong></span> <span class='ocrx_word' id='word_1_138' title='bbox 551 2199 931 2254; x_wconf 81' lang='lat' dir='ltr'><strong>Cantacuzeno</strong></span> <span class='ocrx_word' id='word_1_139' title='bbox 981 2201 1142 2255; x_wconf 75' lang='lat' dir='ltr'><strong>edita:</strong></span> <span class='ocrx_word' id='word_1_140' title='bbox 1173 2215 1224 2254; x_wconf 90' lang='lat' dir='ltr'><strong>c.</strong></span> <span class='ocrx_word' id='word_1_141' title='bbox 1255 2201 1341 2265; x_wconf 76' lang='grc' dir='ltr'><strong>Η,</strong></span> <span class='ocrx_word' id='word_1_142' title='bbox 1377 2200 1412 2257; x_wconf 92' lang='grc' dir='ltr'><strong>Ι.</strong></span> <span class='ocrx_word' id='word_1_143' title='bbox 1468 2218 1508 2266; x_wconf 89' lang='lat' dir='ltr'><strong>t,</strong></span> <span class='ocrx_word' id='word_1_144' title='bbox 1553 2201 1597 2255; x_wconf 89' lang='lat' dir='ltr'><strong>si</strong></span> <span class='ocrx_word' id='word_1_145' title='bbox 1655 2201 1778 2269; x_wconf 89' lang='lat' dir='ltr'><strong>quis</strong></span> 
     </span>
    </p>
   </div>
   <div class='ocr_carea' id='block_1_23' title="bbox 203 2292 1779 2364">
    <p class='ocr_par' dir='ltr' id='par_1_23' title="bbox 203 2292 1779 2364">
     <span class='ocr_line' id='line_1_23' title="bbox 203 2292 1779 2364; baseline 0.001 -18"><span class='ocrx_word' id='word_1_146' title='bbox 203 2305 498 2363; x_wconf 84' lang='lat' dir='ltr'><strong>utramque</strong></span> <span class='ocrx_word' id='word_1_147' title='bbox 532 2293 849 2348; x_wconf 89' lang='lat' dir='ltr'><strong>contulerit.</strong></span> <span class='ocrx_word' id='word_1_148' title='bbox 891 2292 1065 2348; x_wconf 89' lang='lat' dir='ltr'><strong>Unam</strong></span> <span class='ocrx_word' id='word_1_149' title='bbox 1122 2295 1408 2349; x_wconf 85' lang='lat' dir='ltr'><strong>observavi</strong></span> <span class='ocrx_word' id='word_1_150' title='bbox 1462 2295 1779 2364; x_wconf 82' lang='lat' dir='ltr'><strong>discrepan-</strong></span> 
     </span>
    </p>
   </div>
   <div class='ocr_carea' id='block_1_24' title="bbox 204 2385 1781 2454">
    <p class='ocr_par' dir='ltr' id='par_1_24' title="bbox 204 2385 1781 2454">
     <span class='ocr_line' id='line_1_24' title="bbox 204 2385 1781 2454; baseline 0.001 -15"><span class='ocrx_word' id='word_1_151' title='bbox 204 2385 365 2450; x_wconf 85' lang='lat' dir='ltr'><strong>tiam,</strong></span> <span class='ocrx_word' id='word_1_152' title='bbox 403 2400 468 2439; x_wconf 79' lang='lat' dir='ltr'><strong>ex</strong></span> <span class='ocrx_word' id='word_1_153' title='bbox 502 2399 606 2454; x_wconf 88' lang='lat' dir='ltr'><strong>qua</strong></span> <span class='ocrx_word' id='word_1_154' title='bbox 639 2400 742 2438; x_wconf 88' lang='lat' dir='ltr'><strong>non</strong></span> <span class='ocrx_word' id='word_1_155' title='bbox 795 2385 1222 2442; x_wconf 87' lang='lat' dir='ltr'><strong>inverisimiliter</strong></span> <span class='ocrx_word' id='word_1_156' title='bbox 1262 2387 1392 2441; x_wconf 84' lang='lat' dir='ltr'><strong>mihi</strong></span> <span class='ocrx_word' id='word_1_157' title='bbox 1418 2387 1607 2442; x_wconf 88' lang='lat' dir='ltr'><strong>videor</strong></span> <span class='ocrx_word' id='word_1_158' title='bbox 1649 2401 1781 2442; x_wconf 85' lang='lat' dir='ltr'><strong>con-</strong></span> 
     </span>
    </p>
   </div>
   <div class='ocr_carea' id='block_1_25' title="bbox 203 2477 1780 2548">
    <p class='ocr_par' dir='ltr' id='par_1_25' title="bbox 203 2477 1780 2548">
     <span class='ocr_line' id='line_1_25' title="bbox 203 2477 1780 2548; baseline -0.001 -14"><span class='ocrx_word' id='word_1_159' title='bbox 203 2479 430 2534; x_wconf 84' lang='lat' dir='ltr'><strong>ﬁrmare</strong></span> <span class='ocrx_word' id='word_1_160' title='bbox 447 2479 816 2548; x_wconf 82' lang='lat' dir='ltr'><strong>conjecturam</strong></span> <span class='ocrx_word' id='word_1_161' title='bbox 848 2479 1008 2534; x_wconf 90' lang='lat' dir='ltr'><strong>modo</strong></span> <span class='ocrx_word' id='word_1_162' title='bbox 1027 2477 1318 2534; x_wconf 83' lang='lat' dir='ltr'><strong>indicatam</strong></span> <span class='ocrx_word' id='word_1_163' title='bbox 1346 2479 1412 2533; x_wconf 90' lang='lat' dir='ltr'><strong>de</strong></span> <span class='ocrx_word' id='word_1_164' title='bbox 1432 2479 1780 2534; x_wconf 85' lang='lat' dir='ltr'><strong>distinctione</strong></span> 
     </span>
    </p>
   </div>
   <div class='ocr_carea' id='block_1_26' title="bbox 203 2569 1782 2641">
    <p class='ocr_par' dir='ltr' id='par_1_26' title="bbox 203 2569 1782 2641">
     <span class='ocr_line' id='line_1_26' title="bbox 203 2569 1782 2641; baseline 0 -17"><span class='ocrx_word' id='word_1_165' title='bbox 203 2569 508 2625; x_wconf 88' lang='lat' dir='ltr'><strong>evectionis</strong></span> <span class='ocrx_word' id='word_1_166' title='bbox 537 2571 601 2623; x_wconf 90' lang='lat' dir='ltr'><strong>ad</strong></span> <span class='ocrx_word' id='word_1_167' title='bbox 634 2570 919 2638; x_wconf 86' lang='lat' dir='ltr'><strong>imperium</strong></span> <span class='ocrx_word' id='word_1_168' title='bbox 948 2581 1004 2625; x_wconf 91' lang='lat' dir='ltr'><strong>et</strong></span> <span class='ocrx_word' id='word_1_169' title='bbox 1038 2571 1413 2627; x_wconf 83' lang='lat' dir='ltr'><strong>coronationis</strong></span> <span class='ocrx_word' id='word_1_170' title='bbox 1444 2571 1498 2625; x_wconf 92' lang='lat' dir='ltr'><strong>in</strong></span> <span class='ocrx_word' id='word_1_171' title='bbox 1545 2571 1647 2626; x_wconf 89' lang='lat' dir='ltr'><strong>hoc</strong></span> <span class='ocrx_word' id='word_1_172' title='bbox 1693 2571 1782 2641; x_wconf 80' lang='lat' dir='ltr'><strong>ju—</strong></span> 
     </span>
    </p>
   </div>
   <div class='ocr_carea' id='block_1_27' title="bbox 205 2659 1782 2731">
    <p class='ocr_par' dir='ltr' id='par_1_27' title="bbox 205 2659 1782 2731">
     <span class='ocr_line' id='line_1_27' title="bbox 205 2659 1782 2731; baseline 0.001 -15"><span class='ocrx_word' id='word_1_173' title='bbox 205 2662 348 2716; x_wconf 90' lang='lat' dir='ltr'><strong>niori</strong></span> <span class='ocrx_word' id='word_1_174' title='bbox 393 2659 698 2726; x_wconf 76' lang='lat' dir='ltr'><strong>Michaele;</strong></span> <span class='ocrx_word' id='word_1_175' title='bbox 732 2662 962 2731; x_wconf 81' lang='lat' dir='ltr'><strong>idquue</strong></span> <span class='ocrx_word' id='word_1_176' title='bbox 993 2661 1150 2716; x_wconf 88' lang='lat' dir='ltr'><strong>istaut</strong></span> <span class='ocrx_word' id='word_1_177' title='bbox 1213 2661 1574 2717; x_wconf 74' lang='lat' dir='ltr'><strong>dinei-entiam</strong></span> <span class='ocrx_word' id='word_1_178' title='bbox 1615 2678 1782 2731; x_wconf 86' lang='lat' dir='ltr'><strong>expo-</strong></span> 
     </span>
    </p>
   </div>
   <div class='ocr_carea' id='block_1_28' title="bbox 205 2753 1781 2812">
    <p class='ocr_par' dir='ltr' id='par_1_28' title="bbox 205 2753 1781 2812">
     <span class='ocr_line' id='line_1_28' title="bbox 205 2753 1781 2812; baseline 0 -2"><span class='ocrx_word' id='word_1_179' title='bbox 205 2770 334 2810; x_wconf 86' lang='lat' dir='ltr'><strong>nam</strong></span> <span class='ocrx_word' id='word_1_180' title='bbox 367 2755 696 2812; x_wconf 89' lang='lat' dir='ltr'><strong>distinctius.</strong></span> <span class='ocrx_word' id='word_1_181' title='bbox 738 2753 935 2810; x_wconf 84' lang='lat' dir='ltr'><strong>Scribit</strong></span> <span class='ocrx_word' id='word_1_182' title='bbox 977 2754 1077 2808; x_wconf 87' lang='lat' dir='ltr'><strong>hoc</strong></span> <span class='ocrx_word' id='word_1_183' title='bbox 1107 2755 1224 2809; x_wconf 89' lang='lat' dir='ltr'><strong>loco</strong></span> <span class='ocrx_word' id='word_1_184' title='bbox 1257 2756 1469 2810; x_wconf 84' lang='lat' dir='ltr'><strong>laudato</strong></span> <span class='ocrx_word' id='word_1_185' title='bbox 1503 2754 1781 2811; x_wconf 81' lang='lat' dir='ltr'><strong>&#39;Cantacu-</strong></span> 
     </span>
    </p>
   </div>
   <div class='ocr_carea' id='block_1_29' title="bbox 207 2847 1784 2920">
    <p class='ocr_par' dir='ltr' id='par_1_29' title="bbox 207 2847 1784 2920">
     <span class='ocr_line' id='line_1_29' title="bbox 207 2847 1784 2920; baseline 0 -18"><span class='ocrx_word' id='word_1_186' title='bbox 207 2864 381 2903; x_wconf 83' lang='lat' dir='ltr'><strong>zcttus</strong></span> <span class='ocrx_word' id='word_1_187' title='bbox 416 2865 430 2901; x_wconf 90' lang='lat'><strong>:</strong></span> <span class='ocrx_word' id='word_1_188' title='bbox 464 2847 568 2902; x_wconf 82' lang='grc' dir='ltr'>Τοῦ</span> <span class='ocrx_word' id='word_1_189' title='bbox 599 2847 886 2918; x_wconf 77' lang='grc' dir='ltr'>μέλλοντος</span> <span class='ocrx_word' id='word_1_190' title='bbox 923 2847 1321 2919; x_wconf 79' lang='grc' dir='ltr'><strong>χρισθήσεσοαι</strong></span> <span class='ocrx_word' id='word_1_191' title='bbox 1369 2848 1638 2920; x_wconf 67' lang='grc' dir='ltr'><strong>βασιλέως</strong></span> <span class='ocrx_word' id='word_1_192' title='bbox 1691 2852 1784 2903; x_wconf 77' lang='grc' dir='ltr'><strong>ἐπὶ</strong></span> 
     </span>
    </p>
   </div>
   <div class='ocr_carea' id='block_1_30' title="bbox 207 2940 1783 3015">
    <p class='ocr_par' dir='ltr' id='par_1_30' title="bbox 207 2940 1783 3015">
     <span class='ocr_line' id='line_1_30' title="bbox 207 2940 1783 3015; baseline 0.001 -19"><span class='ocrx_word' id='word_1_193' title='bbox 207 2940 444 3004; x_wconf 80' lang='grc' dir='ltr'><strong>ἀσπίδος</strong></span> <span class='ocrx_word' id='word_1_194' title='bbox 503 2940 888 3008; x_wconf 74' lang='grc' dir='ltr'><strong>καθεσθέντος,</strong></span> <span class='ocrx_word' id='word_1_195' title='bbox 941 2942 968 2994; x_wconf 83' lang='grc' dir='ltr'>ὁ</span> <span class='ocrx_word' id='word_1_196' title='bbox 1002 2940 1260 3012; x_wconf 71' lang='grc' dir='ltr'><strong>βασιλεὺς</strong></span> <span class='ocrx_word' id='word_1_197' title='bbox 1307 2943 1402 2995; x_wconf 71' lang='grc' dir='ltr'><strong>καὶ</strong></span> <span class='ocrx_word' id='word_1_198' title='bbox 1459 2943 1642 3015; x_wconf 71' lang='grc' dir='ltr'><strong>πατὴρ</strong></span> <span class='ocrx_word' id='word_1_199' title='bbox 1687 2943 1783 2998; x_wconf 82' lang='grc' dir='ltr'>τοῦ</span> 
     </span>
    </p>
   </div>
   <div class='ocr_carea' id='block_1_31' title="bbox 205 3034 1782 3107">
    <p class='ocr_par' dir='ltr' id='par_1_31' title="bbox 205 3034 1782 3107">
     <span class='ocr_line' id='line_1_31' title="bbox 205 3034 1782 3107; baseline 0 -16"><span class='ocrx_word' id='word_1_200' title='bbox 205 3035 713 3106; x_wconf 69' lang='grc' dir='ltr'><strong>ἁναγοριυομένου,</strong></span> <span class='ocrx_word' id='word_1_201' title='bbox 746 3035 800 3089; x_wconf 81' lang='grc' dir='ltr'><strong>ετ</strong></span> <span class='ocrx_word' id='word_1_202' title='bbox 835 3052 898 3104; x_wconf 77' lang='grc' dir='ltr'><strong>γι</strong></span> <span class='ocrx_word' id='word_1_203' title='bbox 921 3034 1189 3105; x_wconf 74' lang='grc' dir='ltr'><strong>περίεστε,</strong></span> <span class='ocrx_word' id='word_1_204' title='bbox 1221 3035 1314 3088; x_wconf 73' lang='grc' dir='ltr'><strong>καὶ</strong></span> <span class='ocrx_word' id='word_1_205' title='bbox 1347 3035 1374 3086; x_wconf 83' lang='grc'>6</span> <span class='ocrx_word' id='word_1_206' title='bbox 1409 3036 1782 3107; x_wconf 76' lang='grc' dir='ltr'><strong>πατριάρχης,</strong></span> 
     </span>
    </p>
   </div>
   <div class='ocr_carea' id='block_1_32' title="bbox 207 3127 1787 3202">
    <p class='ocr_par' dir='ltr' id='par_1_32' title="bbox 207 3127 1787 3202">
     <span class='ocr_line' id='line_1_32' title="bbox 207 3127 1787 3202; baseline -0.001 -18"><span class='ocrx_word' id='word_1_207' title='bbox 207 3129 323 3185; x_wconf 78' lang='grc' dir='ltr'><strong>τῶν</strong></span> <span class='ocrx_word' id='word_1_208' title='bbox 349 3130 703 3202; x_wconf 73' lang='grc' dir='ltr'><strong>ἐμπροσθίων</strong></span> <span class='ocrx_word' id='word_1_209' title='bbox 730 3128 915 3202; x_wconf 78' lang='grc' dir='ltr'><strong>μερῶν</strong></span> <span class='ocrx_word' id='word_1_210' title='bbox 969 3127 1476 3198; x_wconf 74' lang='grc' dir='ltr'><strong>ἐπιλαμὸανόμενοι</strong></span> <span class='ocrx_word' id='word_1_211' title='bbox 1501 3132 1601 3200; x_wconf 77' lang='grc' dir='ltr'><strong>τῆς</strong></span> <span class='ocrx_word' id='word_1_212' title='bbox 1623 3131 1787 3184; x_wconf 79' lang='grc' dir='ltr'>ἀσπι-</span> 
     </span>
    </p>
   </div>
   <div class='ocr_carea' id='block_1_33' title="bbox 207 3221 1782 3294">
    <p class='ocr_par' dir='ltr' id='par_1_33' title="bbox 207 3221 1782 3294">
     <span class='ocr_line' id='line_1_33' title="bbox 207 3221 1782 3294; baseline -0.003 -14"><span class='ocrx_word' id='word_1_213' title='bbox 207 3225 323 3290; x_wconf 74' lang='grc' dir='ltr'><strong>8ος,</strong></span> <span class='ocrx_word' id='word_1_214' title='bbox 353 3223 465 3278; x_wconf 85' lang='grc' dir='ltr'><strong>τῶν</strong></span> <span class='ocrx_word' id='word_1_215' title='bbox 488 3222 532 3277; x_wconf 81' lang='grc' dir='ltr'><strong>δ’</strong></span> <span class='ocrx_word' id='word_1_216' title='bbox 565 3223 866 3277; x_wconf 72' lang='grc' dir='ltr'><strong>ἐπιλοίπων</strong></span> <span class='ocrx_word' id='word_1_217' title='bbox 891 3222 938 3276; x_wconf 83' lang='lat' dir='ltr'><strong>oi</strong></span> <span class='ocrx_word' id='word_1_218' title='bbox 971 3223 1029 3275; x_wconf 78' lang='grc' dir='ltr'>ὲν</span> <span class='ocrx_word' id='word_1_219' title='bbox 1059 3221 1368 3293; x_wconf 75' lang='grc' dir='ltr'><strong>ἀξιώμασιν</strong></span> <span class='ocrx_word' id='word_1_220' title='bbox 1399 3222 1782 3294; x_wconf 78' lang='grc' dir='ltr'><strong>ὑπερέχοντες,</strong></span> 
     </span>
    </p>
   </div>
   <div class='ocr_carea' id='block_1_34' title="bbox 1868 619 3438 689">
    <p class='ocr_par' dir='ltr' id='par_1_34' title="bbox 1868 619 3438 689">
     <span class='ocr_line' id='line_1_34' title="bbox 1868 619 3438 689; baseline 0.003 -17"><span class='ocrx_word' id='word_1_221' title='bbox 1868 620 2011 689; x_wconf 90' lang='lat' dir='ltr'><strong>quod</strong></span> <span class='ocrx_word' id='word_1_222' title='bbox 2046 619 2274 673; x_wconf 81' lang='lat' dir='ltr'><strong>viderint</strong></span> <span class='ocrx_word' id='word_1_223' title='bbox 2336 619 2440 673; x_wconf 87' lang='lat' dir='ltr'><strong>lidc</strong></span> <span class='ocrx_word' id='word_1_224' title='bbox 2464 619 2664 685; x_wconf 83' lang='lat' dir='ltr'><strong>optima</strong></span> <span class='ocrx_word' id='word_1_225' title='bbox 2711 634 2986 674; x_wconf 87' lang='lat' dir='ltr'><strong>narrasse.</strong></span> <span class='ocrx_word' id='word_1_226' title='bbox 3039 619 3270 675; x_wconf 86' lang='lat' dir='ltr'><strong>Tantum</strong></span> <span class='ocrx_word' id='word_1_227' title='bbox 3318 622 3438 676; x_wconf 88' lang='lat' dir='ltr'><strong>aui-</strong></span> 
     </span>
    </p>
   </div>
   <div class='ocr_carea' id='block_1_35' title="bbox 1872 711 3436 784">
    <p class='ocr_par' dir='ltr' id='par_1_35' title="bbox 1872 711 3436 784">
     <span class='ocr_line' id='line_1_35' title="bbox 1872 711 3436 784; baseline 0.006 -20"><span class='ocrx_word' id='word_1_228' title='bbox 1872 712 2342 778; x_wconf 82' lang='lat' dir='ltr'><strong>tnadvertendtnn,</strong></span> <span class='ocrx_word' id='word_1_229' title='bbox 2369 712 2506 768; x_wconf 80' lang='lat' dir='ltr'><strong>duas</strong></span> <span class='ocrx_word' id='word_1_230' title='bbox 2537 711 2843 770; x_wconf 79' lang='lat' dir='ltr'><strong>functiones</strong></span> <span class='ocrx_word' id='word_1_231' title='bbox 2870 729 2973 767; x_wconf 87' lang='lat' dir='ltr'><strong>una</strong></span> <span class='ocrx_word' id='word_1_232' title='bbox 2997 723 3050 767; x_wconf 88' lang='lat' dir='ltr'><strong>et</strong></span> <span class='ocrx_word' id='word_1_233' title='bbox 3077 715 3162 770; x_wconf 89' lang='lat' dir='ltr'><strong>die</strong></span> <span class='ocrx_word' id='word_1_234' title='bbox 3192 723 3247 770; x_wconf 91' lang='lat' dir='ltr'><strong>et</strong></span> <span class='ocrx_word' id='word_1_235' title='bbox 3274 730 3436 784; x_wconf 83' lang='lat' dir='ltr'><strong>opera</strong></span> 
     </span>
    </p>
   </div>
   <div class='ocr_carea' id='block_1_36' title="bbox 1871 804 3439 878">
    <p class='ocr_par' dir='ltr' id='par_1_36' title="bbox 1871 804 3439 878">
     <span class='ocr_line' id='line_1_36' title="bbox 1871 804 3439 878; baseline 0.005 -20"><span class='ocrx_word' id='word_1_236' title='bbox 1871 806 1922 858; x_wconf 91' lang='lat' dir='ltr'><strong>in</strong></span> <span class='ocrx_word' id='word_1_237' title='bbox 1973 806 2288 860; x_wconf 89' lang='lat' dir='ltr'><strong>Andronico</strong></span> <span class='ocrx_word' id='word_1_238' title='bbox 2340 804 2564 860; x_wconf 83' lang='lat' dir='ltr'><strong>Juniore</strong></span> <span class='ocrx_word' id='word_1_239' title='bbox 2610 806 2901 874; x_wconf 82' lang='lat' dir='ltr'><strong>exercitas,</strong></span> <span class='ocrx_word' id='word_1_240' title='bbox 2948 810 3334 878; x_wconf 82' lang='lat' dir='ltr'><strong>assumptionis</strong></span> <span class='ocrx_word' id='word_1_241' title='bbox 3384 811 3439 866; x_wconf 83' lang='lat' dir='ltr'><strong>in</strong></span> 
     </span>
    </p>
   </div>
   <div class='ocr_carea' id='block_1_37' title="bbox 1871 897 3442 974">
    <p class='ocr_par' dir='ltr' id='par_1_37' title="bbox 1871 897 3442 974">
     <span class='ocr_line' id='line_1_37' title="bbox 1871 897 3442 974; baseline 0.005 -23"><span class='ocrx_word' id='word_1_242' title='bbox 1871 897 2157 966; x_wconf 89' lang='lat' dir='ltr'><strong>imperium</strong></span> <span class='ocrx_word' id='word_1_243' title='bbox 2209 907 2264 952; x_wconf 89' lang='lat' dir='ltr'><strong>et</strong></span> <span class='ocrx_word' id='word_1_244' title='bbox 2309 900 2697 961; x_wconf 82' lang='lat' dir='ltr'><strong>coronatiOnis.</strong></span> <span class='ocrx_word' id='word_1_245' title='bbox 2737 901 2793 955; x_wconf 90' lang='lat' dir='ltr'><strong>in</strong></span> <span class='ocrx_word' id='word_1_246' title='bbox 2825 901 3084 956; x_wconf 80' lang='lat' dir='ltr'><strong>Michaele</strong></span> <span class='ocrx_word' id='word_1_247' title='bbox 3123 902 3266 958; x_wconf 87' lang='lat' dir='ltr'><strong>dicta</strong></span> <span class='ocrx_word' id='word_1_248' title='bbox 3317 904 3442 974; x_wconf 85' lang='lat' dir='ltr'><strong>qui-</strong></span> 
     </span>
    </p>
   </div>
   <div class='ocr_carea' id='block_1_38' title="bbox 1873 989 3440 1066">
    <p class='ocr_par' dir='ltr' id='par_1_38' title="bbox 1873 989 3440 1066">
     <span class='ocr_line' id='line_1_38' title="bbox 1873 989 3440 1066; baseline 0.007 -24"><span class='ocrx_word' id='word_1_249' title='bbox 1873 991 1996 1044; x_wconf 86' lang='lat' dir='ltr'><strong>dem</strong></span> <span class='ocrx_word' id='word_1_250' title='bbox 2029 991 2113 1045; x_wconf 90' lang='lat' dir='ltr'><strong>die</strong></span> <span class='ocrx_word' id='word_1_251' title='bbox 2145 989 2263 1045; x_wconf 80' lang='lat' dir='ltr'><strong>Maii</strong></span> <span class='ocrx_word' id='word_1_252' title='bbox 2293 990 2356 1046; x_wconf 75' lang='lat'><strong>2!</strong></span> <span class='ocrx_word' id='word_1_253' title='bbox 2389 991 2614 1048; x_wconf 85' lang='lat' dir='ltr'><strong>alteram</strong></span> <span class='ocrx_word' id='word_1_254' title='bbox 2643 995 2925 1060; x_wconf 75' lang='lat' dir='ltr'><strong>duntaxat,</strong></span> <span class='ocrx_word' id='word_1_255' title='bbox 2968 1011 3162 1066; x_wconf 86' lang='lat' dir='ltr'><strong>nempe</strong></span> <span class='ocrx_word' id='word_1_256' title='bbox 3205 1012 3440 1053; x_wconf 85' lang='lat' dir='ltr'><strong>corona-</strong></span> 
     </span>
    </p>
   </div>
   <div class='ocr_carea' id='block_1_39' title="bbox 1874 1081 3444 1160">
    <p class='ocr_par' dir='ltr' id='par_1_39' title="bbox 1874 1081 3444 1160">
     <span class='ocr_line' id='line_1_39' title="bbox 1874 1081 3444 1160; baseline 0.008 -24"><span class='ocrx_word' id='word_1_257' title='bbox 1874 1081 2094 1148; x_wconf 88' lang='lat' dir='ltr'><strong>tionem,</strong></span> <span class='ocrx_word' id='word_1_258' title='bbox 2125 1099 2246 1138; x_wconf 91' lang='lat' dir='ltr'><strong>cum</strong></span> <span class='ocrx_word' id='word_1_259' title='bbox 2274 1084 2387 1153; x_wconf 90' lang='lat' dir='ltr'><strong>jam</strong></span> <span class='ocrx_word' id='word_1_260' title='bbox 2412 1085 2709 1156; x_wconf 80' lang='lat' dir='ltr'><strong>assumptio</strong></span> <span class='ocrx_word' id='word_1_261' title='bbox 2738 1103 2880 1142; x_wconf 90' lang='lat' dir='ltr'><strong>anno</strong></span> <span class='ocrx_word' id='word_1_262' title='bbox 2911 1089 3184 1158; x_wconf 84' lang='lat' dir='ltr'><strong>superiori</strong></span> <span class='ocrx_word' id='word_1_263' title='bbox 3211 1105 3444 1160; x_wconf 70' lang='lat' dir='ltr'><strong>princes-</strong></span> 
     </span>
    </p>
   </div>
   <div class='ocr_carea' id='block_1_40' title="bbox 1873 1177 3445 1254">
    <p class='ocr_par' dir='ltr' id='par_1_40' title="bbox 1873 1177 3445 1254">
     <span class='ocr_line' id='line_1_40' title="bbox 1873 1177 3445 1254; baseline 0.006 -23"><span class='ocrx_word' id='word_1_264' title='bbox 1873 1178 2076 1242; x_wconf 83' lang='lat' dir='ltr'><strong>sisset;</strong></span> <span class='ocrx_word' id='word_1_265' title='bbox 2131 1177 2181 1231; x_wconf 92' lang='lat' dir='ltr'><strong>id</strong></span> <span class='ocrx_word' id='word_1_266' title='bbox 2212 1178 2352 1241; x_wconf 85' lang='lat' dir='ltr'><strong>quod</strong></span> <span class='ocrx_word' id='word_1_267' title='bbox 2382 1179 2635 1233; x_wconf 84' lang='lat' dir='ltr'><strong>distincte</strong></span> <span class='ocrx_word' id='word_1_268' title='bbox 2676 1181 2894 1250; x_wconf 85' lang='lat' dir='ltr'><strong>quidem</strong></span> <span class='ocrx_word' id='word_1_269' title='bbox 2929 1181 3018 1237; x_wconf 86' lang='lat' dir='ltr'><strong>ltic</strong></span> <span class='ocrx_word' id='word_1_270' title='bbox 3047 1197 3152 1237; x_wconf 90' lang='lat' dir='ltr'><strong>non</strong></span> <span class='ocrx_word' id='word_1_271' title='bbox 3184 1183 3445 1254; x_wconf 78' lang='lat' dir='ltr'><strong>exprimit</strong></span> 
     </span>
    </p>
   </div>
   <div class='ocr_carea' id='block_1_41' title="bbox 1877 1269 3439 1341">
    <p class='ocr_par' dir='ltr' id='par_1_41' title="bbox 1877 1269 3439 1341">
     <span class='ocr_line' id='line_1_41' title="bbox 1877 1269 3439 1341; baseline 0.005 -18"><span class='ocrx_word' id='word_1_272' title='bbox 1877 1269 2258 1340; x_wconf 80' lang='lat' dir='ltr'><strong>Pachymeres,</strong></span> <span class='ocrx_word' id='word_1_273' title='bbox 2308 1272 2435 1326; x_wconf 83' lang='lat' dir='ltr'><strong>alibi</strong></span> <span class='ocrx_word' id='word_1_274' title='bbox 2469 1280 2646 1327; x_wconf 82' lang='lat' dir='ltr'><strong>tamen</strong></span> <span class='ocrx_word' id='word_1_275' title='bbox 2693 1273 2951 1341; x_wconf 86' lang='lat' dir='ltr'><strong>insinuat,</strong></span> <span class='ocrx_word' id='word_1_276' title='bbox 2996 1273 3080 1329; x_wconf 83' lang='lat' dir='ltr'><strong>vel</strong></span> <span class='ocrx_word' id='word_1_277' title='bbox 3111 1274 3165 1329; x_wconf 87' lang='lat' dir='ltr'><strong>in</strong></span> <span class='ocrx_word' id='word_1_278' title='bbox 3200 1274 3354 1331; x_wconf 88' lang='lat' dir='ltr'><strong>titulo</strong></span> <span class='ocrx_word' id='word_1_279' title='bbox 3386 1291 3439 1332; x_wconf 90' lang='lat' dir='ltr'><strong>c.</strong></span> 
     </span>
    </p>
   </div>
   <div class='ocr_carea' id='block_1_42' title="bbox 1874 1359 3442 1438">
    <p class='ocr_par' dir='ltr' id='par_1_42' title="bbox 1874 1359 3442 1438">
     <span class='ocr_line' id='line_1_42' title="bbox 1874 1359 3442 1438; baseline 0.008 -21"><span class='ocrx_word' id='word_1_280' title='bbox 1874 1359 1930 1424; x_wconf 70' lang='grc'><strong>6,</strong></span> <span class='ocrx_word' id='word_1_281' title='bbox 1960 1362 1998 1417; x_wconf 88' lang='grc' dir='ltr'>ι.</span> <span class='ocrx_word' id='word_1_282' title='bbox 2033 1377 2114 1429; x_wconf 88' lang='grc' dir='ltr'>ιιι,</span> <span class='ocrx_word' id='word_1_283' title='bbox 2150 1363 2238 1418; x_wconf 88' lang='lat' dir='ltr'><strong>ubi</strong></span> <span class='ocrx_word' id='word_1_284' title='bbox 2269 1363 2581 1420; x_wconf 68' lang='lat' dir='ltr'><strong>llicltaelem</strong></span> <span class='ocrx_word' id='word_1_285' title='bbox 2622 1366 2732 1437; x_wconf 87' lang='lat' dir='ltr'><strong>jam</strong></span> <span class='ocrx_word' id='word_1_286' title='bbox 2767 1377 2880 1423; x_wconf 89' lang='lat' dir='ltr'><strong>tum</strong></span> <span class='ocrx_word' id='word_1_287' title='bbox 2914 1371 3129 1438; x_wconf 85' lang='lat' dir='ltr'><strong>quando</strong></span> <span class='ocrx_word' id='word_1_288' title='bbox 3159 1386 3354 1438; x_wconf 82' lang='lat' dir='ltr'><strong>sponsa</strong></span> <span class='ocrx_word' id='word_1_289' title='bbox 3389 1372 3442 1429; x_wconf 86' lang='lat' dir='ltr'><strong>ei</strong></span> 
     </span>
    </p>
   </div>
   <div class='ocr_carea' id='block_1_43' title="bbox 1875 1455 3447 1532">
    <p class='ocr_par' dir='ltr' id='par_1_43' title="bbox 1875 1455 3447 1532">
     <span class='ocr_line' id='line_1_43' title="bbox 1875 1455 3447 1532; baseline 0.012 -28"><span class='ocrx_word' id='word_1_290' title='bbox 1875 1455 2044 1522; x_wconf 64' lang='lat' dir='ltr'><strong>qttabr&#39;t</strong></span> <span class='ocrx_word' id='word_1_291' title='bbox 2077 1465 2162 1509; x_wconf 85' lang='lat' dir='ltr'><strong>est</strong></span> <span class='ocrx_word' id='word_1_292' title='bbox 2193 1466 2368 1525; x_wconf 73' lang='lat' dir='ltr'><strong>empta</strong></span> <span class='ocrx_word' id='word_1_293' title='bbox 2405 1461 2569 1527; x_wconf 86' lang='lat' dir='ltr'><strong>(quod</strong></span> <span class='ocrx_word' id='word_1_294' title='bbox 2601 1457 2758 1530; x_wconf 76' lang='lat' dir='ltr'><strong>longe</strong></span> <span class='ocrx_word' id='word_1_295' title='bbox 2785 1470 2911 1516; x_wconf 85' lang='lat' dir='ltr'><strong>ante</strong></span> <span class='ocrx_word' id='word_1_296' title='bbox 2943 1462 3044 1518; x_wconf 88' lang='lat' dir='ltr'><strong>hoc</strong></span> <span class='ocrx_word' id='word_1_297' title='bbox 3078 1472 3286 1532; x_wconf 88' lang='lat' dir='ltr'><strong>tempus</strong></span> <span class='ocrx_word' id='word_1_298' title='bbox 3316 1480 3447 1522; x_wconf 88' lang='lat' dir='ltr'><strong>con-</strong></span> 
     </span>
    </p>
   </div>
   <div class='ocr_carea' id='block_1_44' title="bbox 1879 1545 3442 1624">
    <p class='ocr_par' dir='ltr' id='par_1_44' title="bbox 1879 1545 3442 1624">
     <span class='ocr_line' id='line_1_44' title="bbox 1879 1545 3442 1624; baseline 0.009 -25"><span class='ocrx_word' id='word_1_299' title='bbox 1879 1547 2018 1618; x_wconf 70' lang='lat' dir='ltr'><strong>tigit)</strong></span> <span class='ocrx_word' id='word_1_300' title='bbox 2069 1545 2369 1618; x_wconf 74' lang='lat' dir='ltr'><strong>Augustum</strong></span> <span class='ocrx_word' id='word_1_301' title='bbox 2402 1549 2679 1606; x_wconf 71' lang='lat' dir='ltr'><strong>iuniorem</strong></span> <span class='ocrx_word' id='word_1_302' title='bbox 2735 1562 2914 1618; x_wconf 82' lang='lat' dir='ltr'><strong>vocat,</strong></span> <span class='ocrx_word' id='word_1_303' title='bbox 2959 1554 3043 1609; x_wconf 79' lang='lat' dir='ltr'><strong>vel</strong></span> <span class='ocrx_word' id='word_1_304' title='bbox 3079 1569 3129 1610; x_wconf 85' lang='lat' dir='ltr'><strong>c.</strong></span> <span class='ocrx_word' id='word_1_305' title='bbox 3171 1556 3225 1623; x_wconf 81' lang='grc' dir='ltr'><strong>Ι,</strong></span> <span class='ocrx_word' id='word_1_306' title='bbox 3273 1555 3312 1612; x_wconf 93' lang='grc' dir='ltr'><strong>Ι.</strong></span> <span class='ocrx_word' id='word_1_307' title='bbox 3345 1571 3442 1624; x_wconf 79' lang='lat' dir='ltr'><strong>vn,</strong></span> 
     </span>
    </p>
   </div>
   <div class='ocr_carea' id='block_1_45' title="bbox 1877 1640 3441 1704">
    <p class='ocr_par' dir='ltr' id='par_1_45' title="bbox 1877 1640 3441 1704">
     <span class='ocr_line' id='line_1_45' title="bbox 1877 1640 3441 1704; baseline 0.006 -11"><span class='ocrx_word' id='word_1_308' title='bbox 1877 1642 1969 1694; x_wconf 84' lang='lat' dir='ltr'><strong>ubi</strong></span> <span class='ocrx_word' id='word_1_309' title='bbox 2003 1640 2298 1697; x_wconf 88' lang='lat' dir='ltr'><strong>Andronici</strong></span> <span class='ocrx_word' id='word_1_310' title='bbox 2331 1657 2529 1696; x_wconf 89' lang='lat' dir='ltr'><strong>annum</strong></span> <span class='ocrx_word' id='word_1_311' title='bbox 2567 1643 2886 1699; x_wconf 83' lang='lat' dir='ltr'><strong>vicesimum</strong></span> <span class='ocrx_word' id='word_1_312' title='bbox 2935 1646 3156 1702; x_wconf 90' lang='lat' dir='ltr'><strong>tertium</strong></span> <span class='ocrx_word' id='word_1_313' title='bbox 3188 1662 3314 1704; x_wconf 90' lang='lat' dir='ltr'><strong>cum</strong></span> <span class='ocrx_word' id='word_1_314' title='bbox 3339 1648 3441 1703; x_wconf 67' lang='grc' dir='ltr'><strong>Μία</strong></span> 
     </span>
    </p>
   </div>
   <div class='ocr_carea' id='block_1_46' title="bbox 1879 1733 3449 1807">
    <p class='ocr_par' dir='ltr' id='par_1_46' title="bbox 1879 1733 3449 1807">
     <span class='ocr_line' id='line_1_46' title="bbox 1879 1733 3449 1807; baseline 0.008 -24"><span class='ocrx_word' id='word_1_315' title='bbox 1879 1733 2083 1787; x_wconf 81' lang='lat' dir='ltr'><strong>rhaelis</strong></span> <span class='ocrx_word' id='word_1_316' title='bbox 2113 1733 2436 1790; x_wconf 88' lang='lat' dir='ltr'><strong>duodecimo</strong></span> <span class='ocrx_word' id='word_1_317' title='bbox 2481 1736 2822 1793; x_wconf 78' lang='lat' dir='ltr'><strong>coiicurrisse</strong></span> <span class='ocrx_word' id='word_1_318' title='bbox 2847 1738 2944 1803; x_wconf 87' lang='lat' dir='ltr'><strong>ait,</strong></span> <span class='ocrx_word' id='word_1_319' title='bbox 2978 1751 3137 1807; x_wconf 91' lang='lat' dir='ltr'><strong>prout</strong></span> <span class='ocrx_word' id='word_1_320' title='bbox 3197 1741 3324 1796; x_wconf 84' lang='lat' dir='ltr'><strong>alibi</strong></span> <span class='ocrx_word' id='word_1_321' title='bbox 3365 1740 3449 1796; x_wconf 85' lang='lat' dir='ltr'><strong>l&#39;u-</strong></span> 
     </span>
    </p>
   </div>
   <div class='ocr_carea' id='block_1_47' title="bbox 1879 1822 3449 1895">
    <p class='ocr_par' dir='ltr' id='par_1_47' title="bbox 1879 1822 3449 1895">
     <span class='ocr_line' id='line_1_47' title="bbox 1879 1822 3449 1895; baseline 0.008 -21"><span class='ocrx_word' id='word_1_322' title='bbox 1879 1822 1992 1876; x_wconf 90' lang='lat' dir='ltr'><strong>sius</strong></span> <span class='ocrx_word' id='word_1_323' title='bbox 2037 1823 2449 1892; x_wconf 83' lang='lat' dir='ltr'><strong>explicabimus,</strong></span> <span class='ocrx_word' id='word_1_324' title='bbox 2493 1825 2718 1882; x_wconf 81' lang='lat' dir='ltr'><strong>Observ.</strong></span> <span class='ocrx_word' id='word_1_325' title='bbox 2756 1829 2791 1882; x_wconf 92' lang='grc' dir='ltr'><strong>Ι.</strong></span> <span class='ocrx_word' id='word_1_326' title='bbox 2841 1843 2926 1895; x_wconf 78' lang='grc' dir='ltr'>ιιι,</span> <span class='ocrx_word' id='word_1_327' title='bbox 2954 1844 3002 1883; x_wconf 80' lang='lat' dir='ltr'><strong>c.</strong></span> <span class='ocrx_word' id='word_1_328' title='bbox 3041 1831 3096 1885; x_wconf 91' lang='grc'><strong>5.</strong></span> <span class='ocrx_word' id='word_1_329' title='bbox 3127 1827 3241 1884; x_wconf 79' lang='lat' dir='ltr'><strong>Non</strong></span> <span class='ocrx_word' id='word_1_330' title='bbox 3278 1830 3449 1887; x_wconf 78' lang='lat' dir='ltr'><strong>fuisse</strong></span> 
     </span>
    </p>
   </div>
   <div class='ocr_carea' id='block_1_48' title="bbox 1882 1917 3447 1987">
    <p class='ocr_par' dir='ltr' id='par_1_48' title="bbox 1882 1917 3447 1987">
     <span class='ocr_line' id='line_1_48' title="bbox 1882 1917 3447 1987; baseline 0.01 -21"><span class='ocrx_word' id='word_1_331' title='bbox 1882 1925 2058 1970; x_wconf 83' lang='lat' dir='ltr'><strong>autem</strong></span> <span class='ocrx_word' id='word_1_332' title='bbox 2089 1917 2193 1972; x_wconf 88' lang='lat' dir='ltr'><strong>rite</strong></span> <span class='ocrx_word' id='word_1_333' title='bbox 2228 1930 2560 1987; x_wconf 89' lang='lat' dir='ltr'><strong>assumptum</strong></span> <span class='ocrx_word' id='word_1_334' title='bbox 2605 1922 2673 1977; x_wconf 86' lang='lat' dir='ltr'><strong>ab</strong></span> <span class='ocrx_word' id='word_1_335' title='bbox 2719 1922 3030 1981; x_wconf 79' lang='lat' dir='ltr'><strong>AndrOnico</strong></span> <span class='ocrx_word' id='word_1_336' title='bbox 3071 1939 3170 1980; x_wconf 86' lang='lat' dir='ltr'><strong>avo</strong></span> <span class='ocrx_word' id='word_1_337' title='bbox 3219 1924 3274 1980; x_wconf 88' lang='lat' dir='ltr'><strong>in</strong></span> <span class='ocrx_word' id='word_1_338' title='bbox 3316 1942 3447 1984; x_wconf 90' lang='lat' dir='ltr'><strong>con-</strong></span> 
     </span>
    </p>
   </div>
   <div class='ocr_carea' id='block_1_49' title="bbox 1881 2011 3441 2082">
    <p class='ocr_par' dir='ltr' id='par_1_49' title="bbox 1881 2011 3441 2082">
     <span class='ocr_line' id='line_1_49' title="bbox 1881 2011 3441 2082; baseline 0.008 -20"><span class='ocrx_word' id='word_1_339' title='bbox 1881 2011 2108 2064; x_wconf 84' lang='lat' dir='ltr'><strong>sortium</strong></span> <span class='ocrx_word' id='word_1_340' title='bbox 2141 2012 2354 2081; x_wconf 89' lang='lat' dir='ltr'><strong>imperii</strong></span> <span class='ocrx_word' id='word_1_341' title='bbox 2380 2014 2750 2071; x_wconf 87' lang='lat' dir='ltr'><strong>Andronicum</strong></span> <span class='ocrx_word' id='word_1_342' title='bbox 2780 2016 3081 2082; x_wconf 81' lang='lat' dir='ltr'><strong>Juniorem,</strong></span> <span class='ocrx_word' id='word_1_343' title='bbox 3109 2019 3206 2076; x_wconf 84' lang='lat' dir='ltr'><strong>sed</strong></span> <span class='ocrx_word' id='word_1_344' title='bbox 3234 2027 3441 2074; x_wconf 87' lang='lat' dir='ltr'><strong>tantum</strong></span> 
     </span>
    </p>
   </div>
   <div class='ocr_carea' id='block_1_50' title="bbox 1882 2101 3443 2179">
    <p class='ocr_par' dir='ltr' id='par_1_50' title="bbox 1882 2101 3443 2179">
     <span class='ocr_line' id='line_1_50' title="bbox 1882 2101 3443 2179; baseline 0.006 -25"><span class='ocrx_word' id='word_1_345' title='bbox 1882 2101 2254 2170; x_wconf 72' lang='lat' dir='ltr'><strong>designatione</strong></span> <span class='ocrx_word' id='word_1_346' title='bbox 2285 2103 2471 2170; x_wconf 90' lang='lat' dir='ltr'><strong>tacita,</strong></span> <span class='ocrx_word' id='word_1_347' title='bbox 2510 2106 2634 2160; x_wconf 89' lang='lat' dir='ltr'><strong>dum</strong></span> <span class='ocrx_word' id='word_1_348' title='bbox 2664 2106 2794 2161; x_wconf 89' lang='lat' dir='ltr'><strong>vixit</strong></span> <span class='ocrx_word' id='word_1_349' title='bbox 2829 2107 2947 2177; x_wconf 82' lang='lat' dir='ltr'><strong>ejus</strong></span> <span class='ocrx_word' id='word_1_350' title='bbox 2995 2117 3150 2179; x_wconf 85' lang='lat' dir='ltr'><strong>pater</strong></span> <span class='ocrx_word' id='word_1_351' title='bbox 3192 2108 3443 2176; x_wconf 70' lang='lat' dir='ltr'><strong>Michael,</strong></span> 
     </span>
    </p>
   </div>
   <div class='ocr_carea' id='block_1_51' title="bbox 1882 2196 3450 2269">
    <p class='ocr_par' dir='ltr' id='par_1_51' title="bbox 1882 2196 3450 2269">
     <span class='ocr_line' id='line_1_51' title="bbox 1882 2196 3450 2269; baseline 0.008 -21"><span class='ocrx_word' id='word_1_352' title='bbox 1882 2206 1936 2248; x_wconf 79' lang='grc' dir='ltr'><strong>ιιι</strong></span> <span class='ocrx_word' id='word_1_353' title='bbox 1979 2196 2245 2250; x_wconf 70' lang='lat' dir='ltr'><strong>haeredem</strong></span> <span class='ocrx_word' id='word_1_354' title='bbox 2301 2197 2510 2264; x_wconf 87' lang='lat' dir='ltr'><strong>imperii</strong></span> <span class='ocrx_word' id='word_1_355' title='bbox 2543 2213 2570 2251; x_wconf 73' lang='grc' dir='ltr'>τι</span> <span class='ocrx_word' id='word_1_356' title='bbox 2602 2200 2801 2269; x_wconf 88' lang='lat' dir='ltr'><strong>populo</strong></span> <span class='ocrx_word' id='word_1_357' title='bbox 2844 2203 3162 2266; x_wconf 81' lang='lat' dir='ltr'><strong>reveritttm,</strong></span> <span class='ocrx_word' id='word_1_358' title='bbox 3209 2219 3317 2258; x_wconf 89' lang='lat' dir='ltr'><strong>non</strong></span> <span class='ocrx_word' id='word_1_359' title='bbox 3351 2205 3450 2260; x_wconf 85' lang='lat' dir='ltr'><strong>ob-</strong></span> 
     </span>
    </p>
   </div>
   <div class='ocr_carea' id='block_1_52' title="bbox 1883 2287 3448 2366">
    <p class='ocr_par' dir='ltr' id='par_1_52' title="bbox 1883 2287 3448 2366">
     <span class='ocr_line' id='line_1_52' title="bbox 1883 2287 3448 2366; baseline 0.007 -25"><span class='ocrx_word' id='word_1_360' title='bbox 1883 2300 2042 2341; x_wconf 85' lang='lat' dir='ltr'><strong>scure</strong></span> <span class='ocrx_word' id='word_1_361' title='bbox 2070 2301 2130 2342; x_wconf 83' lang='lat' dir='ltr'><strong>se</strong></span> <span class='ocrx_word' id='word_1_362' title='bbox 2154 2287 2474 2342; x_wconf 86' lang='lat' dir='ltr'><strong>arbitratum</strong></span> <span class='ocrx_word' id='word_1_363' title='bbox 2508 2289 2685 2346; x_wconf 81' lang='lat' dir='ltr'><strong>innuit</strong></span> <span class='ocrx_word' id='word_1_364' title='bbox 2713 2291 3057 2350; x_wconf 86' lang='lat' dir='ltr'><strong>Andronicus</strong></span> <span class='ocrx_word' id='word_1_365' title='bbox 3097 2296 3208 2366; x_wconf 85' lang='lat' dir='ltr'><strong>ipse</strong></span> <span class='ocrx_word' id='word_1_366' title='bbox 3241 2299 3448 2364; x_wconf 81' lang='lat' dir='ltr'><strong>senior,</strong></span> 
     </span>
    </p>
   </div>
   <div class='ocr_carea' id='block_1_53' title="bbox 1884 2378 3455 2456">
    <p class='ocr_par' dir='ltr' id='par_1_53' title="bbox 1884 2378 3455 2456">
     <span class='ocr_line' id='line_1_53' title="bbox 1884 2378 3455 2456; baseline 0.011 -26"><span class='ocrx_word' id='word_1_367' title='bbox 1884 2378 2033 2444; x_wconf 87' lang='lat' dir='ltr'><strong>dum,</strong></span> <span class='ocrx_word' id='word_1_368' title='bbox 2082 2388 2242 2449; x_wconf 89' lang='lat' dir='ltr'><strong>prout</strong></span> <span class='ocrx_word' id='word_1_369' title='bbox 2280 2389 2465 2434; x_wconf 86' lang='lat' dir='ltr'><strong>narrat</strong></span> <span class='ocrx_word' id='word_1_370' title='bbox 2495 2381 2926 2449; x_wconf 80' lang='lat' dir='ltr'><strong>Cantacuzenus,</strong></span> <span class='ocrx_word' id='word_1_371' title='bbox 2989 2387 3026 2444; x_wconf 92' lang='lat' dir='ltr'><strong>l.</strong></span> <span class='ocrx_word' id='word_1_372' title='bbox 3067 2404 3106 2455; x_wconf 91' lang='lat' dir='ltr'><strong>t,</strong></span> <span class='ocrx_word' id='word_1_373' title='bbox 3141 2406 3189 2445; x_wconf 92' lang='lat' dir='ltr'><strong>c.</strong></span> <span class='ocrx_word' id='word_1_374' title='bbox 3221 2392 3278 2456; x_wconf 75' lang='lat'><strong>2,</strong></span> <span class='ocrx_word' id='word_1_375' title='bbox 3309 2408 3455 2448; x_wconf 68' lang='lat' dir='ltr'><strong>mor-</strong></span> 
     </span>
    </p>
   </div>
   <div class='ocr_carea' id='block_1_54' title="bbox 1885 2469 3454 2548">
    <p class='ocr_par' dir='ltr' id='par_1_54' title="bbox 1885 2469 3454 2548">
     <span class='ocr_line' id='line_1_54' title="bbox 1885 2469 3454 2548; baseline 0.011 -26"><span class='ocrx_word' id='word_1_376' title='bbox 1885 2478 1978 2523; x_wconf 91' lang='lat' dir='ltr'><strong>tuo</strong></span> <span class='ocrx_word' id='word_1_377' title='bbox 2019 2469 2281 2526; x_wconf 64' lang='lat' dir='ltr'><strong>llicbaele</strong></span> <span class='ocrx_word' id='word_1_378' title='bbox 2317 2471 2617 2530; x_wconf 78' lang='lat' dir='ltr'><strong>Andronici</strong></span> <span class='ocrx_word' id='word_1_379' title='bbox 2679 2475 2918 2532; x_wconf 78' lang='lat' dir='ltr'><strong>Junioris</strong></span> <span class='ocrx_word' id='word_1_380' title='bbox 2945 2488 3096 2548; x_wconf 85' lang='lat' dir='ltr'><strong>patre</strong></span> <span class='ocrx_word' id='word_1_381' title='bbox 3119 2521 3135 2546; x_wconf 92' lang='lat'><strong>,</strong></span> <span class='ocrx_word' id='word_1_382' title='bbox 3183 2482 3350 2537; x_wconf 88' lang='lat' dir='ltr'><strong>vetuit</strong></span> <span class='ocrx_word' id='word_1_383' title='bbox 3386 2501 3454 2540; x_wconf 85' lang='lat' dir='ltr'><strong>ne</strong></span> 
     </span>
    </p>
   </div>
   <div class='ocr_carea' id='block_1_55' title="bbox 1881 2561 3452 2648">
    <p class='ocr_par' dir='ltr' id='par_1_55' title="bbox 1881 2561 3452 2648">
     <span class='ocr_line' id='line_1_55' title="bbox 1881 2561 3452 2648; baseline 0.012 -33"><span class='ocrx_word' id='word_1_384' title='bbox 1881 2561 2154 2631; x_wconf 76' lang='lat' dir='ltr'><strong>iuraretur</strong></span> <span class='ocrx_word' id='word_1_385' title='bbox 2205 2565 2464 2636; x_wconf 85' lang='lat' dir='ltr'><strong>deinceps</strong></span> <span class='ocrx_word' id='word_1_386' title='bbox 2495 2567 2547 2622; x_wconf 91' lang='lat' dir='ltr'><strong>in</strong></span> <span class='ocrx_word' id='word_1_387' title='bbox 2590 2569 2750 2641; x_wconf 84' lang='lat' dir='ltr'><strong>hujus</strong></span> <span class='ocrx_word' id='word_1_388' title='bbox 2775 2587 2992 2637; x_wconf 86' lang='lat' dir='ltr'><strong>nomen,</strong></span> <span class='ocrx_word' id='word_1_389' title='bbox 3034 2573 3192 2628; x_wconf 82' lang='lat' dir='ltr'><strong>talem</strong></span> <span class='ocrx_word' id='word_1_390' title='bbox 3221 2576 3270 2631; x_wconf 91' lang='lat' dir='ltr'><strong>ei</strong></span> <span class='ocrx_word' id='word_1_391' title='bbox 3298 2586 3452 2648; x_wconf 87' lang='lat' dir='ltr'><strong>patre</strong></span> 
     </span>
    </p>
   </div>
   <div class='ocr_carea' id='block_1_56' title="bbox 1886 2657 3451 2734">
    <p class='ocr_par' dir='ltr' id='par_1_56' title="bbox 1886 2657 3451 2734">
     <span class='ocr_line' id='line_1_56' title="bbox 1886 2657 3451 2734; baseline 0.012 -26"><span class='ocrx_word' id='word_1_392' title='bbox 1886 2657 2008 2713; x_wconf 87' lang='lat' dir='ltr'><strong>vivo</strong></span> <span class='ocrx_word' id='word_1_393' title='bbox 2048 2657 2288 2712; x_wconf 84' lang='lat' dir='ltr'><strong>habitum</strong></span> <span class='ocrx_word' id='word_1_394' title='bbox 2334 2661 2592 2716; x_wconf 83' lang='lat' dir='ltr'><strong>honorem</strong></span> <span class='ocrx_word' id='word_1_395' title='bbox 2635 2663 2887 2719; x_wconf 81' lang='lat' dir='ltr'><strong>videlicet</strong></span> <span class='ocrx_word' id='word_1_396' title='bbox 2943 2667 3282 2734; x_wconf 85' lang='lat' dir='ltr'><strong>existimans,</strong></span> <span class='ocrx_word' id='word_1_397' title='bbox 3343 2687 3451 2726; x_wconf 90' lang='lat' dir='ltr'><strong>non</strong></span> 
     </span>
    </p>
   </div>
   <div class='ocr_carea' id='block_1_57' title="bbox 1889 2752 3453 2832">
    <p class='ocr_par' dir='ltr' id='par_1_57' title="bbox 1889 2752 3453 2832">
     <span class='ocr_line' id='line_1_57' title="bbox 1889 2752 3453 2832; baseline 0.007 -27"><span class='ocrx_word' id='word_1_398' title='bbox 1889 2762 1948 2805; x_wconf 92' lang='lat' dir='ltr'><strong>ut</strong></span> <span class='ocrx_word' id='word_1_399' title='bbox 1975 2753 2085 2821; x_wconf 89' lang='lat' dir='ltr'><strong>jam</strong></span> <span class='ocrx_word' id='word_1_400' title='bbox 2125 2752 2388 2822; x_wconf 74' lang='lat' dir='ltr'><strong>Augusto,</strong></span> <span class='ocrx_word' id='word_1_401' title='bbox 2417 2756 2512 2810; x_wconf 87' lang='lat' dir='ltr'><strong>sed</strong></span> <span class='ocrx_word' id='word_1_402' title='bbox 2548 2764 2752 2809; x_wconf 90' lang='lat' dir='ltr'><strong>tantum</strong></span> <span class='ocrx_word' id='word_1_403' title='bbox 2783 2765 2841 2811; x_wconf 90' lang='lat' dir='ltr'><strong>ut</strong></span> <span class='ocrx_word' id='word_1_404' title='bbox 2867 2757 3095 2826; x_wconf 68' lang='lat' dir='ltr'><strong>Augusti</strong></span> <span class='ocrx_word' id='word_1_405' title='bbox 3135 2761 3265 2828; x_wconf 80' lang='lat' dir='ltr'><strong>tilio,</strong></span> <span class='ocrx_word' id='word_1_406' title='bbox 3290 2777 3453 2832; x_wconf 83' lang='lat' dir='ltr'><strong>quam</strong></span> 
     </span>
    </p>
   </div>
   <div class='ocr_carea' id='block_1_58' title="bbox 1887 2843 3456 2924">
    <p class='ocr_par' dir='ltr' id='par_1_58' title="bbox 1887 2843 3456 2924">
     <span class='ocr_line' id='line_1_58' title="bbox 1887 2843 3456 2924; baseline 0.009 -28"><span class='ocrx_word' id='word_1_407' title='bbox 1887 2843 2296 2915; x_wconf 84' lang='lat' dir='ltr'><strong>appellationem</strong></span> <span class='ocrx_word' id='word_1_408' title='bbox 2330 2847 2503 2916; x_wconf 84' lang='lat' dir='ltr'><strong>patris</strong></span> <span class='ocrx_word' id='word_1_409' title='bbox 2541 2857 2715 2902; x_wconf 87' lang='lat' dir='ltr'><strong>morte</strong></span> <span class='ocrx_word' id='word_1_410' title='bbox 2747 2849 3096 2916; x_wconf 85' lang='lat' dir='ltr'><strong>perdidisset.</strong></span> <span class='ocrx_word' id='word_1_411' title='bbox 3133 2854 3310 2924; x_wconf 81' lang='lat' dir='ltr'><strong>Atque</strong></span> <span class='ocrx_word' id='word_1_412' title='bbox 3339 2855 3456 2910; x_wconf 67' lang='lat' dir='ltr'><strong>tunc</strong></span> 
     </span>
    </p>
   </div>
   <div class='ocr_carea' id='block_1_59' title="bbox 1891 2936 3460 3010">
    <p class='ocr_par' dir='ltr' id='par_1_59' title="bbox 1891 2936 3460 3010">
     <span class='ocr_line' id='line_1_59' title="bbox 1891 2936 3460 3010; baseline 0.008 -21"><span class='ocrx_word' id='word_1_413' title='bbox 1891 2936 2084 3006; x_wconf 67' lang='lat' dir='ltr'><strong>prima:</strong></span> <span class='ocrx_word' id='word_1_414' title='bbox 2115 2952 2274 2992; x_wconf 84' lang='lat' dir='ltr'><strong>avum</strong></span> <span class='ocrx_word' id='word_1_415' title='bbox 2311 2938 2453 2994; x_wconf 87' lang='lat' dir='ltr'><strong>inter</strong></span> <span class='ocrx_word' id='word_1_416' title='bbox 2481 2948 2532 2992; x_wconf 91' lang='lat' dir='ltr'><strong>et</strong></span> <span class='ocrx_word' id='word_1_417' title='bbox 2559 2947 2808 3010; x_wconf 79' lang='lat' dir='ltr'><strong>nepotem</strong></span> <span class='ocrx_word' id='word_1_418' title='bbox 2838 2941 3126 3000; x_wconf 73' lang='lat' dir='ltr'><strong>discordiae</strong></span> <span class='ocrx_word' id='word_1_419' title='bbox 3174 2961 3334 3002; x_wconf 85' lang='lat' dir='ltr'><strong>causa</strong></span> <span class='ocrx_word' id='word_1_420' title='bbox 3364 2963 3460 3002; x_wconf 84' lang='lat' dir='ltr'><strong>ex-</strong></span> 
     </span>
    </p>
   </div>
   <div class='ocr_carea' id='block_1_60' title="bbox 1889 3029 3458 3105">
    <p class='ocr_par' dir='ltr' id='par_1_60' title="bbox 1889 3029 3458 3105">
     <span class='ocr_line' id='line_1_60' title="bbox 1889 3029 3458 3105; baseline 0.005 -21"><span class='ocrx_word' id='word_1_421' title='bbox 1889 3029 2051 3094; x_wconf 86' lang='lat' dir='ltr'><strong>stitit,</strong></span> <span class='ocrx_word' id='word_1_422' title='bbox 2081 3044 2186 3098; x_wconf 85' lang='lat' dir='ltr'><strong>qua</strong></span> <span class='ocrx_word' id='word_1_423' title='bbox 2221 3030 2454 3100; x_wconf 90' lang='lat' dir='ltr'><strong>denique</strong></span> <span class='ocrx_word' id='word_1_424' title='bbox 2485 3032 2783 3101; x_wconf 88' lang='lat' dir='ltr'><strong>composita</strong></span> <span class='ocrx_word' id='word_1_425' title='bbox 2813 3033 2971 3090; x_wconf 89' lang='lat' dir='ltr'><strong>simul</strong></span> <span class='ocrx_word' id='word_1_426' title='bbox 3002 3050 3311 3105; x_wconf 80' lang='lat' dir='ltr'><strong>assumptus</strong></span> <span class='ocrx_word' id='word_1_427' title='bbox 3365 3055 3458 3094; x_wconf 80' lang='lat' dir='ltr'><strong>so-</strong></span> 
     </span>
    </p>
   </div>
   <div class='ocr_carea' id='block_1_61' title="bbox 1890 3123 3463 3195">
    <p class='ocr_par' dir='ltr' id='par_1_61' title="bbox 1890 3123 3463 3195">
     <span class='ocr_line' id='line_1_61' title="bbox 1890 3123 3463 3195; baseline 0.006 -18"><span class='ocrx_word' id='word_1_428' title='bbox 1890 3123 2144 3179; x_wconf 79' lang='lat' dir='ltr'><strong>lemniter</strong></span> <span class='ocrx_word' id='word_1_429' title='bbox 2178 3123 2231 3178; x_wconf 90' lang='lat' dir='ltr'><strong>in</strong></span> <span class='ocrx_word' id='word_1_430' title='bbox 2284 3123 2544 3195; x_wconf 76' lang='lat' dir='ltr'><strong>collegam</strong></span> <span class='ocrx_word' id='word_1_431' title='bbox 2583 3125 2793 3194; x_wconf 90' lang='lat' dir='ltr'><strong>imperii</strong></span> <span class='ocrx_word' id='word_1_432' title='bbox 2836 3127 2997 3183; x_wconf 88' lang='lat' dir='ltr'><strong>simul</strong></span> <span class='ocrx_word' id='word_1_433' title='bbox 3053 3145 3339 3188; x_wconf 89' lang='lat' dir='ltr'><strong>coronatus</strong></span> <span class='ocrx_word' id='word_1_434' title='bbox 3368 3134 3463 3188; x_wconf 82' lang='lat' dir='ltr'><strong>Ju-</strong></span> 
     </span>
    </p>
   </div>
   <div class='ocr_carea' id='block_1_62' title="bbox 1892 3213 3458 3294">
    <p class='ocr_par' dir='ltr' id='par_1_62' title="bbox 1892 3213 3458 3294">
     <span class='ocr_line' id='line_1_62' title="bbox 1892 3213 3458 3294; baseline 0.008 -26"><span class='ocrx_word' id='word_1_435' title='bbox 1892 3213 2016 3269; x_wconf 89' lang='lat' dir='ltr'><strong>nior</strong></span> <span class='ocrx_word' id='word_1_436' title='bbox 2043 3215 2383 3270; x_wconf 86' lang='lat' dir='ltr'><strong>Andronicus</strong></span> <span class='ocrx_word' id='word_1_437' title='bbox 2429 3226 2531 3280; x_wconf 85' lang='lat' dir='ltr'><strong>est,</strong></span> <span class='ocrx_word' id='word_1_438' title='bbox 2566 3218 2708 3286; x_wconf 87' lang='lat' dir='ltr'><strong>quod</strong></span> <span class='ocrx_word' id='word_1_439' title='bbox 2745 3232 2774 3272; x_wconf 87' lang='lat' dir='ltr'><strong>a</strong></span> <span class='ocrx_word' id='word_1_440' title='bbox 2805 3216 3207 3290; x_wconf 83' lang='lat' dir='ltr'><strong>Cantacuzeno,</strong></span> <span class='ocrx_word' id='word_1_441' title='bbox 3261 3225 3299 3280; x_wconf 91' lang='lat' dir='ltr'><strong>l.</strong></span> <span class='ocrx_word' id='word_1_442' title='bbox 3333 3243 3369 3294; x_wconf 91' lang='lat' dir='ltr'><strong>t,</strong></span> <span class='ocrx_word' id='word_1_443' title='bbox 3406 3243 3458 3283; x_wconf 90' lang='lat' dir='ltr'><strong>c.</strong></span> 
     </span>
    </p>
   </div>
   <div class='ocr_carea' id='block_1_63' title="bbox 209 3275 1787 3386">
    <p class='ocr_par' dir='ltr' id='par_1_63' title="bbox 209 3275 1787 3386">
     <span class='ocr_line' id='line_1_63' title="bbox 209 3275 1787 3386; baseline -0.003 -14"><span class='ocrx_word' id='word_1_444' title='bbox 209 3275 476 3372; x_wconf 50' lang='grc' dir='ltr'><strong>δεσῖκόται</strong></span> <span class='ocrx_word' id='word_1_445' title='bbox 504 3334 561 3372; x_wconf 78' lang='grc' dir='ltr'><strong>τε</strong></span> <span class='ocrx_word' id='word_1_446' title='bbox 591 3317 684 3371; x_wconf 74' lang='grc' dir='ltr'><strong>καὶ</strong></span> <span class='ocrx_word' id='word_1_447' title='bbox 724 3275 1251 3386; x_wconf 52' lang='grc' dir='ltr'><strong>σεϐαστοκράτορεξ,</strong></span> <span class='ocrx_word' id='word_1_448' title='bbox 1295 3315 1453 3386; x_wconf 72' lang='grc' dir='ltr'><strong>ιῐπερ</strong></span> <span class='ocrx_word' id='word_1_449' title='bbox 1481 3275 1640 3380; x_wconf 49' lang='grc' dir='ltr'><strong>εἰσίν,</strong></span> <span class='ocrx_word' id='word_1_450' title='bbox 1670 3316 1702 3386; x_wconf 72' lang='grc' dir='ltr'>ἢ</span> <span class='ocrx_word' id='word_1_451' title='bbox 1741 3275 1787 3369; x_wconf 67' lang='lat' dir='ltr'><strong>oi</strong></span> 
     </span>
    </p>
   </div>
   <div class='ocr_carea' id='block_1_64' title="bbox 1891 3275 3460 3386">
    <p class='ocr_par' dir='ltr' id='par_1_64' title="bbox 1896 3275 3460 3386">
     <span class='ocr_line' id='line_1_64' title="bbox 1896 3275 3460 3386; baseline 0.006 -26"><span class='ocrx_word' id='word_1_452' title='bbox 1896 3305 1986 3370; x_wconf 75' lang='grc' dir='ltr'><strong>Η,</strong></span> <span class='ocrx_word' id='word_1_453' title='bbox 2027 3304 2282 3361; x_wconf 85' lang='lat' dir='ltr'><strong>relertur.</strong></span> <span class='ocrx_word' id='word_1_454' title='bbox 2317 3307 2484 3378; x_wconf 89' lang='lat' dir='ltr'><strong>quue</strong></span> <span class='ocrx_word' id='word_1_455' title='bbox 2534 3319 2917 3378; x_wconf 57' lang='lat' dir='ltr'><strong>praestructum</strong></span> <span class='ocrx_word' id='word_1_456' title='bbox 2944 3351 2960 3378; x_wconf 97' lang='lat'><strong>,</strong></span> <span class='ocrx_word' id='word_1_457' title='bbox 3017 3275 3298 3386; x_wconf 66' lang='lat' dir='ltr'><strong>utriusque</strong></span> <span class='ocrx_word' id='word_1_458' title='bbox 3349 3275 3460 3386; x_wconf 70' lang='lat' dir='ltr'><strong>j-um</strong></span> 
     </span>
    </p>
   </div>
   <div class='ocr_carea' id='block_1_65' title="bbox 209 3405 1790 3477">
    <p class='ocr_par' dir='ltr' id='par_1_65' title="bbox 209 3405 1790 3477">
     <span class='ocr_line' id='line_1_65' title="bbox 209 3405 1790 3477; baseline -0.003 -15"><span class='ocrx_word' id='word_1_459' title='bbox 209 3409 639 3477; x_wconf 70' lang='grc' dir='ltr'><strong>ἐπιφανέστατοι</strong></span> <span class='ocrx_word' id='word_1_460' title='bbox 675 3407 907 3476; x_wconf 70' lang='grc' dir='ltr'><strong>μάλιστα</strong></span> <span class='ocrx_word' id='word_1_461' title='bbox 939 3405 1047 3458; x_wconf 81' lang='grc' dir='ltr'><strong>τῶν</strong></span> <span class='ocrx_word' id='word_1_462' title='bbox 1078 3405 1486 3476; x_wconf 74' lang='grc' dir='ltr'><strong>συγκλητικῶν,</strong></span> <span class='ocrx_word' id='word_1_463' title='bbox 1534 3407 1626 3459; x_wconf 68' lang='grc' dir='ltr'><strong>καὶ</strong></span> <span class='ocrx_word' id='word_1_464' title='bbox 1657 3424 1790 3476; x_wconf 78' lang='grc' dir='ltr'><strong>μετ-</strong></span> 
     </span>
    </p>
   </div>
   <div class='ocr_carea' id='block_1_66' title="bbox 210 3499 1788 3570">
    <p class='ocr_par' dir='ltr' id='par_1_66' title="bbox 210 3499 1788 3570">
     <span class='ocr_line' id='line_1_66' title="bbox 210 3499 1788 3570; baseline -0.003 -14"><span class='ocrx_word' id='word_1_465' title='bbox 210 3502 545 3570; x_wconf 72' lang='grc' dir='ltr'><strong>εωρίσαντες</strong></span> <span class='ocrx_word' id='word_1_466' title='bbox 587 3499 659 3562; x_wconf 82' lang='grc' dir='ltr'><strong>ὡς</strong></span> <span class='ocrx_word' id='word_1_467' title='bbox 705 3499 783 3551; x_wconf 77' lang='grc' dir='ltr'>ἔνι</span> <span class='ocrx_word' id='word_1_468' title='bbox 824 3499 1059 3568; x_wconf 76' lang='grc' dir='ltr'><strong>μάλιστα</strong></span> <span class='ocrx_word' id='word_1_469' title='bbox 1107 3499 1271 3552; x_wconf 75' lang='grc' dir='ltr'>αὐτὸν</span> <span class='ocrx_word' id='word_1_470' title='bbox 1307 3500 1421 3565; x_wconf 68' lang='grc' dir='ltr'><strong>ἅμα</strong></span> <span class='ocrx_word' id='word_1_471' title='bbox 1475 3499 1541 3570; x_wconf 76' lang='grc' dir='ltr'><strong>τῇ</strong></span> <span class='ocrx_word' id='word_1_472' title='bbox 1579 3499 1788 3564; x_wconf 76' lang='grc' dir='ltr'><strong>ἀσπίδι,</strong></span> 
     </span>
    </p>
   </div>
   <div class='ocr_carea' id='block_1_67' title="bbox 209 3588 1790 3664">
    <p class='ocr_par' dir='ltr' id='par_1_67' title="bbox 209 3588 1790 3664">
     <span class='ocr_line' id='line_1_67' title="bbox 209 3588 1790 3664; baseline -0.004 -13"><span class='ocrx_word' id='word_1_473' title='bbox 209 3596 326 3651; x_wconf 71' lang='grc' dir='ltr'><strong>τοῖς</strong></span> <span class='ocrx_word' id='word_1_474' title='bbox 357 3593 624 3664; x_wconf 80' lang='grc' dir='ltr'><strong>πλήθεσιν</strong></span> <span class='ocrx_word' id='word_1_475' title='bbox 661 3591 1070 3644; x_wconf 66' lang='grc' dir='ltr'>ἐπιδεικνύουσι</span> <span class='ocrx_word' id='word_1_476' title='bbox 1124 3590 1215 3643; x_wconf 75' lang='grc' dir='ltr'><strong>τὸν</strong></span> <span class='ocrx_word' id='word_1_477' title='bbox 1245 3588 1470 3660; x_wconf 72' lang='grc' dir='ltr'><strong>βασιλέα</strong></span> <span class='ocrx_word' id='word_1_478' title='bbox 1521 3589 1790 3645; x_wconf 77' lang='grc' dir='ltr'><strong>πάντοθεν</strong></span> 
     </span>
    </p>
   </div>
   <div class='ocr_carea' id='block_1_68' title="bbox 211 3681 1790 3756">
    <p class='ocr_par' dir='ltr' id='par_1_68' title="bbox 211 3681 1790 3756">
     <span class='ocr_line' id='line_1_68' title="bbox 211 3681 1790 3756; baseline -0.001 -16"><span class='ocrx_word' id='word_1_479' title='bbox 211 3687 682 3756; x_wconf 74' lang='grc' dir='ltr'><strong>περιισταμένοις.</strong></span> <span class='ocrx_word' id='word_1_480' title='bbox 745 3683 857 3738; x_wconf 84' lang='lat' dir='ltr'><strong>Hoc</strong></span> <span class='ocrx_word' id='word_1_481' title='bbox 906 3691 988 3737; x_wconf 88' lang='lat' dir='ltr'><strong>est</strong></span> <span class='ocrx_word' id='word_1_482' title='bbox 1035 3698 1050 3736; x_wconf 89' lang='lat'><strong>:</strong></span> <span class='ocrx_word' id='word_1_483' title='bbox 1091 3681 1419 3748; x_wconf 78' lang='lat' dir='ltr'><strong>lmperatore</strong></span> <span class='ocrx_word' id='word_1_484' title='bbox 1491 3684 1790 3754; x_wconf 77' lang='lat' dir='ltr'><strong>iuungendo</strong></span> 
     </span>
    </p>
   </div>
   <div class='ocr_carea' id='block_1_69' title="bbox 211 3773 1790 3844">
    <p class='ocr_par' dir='ltr' id='par_1_69' title="bbox 211 3773 1790 3844">
     <span class='ocr_line' id='line_1_69' title="bbox 211 3773 1790 3844; baseline -0.001 -15"><span class='ocrx_word' id='word_1_485' title='bbox 211 3792 376 3844; x_wconf 76' lang='lat' dir='ltr'><strong>super</strong></span> <span class='ocrx_word' id='word_1_486' title='bbox 407 3785 613 3828; x_wconf 79' lang='lat' dir='ltr'><strong>scutum</strong></span> <span class='ocrx_word' id='word_1_487' title='bbox 658 3773 982 3838; x_wconf 78' lang='lat' dir='ltr'><strong>considente,</strong></span> <span class='ocrx_word' id='word_1_488' title='bbox 1021 3775 1309 3842; x_wconf 83' lang='lat' dir='ltr'><strong>imperator</strong></span> <span class='ocrx_word' id='word_1_489' title='bbox 1343 3786 1493 3838; x_wconf 84' lang='lat' dir='ltr'><strong>pater</strong></span> <span class='ocrx_word' id='word_1_490' title='bbox 1528 3776 1663 3840; x_wconf 75' lang='lat' dir='ltr'><strong>eius,</strong></span> <span class='ocrx_word' id='word_1_491' title='bbox 1701 3776 1790 3844; x_wconf 86' lang='lat' dir='ltr'><strong>qui</strong></span> 
     </span>
    </p>
   </div>
   <div class='ocr_carea' id='block_1_70' title="bbox 215 3869 1791 3938">
    <p class='ocr_par' dir='ltr' id='par_1_70' title="bbox 215 3869 1791 3938">
     <span class='ocr_line' id='line_1_70' title="bbox 215 3869 1791 3938; baseline -0.001 -13"><span class='ocrx_word' id='word_1_492' title='bbox 215 3870 574 3934; x_wconf 84' lang='lat' dir='ltr'><strong>acclamatur,</strong></span> <span class='ocrx_word' id='word_1_493' title='bbox 620 3869 904 3937; x_wconf 79' lang='lat' dir='ltr'><strong>siquidem</strong></span> <span class='ocrx_word' id='word_1_494' title='bbox 954 3878 1208 3935; x_wconf 79' lang='lat' dir='ltr'><strong>superest,</strong></span> <span class='ocrx_word' id='word_1_495' title='bbox 1239 3872 1298 3923; x_wconf 42' lang='lat' dir='ltr'><strong>‘et</strong></span> <span class='ocrx_word' id='word_1_496' title='bbox 1333 3871 1659 3938; x_wconf 80' lang='lat' dir='ltr'><strong>patriarcha,</strong></span> <span class='ocrx_word' id='word_1_497' title='bbox 1696 3889 1791 3924; x_wconf 79' lang='lat' dir='ltr'><strong>an-</strong></span> 
     </span>
    </p>
   </div>
   <div class='ocr_carea' id='block_1_71' title="bbox 213 3963 1792 4033">
    <p class='ocr_par' dir='ltr' id='par_1_71' title="bbox 213 3963 1792 4033">
     <span class='ocr_line' id='line_1_71' title="bbox 213 3963 1792 4033; baseline -0.001 -13"><span class='ocrx_word' id='word_1_498' title='bbox 213 3966 502 4022; x_wconf 78' lang='lat' dir='ltr'><strong>terioribus</strong></span> <span class='ocrx_word' id='word_1_499' title='bbox 531 3963 666 4016; x_wconf 78' lang='lat' dir='ltr'><strong>scuti</strong></span> <span class='ocrx_word' id='word_1_500' title='bbox 696 3965 933 4032; x_wconf 82' lang='lat' dir='ltr'><strong>partibus</strong></span> <span class='ocrx_word' id='word_1_501' title='bbox 974 3966 1249 4029; x_wconf 77' lang='lat' dir='ltr'><strong>correptis,</strong></span> <span class='ocrx_word' id='word_1_502' title='bbox 1281 3965 1511 4033; x_wconf 86' lang='lat' dir='ltr'><strong>reliquas</strong></span> <span class='ocrx_word' id='word_1_503' title='bbox 1555 3981 1673 4019; x_wconf 80' lang='lat' dir='ltr'><strong>vero</strong></span> <span class='ocrx_word' id='word_1_504' title='bbox 1713 3975 1792 4018; x_wconf 84' lang='lat' dir='ltr'><strong>te-</strong></span> 
     </span>
    </p>
   </div>
   <div class='ocr_carea' id='block_1_72' title="bbox 215 4056 1791 4127">
    <p class='ocr_par' dir='ltr' id='par_1_72' title="bbox 215 4056 1791 4127">
     <span class='ocr_line' id='line_1_72' title="bbox 215 4056 1791 4127; baseline 0.001 -16"><span class='ocrx_word' id='word_1_505' title='bbox 215 4058 465 4112; x_wconf 80' lang='lat' dir='ltr'><strong>nentibus</strong></span> <span class='ocrx_word' id='word_1_506' title='bbox 518 4056 916 4126; x_wconf 83' lang='lat' dir='ltr'><strong>magistratibus</strong></span> <span class='ocrx_word' id='word_1_507' title='bbox 978 4057 1273 4125; x_wconf 79' lang='lat' dir='ltr'><strong>primariis,</strong></span> <span class='ocrx_word' id='word_1_508' title='bbox 1337 4074 1514 4124; x_wconf 82' lang='lat' dir='ltr'><strong>nempe</strong></span> <span class='ocrx_word' id='word_1_509' title='bbox 1563 4058 1791 4127; x_wconf 79' lang='lat' dir='ltr'><strong>despotis</strong></span> 
     </span>
    </p>
   </div>
   <div class='ocr_carea' id='block_1_73' title="bbox 215 4147 1791 4213">
    <p class='ocr_par' dir='ltr' id='par_1_73' title="bbox 215 4147 1791 4213">
     <span class='ocr_line' id='line_1_73' title="bbox 215 4147 1791 4213; baseline -0.004 -8"><span class='ocrx_word' id='word_1_510' title='bbox 215 4161 264 4205; x_wconf 87' lang='lat' dir='ltr'><strong>et</strong></span> <span class='ocrx_word' id='word_1_511' title='bbox 315 4148 850 4213; x_wconf 80' lang='lat' dir='ltr'><strong>sebostorratoribus,</strong></span> <span class='ocrx_word' id='word_1_512' title='bbox 906 4148 952 4199; x_wconf 80' lang='lat' dir='ltr'><strong>si</strong></span> <span class='ocrx_word' id='word_1_513' title='bbox 997 4147 1214 4208; x_wconf 77' lang='lat' dir='ltr'><strong>adsunt,</strong></span> <span class='ocrx_word' id='word_1_514' title='bbox 1262 4159 1351 4200; x_wconf 89' lang='lat' dir='ltr'><strong>aut</strong></span> <span class='ocrx_word' id='word_1_515' title='bbox 1409 4148 1791 4202; x_wconf 77' lang='lat' dir='ltr'><strong>illttstrissimis</strong></span> 
     </span>
    </p>
   </div>
   <div class='ocr_carea' id='block_1_74' title="bbox 214 4239 1792 4314">
    <p class='ocr_par' dir='ltr' id='par_1_74' title="bbox 214 4239 1792 4314">
     <span class='ocr_line' id='line_1_74' title="bbox 214 4239 1792 4314; baseline -0.004 -17"><span class='ocrx_word' id='word_1_516' title='bbox 214 4245 509 4314; x_wconf 76' lang='lat' dir='ltr'><strong>quibusque</strong></span> <span class='ocrx_word' id='word_1_517' title='bbox 540 4240 705 4312; x_wconf 61' lang='grc'><strong>748</strong></span> <span class='ocrx_word' id='word_1_518' title='bbox 736 4242 961 4293; x_wconf 63' lang='lat' dir='ltr'><strong>maxime</strong></span> <span class='ocrx_word' id='word_1_519' title='bbox 991 4239 1054 4311; x_wconf 83' lang='lat' dir='ltr'><strong>[P</strong></span> <span class='ocrx_word' id='word_1_520' title='bbox 1092 4239 1217 4311; x_wconf 80' lang='grc'><strong>555]</strong></span> <span class='ocrx_word' id='word_1_521' title='bbox 1252 4243 1667 4302; x_wconf 77' lang='lat' dir='ltr'><strong>senatorinrum,</strong></span> <span class='ocrx_word' id='word_1_522' title='bbox 1703 4243 1792 4310; x_wconf 80' lang='lat' dir='ltr'><strong>ip-</strong></span> 
     </span>
    </p>
   </div>
   <div class='ocr_carea' id='block_1_75' title="bbox 217 4335 1792 4404">
    <p class='ocr_par' dir='ltr' id='par_1_75' title="bbox 217 4335 1792 4404">
     <span class='ocr_line' id='line_1_75' title="bbox 217 4335 1792 4404; baseline -0.003 -14"><span class='ocrx_word' id='word_1_523' title='bbox 217 4353 335 4390; x_wconf 82' lang='lat' dir='ltr'><strong>sum</strong></span> <span class='ocrx_word' id='word_1_524' title='bbox 367 4353 477 4390; x_wconf 82' lang='lat' dir='ltr'><strong>una</strong></span> <span class='ocrx_word' id='word_1_525' title='bbox 510 4351 628 4388; x_wconf 84' lang='lat' dir='ltr'><strong>cum</strong></span> <span class='ocrx_word' id='word_1_526' title='bbox 676 4343 821 4388; x_wconf 80' lang='lat' dir='ltr'><strong>scuta</strong></span> <span class='ocrx_word' id='word_1_527' title='bbox 847 4344 1103 4404; x_wconf 75' lang='lat' dir='ltr'><strong>quantum</strong></span> <span class='ocrx_word' id='word_1_528' title='bbox 1132 4335 1390 4387; x_wconf 77' lang='lat' dir='ltr'><strong>altissime</strong></span> <span class='ocrx_word' id='word_1_529' title='bbox 1432 4344 1651 4402; x_wconf 68' lang='lat' dir='ltr'><strong>possunt</strong></span> <span class='ocrx_word' id='word_1_530' title='bbox 1691 4335 1792 4387; x_wconf 84' lang='lat' dir='ltr'><strong>ele-</strong></span> 
     </span>
    </p>
   </div>
   <div class='ocr_carea' id='block_1_76' title="bbox 217 4426 1794 4496">
    <p class='ocr_par' dir='ltr' id='par_1_76' title="bbox 217 4426 1794 4496">
     <span class='ocr_line' id='line_1_76' title="bbox 217 4426 1794 4496; baseline -0.003 -12"><span class='ocrx_word' id='word_1_531' title='bbox 217 4439 395 4484; x_wconf 80' lang='lat' dir='ltr'><strong>vantes</strong></span> <span class='ocrx_word' id='word_1_532' title='bbox 440 4428 866 4496; x_wconf 80' lang='lat' dir='ltr'><strong>inaugurandum</strong></span> <span class='ocrx_word' id='word_1_533' title='bbox 909 4426 1279 4494; x_wconf 77' lang='lat' dir='ltr'><strong>imperatorem</strong></span> <span class='ocrx_word' id='word_1_534' title='bbox 1314 4427 1650 4495; x_wconf 69' lang='lat' dir='ltr'><strong>circumfusa!</strong></span> <span class='ocrx_word' id='word_1_535' title='bbox 1696 4445 1794 4480; x_wconf 82' lang='lat' dir='ltr'><strong>un-</strong></span> 
     </span>
    </p>
   </div>
   <div class='ocr_carea' id='block_1_77' title="bbox 219 4516 1794 4591">
    <p class='ocr_par' dir='ltr' id='par_1_77' title="bbox 219 4516 1794 4591">
     <span class='ocr_line' id='line_1_77' title="bbox 219 4516 1794 4591; baseline -0.001 -18"><span class='ocrx_word' id='word_1_536' title='bbox 219 4523 378 4591; x_wconf 78' lang='lat' dir='ltr'><strong>dique</strong></span> <span class='ocrx_word' id='word_1_537' title='bbox 417 4519 749 4573; x_wconf 81' lang='lat' dir='ltr'><strong>multitudini</strong></span> <span class='ocrx_word' id='word_1_538' title='bbox 785 4527 1074 4574; x_wconf 73' lang='lat' dir='ltr'><strong>ostentant.</strong></span> <span class='ocrx_word' id='word_1_539' title='bbox 1127 4516 1203 4571; x_wconf 83' lang='lat' dir='ltr'><strong>lta</strong></span> <span class='ocrx_word' id='word_1_540' title='bbox 1242 4517 1682 4574; x_wconf 79' lang='lat' dir='ltr'><strong>Catttaancnus.</strong></span> <span class='ocrx_word' id='word_1_541' title='bbox 1727 4523 1794 4572; x_wconf 88' lang='lat' dir='ltr'><strong>At</strong></span> 
     </span>
    </p>
   </div>
   <div class='ocr_carea' id='block_1_78' title="bbox 1895 3399 3464 3478">
    <p class='ocr_par' dir='ltr' id='par_1_78' title="bbox 1895 3399 3464 3478">
     <span class='ocr_line' id='line_1_78' title="bbox 1895 3399 3464 3478; baseline 0.01 -29"><span class='ocrx_word' id='word_1_542' title='bbox 1895 3399 2185 3454; x_wconf 78' lang='lat' dir='ltr'><strong>concordis</strong></span> <span class='ocrx_word' id='word_1_543' title='bbox 2218 3401 2447 3454; x_wconf 86' lang='lat' dir='ltr'><strong>consilio</strong></span> <span class='ocrx_word' id='word_1_544' title='bbox 2484 3400 2730 3456; x_wconf 83' lang='lat' dir='ltr'><strong>inanitur</strong></span> <span class='ocrx_word' id='word_1_545' title='bbox 2766 3403 2832 3458; x_wconf 87' lang='lat' dir='ltr'><strong>ad</strong></span> <span class='ocrx_word' id='word_1_546' title='bbox 2883 3415 3204 3474; x_wconf 86' lang='lat' dir='ltr'><strong>apparatum</strong></span> <span class='ocrx_word' id='word_1_547' title='bbox 3247 3411 3464 3478; x_wconf 77' lang='lat' dir='ltr'><strong>nuptia-</strong></span> 
     </span>
    </p>
   </div>
   <div class='ocr_carea' id='block_1_79' title="bbox 1897 3492 3466 3560">
    <p class='ocr_par' dir='ltr' id='par_1_79' title="bbox 1897 3492 3466 3560">
     <span class='ocr_line' id='line_1_79' title="bbox 1897 3492 3466 3560; baseline 0.008 -17"><span class='ocrx_word' id='word_1_548' title='bbox 1897 3507 2035 3556; x_wconf 90' lang='lat' dir='ltr'><strong>rum,</strong></span> <span class='ocrx_word' id='word_1_549' title='bbox 2083 3506 2219 3560; x_wconf 89' lang='lat' dir='ltr'><strong>qnas</strong></span> <span class='ocrx_word' id='word_1_550' title='bbox 2256 3492 2446 3548; x_wconf 80' lang='lat' dir='ltr'><strong>Junior</strong></span> <span class='ocrx_word' id='word_1_551' title='bbox 2475 3494 2849 3550; x_wconf 85' lang='lat' dir='ltr'><strong>celebraturus</strong></span> <span class='ocrx_word' id='word_1_552' title='bbox 2913 3508 3177 3554; x_wconf 83' lang='lat' dir='ltr'><strong>eratcum</strong></span> <span class='ocrx_word' id='word_1_553' title='bbox 3216 3500 3322 3556; x_wconf 83' lang='lat' dir='ltr'><strong>lilia</strong></span> <span class='ocrx_word' id='word_1_554' title='bbox 3371 3518 3466 3558; x_wconf 84' lang='lat' dir='ltr'><strong>cu-</strong></span> 
     </span>
    </p>
   </div>
   <div class='ocr_carea' id='block_1_80' title="bbox 1897 3582 3462 3662">
    <p class='ocr_par' dir='ltr' id='par_1_80' title="bbox 1897 3582 3462 3662">
     <span class='ocr_line' id='line_1_80' title="bbox 1897 3582 3462 3662; baseline 0.008 -26"><span class='ocrx_word' id='word_1_555' title='bbox 1897 3583 2039 3638; x_wconf 90' lang='lat' dir='ltr'><strong>mitis</strong></span> <span class='ocrx_word' id='word_1_556' title='bbox 2073 3582 2378 3652; x_wconf 68' lang='lat' dir='ltr'><strong>Sabaudim,</strong></span> <span class='ocrx_word' id='word_1_557' title='bbox 2417 3601 2577 3654; x_wconf 88' lang='lat' dir='ltr'><strong>quam</strong></span> <span class='ocrx_word' id='word_1_558' title='bbox 2608 3587 2729 3644; x_wconf 91' lang='lat' dir='ltr'><strong>ideo</strong></span> <span class='ocrx_word' id='word_1_559' title='bbox 2769 3588 2941 3644; x_wconf 76' lang='lat' dir='ltr'><strong>frater</strong></span> <span class='ocrx_word' id='word_1_560' title='bbox 2967 3589 3083 3657; x_wconf 85' lang='lat' dir='ltr'><strong>ejus</strong></span> <span class='ocrx_word' id='word_1_561' title='bbox 3113 3592 3286 3662; x_wconf 80' lang='lat' dir='ltr'><strong>(pater</strong></span> <span class='ocrx_word' id='word_1_562' title='bbox 3315 3595 3462 3649; x_wconf 81' lang='lat' dir='ltr'><strong>enim</strong></span> 
     </span>
    </p>
   </div>
   <div class='ocr_carea' id='block_1_81' title="bbox 1895 3675 3469 3750">
    <p class='ocr_par' dir='ltr' id='par_1_81' title="bbox 1895 3675 3469 3750">
     <span class='ocr_line' id='line_1_81' title="bbox 1895 3675 3469 3750; baseline 0.008 -24"><span class='ocrx_word' id='word_1_563' title='bbox 1895 3675 2133 3744; x_wconf 81' lang='lat' dir='ltr'><strong>obierat)</strong></span> <span class='ocrx_word' id='word_1_564' title='bbox 2167 3675 2256 3728; x_wconf 83' lang='lat' dir='ltr'><strong>tibi</strong></span> <span class='ocrx_word' id='word_1_565' title='bbox 2305 3677 2405 3731; x_wconf 82' lang='lat' dir='ltr'><strong>rite</strong></span> <span class='ocrx_word' id='word_1_566' title='bbox 2433 3678 2741 3734; x_wconf 82' lang='lat' dir='ltr'><strong>Andronico</strong></span> <span class='ocrx_word' id='word_1_567' title='bbox 2796 3680 3004 3737; x_wconf 84' lang='lat' dir='ltr'><strong>Juniori</strong></span> <span class='ocrx_word' id='word_1_568' title='bbox 3047 3682 3180 3750; x_wconf 79' lang='lat' dir='ltr'><strong>jam,</strong></span> <span class='ocrx_word' id='word_1_569' title='bbox 3235 3694 3294 3739; x_wconf 90' lang='lat' dir='ltr'><strong>ut</strong></span> <span class='ocrx_word' id='word_1_570' title='bbox 3336 3703 3363 3742; x_wconf 88' lang='lat' dir='ltr'><strong>a</strong></span> <span class='ocrx_word' id='word_1_571' title='bbox 3399 3687 3469 3741; x_wconf 72' lang='lat' dir='ltr'><strong>ln-</strong></span> 
     </span>
    </p>
   </div>
   <div class='ocr_carea' id='block_1_82' title="bbox 1896 3768 3462 3848">
    <p class='ocr_par' dir='ltr' id='par_1_82' title="bbox 1896 3768 3462 3848">
     <span class='ocr_line' id='line_1_82' title="bbox 1896 3768 3462 3848; baseline 0.008 -28"><span class='ocrx_word' id='word_1_572' title='bbox 1896 3768 2034 3837; x_wconf 77' lang='lat' dir='ltr'><strong>gatis</strong></span> <span class='ocrx_word' id='word_1_573' title='bbox 2063 3768 2339 3831; x_wconf 84' lang='lat' dir='ltr'><strong>audiebat,</strong></span> <span class='ocrx_word' id='word_1_574' title='bbox 2392 3770 2702 3839; x_wconf 83' lang='lat' dir='ltr'><strong>imperatori</strong></span> <span class='ocrx_word' id='word_1_575' title='bbox 2765 3773 3085 3845; x_wconf 72' lang='lat' dir='ltr'><strong>inaugurato</strong></span> <span class='ocrx_word' id='word_1_576' title='bbox 3149 3776 3462 3848; x_wconf 79' lang='lat' dir='ltr'><strong>despondit,</strong></span> 
     </span>
    </p>
   </div>
   <div class='ocr_carea' id='block_1_83' title="bbox 1900 3863 3461 3934">
    <p class='ocr_par' dir='ltr' id='par_1_83' title="bbox 1900 3863 3461 3934">
     <span class='ocr_line' id='line_1_83' title="bbox 1900 3863 3461 3934; baseline 0.006 -19"><span class='ocrx_word' id='word_1_577' title='bbox 1900 3877 2004 3915; x_wconf 91' lang='lat' dir='ltr'><strong>non</strong></span> <span class='ocrx_word' id='word_1_578' title='bbox 2038 3863 2112 3916; x_wconf 84' lang='grc' dir='ltr'>ιιιὶ</span> <span class='ocrx_word' id='word_1_579' title='bbox 2145 3875 2304 3918; x_wconf 80' lang='lat' dir='ltr'><strong>antea</strong></span> <span class='ocrx_word' id='word_1_580' title='bbox 2333 3866 2488 3934; x_wconf 75' lang='lat' dir='ltr'><strong>quasi</strong></span> <span class='ocrx_word' id='word_1_581' title='bbox 2523 3881 2766 3922; x_wconf 87' lang='lat' dir='ltr'><strong>sororem</strong></span> <span class='ocrx_word' id='word_1_582' title='bbox 2803 3879 2930 3923; x_wconf 88' lang='lat' dir='ltr'><strong>natu</strong></span> <span class='ocrx_word' id='word_1_583' title='bbox 2964 3871 3227 3927; x_wconf 86' lang='lat' dir='ltr'><strong>minorem</strong></span> <span class='ocrx_word' id='word_1_584' title='bbox 3259 3883 3314 3927; x_wconf 89' lang='lat' dir='ltr'><strong>et</strong></span> <span class='ocrx_word' id='word_1_585' title='bbox 3360 3876 3461 3929; x_wconf 71' lang='lat' dir='ltr'><strong>sibi</strong></span> 
     </span>
    </p>
   </div>
   <div class='ocr_carea' id='block_1_84' title="bbox 1895 3958 3463 4035">
    <p class='ocr_par' dir='ltr' id='par_1_84' title="bbox 1895 3958 3463 4035">
     <span class='ocr_line' id='line_1_84' title="bbox 1895 3958 3463 4035; baseline 0.006 -23"><span class='ocrx_word' id='word_1_586' title='bbox 1895 3958 2165 4013; x_wconf 84' lang='lat' dir='ltr'><strong>subditam</strong></span> <span class='ocrx_word' id='word_1_587' title='bbox 2201 3963 2472 4027; x_wconf 86' lang='lat' dir='ltr'><strong>tractavit,</strong></span> <span class='ocrx_word' id='word_1_588' title='bbox 2499 3963 2590 4017; x_wconf 87' lang='lat' dir='ltr'><strong>sed</strong></span> <span class='ocrx_word' id='word_1_589' title='bbox 2621 3963 2670 4019; x_wconf 89' lang='lat' dir='ltr'><strong>el</strong></span> <span class='ocrx_word' id='word_1_590' title='bbox 2722 3965 2978 4035; x_wconf 86' lang='lat' dir='ltr'><strong>deinceps</strong></span> <span class='ocrx_word' id='word_1_591' title='bbox 3020 3967 3163 4023; x_wconf 92' lang='lat' dir='ltr'><strong>ultro</strong></span> <span class='ocrx_word' id='word_1_592' title='bbox 3207 3970 3463 4034; x_wconf 77' lang='lat' dir='ltr'><strong>decessit,</strong></span> 
     </span>
    </p>
   </div>
   <div class='ocr_carea' id='block_1_85' title="bbox 1896 4048 3466 4130">
    <p class='ocr_par' dir='ltr' id='par_1_85' title="bbox 1896 4048 3466 4130">
     <span class='ocr_line' id='line_1_85' title="bbox 1896 4048 3466 4130; baseline 0.009 -29"><span class='ocrx_word' id='word_1_593' title='bbox 1896 4048 1997 4103; x_wconf 87' lang='lat' dir='ltr'><strong>sibi</strong></span> <span class='ocrx_word' id='word_1_594' title='bbox 2052 4051 2386 4118; x_wconf 88' lang='lat' dir='ltr'><strong>superiorem</strong></span> <span class='ocrx_word' id='word_1_595' title='bbox 2442 4052 2586 4108; x_wconf 87' lang='lat' dir='ltr'><strong>illam</strong></span> <span class='ocrx_word' id='word_1_596' title='bbox 2637 4069 2939 4125; x_wconf 73' lang='lat' dir='ltr'><strong>agnoscens</strong></span> <span class='ocrx_word' id='word_1_597' title='bbox 2975 4067 3031 4113; x_wconf 87' lang='lat' dir='ltr'><strong>et</strong></span> <span class='ocrx_word' id='word_1_598' title='bbox 3055 4058 3326 4114; x_wconf 88' lang='lat' dir='ltr'><strong>dominam</strong></span> <span class='ocrx_word' id='word_1_599' title='bbox 3363 4077 3466 4130; x_wconf 88' lang='lat' dir='ltr'><strong>ap-</strong></span> 
     </span>
    </p>
   </div>
   <div class='ocr_carea' id='block_1_86' title="bbox 1899 4140 3465 4218">
    <p class='ocr_par' dir='ltr' id='par_1_86' title="bbox 1899 4140 3465 4218">
     <span class='ocr_line' id='line_1_86' title="bbox 1899 4140 3465 4218; baseline 0.008 -24"><span class='ocrx_word' id='word_1_600' title='bbox 1899 4141 2133 4210; x_wconf 83' lang='lat' dir='ltr'><strong>pellans.</strong></span> <span class='ocrx_word' id='word_1_601' title='bbox 2168 4140 2245 4196; x_wconf 82' lang='lat' dir='ltr'><strong>lia</strong></span> <span class='ocrx_word' id='word_1_602' title='bbox 2287 4143 2487 4198; x_wconf 87' lang='lat' dir='ltr'><strong>diserte</strong></span> <span class='ocrx_word' id='word_1_603' title='bbox 2529 4156 2791 4200; x_wconf 86' lang='lat' dir='ltr'><strong>memorat</strong></span> <span class='ocrx_word' id='word_1_604' title='bbox 2824 4147 3256 4211; x_wconf 81' lang='lat' dir='ltr'><strong>Cantacuzenus.</strong></span> <span class='ocrx_word' id='word_1_605' title='bbox 3289 4168 3340 4207; x_wconf 90' lang='lat' dir='ltr'><strong>c.</strong></span> <span class='ocrx_word' id='word_1_606' title='bbox 3371 4154 3465 4218; x_wconf 76' lang='grc'><strong>40,</strong></span> 
     </span>
    </p>
   </div>
   <div class='ocr_carea' id='block_1_87' title="bbox 1897 4235 3468 4314">
    <p class='ocr_par' dir='ltr' id='par_1_87' title="bbox 1897 4235 3468 4314">
     <span class='ocr_line' id='line_1_87' title="bbox 1897 4235 3468 4314; baseline 0.008 -27"><span class='ocrx_word' id='word_1_607' title='bbox 1897 4248 2027 4287; x_wconf 88' lang='lat' dir='ltr'><strong>sane</strong></span> <span class='ocrx_word' id='word_1_608' title='bbox 2057 4243 2181 4288; x_wconf 90' lang='lat' dir='ltr'><strong>ante</strong></span> <span class='ocrx_word' id='word_1_609' title='bbox 2211 4235 2308 4288; x_wconf 86' lang='lat' dir='ltr'><strong>hoc</strong></span> <span class='ocrx_word' id='word_1_610' title='bbox 2353 4245 2564 4302; x_wconf 88' lang='lat' dir='ltr'><strong>tempus</strong></span> <span class='ocrx_word' id='word_1_611' title='bbox 2600 4236 2818 4293; x_wconf 88' lang='lat' dir='ltr'><strong>nomine</strong></span> <span class='ocrx_word' id='word_1_612' title='bbox 2850 4239 3132 4294; x_wconf 77' lang='lat' dir='ltr'><strong>dumtaxat</strong></span> <span class='ocrx_word' id='word_1_613' title='bbox 3190 4240 3356 4314; x_wconf 66' lang='grc'><strong>749</strong></span> <span class='ocrx_word' id='word_1_614' title='bbox 3388 4254 3468 4298; x_wconf 90' lang='lat' dir='ltr'><strong>tc-</strong></span> 
     </span>
    </p>
   </div>
   <div class='ocr_carea' id='block_1_88' title="bbox 1899 4318 3471 4402">
    <p class='ocr_par' dir='ltr' id='par_1_88' title="bbox 1899 4318 3471 4402">
     <span class='ocr_line' id='line_1_88' title="bbox 1899 4318 3471 4402; baseline 0.006 -24"><span class='ocrx_word' id='word_1_615' title='bbox 1899 4342 2000 4381; x_wconf 85' lang='lat' dir='ltr'><strong>nus</strong></span> <span class='ocrx_word' id='word_1_616' title='bbox 2036 4341 2098 4381; x_wconf 87' lang='lat' dir='ltr'><strong>ac</strong></span> <span class='ocrx_word' id='word_1_617' title='bbox 2142 4327 2579 4396; x_wconf 69' lang='lat' dir='ltr'><strong>praesumptione,</strong></span> <span class='ocrx_word' id='word_1_618' title='bbox 2629 4329 2767 4384; x_wconf 85' lang='lat' dir='ltr'><strong>citra</strong></span> <span class='ocrx_word' id='word_1_619' title='bbox 2828 4331 2992 4385; x_wconf 86' lang='lat' dir='ltr'><strong>ullam</strong></span> <span class='ocrx_word' id='word_1_620' title='bbox 3037 4332 3289 4402; x_wconf 77' lang='lat' dir='ltr'><strong>legitimis</strong></span> <span class='ocrx_word' id='word_1_621' title='bbox 3330 4318 3471 4390; x_wconf 74' lang='lat' dir='ltr'><strong>cele-</strong></span> 
     </span>
    </p>
   </div>
   <div class='ocr_carea' id='block_1_89' title="bbox 1899 4418 3468 4488">
    <p class='ocr_par' dir='ltr' id='par_1_89' title="bbox 1899 4418 3468 4488">
     <span class='ocr_line' id='line_1_89' title="bbox 1899 4418 3468 4488; baseline 0.005 -16"><span class='ocrx_word' id='word_1_622' title='bbox 1899 4418 2108 4472; x_wconf 84' lang='lat' dir='ltr'><strong>bratam</strong></span> <span class='ocrx_word' id='word_1_623' title='bbox 2139 4419 2327 4472; x_wconf 87' lang='lat' dir='ltr'><strong>ritibus</strong></span> <span class='ocrx_word' id='word_1_624' title='bbox 2369 4421 2814 4488; x_wconf 84' lang='lat' dir='ltr'><strong>assumptionem,</strong></span> <span class='ocrx_word' id='word_1_625' title='bbox 2847 4422 3016 4479; x_wconf 78' lang='lat' dir='ltr'><strong>fuisse</strong></span> <span class='ocrx_word' id='word_1_626' title='bbox 3059 4426 3317 4482; x_wconf 83' lang='lat' dir='ltr'><strong>tributam</strong></span> <span class='ocrx_word' id='word_1_627' title='bbox 3353 4429 3468 4482; x_wconf 85' lang='lat' dir='ltr'><strong>An-</strong></span> 
     </span>
    </p>
   </div>
   <div class='ocr_carea' id='block_1_90' title="bbox 1901 4507 3468 4586">
    <p class='ocr_par' dir='ltr' id='par_1_90' title="bbox 1901 4507 3468 4586">
     <span class='ocr_line' id='line_1_90' title="bbox 1901 4507 3468 4586; baseline 0.008 -24"><span class='ocrx_word' id='word_1_628' title='bbox 1901 4510 2124 4563; x_wconf 78' lang='lat' dir='ltr'><strong>dronico</strong></span> <span class='ocrx_word' id='word_1_629' title='bbox 2155 4507 2368 4564; x_wconf 68' lang='lat' dir='ltr'><strong>Iuniori</strong></span> <span class='ocrx_word' id='word_1_630' title='bbox 2407 4513 2816 4581; x_wconf 76' lang='lat' dir='ltr'><strong>appellationem</strong></span> <span class='ocrx_word' id='word_1_631' title='bbox 2871 4515 3239 4586; x_wconf 86' lang='lat' dir='ltr'><strong>imperatoris,</strong></span> <span class='ocrx_word' id='word_1_632' title='bbox 3284 4531 3338 4574; x_wconf 88' lang='lat' dir='ltr'><strong>et</strong></span> <span class='ocrx_word' id='word_1_633' title='bbox 3369 4521 3468 4574; x_wconf 86' lang='lat' dir='ltr'><strong>Se-</strong></span> 
     </span>
    </p>
   </div>
   <div class='ocr_carea' id='block_1_91' title="bbox 225 4602 3467 4681">
    <p class='ocr_par' dir='ltr' id='par_1_91' title="bbox 225 4602 3467 4681">
     <span class='ocr_line' id='line_1_91' title="bbox 225 4602 3467 4681; baseline 0.006 -37"><span class='ocrx_word' id='word_1_634' title='bbox 225 4627 414 4671; x_wconf 61' lang='lat' dir='ltr'><strong>nosler</strong></span> <span class='ocrx_word' id='word_1_635' title='bbox 461 4613 515 4668; x_wconf 66' lang='lat' dir='ltr'><strong>in</strong></span> <span class='ocrx_word' id='word_1_636' title='bbox 555 4611 855 4667; x_wconf 64' lang='grc' dir='ltr'><strong>ειενηιῖοηε</strong></span> <span class='ocrx_word' id='word_1_637' title='bbox 909 4612 1046 4665; x_wconf 56' lang='lat' dir='ltr'><strong>sum</strong></span> <span class='ocrx_word' id='word_1_638' title='bbox 1078 4610 1276 4666; x_wconf 59' lang='lat' dir='ltr'><strong>&quot;una&quot;.</strong></span> <span class='ocrx_word' id='word_1_639' title='bbox 1321 4612 1667 4681; x_wconf 44' lang='lat' dir='ltr'><strong>imperatoris</strong></span> <span class='ocrx_word' id='word_1_640' title='bbox 1708 4629 1790 4665; x_wconf 56' lang='lat' dir='ltr'><strong>se-</strong></span> <span class='ocrx_word' id='word_1_641' title='bbox 1822 4622 1872 4680; x_wconf 74' lang='grc' dir='ltr'>υ</span> <span class='ocrx_word' id='word_1_642' title='bbox 1901 4605 2022 4655; x_wconf 90' lang='lat' dir='ltr'><strong>nior</strong></span> <span class='ocrx_word' id='word_1_643' title='bbox 2063 4602 2403 4659; x_wconf 83' lang='lat' dir='ltr'><strong>Andronicus</strong></span> <span class='ocrx_word' id='word_1_644' title='bbox 2445 4605 2784 4660; x_wconf 87' lang='lat' dir='ltr'><strong>demonstrat</strong></span> <span class='ocrx_word' id='word_1_645' title='bbox 2817 4608 2967 4670; x_wconf 90' lang='lat' dir='ltr'><strong>dum,</strong></span> <span class='ocrx_word' id='word_1_646' title='bbox 3019 4608 3286 4664; x_wconf 77' lang='lat' dir='ltr'><strong>referente</strong></span> <span class='ocrx_word' id='word_1_647' title='bbox 3326 4613 3467 4666; x_wconf 86' lang='lat' dir='ltr'><strong>Can-</strong></span> 
     </span>
    </p>
   </div>
   <div class='ocr_carea' id='block_1_92' title="bbox 226 4705 1794 4778">
    <p class='ocr_par' dir='ltr' id='par_1_92' title="bbox 226 4705 1794 4778">
     <span class='ocr_line' id='line_1_92' title="bbox 226 4705 1794 4778; baseline -0.004 -14"><span class='ocrx_word' id='word_1_648' title='bbox 226 4710 398 4764; x_wconf 85' lang='lat' dir='ltr'><strong>nioris</strong></span> <span class='ocrx_word' id='word_1_649' title='bbox 442 4723 660 4778; x_wconf 83' lang='lat' dir='ltr'><strong>operam</strong></span> <span class='ocrx_word' id='word_1_650' title='bbox 705 4712 988 4766; x_wconf 82' lang='lat' dir='ltr'><strong>memorat,</strong></span> <span class='ocrx_word' id='word_1_651' title='bbox 1037 4712 1323 4775; x_wconf 89' lang='lat' dir='ltr'><strong>totumque</strong></span> <span class='ocrx_word' id='word_1_652' title='bbox 1376 4705 1428 4759; x_wconf 89' lang='lat' dir='ltr'><strong>id</strong></span> <span class='ocrx_word' id='word_1_653' title='bbox 1490 4706 1690 4758; x_wconf 82' lang='lat' dir='ltr'><strong>factum</strong></span> <span class='ocrx_word' id='word_1_654' title='bbox 1739 4705 1794 4758; x_wconf 92' lang='lat' dir='ltr'><strong>in</strong></span> 
     </span>
    </p>
   </div>
   <div class='ocr_carea' id='block_1_93' title="bbox 223 4797 1796 4866">
    <p class='ocr_par' dir='ltr' id='par_1_93' title="bbox 223 4797 1796 4866">
     <span class='ocr_line' id='line_1_93' title="bbox 223 4797 1796 4866; baseline -0.004 -9"><span class='ocrx_word' id='word_1_655' title='bbox 223 4805 459 4857; x_wconf 88' lang='lat' dir='ltr'><strong>solidum</strong></span> <span class='ocrx_word' id='word_1_656' title='bbox 501 4801 726 4856; x_wconf 83' lang='lat' dir='ltr'><strong>ascribit</strong></span> <span class='ocrx_word' id='word_1_657' title='bbox 773 4801 891 4857; x_wconf 76' lang='grc' dir='ltr'><strong>τοῖς</strong></span> <span class='ocrx_word' id='word_1_658' title='bbox 946 4801 1003 4850; x_wconf 77' lang='grc' dir='ltr'><strong>ὲν</strong></span> <span class='ocrx_word' id='word_1_659' title='bbox 1038 4798 1180 4851; x_wconf 77' lang='grc' dir='ltr'><strong>τέλει</strong></span> <span class='ocrx_word' id='word_1_660' title='bbox 1223 4797 1645 4866; x_wconf 81' lang='lat' dir='ltr'><strong>magistratibus,</strong></span> <span class='ocrx_word' id='word_1_661' title='bbox 1690 4811 1796 4850; x_wconf 86' lang='lat' dir='ltr'><strong>non</strong></span> 
     </span>
    </p>
   </div>
   <div class='ocr_carea' id='block_1_94' title="bbox 225 4889 1797 4960">
    <p class='ocr_par' dir='ltr' id='par_1_94' title="bbox 225 4889 1797 4960">
     <span class='ocr_line' id='line_1_94' title="bbox 225 4889 1797 4960; baseline -0.007 -11"><span class='ocrx_word' id='word_1_662' title='bbox 225 4897 556 4956; x_wconf 80' lang='lat' dir='ltr'><strong>amissurus,</strong></span> <span class='ocrx_word' id='word_1_663' title='bbox 579 4903 636 4946; x_wconf 81' lang='grc' dir='ltr'><strong>ιιι</strong></span> <span class='ocrx_word' id='word_1_664' title='bbox 655 4900 902 4960; x_wconf 85' lang='lat' dir='ltr'><strong>apparet,</strong></span> <span class='ocrx_word' id='word_1_665' title='bbox 925 4889 1222 4944; x_wconf 84' lang='lat' dir='ltr'><strong>Andronici</strong></span> <span class='ocrx_word' id='word_1_666' title='bbox 1246 4891 1412 4958; x_wconf 86' lang='lat' dir='ltr'><strong>patris</strong></span> <span class='ocrx_word' id='word_1_667' title='bbox 1447 4890 1797 4954; x_wconf 79' lang='lat' dir='ltr'><strong>mentionem,</strong></span> 
     </span>
    </p>
   </div>
   <div class='ocr_carea' id='block_1_95' title="bbox 226 4982 1802 5057">
    <p class='ocr_par' dir='ltr' id='par_1_95' title="bbox 226 4982 1802 5057">
     <span class='ocr_line' id='line_1_95' title="bbox 226 4982 1802 5057; baseline -0.003 -16"><span class='ocrx_word' id='word_1_668' title='bbox 226 4993 271 5046; x_wconf 84' lang='lat' dir='ltr'><strong>si</strong></span> <span class='ocrx_word' id='word_1_669' title='bbox 323 5005 428 5057; x_wconf 81' lang='lat' dir='ltr'><strong>qua</strong></span> <span class='ocrx_word' id='word_1_670' title='bbox 474 4987 523 5038; x_wconf 92' lang='lat' dir='ltr'><strong>in</strong></span> <span class='ocrx_word' id='word_1_671' title='bbox 553 4985 652 5038; x_wconf 86' lang='lat' dir='ltr'><strong>ista</strong></span> <span class='ocrx_word' id='word_1_672' title='bbox 688 4983 962 5037; x_wconf 73' lang='lat' dir='ltr'><strong>iunctione</strong></span> <span class='ocrx_word' id='word_1_673' title='bbox 987 4997 1112 5050; x_wconf 85' lang='lat' dir='ltr'><strong>pars</strong></span> <span class='ocrx_word' id='word_1_674' title='bbox 1146 4984 1259 5047; x_wconf 85' lang='lat' dir='ltr'><strong>ejus</strong></span> <span class='ocrx_word' id='word_1_675' title='bbox 1293 4982 1588 5035; x_wconf 79' lang='lat' dir='ltr'><strong>exstitisset</strong></span> <span class='ocrx_word' id='word_1_676' title='bbox 1617 5001 1630 5046; x_wconf 86' lang='lat'><strong>;</strong></span> <span class='ocrx_word' id='word_1_677' title='bbox 1660 4983 1802 5037; x_wconf 83' lang='lat' dir='ltr'><strong>sicut</strong></span> 
     </span>
    </p>
   </div>
   <div class='ocr_carea' id='block_1_96' title="bbox 229 5073 1802 5152">
    <p class='ocr_par' dir='ltr' id='par_1_96' title="bbox 229 5073 1802 5152">
     <span class='ocr_line' id='line_1_96' title="bbox 229 5073 1802 5152; baseline -0.006 -15"><span class='ocrx_word' id='word_1_678' title='bbox 229 5083 389 5152; x_wconf 88' lang='lat' dir='ltr'><strong>paulo</strong></span> <span class='ocrx_word' id='word_1_679' title='bbox 438 5079 578 5135; x_wconf 77' lang='lat' dir='ltr'><strong>infra</strong></span> <span class='ocrx_word' id='word_1_680' title='bbox 619 5081 741 5132; x_wconf 90' lang='lat' dir='ltr'><strong>dum</strong></span> <span class='ocrx_word' id='word_1_681' title='bbox 785 5074 1028 5131; x_wconf 89' lang='lat' dir='ltr'><strong>meminit</strong></span> <span class='ocrx_word' id='word_1_682' title='bbox 1058 5074 1322 5143; x_wconf 65' lang='lat' dir='ltr'><strong>imposita!</strong></span> <span class='ocrx_word' id='word_1_683' title='bbox 1365 5074 1525 5143; x_wconf 82' lang='lat' dir='ltr'><strong>capiti</strong></span> <span class='ocrx_word' id='word_1_684' title='bbox 1560 5073 1802 5129; x_wconf 82' lang='lat' dir='ltr'><strong>Michae-</strong></span> 
     </span>
    </p>
   </div>
   <div class='ocr_carea' id='block_1_97' title="bbox 233 5167 1800 5245">
    <p class='ocr_par' dir='ltr' id='par_1_97' title="bbox 233 5167 1800 5245">
     <span class='ocr_line' id='line_1_97' title="bbox 233 5167 1800 5245; baseline -0.006 -14"><span class='ocrx_word' id='word_1_685' title='bbox 233 5180 298 5231; x_wconf 91' lang='lat' dir='ltr'><strong>lis</strong></span> <span class='ocrx_word' id='word_1_686' title='bbox 333 5183 450 5245; x_wconf 90' lang='lat' dir='ltr'><strong>post</strong></span> <span class='ocrx_word' id='word_1_687' title='bbox 505 5171 875 5226; x_wconf 87' lang='lat' dir='ltr'><strong>inuuctionetn</strong></span> <span class='ocrx_word' id='word_1_688' title='bbox 924 5183 1159 5231; x_wconf 64' lang='lat' dir='ltr'><strong>coronae,</strong></span> <span class='ocrx_word' id='word_1_689' title='bbox 1234 5167 1491 5220; x_wconf 86' lang='lat' dir='ltr'><strong>distincte</strong></span> <span class='ocrx_word' id='word_1_690' title='bbox 1540 5168 1800 5221; x_wconf 87' lang='lat' dir='ltr'><strong>admouet</strong></span> 
     </span>
    </p>
   </div>
   <div class='ocr_carea' id='block_1_98' title="bbox 235 5256 1802 5335">
    <p class='ocr_par' dir='ltr' id='par_1_98' title="bbox 235 5256 1802 5335">
     <span class='ocr_line' id='line_1_98' title="bbox 235 5256 1802 5335; baseline -0.003 -20"><span class='ocrx_word' id='word_1_691' title='bbox 235 5281 444 5335; x_wconf 73' lang='lat' dir='ltr'><strong>Itall‘t&#39;lll</strong></span> <span class='ocrx_word' id='word_1_692' title='bbox 489 5263 606 5332; x_wconf 88' lang='lat' dir='ltr'><strong>ejus</strong></span> <span class='ocrx_word' id='word_1_693' title='bbox 666 5261 936 5315; x_wconf 89' lang='lat' dir='ltr'><strong>seniorem</strong></span> <span class='ocrx_word' id='word_1_694' title='bbox 1004 5256 1302 5326; x_wconf 77' lang='lat' dir='ltr'><strong>Angustum</strong></span> <span class='ocrx_word' id='word_1_695' title='bbox 1358 5273 1645 5311; x_wconf 65' lang='lat' dir='ltr'><strong>coronasse</strong></span> <span class='ocrx_word' id='word_1_696' title='bbox 1690 5257 1802 5326; x_wconf 86' lang='lat' dir='ltr'><strong>jam</strong></span> 
     </span>
    </p>
   </div>
   <div class='ocr_carea' id='block_1_99' title="bbox 234 5350 1807 5416">
    <p class='ocr_par' dir='ltr' id='par_1_99' title="bbox 234 5350 1807 5416">
     <span class='ocr_line' id='line_1_99' title="bbox 234 5350 1807 5416; baseline -0.01 0"><span class='ocrx_word' id='word_1_697' title='bbox 234 5363 517 5416; x_wconf 75' lang='lat' dir='ltr'><strong>inunt&#39;tutn</strong></span> <span class='ocrx_word' id='word_1_698' title='bbox 555 5354 888 5412; x_wconf 69' lang='lat' dir='ltr'><strong>llicltaelcnt,</strong></span> <span class='ocrx_word' id='word_1_699' title='bbox 922 5350 1205 5413; x_wconf 76' lang='lat' dir='ltr'><strong>adiuvante</strong></span> <span class='ocrx_word' id='word_1_700' title='bbox 1239 5350 1545 5416; x_wconf 83' lang='lat' dir='ltr'><strong>patriarcha</strong></span> <span class='ocrx_word' id='word_1_701' title='bbox 1570 5389 1583 5411; x_wconf 90' lang='lat'><strong>,</strong></span> <span class='ocrx_word' id='word_1_702' title='bbox 1621 5365 1680 5400; x_wconf 86' lang='lat' dir='ltr'><strong>ac</strong></span> <span class='ocrx_word' id='word_1_703' title='bbox 1718 5363 1807 5401; x_wconf 82' lang='lat' dir='ltr'><strong>co-</strong></span> 
     </span>
    </p>
   </div>
   <div class='ocr_carea' id='block_1_100' title="bbox 238 5439 1808 5514">
    <p class='ocr_par' dir='ltr' id='par_1_100' title="bbox 238 5439 1808 5514">
     <span class='ocr_line' id='line_1_100' title="bbox 238 5439 1808 5514; baseline -0.008 -8"><span class='ocrx_word' id='word_1_704' title='bbox 238 5468 384 5506; x_wconf 75' lang='lat' dir='ltr'><strong>rana!</strong></span> <span class='ocrx_word' id='word_1_705' title='bbox 413 5453 537 5503; x_wconf 89' lang='lat' dir='ltr'><strong>dum</strong></span> <span class='ocrx_word' id='word_1_706' title='bbox 568 5447 856 5514; x_wconf 80' lang='lat' dir='ltr'><strong>imponitur</strong></span> <span class='ocrx_word' id='word_1_707' title='bbox 886 5451 1088 5512; x_wconf 81' lang='lat' dir='ltr'><strong>partem</strong></span> <span class='ocrx_word' id='word_1_708' title='bbox 1121 5453 1342 5496; x_wconf 75' lang='lat' dir='ltr'><strong>tenente.</strong></span> <span class='ocrx_word' id='word_1_709' title='bbox 1374 5439 1510 5507; x_wconf 84' lang='lat' dir='ltr'><strong>Quid</strong></span> <span class='ocrx_word' id='word_1_710' title='bbox 1543 5440 1628 5494; x_wconf 83' lang='lat' dir='ltr'><strong>ltic</strong></span> <span class='ocrx_word' id='word_1_711' title='bbox 1659 5444 1808 5493; x_wconf 80' lang='lat' dir='ltr'><strong>dice-</strong></span> 
     </span>
    </p>
   </div>
   <div class='ocr_carea' id='block_1_101' title="bbox 241 5531 1807 5611">
    <p class='ocr_par' dir='ltr' id='par_1_101' title="bbox 241 5531 1807 5611">
     <span class='ocr_line' id='line_1_101' title="bbox 241 5531 1807 5611; baseline -0.01 -10"><span class='ocrx_word' id='word_1_712' title='bbox 241 5562 362 5601; x_wconf 88' lang='lat' dir='ltr'><strong>mus</strong></span> <span class='ocrx_word' id='word_1_713' title='bbox 391 5545 410 5598; x_wconf 71' lang='lat'><strong><em>3</em></strong></span> <span class='ocrx_word' id='word_1_714' title='bbox 445 5560 510 5596; x_wconf 86' lang='lat' dir='ltr'><strong>an</strong></span> <span class='ocrx_word' id='word_1_715' title='bbox 551 5539 890 5611; x_wconf 63' lang='lat' dir='ltr'><strong>negligentia</strong></span> <span class='ocrx_word' id='word_1_716' title='bbox 925 5535 1218 5588; x_wconf 87' lang='lat' dir='ltr'><strong>taxandum</strong></span> <span class='ocrx_word' id='word_1_717' title='bbox 1248 5531 1637 5601; x_wconf 84' lang='lat' dir='ltr'><strong>Pacltytnercm</strong></span> <span class='ocrx_word' id='word_1_718' title='bbox 1667 5531 1690 5584; x_wconf 83' lang='lat' dir='ltr'><strong>‘l</strong></span> <span class='ocrx_word' id='word_1_719' title='bbox 1737 5546 1807 5586; x_wconf 87' lang='lat' dir='ltr'><strong>an</strong></span> 
     </span>
    </p>
   </div>
   <div class='ocr_carea' id='block_1_102' title="bbox 239 5626 1809 5708">
    <p class='ocr_par' dir='ltr' id='par_1_102' title="bbox 239 5626 1809 5708">
     <span class='ocr_line' id='line_1_102' title="bbox 239 5626 1809 5708; baseline -0.007 -15"><span class='ocrx_word' id='word_1_720' title='bbox 239 5634 588 5708; x_wconf 70' lang='lat' dir='ltr'><strong>exquisitiori</strong></span> <span class='ocrx_word' id='word_1_721' title='bbox 623 5630 949 5688; x_wconf 68' lang='lat' dir='ltr'><strong>caeremonia</strong></span> <span class='ocrx_word' id='word_1_722' title='bbox 989 5643 1143 5682; x_wconf 90' lang='lat' dir='ltr'><strong>usum</strong></span> <span class='ocrx_word' id='word_1_723' title='bbox 1172 5627 1223 5679; x_wconf 91' lang='lat' dir='ltr'><strong>iu</strong></span> <span class='ocrx_word' id='word_1_724' title='bbox 1262 5626 1572 5680; x_wconf 90' lang='lat' dir='ltr'><strong>Andronico</strong></span> <span class='ocrx_word' id='word_1_725' title='bbox 1608 5638 1809 5696; x_wconf 88' lang='lat' dir='ltr'><strong>nepote</strong></span> 
     </span>
    </p>
   </div>
   <div class='ocr_carea' id='block_1_103' title="bbox 241 5724 1810 5801">
    <p class='ocr_par' dir='ltr' id='par_1_103' title="bbox 241 5724 1810 5801">
     <span class='ocr_line' id='line_1_103' title="bbox 241 5724 1810 5801; baseline -0.011 -12"><span class='ocrx_word' id='word_1_726' title='bbox 241 5729 620 5801; x_wconf 75' lang='lat' dir='ltr'><strong>lnaugurando</strong></span> <span class='ocrx_word' id='word_1_727' title='bbox 639 5724 1010 5782; x_wconf 88' lang='lat' dir='ltr'><strong>Andronicum</strong></span> <span class='ocrx_word' id='word_1_728' title='bbox 1041 5734 1196 5773; x_wconf 84' lang='lat' dir='ltr'><strong>avum</strong></span> <span class='ocrx_word' id='word_1_729' title='bbox 1228 5733 1389 5788; x_wconf 82' lang='lat' dir='ltr'><strong>quam</strong></span> <span class='ocrx_word' id='word_1_730' title='bbox 1413 5728 1622 5788; x_wconf 88' lang='lat' dir='ltr'><strong>patrem</strong></span> <span class='ocrx_word' id='word_1_731' title='bbox 1653 5735 1810 5773; x_wconf 90' lang='lat' dir='ltr'><strong>eunt-</strong></span> 
     </span>
    </p>
   </div>
   <div class='ocr_carea' id='block_1_104' title="bbox 246 5809 1814 5886">
    <p class='ocr_par' dir='ltr' id='par_1_104' title="bbox 246 5809 1814 5886">
     <span class='ocr_line' id='line_1_104' title="bbox 246 5809 1814 5886; baseline -0.013 0"><span class='ocrx_word' id='word_1_732' title='bbox 246 5833 366 5886; x_wconf 85' lang='lat' dir='ltr'><strong>dem</strong></span> <span class='ocrx_word' id='word_1_733' title='bbox 403 5828 456 5884; x_wconf 85' lang='lat' dir='ltr'><strong>in</strong></span> <span class='ocrx_word' id='word_1_734' title='bbox 491 5821 749 5881; x_wconf 72' lang='lat' dir='ltr'><strong>Michaele</strong></span> <span class='ocrx_word' id='word_1_735' title='bbox 780 5819 892 5873; x_wconf 86' lang='lat' dir='ltr'><strong>lilio</strong></span> <span class='ocrx_word' id='word_1_736' title='bbox 942 5817 1096 5884; x_wconf 80' lang='lat' dir='ltr'><strong>longe</strong></span> <span class='ocrx_word' id='word_1_737' title='bbox 1128 5811 1452 5866; x_wconf 84' lang='lat' dir='ltr'><strong>cltarissimo</strong></span> <span class='ocrx_word' id='word_1_738' title='bbox 1477 5809 1500 5865; x_wconf 71' lang='grc' dir='ltr'><em>ἲ</em></span> <span class='ocrx_word' id='word_1_739' title='bbox 1529 5811 1672 5866; x_wconf 74' lang='lat' dir='ltr'><strong>Nihil</strong></span> <span class='ocrx_word' id='word_1_740' title='bbox 1719 5813 1814 5866; x_wconf 80' lang='lat' dir='ltr'><strong>lio-</strong></span> 
     </span>
    </p>
   </div>
   <div class='ocr_carea' id='block_1_105' title="bbox 250 5889 1810 5984">
    <p class='ocr_par' dir='ltr' id='par_1_105' title="bbox 250 5889 1810 5984">
     <span class='ocr_line' id='line_1_105' title="bbox 250 5889 1810 5984; baseline -0.008 -10"><span class='ocrx_word' id='word_1_741' title='bbox 250 5941 366 5981; x_wconf 79' lang='grc' dir='ltr'>ι-ιιιιι</span> <span class='ocrx_word' id='word_1_742' title='bbox 419 5889 711 5976; x_wconf 82' lang='lat' dir='ltr'><strong>verisimile</strong></span> <span class='ocrx_word' id='word_1_743' title='bbox 760 5909 1060 5984; x_wconf 79' lang='lat' dir='ltr'><strong>putaverint</strong></span> <span class='ocrx_word' id='word_1_744' title='bbox 1092 5924 1106 5959; x_wconf 90' lang='lat'><strong>:</strong></span> <span class='ocrx_word' id='word_1_745' title='bbox 1140 5903 1234 5958; x_wconf 85' lang='lat' dir='ltr'><strong>sed</strong></span> <span class='ocrx_word' id='word_1_746' title='bbox 1270 5905 1520 5960; x_wconf 86' lang='lat' dir='ltr'><strong>existimo</strong></span> <span class='ocrx_word' id='word_1_747' title='bbox 1552 5914 1602 5961; x_wconf 87' lang='lat' dir='ltr'><strong>et</strong></span> <span class='ocrx_word' id='word_1_748' title='bbox 1649 5922 1810 5961; x_wconf 86' lang='lat' dir='ltr'><strong>unam</strong></span> 
     </span>
    </p>
   </div>
   <div class='ocr_carea' id='block_1_106' title="bbox 487 6004 1220 6077">
    <p class='ocr_par' dir='ltr' id='par_1_106' title="bbox 487 6004 1220 6077">
     <span class='ocr_line' id='line_1_106' title="bbox 487 6004 1220 6077; baseline -0.02 0"><span class='ocrx_word' id='word_1_749' title='bbox 487 6018 756 6077; x_wconf 74' lang='grc' dir='ltr'><strong>ΡΔτιιοι..</strong></span> <span class='ocrx_word' id='word_1_750' title='bbox 799 6015 912 6072; x_wconf 83' lang='lat' dir='ltr'><strong>Gtt.</strong></span> <span class='ocrx_word' id='word_1_751' title='bbox 945 6004 1220 6068; x_wconf 79' lang='lat' dir='ltr'><strong>CXLIV.</strong></span> 
     </span>
    </p>
   </div>
   <div class='ocr_carea' id='block_1_107' title="bbox 1903 4694 3464 4774">
    <p class='ocr_par' dir='ltr' id='par_1_107' title="bbox 1903 4694 3464 4774">
     <span class='ocr_line' id='line_1_107' title="bbox 1903 4694 3464 4774; baseline 0.008 -28"><span class='ocrx_word' id='word_1_752' title='bbox 1903 4704 2181 4761; x_wconf 83' lang='lat' dir='ltr'><strong>tacuzeno,</strong></span> <span class='ocrx_word' id='word_1_753' title='bbox 2220 4694 2257 4750; x_wconf 94' lang='lat' dir='ltr'><strong>l.</strong></span> <span class='ocrx_word' id='word_1_754' title='bbox 2292 4711 2333 4762; x_wconf 88' lang='lat' dir='ltr'><strong>t,</strong></span> <span class='ocrx_word' id='word_1_755' title='bbox 2365 4713 2416 4750; x_wconf 86' lang='lat' dir='ltr'><strong>c.</strong></span> <span class='ocrx_word' id='word_1_756' title='bbox 2465 4697 2521 4761; x_wconf 87' lang='lat'><strong>9,</strong></span> <span class='ocrx_word' id='word_1_757' title='bbox 2550 4699 2923 4752; x_wconf 89' lang='lat' dir='ltr'><strong>Andronicum</strong></span> <span class='ocrx_word' id='word_1_758' title='bbox 2947 4716 3067 4754; x_wconf 90' lang='lat' dir='ltr'><strong>eum</strong></span> <span class='ocrx_word' id='word_1_759' title='bbox 3107 4703 3464 4774; x_wconf 65' lang='lat' dir='ltr'><strong>Palasnlognm</strong></span> 
     </span>
    </p>
   </div>
   <div class='ocr_carea' id='block_1_108' title="bbox 1899 4788 3465 4863">
    <p class='ocr_par' dir='ltr' id='par_1_108' title="bbox 1899 4788 3465 4863">
     <span class='ocr_line' id='line_1_108' title="bbox 1899 4788 3465 4863; baseline 0.001 -19"><span class='ocrx_word' id='word_1_760' title='bbox 1899 4788 2223 4855; x_wconf 84' lang='lat' dir='ltr'><strong>simpliciter</strong></span> <span class='ocrx_word' id='word_1_761' title='bbox 2247 4798 2398 4843; x_wconf 86' lang='lat' dir='ltr'><strong>vocat</strong></span> <span class='ocrx_word' id='word_1_762' title='bbox 2429 4799 2480 4843; x_wconf 88' lang='lat' dir='ltr'><strong>et</strong></span> <span class='ocrx_word' id='word_1_763' title='bbox 2506 4802 2565 4843; x_wconf 89' lang='lat' dir='ltr'><strong>ut</strong></span> <span class='ocrx_word' id='word_1_764' title='bbox 2595 4791 2897 4859; x_wconf 88' lang='lat' dir='ltr'><strong>principem</strong></span> <span class='ocrx_word' id='word_1_765' title='bbox 2932 4795 3147 4859; x_wconf 69' lang='lat' dir='ltr'><strong>agnosci</strong></span> <span class='ocrx_word' id='word_1_766' title='bbox 3175 4797 3419 4863; x_wconf 86' lang='lat' dir='ltr'><strong>prohibet</strong></span> <span class='ocrx_word' id='word_1_767' title='bbox 3447 4814 3465 4863; x_wconf 84' lang='lat'><strong>;</strong></span> 
     </span>
    </p>
   </div>
   <div class='ocr_carea' id='block_1_109' title="bbox 1900 4880 3464 4951">
    <p class='ocr_par' dir='ltr' id='par_1_109' title="bbox 1900 4880 3464 4951">
     <span class='ocr_line' id='line_1_109' title="bbox 1900 4880 3464 4951; baseline 0.006 -16"><span class='ocrx_word' id='word_1_768' title='bbox 1900 4890 1955 4935; x_wconf 88' lang='lat' dir='ltr'><strong>et</strong></span> <span class='ocrx_word' id='word_1_769' title='bbox 1993 4880 2110 4949; x_wconf 86' lang='lat' dir='ltr'><strong>ipse</strong></span> <span class='ocrx_word' id='word_1_770' title='bbox 2183 4881 2342 4936; x_wconf 76' lang='lat' dir='ltr'><strong>fateri</strong></span> <span class='ocrx_word' id='word_1_771' title='bbox 2401 4883 2617 4936; x_wconf 89' lang='lat' dir='ltr'><strong>videtur</strong></span> <span class='ocrx_word' id='word_1_772' title='bbox 2665 4885 3011 4939; x_wconf 83' lang='lat' dir='ltr'><strong>Andronicus</strong></span> <span class='ocrx_word' id='word_1_773' title='bbox 3079 4883 3288 4951; x_wconf 86' lang='lat' dir='ltr'><strong>Junior,</strong></span> <span class='ocrx_word' id='word_1_774' title='bbox 3341 4891 3464 4944; x_wconf 90' lang='lat' dir='ltr'><strong>dum</strong></span> 
     </span>
    </p>
   </div>
   <div class='ocr_carea' id='block_1_110' title="bbox 1901 4973 3471 5044">
    <p class='ocr_par' dir='ltr' id='par_1_110' title="bbox 1901 4973 3471 5044">
     <span class='ocr_line' id='line_1_110' title="bbox 1901 4973 3471 5044; baseline 0.001 -16"><span class='ocrx_word' id='word_1_775' title='bbox 1901 4975 2090 5028; x_wconf 87' lang='lat' dir='ltr'><strong>eodem</strong></span> <span class='ocrx_word' id='word_1_776' title='bbox 2133 4973 2286 5034; x_wconf 89' lang='lat' dir='ltr'><strong>libro.</strong></span> <span class='ocrx_word' id='word_1_777' title='bbox 2317 4989 2366 5031; x_wconf 91' lang='lat' dir='ltr'><strong>c.</strong></span> <span class='ocrx_word' id='word_1_778' title='bbox 2400 4973 2490 5040; x_wconf 75' lang='lat'><strong>25,</strong></span> <span class='ocrx_word' id='word_1_779' title='bbox 2527 4976 2660 5044; x_wconf 83' lang='lat' dir='ltr'><strong>petit</strong></span> <span class='ocrx_word' id='word_1_780' title='bbox 2693 4977 2759 5029; x_wconf 89' lang='lat' dir='ltr'><strong>ab</strong></span> <span class='ocrx_word' id='word_1_781' title='bbox 2793 4992 2894 5030; x_wconf 82' lang='lat' dir='ltr'><strong>avo</strong></span> <span class='ocrx_word' id='word_1_782' title='bbox 2919 4978 3128 5031; x_wconf 85' lang='lat' dir='ltr'><strong>admitti</strong></span> <span class='ocrx_word' id='word_1_783' title='bbox 3162 4994 3219 5033; x_wconf 88' lang='lat' dir='ltr'><strong>se</strong></span> <span class='ocrx_word' id='word_1_784' title='bbox 3263 4980 3313 5032; x_wconf 94' lang='lat' dir='ltr'><strong>in</strong></span> <span class='ocrx_word' id='word_1_785' title='bbox 3341 4997 3471 5030; x_wconf 75' lang='lat' dir='ltr'><strong>l‘ttll-</strong></span> 
     </span>
    </p>
   </div>
   <div class='ocr_carea' id='block_1_111' title="bbox 1904 5069 3472 5142">
    <p class='ocr_par' dir='ltr' id='par_1_111' title="bbox 1904 5069 3472 5142">
     <span class='ocr_line' id='line_1_111' title="bbox 1904 5069 3472 5142; baseline 0.001 -16"><span class='ocrx_word' id='word_1_786' title='bbox 1904 5070 2136 5126; x_wconf 75' lang='lat' dir='ltr'><strong>sortium</strong></span> <span class='ocrx_word' id='word_1_787' title='bbox 2185 5069 2397 5137; x_wconf 87' lang='lat' dir='ltr'><strong>imperii</strong></span> <span class='ocrx_word' id='word_1_788' title='bbox 2433 5085 2552 5124; x_wconf 91' lang='lat' dir='ltr'><strong>cum</strong></span> <span class='ocrx_word' id='word_1_789' title='bbox 2579 5070 2702 5140; x_wconf 90' lang='lat' dir='ltr'><strong>jnre</strong></span> <span class='ocrx_word' id='word_1_790' title='bbox 2734 5072 3117 5127; x_wconf 86' lang='lat' dir='ltr'><strong>successionis.</strong></span> <span class='ocrx_word' id='word_1_791' title='bbox 3159 5073 3324 5128; x_wconf 79' lang='lat' dir='ltr'><strong>Recte</strong></span> <span class='ocrx_word' id='word_1_792' title='bbox 3373 5075 3472 5142; x_wconf 68' lang='lat' dir='ltr'><strong>igi-</strong></span> 
     </span>
    </p>
   </div>
   <div class='ocr_carea' id='block_1_112' title="bbox 1907 5160 3474 5230">
    <p class='ocr_par' dir='ltr' id='par_1_112' title="bbox 1907 5160 3474 5230">
     <span class='ocr_line' id='line_1_112' title="bbox 1907 5160 3474 5230; baseline 0 -14"><span class='ocrx_word' id='word_1_793' title='bbox 1907 5175 1992 5216; x_wconf 91' lang='lat' dir='ltr'><strong>tur</strong></span> <span class='ocrx_word' id='word_1_794' title='bbox 2018 5177 2140 5216; x_wconf 90' lang='lat' dir='ltr'><strong>cum</strong></span> <span class='ocrx_word' id='word_1_795' title='bbox 2168 5160 2328 5215; x_wconf 89' lang='lat' dir='ltr'><strong>simul</strong></span> <span class='ocrx_word' id='word_1_796' title='bbox 2367 5171 2698 5230; x_wconf 88' lang='lat' dir='ltr'><strong>assumptus,</strong></span> <span class='ocrx_word' id='word_1_797' title='bbox 2729 5162 2888 5215; x_wconf 84' lang='lat' dir='ltr'><strong>simul</strong></span> <span class='ocrx_word' id='word_1_798' title='bbox 2923 5161 3178 5219; x_wconf 90' lang='lat' dir='ltr'><strong>inunctus</strong></span> <span class='ocrx_word' id='word_1_799' title='bbox 3225 5179 3290 5219; x_wconf 85' lang='lat' dir='ltr'><strong>ac</strong></span> <span class='ocrx_word' id='word_1_800' title='bbox 3316 5178 3474 5220; x_wconf 91' lang='lat' dir='ltr'><strong>coro-</strong></span> 
     </span>
    </p>
   </div>
   <div class='ocr_carea' id='block_1_113' title="bbox 1910 5251 3471 5326">
    <p class='ocr_par' dir='ltr' id='par_1_113' title="bbox 1910 5251 3471 5326">
     <span class='ocr_line' id='line_1_113' title="bbox 1910 5251 3471 5326; baseline 0.001 -18"><span class='ocrx_word' id='word_1_801' title='bbox 1910 5265 2067 5309; x_wconf 87' lang='lat' dir='ltr'><strong>natus</strong></span> <span class='ocrx_word' id='word_1_802' title='bbox 2117 5253 2456 5308; x_wconf 86' lang='lat' dir='ltr'><strong>Andronicus</strong></span> <span class='ocrx_word' id='word_1_803' title='bbox 2492 5251 2681 5306; x_wconf 80' lang='lat' dir='ltr'><strong>Juuior</strong></span> <span class='ocrx_word' id='word_1_804' title='bbox 2723 5253 2841 5321; x_wconf 82' lang='lat' dir='ltr'><strong>fuit,</strong></span> <span class='ocrx_word' id='word_1_805' title='bbox 2884 5257 3026 5326; x_wconf 87' lang='lat' dir='ltr'><strong>quod</strong></span> <span class='ocrx_word' id='word_1_806' title='bbox 3051 5267 3237 5310; x_wconf 89' lang='lat' dir='ltr'><strong>narrat</strong></span> <span class='ocrx_word' id='word_1_807' title='bbox 3268 5255 3471 5310; x_wconf 83' lang='lat' dir='ltr'><strong>Canta--</strong></span> 
     </span>
    </p>
   </div>
   <div class='ocr_carea' id='block_1_114' title="bbox 1908 5344 3474 5416">
    <p class='ocr_par' dir='ltr' id='par_1_114' title="bbox 1908 5344 3474 5416">
     <span class='ocr_line' id='line_1_114' title="bbox 1908 5344 3474 5416; baseline 0.002 -16"><span class='ocrx_word' id='word_1_808' title='bbox 1908 5361 2168 5412; x_wconf 83' lang='lat' dir='ltr'><strong>cuzenus,</strong></span> <span class='ocrx_word' id='word_1_809' title='bbox 2203 5361 2252 5399; x_wconf 93' lang='lat' dir='ltr'><strong>c.</strong></span> <span class='ocrx_word' id='word_1_810' title='bbox 2286 5346 2374 5409; x_wconf 70' lang='grc'><strong>41,</strong></span> <span class='ocrx_word' id='word_1_811' title='bbox 2410 5344 2548 5399; x_wconf 90' lang='lat' dir='ltr'><strong>scuti</strong></span> <span class='ocrx_word' id='word_1_812' title='bbox 2582 5355 2787 5414; x_wconf 85' lang='lat' dir='ltr'><strong>partem</strong></span> <span class='ocrx_word' id='word_1_813' title='bbox 2825 5346 3148 5401; x_wconf 88' lang='lat' dir='ltr'><strong>anteriorem</strong></span> <span class='ocrx_word' id='word_1_814' title='bbox 3178 5347 3297 5416; x_wconf 89' lang='lat' dir='ltr'><strong>ipse</strong></span> <span class='ocrx_word' id='word_1_815' title='bbox 3337 5364 3474 5403; x_wconf 76' lang='lat' dir='ltr'><strong>avus</strong></span> 
     </span>
    </p>
   </div>
   <div class='ocr_carea' id='block_1_115' title="bbox 1909 5436 3475 5510">
    <p class='ocr_par' dir='ltr' id='par_1_115' title="bbox 1909 5436 3475 5510">
     <span class='ocr_line' id='line_1_115' title="bbox 1909 5436 3475 5510; baseline 0 -16"><span class='ocrx_word' id='word_1_816' title='bbox 1909 5440 2182 5510; x_wconf 77' lang='lat' dir='ltr'><strong>Augustus</strong></span> <span class='ocrx_word' id='word_1_817' title='bbox 2221 5436 2410 5500; x_wconf 86' lang='lat' dir='ltr'><strong>tenuit,</strong></span> <span class='ocrx_word' id='word_1_818' title='bbox 2458 5452 2522 5492; x_wconf 87' lang='lat' dir='ltr'><strong>eo</strong></span> <span class='ocrx_word' id='word_1_819' title='bbox 2553 5448 2817 5492; x_wconf 90' lang='lat' dir='ltr'><strong>consueto</strong></span> <span class='ocrx_word' id='word_1_820' title='bbox 2869 5438 2972 5491; x_wconf 89' lang='lat' dir='ltr'><strong>ritu</strong></span> <span class='ocrx_word' id='word_1_821' title='bbox 3022 5438 3197 5506; x_wconf 87' lang='lat' dir='ltr'><strong>ipsum</strong></span> <span class='ocrx_word' id='word_1_822' title='bbox 3239 5439 3475 5494; x_wconf 82' lang='lat' dir='ltr'><strong>cvelu-ns</strong></span> 
     </span>
    </p>
   </div>
   <div class='ocr_carea' id='block_1_116' title="bbox 1912 5528 3474 5602">
    <p class='ocr_par' dir='ltr' id='par_1_116' title="bbox 1912 5528 3474 5602">
     <span class='ocr_line' id='line_1_116' title="bbox 1912 5528 3474 5602; baseline -0.002 -15"><span class='ocrx_word' id='word_1_823' title='bbox 1912 5533 1966 5587; x_wconf 91' lang='lat' dir='ltr'><strong>in</strong></span> <span class='ocrx_word' id='word_1_824' title='bbox 1997 5535 2290 5602; x_wconf 75' lang='lat' dir='ltr'><strong>Augustam</strong></span> <span class='ocrx_word' id='word_1_825' title='bbox 2342 5530 2682 5600; x_wconf 80' lang='lat' dir='ltr'><strong>dignitatem,</strong></span> <span class='ocrx_word' id='word_1_826' title='bbox 2733 5528 2881 5600; x_wconf 88' lang='lat' dir='ltr'><strong>quod</strong></span> <span class='ocrx_word' id='word_1_827' title='bbox 2933 5531 3171 5585; x_wconf 89' lang='lat' dir='ltr'><strong>nondum</strong></span> <span class='ocrx_word' id='word_1_828' title='bbox 3211 5530 3416 5586; x_wconf 79' lang='lat' dir='ltr'><strong>fecerat</strong></span> <span class='ocrx_word' id='word_1_829' title='bbox 3459 5547 3474 5584; x_wconf 89' lang='lat'><strong>:</strong></span> 
     </span>
    </p>
   </div>
   <div class='ocr_carea' id='block_1_117' title="bbox 1913 5622 3474 5696">
    <p class='ocr_par' dir='ltr' id='par_1_117' title="bbox 1913 5622 3474 5696">
     <span class='ocr_line' id='line_1_117' title="bbox 1913 5622 3474 5696; baseline -0.003 -17"><span class='ocrx_word' id='word_1_830' title='bbox 1913 5625 2134 5696; x_wconf 85' lang='lat' dir='ltr'><strong>quando</strong></span> <span class='ocrx_word' id='word_1_831' title='bbox 2165 5633 2341 5676; x_wconf 81' lang='lat' dir='ltr'><strong>autem</strong></span> <span class='ocrx_word' id='word_1_832' title='bbox 2369 5622 2628 5676; x_wconf 87' lang='lat' dir='ltr'><strong>intinctus</strong></span> <span class='ocrx_word' id='word_1_833' title='bbox 2658 5633 2710 5676; x_wconf 90' lang='lat' dir='ltr'><strong>et</strong></span> <span class='ocrx_word' id='word_1_834' title='bbox 2746 5632 3046 5677; x_wconf 85' lang='lat' dir='ltr'><strong>coronatus</strong></span> <span class='ocrx_word' id='word_1_835' title='bbox 3074 5623 3332 5676; x_wconf 85' lang='lat' dir='ltr'><strong>duntaxat</strong></span> <span class='ocrx_word' id='word_1_836' title='bbox 3362 5624 3474 5693; x_wconf 87' lang='lat' dir='ltr'><strong>jam</strong></span> 
     </span>
    </p>
   </div>
   <div class='ocr_carea' id='block_1_118' title="bbox 1915 5712 3478 5782">
    <p class='ocr_par' dir='ltr' id='par_1_118' title="bbox 1915 5712 3478 5782">
     <span class='ocr_line' id='line_1_118' title="bbox 1915 5712 3478 5782; baseline -0.006 -9"><span class='ocrx_word' id='word_1_837' title='bbox 1915 5727 2072 5773; x_wconf 87' lang='lat' dir='ltr'><strong>antea</strong></span> <span class='ocrx_word' id='word_1_838' title='bbox 2129 5723 2350 5772; x_wconf 85' lang='lat' dir='ltr'><strong>evectus</strong></span> <span class='ocrx_word' id='word_1_839' title='bbox 2407 5714 2458 5766; x_wconf 89' lang='lat' dir='ltr'><strong>in</strong></span> <span class='ocrx_word' id='word_1_840' title='bbox 2505 5713 2790 5780; x_wconf 86' lang='lat' dir='ltr'><strong>imperium</strong></span> <span class='ocrx_word' id='word_1_841' title='bbox 2825 5729 2852 5766; x_wconf 88' lang='lat' dir='ltr'><strong>a</strong></span> <span class='ocrx_word' id='word_1_842' title='bbox 2914 5725 3067 5782; x_wconf 87' lang='lat' dir='ltr'><strong>patre</strong></span> <span class='ocrx_word' id='word_1_843' title='bbox 3116 5712 3342 5768; x_wconf 85' lang='lat' dir='ltr'><strong>Michael</strong></span> <span class='ocrx_word' id='word_1_844' title='bbox 3373 5725 3478 5779; x_wconf 78' lang='lat' dir='ltr'><strong>est,</strong></span> 
     </span>
    </p>
   </div>
   <div class='ocr_carea' id='block_1_119' title="bbox 1917 5807 3481 5878">
    <p class='ocr_par' dir='ltr' id='par_1_119' title="bbox 1917 5807 3481 5878">
     <span class='ocr_line' id='line_1_119' title="bbox 1917 5807 3481 5878; baseline -0.004 -11"><span class='ocrx_word' id='word_1_845' title='bbox 1917 5822 2128 5868; x_wconf 88' lang='lat' dir='ltr'><strong>scutum</strong></span> <span class='ocrx_word' id='word_1_846' title='bbox 2163 5809 2218 5864; x_wconf 87' lang='lat' dir='ltr'><strong>iu</strong></span> <span class='ocrx_word' id='word_1_847' title='bbox 2267 5823 2377 5878; x_wconf 88' lang='lat' dir='ltr'><strong>quo</strong></span> <span class='ocrx_word' id='word_1_848' title='bbox 2423 5807 2741 5861; x_wconf 85' lang='lat' dir='ltr'><strong>elevabatur</strong></span> <span class='ocrx_word' id='word_1_849' title='bbox 2777 5825 2803 5861; x_wconf 74' lang='grc' dir='ltr'><strong>ιι</strong></span> <span class='ocrx_word' id='word_1_850' title='bbox 2859 5818 3012 5877; x_wconf 85' lang='lat' dir='ltr'><strong>patre</strong></span> <span class='ocrx_word' id='word_1_851' title='bbox 3051 5807 3317 5863; x_wconf 82' lang='lat' dir='ltr'><strong>sublatum</strong></span> <span class='ocrx_word' id='word_1_852' title='bbox 3373 5821 3481 5861; x_wconf 91' lang='lat' dir='ltr'><strong>non</strong></span> 
     </span>
    </p>
   </div>
   <div class='ocr_carea' id='block_1_120' title="bbox 1919 5900 3483 5976">
    <p class='ocr_par' dir='ltr' id='par_1_120' title="bbox 1919 5900 3483 5976">
     <span class='ocr_line' id='line_1_120' title="bbox 1919 5900 3483 5976; baseline -0.001 -15"><span class='ocrx_word' id='word_1_853' title='bbox 1919 5918 2025 5972; x_wconf 85' lang='lat' dir='ltr'><strong>est,</strong></span> <span class='ocrx_word' id='word_1_854' title='bbox 2070 5912 2230 5976; x_wconf 88' lang='lat' dir='ltr'><strong>prout</strong></span> <span class='ocrx_word' id='word_1_855' title='bbox 2273 5900 2637 5970; x_wconf 81' lang='lat' dir='ltr'><strong>Pacbymeres</strong></span> <span class='ocrx_word' id='word_1_856' title='bbox 2664 5915 2774 5955; x_wconf 89' lang='lat' dir='ltr'><strong>rem</strong></span> <span class='ocrx_word' id='word_1_857' title='bbox 2813 5915 2841 5954; x_wconf 88' lang='lat' dir='ltr'><strong>a</strong></span> <span class='ocrx_word' id='word_1_858' title='bbox 2879 5916 2937 5956; x_wconf 88' lang='lat' dir='ltr'><strong>se</strong></span> <span class='ocrx_word' id='word_1_859' title='bbox 2965 5901 3135 5956; x_wconf 85' lang='lat' dir='ltr'><strong>visam</strong></span> <span class='ocrx_word' id='word_1_860' title='bbox 3166 5901 3483 5959; x_wconf 81' lang='lat' dir='ltr'><strong>describens</strong></span> 
     </span>
    </p>
   </div>
   <div class='ocr_carea' id='block_1_121' title="bbox 2976 5992 3052 6057">
    <p class='ocr_par' dir='ltr' id='par_1_121' title="bbox 2976 5992 3052 6057">
     <span class='ocr_line' id='line_1_121' title="bbox 2976 5992 3052 6057; baseline 0.026 -2"><span class='ocrx_word' id='word_1_861' title='bbox 2976 5992 3052 6057; x_wconf 73' lang='grc'>26</span> 
     </span>
    </p>
   </div>
  </div>
