4058 6298
569 392 670 458 8ll

1486 389 1556 454 Ρ.
1600 385 1902 452 POSSlNl
1938 381 2592 450 OBSERVATIONUM
2633 387 2783 448 LlB.
2833 385 2923 447 li.’
2995 455 2998 459 λ

3727 389 3827 452 812

554 505 862 584 signiﬁcat.
905 510 978 564 De
1019 509 1228 580 sparsis
1260 511 1314 564 in
1348 508 1449 565 bac
1475 509 1765 565 occasione
1801 510 1854 563 iu
1884 504 2140 578 populum
2175 512 2220 569 Α
2249 504 2511 563 auxilium
2545 505 2890 578 implorasse,
2923 508 2996 562 ita
3032 507 3342 579 patriarcha
3364 522 3518 564 nunc
3547 511 3750 564 sedens
3777 523 3829 562 et

565 599 864 670 nummulis
893 604 1032 658 intra
1076 601 1170 658 lini
1205 604 1484 673 segmenta
1532 601 2003 673 ligatis,'quorum
2054 601 2143 656 hic

563 695 813 754 meminit
874 697 1258 768 l‘achymeres,
1306 696 1428 750 vide
1490 712 1609 773 qua:
1655 695 2038 759 adnotavimus
2087 696 2138 749 in

556 783 841 848 Glossario
870 783 996 842 lenii
1031 783 1225 857 prioris
1251 790 1415 865 verbo
1454 789 1783 860 ὲπικόμπια.

628 880 716 959 [Ρ.
739 876 870 954 536]
901 877 959 937 P.
993 873 1293 953 i97.blrene
1317 878 1650 944 marchionis
1673 878 2062 938 Montisi‘errati
2087 885 2138 934 in

558 973 892 1035 Lombardia
928 973 1059 1043 lilia,
1089 975 1327 1034 secunda
1349 972 1550 1049 coniux
1574 973 1872 1044 Andronici
1898 975 2140 1033 Senioris

505 1120 508 1122 .
559 1063 933 1140 imperatoris,
958 1082 1069 1127 tres
1090 1064 1138 1125 ei
1170 1085 1354 1125 mares
1383 1070 1610 1141 peperit,
1643 1067 1936 1130 Joannem.
1961 1068 2142 1124 Theo.

557 1168 775 1234 dorum,
804 1159 1165 1222 Demetrium.
1215 1160 1331 1219 Hoc
1363 1163 1566 1217 diserte
1604 1157 1757 1217 docet
1801 1159 2137 1216 Cantacuze-

559 1276 689 1328 nus,
749 1258 1072 1331 lirtel‘atione
1123 1252 1192 1312 ad
1254 1255 1574 1319 Historiam.
1638 1271 1690 1325 p.
1763 1256 1796 1311 5
1855 1254 1943 1310 ed.
2004 1251 2136 1324 Reg.

561 1354 776 1411 Mortuo
805 1348 924 1408 sine
953 1352 1139 1407 liberis
1197 1345 1366 1408 fratre
1416 1348 1605 1405 [renes
1639 1349 1957 1404 marchioue
1986 1348 2137 1403 illon-

559 1446 845 1513 tisferrati,
890 1462 1012 1502 cum
1057 1447 1125 1499 ad
1177 1443 1577 1499 successionem
1635 1441 1971 1514 principatus
2022 1442 2138 1509 ejus

555 1539 853 1597 mittendus
904 1541 1064 1594 esset
1100 1536 1296 1606 aliquis
1337 1551 1402 1591 ex
1439 1531 1621 1589 [renes
1652 1534 1795 1599 liiiis,
1824 1542 1980 1604 pater
2021 1539 2137 1587 0m-

555 1635 708 1691 nium
763 1631 1046 1691 minimmn
1099 1623 1428 1686 Demetrium
1469 1642 1534 1682 eo
1581 1622 1904 1692 destinavit,
1953 1634 2011 1681 et
2040 1624 2136 1679 de-

553 1735 726 1795 spoue
769 1723 926 1779 titulo
958 1721 1284 1777 honoratum
1337 1719 1390 1772 in
1424 1715 1860 1788 Longobar-Jiam
1896 1715 2042 1772 misit
2066 1717 2135 1770 ad

555 1821 704 1877 illam
758 1807 1133 1875 luereditatem
1184 1809 1307 1885 iure
1355 1824 1602 1869 materno
1634 1812 1993 1869 cernendam.
2027 1812 2132 1865 Sed

2247 594 2368 672 eius
2407 610 2718 658 assessons
2753 601 3050 664 antistites,
3109 595 3299 658 omnes
3341 598 3628 657 schismati
3679 600 3829 656 addi-

2247 690 2474 748 ctissimi
2498 732 2516 760 ,
2550 684 2776 754 Joannis
2801 686 2987 760 νοθεῖ,
3021 695 3114 764 Qui
3162 694 3383 749 tunc'de
3419 692 3694 752 sententia
3735 706 3827 751 ea-

2250 787 2576 844 Ibolicor’un‘t
2628 780 2679 843 ei
2731 788 3101 860 assistentium
3143 789 3522 860 episcoporum
3566 787 3826 846 ecclesia-

2251 878 2387 935 stica
2421 885 2692 949 poteritate
2723 880 3060 943 relaxatterat
3086 883 3361 938 Vinculum
3391 899 3422 938 e
3443 891 3598 939 serto
3626 893 3827 952 cogna-

2246 973 2412 1028 tionis
2450 973 2640 1044 gradu
2660 967 2859 1038 ortum,
2901 983 3010 1044 quo
3043 985 3073 1030 a
3101 973 3225 1044 iure
3247 976 3603 1032 contrahendi
3634 974 3828 1031 matri-

2245 1068 2487 1121 monium
2533 1067 2772 1136 despotae
2801 1062 3036 1123 Michael
3068 1063 3306 1141 Angelus
3335 1078 3391 1126 et
3428 1071 3584 1126 Anna
3621 1069 3831 1126 P3120-

2246 1159 2361 1230 Ioga
2398 1157 2504 1214 lilia
2540 1152 2820 1217 Michaelis
2847 1155 3194 1232 imperatoris
3237 1163 3586 1227 arcebantur,
3619 1162 3823 1219 factum

2243 1256 2502 1309 damnare
2552 1253 2809 1333 voluisse,
2851 1254 2993 1310 ultro
3029 1253 3248 1312 latendo
3295 1257 3563 1313 excedere
3611 1256 3663 1311 id
3717 1259 3824 1309 vim

2243 1349 2625 1419 patriarchalis
2650 1347 3015 1405 auctoritatis.
3053 1349 3412 1406 Pertui'ttebat
3441 1356 3621 1405 autem
3659 1348 3827 1414 Deus,

2241 1446 2332 1515 qui
2387 1459 2496 1500 non
2545 1460 2667 1500 raro
2719 1445 2981 1501 factiosos
3027 1455 3219 1501 contra
3271 1446 3569 1508 Ecclesiam
3613 1447 3831 1514 conspi-

2242 1547 2428 1594 rantes
2467 1538 2672 1594 mutnis
2727 1538 2871 1593 inter
2920 1552 3040 1593 sese
3081 1538 3454 1597 simultatibus
3491 1531 3826 1606 committit,

2240 1647 2364 1688 sese
2410 1628 2543 1688 istos
2599 1631 2752 1688 vanis
2780 1633 2935 1686 hisce
2971 1632 3244 1703 scrupulis
3276 1633 3504 1689 invicem
3537 1633 3824 1689 infestare.

2239 1727 2323 1803 [Ρ.
2351 1723 2481 1800 53η
2503 1727 2636 1782 Nam
2660 1726 2823 1796 paulo
2850 1727 3104 1797 superius
3125 1724 3228 1782 αὖ
3254 1723 3624 1801 Pacbymeres
3658 1726 3829 1786 refert

2241 1822 2606 1892 patriarcham
2654 1831 2709 1876 et
2751 1819 3040 1890 episcopos
3097 1819 3388 1891 praefracto
3441 1813 3823 1894 negasse‘An-

554 1925 731 1971 mater
777 1902 953 1979 ireue,
990 1914 1108 1980 quae
1143 1917 1270 1964 tunc
1300 1907 1541 1976 procula
1577 1907 1692 1960 viro
1727 1901 2137 1962 Thessalonicae
2171 1900 2210 1956 Β
2244 1913 2474 1974 ἀι·οηίςο
2505 1907 2903 1969 instantissime
2941 1915 3120 1969 oranti
3159 1913 3607 1970 constitutionem
3642 1915 3830 1970 mle-

553 2013 1093 2079 degebat,qua:qne,
1129 2013 1188 2056 ut
1236 1996 1605 2071 Pacltymercs
1655 1998 1852 2054 alicubi
1893 1995 2137 2052 timidius

559 2101 784 2166 indicat,
823 2097 990 2153 multo
1025 2107 1201 2152 autem
1236 2094 1509 2150 exsertius
1539 2091 1808 2162 Gregoras
1833 2089 2138 2160 proﬁtetur,

553 2180 795 2252 rationes
825 2193 878 2249 in
915 2185 1100 2248 multis
1157 2204 1392 2259 sequens
1435 2189 1684 2258 proprias
1723 2187 1863 2242 haud
1911 2184 2137 2240 multum

552 2289 792 2345 obnoxie
850 2284 1028 2340 mariti
1091 2274 1306 2352 placitis
1355 2296 1483 2335 suas
1537 2279 1873 2348 subiungere
1925 2273 2138 2330 solebat

460 2386 463 2389 ’
551 2384 878 2445 voluntates,
913 2380 1177 2450 aptiorem
1227 2374 1585 2445 praerogativa
1633 2371 1811 2427 :etatis
1853 2369 2140 2433 aduitioris

553 2475 620 2530 ad
647 2467 748 2529 hoc
773 2464 1122 2527 Theodorum
1159 2476 1472 2529 autumans,
1506 2480 1629 2521 eum
1651 2481 1715 2519 ex
1756 2459 2136 2534 propinquiori

553 2578 779 2623 strenue
836 2564 1074 2630 mittens,
1138 2553 1431 2617 adventum
1521 2556 1779 2626 Demetrii
1849 2557 2135 2627 praevenit.

553 2661 736 2729 Quare
755 2648 1164 2715 marehionatus
1191 2653 1715 2710 llmnislerratensis
1737 2651 2132 2722 possessionem

555 2753 879 2812 Theodorus
902 2744 1056 2817 adiit,
1088 2751 1312 2819 conjuge
1346 2755 1566 2818 accepta
1593 2738 1800 2816 Spinuli
1830 2742 2138 2800 Genueusis

554 2851 656 2906 viri
706 2849 947 2920 primarii
989 2843 1120 2910 lilia,
1167 2861 1235 2902 ex
1286 2853 1390 2914 qua
1447 2859 1572 2899 cum
1623 2842 1830 2914 prolem
1860 2834 2131 2895 duntaxat

548 2932 870 3000 fetuininam
907 2939 1246 3012 suscepisset
1294 2947 1348 2994 et
1373 2931 1454 2994 sic
1475 2931 1707 2993 obiisset
1738 2936 1856 2991 siue
1892 2935 2156 2990 mascula

550 3038 761 3105 sobole,
788 3028 1317 3093 Montisierratenses
1340 3030 1606 3089 Joannem
1638 3027 1925 3102 despotam
1961 3025 2136 3084 uomi-

551 3135 721 3191 mtlm
751 3142 809 3187 ut
843 3129 1262 3201 primogenitum
1305 3116 1488 3182 lrenes
1528 3124 1583 3180 in
1628 3124 1927 3196 principem
1961 3124 2134 3194 petie-

2244 2006 2524 2063 siasticam
2589 2012 2700 2076 qua
2765 2009 2865 2062 sub
2946 2005 3393 2064 interminatione
3459 2006 3833 2064 anathematis

2242 2115 2434 2161 omnes
2486 2098 2717 2172 imperio
2760 2099 3311 2168 subditijuherentur
3339 2100 3586 2158 Michaeli
3621 2101 3829 2173 iuniori

2240 2196 2486 2265 Angusto
2518 2193 2676 2250 iidem
2707 2203 2763 2250 et
2793 2194 3156 2250 obedientiam
3195 2204 3476 2268 praestare,
3500 2195 3654 2266 quasi
3683 2207 3831 2253 esset

2224 2290 2313 2346 'ab
2348 2281 2603 2345 Ecolesiae
2647 2301 2892 2343 materna
2932 2287 3158 2344 lenitate
3195 2285 3432 2346 alienum
3457 2287 3594 2345 diris
3625 2287 3680 2344 in
3708 2304 3836 2359 per-

2241 2379 2446 2439 duelles
2479 2384 2707 2449 saevire;
2745 2372 2800 2437 et
2827 2382 2986 2437 istius
3039 2381 3095 2436 in
3134 2375 3396 2437 ultionem
3451 2380 3684 2451 repulsa
3720 2382 3836 2435 An-

2240 2477 2527 2532 droniCum
2557 2476 2810 2532 eumdem
2849 2468 3128 2532 Novellam
3157 2472 3424 2542 edidisse,
3452 2489 3559 2544 qua
3581 2467 3834 2546 largitio-

2241 2588 2361 2627 nent
2400 2571 2772 2641 sportularum
2829 2570 2884 2624 ln
2935 2570 3323 2641 episcoporum
3380 2569 3832 2628 ordinationibus

2239 2666 2494 2722 usitatam
2537 2679 2605 2719 ex
2643 2660 2811 2736 longo
2836 2663 3310 2735 Constantinopoli
3363 2673 3422 2719 ut
3453 2662 3829 2720 Simoniacam

2237 2759 2530 2813 damnabat
2578 2768 2632 2814 et
2684 2759 2945 2829 deinceps
2986 2750 3234 2813 adhiberi
3287 2757 3634 2829 prohibebat,
3664 2759 3831 2813 vicis-

2237 2855 2342 2910 sint
2373 2870 2538 2923 urens
2589 2863 2852 2920 praztextu
2899 2853 3130 2922 quzesilo
3158 2865 3255 2907 eos
3288 2849 3380 2922 qui
3404 2863 3462 2907 se
3500 2843 3674 2908 nihilo
3701 2865 3832 2922 pro-

2238 2937 2491 3003 babiliOri
2524 2946 2759 3006 obtentu
2779 2955 3145 3019 pupugcrant.

2307 3041 2387 3096 Ad
2450 3038 2915 3114 astruenda'quae
2969 3042 3131 3097 modo
3185 3031 3320 3105 dixi,
3349 3041 3626 3111 pertinere
3685 3053 3826 3111 puto

2239 3143 2425 3199 notam
2493 3134 2848 3204 marginalem
2903 3149 2940 3192 Δ
2993 3133 3200 3190 lectore
3246 3126 3438 3188 Graeco
3491 3143 3652 3187 manu
3689 3135 3828 3190 satis

551 3235 702 3293 runt,
739 3225 1210 3309 impetraruntque
1245 3221 1484 3276 laudem.
1516 3213 1646 3275 "33¢
1683 3227 1870 3273 ηαιτειῑ
1923 3227 2130 3283 ιιοδῑετ,
2159 3263 2202 3320 c
2238 3225 2458 3296 antiqua
2498 3226 2550 3281 in
2589 3242 2680 3282 ora
2718 3219 2999 3283 Barberini
3029 3221 3235 3283 codicis
3260 3228 3514 3299 positam,
3547 3243 3577 3281 e
3605 3227 3830 3304 regione

469 3308 481 3322 ’
551 3321 589 3379 i.
625 3335 721 3386 vtt,
745 3337 793 3376 c.
839 3317 926 3384 t8,
957 3304 1044 3372 ubi
1080 3328 1134 3371 et
1173 3315 1430 3370 observat
1457 3316 1462 3322 ’
1490 3308 1638 3368 hunc
1676 3310 1940 3366 Joannem
1971 3310 2131 3378 plane

555 3432 617 3475 se
665 3413 1110 3478 secommodassp
1163 3409 1228 3464 ad
1279 3423 1459 3465 mores
1511 3406 1768 3475 ltalorum
1829 3414 1884 3460 et
1918 3413 2129 3476 gratum

554 3507 787 3579 subditis
855 3506 1046 3563 fuisse.
1110 3502 1446 3573 Propagasse
1506 3500 1594 3556 bie
1651 3499 1852 3556 dicitur
1913 3497 2130 3568 longam

549 3603 750 3659 Scriem
830 3585 1158 3670 principum
1224 3611 1328 3650 non
1407 3594 1879 3651 schismatieorum
1936 3593 2132 3647 dotnus

548 3695 940 3767 Palzeologieae,
996 3692 1048 3746 in
1099 3705 1226 3746 vera
1278 3687 1621 3761 professione
1674 3687 1796 3742 lldei
1847 3683 2131 3741 catholitae

551 3790 830 3843 Romamn.
1145 3834 1149 3838 .

622 3882 686 3937 Ρ.
730 3879 859 3936 202.
894 3877 1220 3934 Ιηεοηεεεεω
1264 3874 1566 3948 afﬁnitatis.
1599 3860 1729 3927 Erat
1760 3873 1861 3928 ista
1893 3871 2130 3926 afﬁnitas

552 3990 659 4046 qua
691 3973 756 4029 de
792 3973 1038 4040 personis
1089 3981 1248 4028 sexto
1305 3971 1450 4024 inter
1495 3982 1556 4023 se
1589 3966 1759 4038 gradu
1791 3955 2131 4037 cognationis

490 4062 493 4064 ’
546 4069 787 4136 junctis,
823 4066 1173 4121 matrimonio
1229 4061 1568 4132 copulandis,
1593 4060 1811 4128 Speciali
1851 4059 1915 4114 ad
1950 4059 1999 4112 id
2035 4059 2131 4111 oh-

555 4153 773 4218 tinenda
806 4161 1154 4231 pralatorum
1193 4157 1453 4214 Ecclesia:
1475 4157 1651 4221 venia,
1682 4153 2042 4219 tractabatur,
2074 4159 2132 4206 ut

550 4267 742 4312 auctor
809 4256 986 4323 capite
1049 4251 1319 4323 superiori
1395 4249 1712 4305 declaravit.
1785 4246 1991 4317 Atqui,
2050 4244 2126 4298 uti

548 4348 712 4421 750
740 4347 845 4402 vol.
873 4346 892 4401 ι
928 4357 1112 4400 noster
1146 4345 1286 4399 idem
1323 4341 1642 4404 historicus,
1673 4355 1726 4408 p.
1765 4338 1894 4404 ΗΟ,
1925 4338 2124 4392 dot-ue-

546 4453 652 4506 rat,
685 4443 881 4498 similis
915 4437 1314 4510 impedimenti,
1358 4452 1453 4490 sex
1489 4435 1691 4505 pariter
1737 4430 2128 4502 consanguini-

547 4535 683 4590 tatis
708 4533 993 4601 gratluum,
1023 4529 1296 4586 obstantis
1326 4520 1599 4583 connubio
1632 4527 1777 4582 inter
1805 4525 2125 4580 Michaelem

2236 3319 2280 3375 si
2323 3311 2538 3390 quidem
2570 3312 2784 3374 illorum
2821 3321 3110 3375 verborum
3137 3317 3283 3375 ὥστε
3313 3321 3405 3374 τὸν
3435 3321 3558 3374 νέον
3590 3313 3826 3389 βασιλέα

2236 3408 2488 3485 γαμϐρὸν
2512 3415 2698 3488 ἐκείνῃ
2728 3415 2988 3483 γενέσθαι
3029 3415 3112 3472 sic
3151 3415 3222 3470 ibi
3260 3415 3564 3471 scribitur:
3590 3415 3712 3470 Ἵνα
3746 3416 3825 3486 μή

2232 3502 2462 3560 τοιαῦτα
2504 3507 2599 3561 καὶ
2625 3505 2785 3572 αὖθις
2824 3506 3139 3578 συμϐαίνοι,
3172 3507 3199 3560 ὁ
3227 3507 3324 3577 τῆς
3368 3505 3593 3582 Ῥώμης
3631 3508 3825 3581 ἀρχιε-

2235 3603 2364 3675 ρεὺς
2391 3607 2460 3659 τὰ
2493 3600 2721 3658 τοιαῦτα
2763 3603 3110 3672 παραχωρεῖ.
3147 3599 3302 3667 Quae,
3353 3598 3570 3669 opinor,
3606 3603 3822 3672 signiﬁ-

2233 3709 2361 3754 cant
2388 3697 2601 3754 cavisse
2639 3696 2789 3762 illos,
2816 3695 2910 3765 qui
2953 3695 3210 3750 Ecclesim
3245 3709 3389 3751 nunc
3423 3706 3719 3766 praeerant,
3753 3712 3822 3752 ne

2234 3786 2437 3845 imitari
2490 3789 2805 3843 viderentur
2831 3786 3140 3855 exemplum
3177 3803 3205 3840 a
3238 3785 3419 3842 Yeceo
3462 3797 3517 3843 et
3546 3788 3672 3844 aliis
3703 3789 3824 3858 epi-

2234 3881 2636 3954 scopisGrae‘cis
2661 3881 2919 3937 Romana:
2958 3883 3360 3938 communionis
3391 3885 3441 3938 in
3470 3879 3563 3939 illo
3587 3888 3819 3952 permit-

2241 3977 2404 4031 tendo
2464 3964 2761 4039 connubio,
2815 3975 2883 4031 de
2922 3991 3029 4045 quo
3090 3975 3198 4031 vol.
3254 3977 3299 4042 l,
3354 3993 3408 4048 ς).
3443 3977 3570 4046 MO,
3624 3992 3816 4043 actum

2233 4070 2446 4137 fuerat,
2479 4069 2790 4140 praebitum.
2841 4068 3072 4126 Causam
3109 4087 3239 4126 vero
3283 4089 3385 4128 cur
3435 4073 3488 4129 id
3529 4073 3820 4145 diligenter

2234 4164 2554 4229 vitaverint,
2611 4147 2927 4235 exprimunt
2982 4167 3149 4220 verba
3199 4172 3484 4236 sequentia
3533 4186 3547 4223 :
3603 4170 3664 4223 Ὀ
3714 4171 3820 4239 τῆς

2232 4256 2462 4328 Ῥώμης
2516 4257 2814 4329 ἀρχιερεὺς
2848 4257 3080 4314 τοιαῦτα
3133 4263 3490 4330 παραχωρεῖ,
3545 4260 3816 4319 Romanu

2232 4354 2390 4427 751
2423 4348 2664 4424 pontifex
2692 4353 2825 4405 (alia
2853 4351 3133 4419 pel-mittit.
3180 4352 3383 4420 Nempe
3427 4365 3620 4410 auctor
3649 4362 3815 4412 adno-

2234 4447 2545 4502 tatiunculae
2601 4445 2874 4515 signiﬁcat
2927 4443 3119 4501 studio
3168 4448 3499 4516 reprobandi
3557 4465 3713 4504 usum
3760 4463 3814 4507 ct

2232 4539 2681 4596 consuetudinem
2727 4525 2985 4593 Ecclesiae
3030 4538 3290 4595 Romanae
3323 4549 3616 4611 provectos
3665 4540 3813 4598 Gra-

547 4626 769 4683 Oecidui
829 4624 1043 4681 tractus
1091 4625 1376 4692 despotaut
1424 4631 1478 4675 et
1513 4619 1724 4674 Annam
1782 4618 2124 4689 imperatoris

2235 4648 2324 4687 cos
2369 4632 2751 4687 schismaticos
2801 4631 2866 4686 ad
2901 4632 3204 4700 negantiam
3253 4633 3563 4689 istiusmodi
3625 4639 3812 4691 matri-

545 4721 825 4778 llit'ltaclis
893 4720 1060 4775 ﬁliam
1119 4714 1506 4780 conciliando,
1568 4715 1800 4784 gratiam
1861 4703 2120 4776 iecerant,

487 4831 490 4836 '
543 4827 804 4887 poscente
830 4814 1089 4883 Augusto,
1124 4813 1213 4882 qui
1246 4820 1374 4864 tunc
1401 4820 1670 4877 praeerant
1697 4806 1974 4873 Ecclesia,
2000 4822 2122 4861 cum

543 4921 723 4964 tamen
774 4911 910 4960 adeo
964 4909 1291 4976 praesentiet
1335 4913 1602 4972 praestans
1646 4899 1854 4959 utilitas
1903 4903 1952 4953 in
2008 4896 2120 4954 rem

543 5003 756 5075 imperii
792 5017 859 5056 ex
902 5001 1007 5054 isto
1041 4998 1297 5067 coningio
1340 5013 1442 5050 non
1475 5003 1790 5063 speraretur
1817 5011 1976 5064 quam
2004 5010 2125 5064 quae

541 5107 698 5154 certo
747 5095 1045 5167 apparebat
1093 5107 1179 5146 ex-
1207 5094 1308 5147 hoc
1338 5100 1620 5146 secutura.
1650 5087 1914 5143 Nimirum
1946 5090 2120 5143 schis-

544 5194 727 5254 tnatici
753 5207 898 5246 nunc
924 5200 1172 5261 potentes
1204 5205 1383 5244 rerum
1408 5187 1735 5243 allectahant
1764 5171 2122 5257 religiosiores

540 5303 806 5360 apparere
835 5284 1126 5340 catholicis
1156 5293 1289 5339 tunc
1338 5293 1389 5337 et
1423 5282 1688 5339 Ecclesia:
1731 5293 1784 5336 et
1819 5279 2124 5348 reipublicae

540 5383 994 5453 pratsldenlibus;
1035 5390 1199 5448 atque
1235 5387 1293 5432 ut
1343 5378 1686 5431 Andronicus
1743 5375 1949 5445 eiurata
1991 5389 2123 5428 con-

539 5479 724 5534 cordia
757 5492 878 5532 cum
908 5488 1068 5542 papa,
1108 5487 1270 5543 quam
1305 5471 1420 5538 eius
1452 5481 1608 5540 pater
1635 5480 1823 5525 sancte
1852 5468 2119 5531 coluerat,

539 5569 712 5623 videri
769 5568 998 5632 studuit,
1041 5567 1142 5620 hac
1177 5565 1554 5633 superstitiosa
1605 5562 1902 5618 emissione
1935 5561 2118 5617 afﬁni-

543 5662 669 5716 tatis
722 5660 1022 5716 utilissima)
1077 5658 1305 5727 imperio
1353 5667 1578 5729 propter
1630 5667 1832 5710 metum
1877 5657 2114 5718 inanem,

539 5752 692 5821 quasi
725 5754 844 5822 eius
885 5751 1334 5822 impedimentum
1387 5750 1651 5805 removeri
1709 5749 1970 5804 Ecclesia:
2023 5763 2119 5802 au-

539 5848 794 5903 ctoritate
825 5847 1090 5917 nequiret,
1121 5845 1240 5916 plus
1261 5861 1452 5914 sapere
1486 5861 1646 5912 quant
1682 5845 1787 5904 ille.
1816 5861 1978 5917 quem
2005 5862 2117 5900 tne—

541 5948 773 6004 ntiuerat
803 5946 918 6017 pari
947 5935 1239 6002 occasimte
1283 5944 1575 6016 pressatum
1613 5943 2111 6001 ecclesiasticorum

2233 4725 2550 4780 monialium
2611 4717 3125 4792 impedimentorum
3180 4725 3604 4792 relaxa-tionem,
3652 4732 3809 4798 quasi

2230 4835 2346 4874 eam
2386 4818 2593 4873 Veccus
2622 4829 2810 4872 contra
2842 4817 2922 4874 fas
2957 4827 3284 4876 attentasset
3318 4832 3610 4892 propterea
3666 4824 3809 4897 quod

2230 4912 2458 4970 Romani
2489 4911 2758 4982 pontiﬁcis
2788 4911 3165 4967 auctoritatem
3219 4920 3563 4982 sequeretur.

2298 5006 2358 5062 P.
2394 5006 2519 5060 206.
2560 5002 2784 5073 Ejttrato
2820 5007 2924 5057 ritu
2950 5006 3148 5072 patrio.
3194 5005 3319 5076 Agit
3350 5008 3416 5062 de
3476 5007 3640 5062 Maria
3697 5010 3803 5064 ﬁlia

2229 5100 2366 5170 regis
2404 5103 2676 5156 Armeniae
2720 5100 2992 5154 destinata
3029 5116 3233 5168 sponsa
3273 5100 3520 5156 Michaeli
3561 5104 3806 5174 Augusto

2223 5195 2457 5260 .luuiori,
2487 5211 2650 5265 quam
2677 5194 2750 5248 ait
2783 5209 2945 5263 opera
2968 5201 3025 5250 et
3051 5193 3395 5250 suasionibus
3421 5195 3804 5253 deducentium

2227 5291 2516 5346 adductam
2551 5291 2614 5343 ad
2655 5289 2979 5358 ejurandum
3016 5288 3179 5343 ritum
3215 5290 3473 5360 patrium.
3500 5290 3627 5347 Acri
3658 5293 3799 5348 circa

2223 5387 2539 5458 religionem
2571 5385 2801 5441 discidio
2833 5386 3066 5441 invicem
3113 5386 3462 5442 abhorruisse
3497 5387 3718 5445 Graecos
3749 5399 3802 5446 et

2222 5482 2486 5536 Armenes
2521 5494 2630 5535 non
2664 5479 2832 5534 semel
2870 5480 2921 5534 in
2949 5478 3099 5535 hisce
3124 5479 3478 5536 historiarum
3511 5480 3668 5537 libris
3700 5480 3803 5538 Pa-

2221 5570 2506 5638 chymeres
2557 5569 2755 5625 innuit.
2793 5567 2923 5624 Vide
2984 5571 3091 5625 vol.
3127 5568 3169 5633 l,
3224 5587 3280 5642 Ρ.
3312 5571 3460 5641 429;
3517 5573 3624 5629 vel.
3655 5573 3720 5642 ll,
3751 5590 3803 5646 p.

2221 5661 2346 5722 242.
2382 5673 2436 5715 et
2467 5677 2516 5730 p.
2555 5661 2683 5716 5&0.
2719 5659 2925 5716 Solitos
2954 5677 3114 5733 porro
3144 5661 3361 5726 Graecos
3405 5680 3498 5720 eos
3523 5665 3613 5734 qui
3641 5667 3802 5722 ritum

2223 5755 2455 5824 patrium
2488 5769 2611 5809 cum
2644 5766 3060 5814 suo.mutarent
3090 5758 3351 5813 unctione
3405 5757 3549 5815 velut
3582 5739 3800 5817 initiare

2218 5850 2474 5920 quadam,
2511 5858 2565 5903 et
2613 5849 2703 5903 hic
2738 5849 2890 5905 vides
2926 5865 2955 5902 a
3008 5859 3197 5905 nostro
3246 5850 3507 5907 historico
3559 5865 3613 5907 et
3664 5851 3803 5908 ini‘ra‘

2220 5960 2273 6016 p.
2302 5942 2426 6012 520,
2455 5942 2653 6002 diserte
2683 5942 3005 6001 afﬁrmatum
3034 5944 3102 6002 de
3133 5945 3421 6014 Armenis;
3449 5954 3502 6004 et
3532 5945 3674 6005 idem
3707 5963 3801 6003 eos
