  <div class='ocr_page' id='page_1' title='image "/cluster/home/n/w/nwhite01/storage/ocr_20150623/144/mdp.39015046822246/430.png"; bbox 0 0 4058 6298; ppageno 0'>
   <div class='ocr_carea' id='block_1_1' title="bbox 262 383 378 450">
    <p class='ocr_par' dir='ltr' id='par_1_1' title="bbox 262 383 378 450">
     <span class='ocr_line' id='line_1_1' title="bbox 262 383 378 450; baseline 0.034 -3"><span class='ocrx_word' id='word_1_1' title='bbox 262 383 378 450; x_wconf 68' lang='lat'><strong>813</strong></span> 
     </span>
    </p>
   </div>
   <div class='ocr_carea' id='block_1_2' title="bbox 1792 383 2034 450">
    <p class='ocr_par' dir='ltr' id='par_1_2' title="bbox 1792 383 2034 450">
     <span class='ocr_line' id='line_1_2' title="bbox 1792 383 2034 450; baseline 0.012 -4"><span class='ocrx_word' id='word_1_2' title='bbox 1792 383 2034 450; x_wconf 62' lang='lat' dir='ltr'><strong>NOTAE.</strong></span> 
     </span>
    </p>
   </div>
   <div class='ocr_carea' id='block_1_3' title="bbox 3428 388 3538 454">
    <p class='ocr_par' dir='ltr' id='par_1_3' title="bbox 3428 388 3538 454">
     <span class='ocr_line' id='line_1_3' title="bbox 3428 388 3538 454; baseline 0.018 -2"><span class='ocrx_word' id='word_1_3' title='bbox 3428 388 3538 454; x_wconf 70' lang='grc' dir='ltr'><strong>εει</strong></span> 
     </span>
    </p>
   </div>
   <div class='ocr_carea' id='block_1_4' title="bbox 257 501 3532 586">
    <p class='ocr_par' dir='ltr' id='par_1_4' title="bbox 257 501 3532 586">
     <span class='ocr_line' id='line_1_4' title="bbox 257 501 3532 586; baseline 0.002 -26"><span class='ocrx_word' id='word_1_4' title='bbox 257 518 536 576; x_wconf 82' lang='lat' dir='ltr'><strong>usurpare</strong></span> <span class='ocrx_word' id='word_1_5' title='bbox 569 501 858 560; x_wconf 86' lang='lat' dir='ltr'><strong>inLati-uis</strong></span> <span class='ocrx_word' id='word_1_6' title='bbox 893 506 959 562; x_wconf 85' lang='lat' dir='ltr'><strong>ad</strong></span> <span class='ocrx_word' id='word_1_7' title='bbox 1012 503 1172 563; x_wconf 88' lang='lat' dir='ltr'><strong>rit-um</strong></span> <span class='ocrx_word' id='word_1_8' title='bbox 1221 506 1469 562; x_wconf 65' lang='lat' dir='ltr'><strong>Graecum</strong></span> <span class='ocrx_word' id='word_1_9' title='bbox 1511 507 1848 563; x_wconf 85' lang='lat' dir='ltr'><strong>transeunti-</strong></span> <span class='ocrx_word' id='word_1_10' title='bbox 1882 515 1922 570; x_wconf 74' lang='grc' dir='ltr'>Α</span> <span class='ocrx_word' id='word_1_11' title='bbox 1955 505 2058 565; x_wconf 84' lang='lat' dir='ltr'><strong>hos</strong></span> <span class='ocrx_word' id='word_1_12' title='bbox 2113 507 2377 564; x_wconf 73' lang='lat' dir='ltr'><strong>terminos</strong></span> <span class='ocrx_word' id='word_1_13' title='bbox 2414 510 2572 580; x_wconf 85' lang='lat' dir='ltr'><strong>spatii</strong></span> <span class='ocrx_word' id='word_1_14' title='bbox 2612 510 2750 568; x_wconf 83' lang='lat' dir='ltr'><strong>intra</strong></span> <span class='ocrx_word' id='word_1_15' title='bbox 2807 508 2954 583; x_wconf 88' lang='lat' dir='ltr'><strong>quod</strong></span> <span class='ocrx_word' id='word_1_16' title='bbox 3014 509 3299 586; x_wconf 78' lang='lat' dir='ltr'><strong>digladiari</strong></span> <span class='ocrx_word' id='word_1_17' title='bbox 3339 509 3532 572; x_wconf 86' lang='lat' dir='ltr'><strong>Veneti</strong></span> 
     </span>
    </p>
   </div>
   <div class='ocr_carea' id='block_1_5' title="bbox 259 597 1840 674">
    <p class='ocr_par' dir='ltr' id='par_1_5' title="bbox 259 597 1840 674">
     <span class='ocr_line' id='line_1_5' title="bbox 259 597 1840 674; baseline 0.003 -22"><span class='ocrx_word' id='word_1_18' title='bbox 259 597 395 663; x_wconf 71' lang='lat' dir='ltr'><strong>hes,</strong></span> <span class='ocrx_word' id='word_1_19' title='bbox 451 597 752 670; x_wconf 70' lang='lat' dir='ltr'><strong>accipimus</strong></span> <span class='ocrx_word' id='word_1_20' title='bbox 810 614 841 656; x_wconf 91' lang='lat' dir='ltr'><strong>e</strong></span> <span class='ocrx_word' id='word_1_21' title='bbox 875 598 1072 656; x_wconf 91' lang='lat' dir='ltr'><strong>litteris</strong></span> <span class='ocrx_word' id='word_1_22' title='bbox 1137 609 1447 656; x_wconf 88' lang='lat' dir='ltr'><strong>nostrorum</strong></span> <span class='ocrx_word' id='word_1_23' title='bbox 1483 597 1752 674; x_wconf 82' lang='lat' dir='ltr'><strong>hodieque</strong></span> <span class='ocrx_word' id='word_1_24' title='bbox 1786 600 1840 656; x_wconf 90' lang='lat' dir='ltr'><strong>iu</strong></span> 
     </span>
    </p>
   </div>
   <div class='ocr_carea' id='block_1_6' title="bbox 249 689 841 766">
    <p class='ocr_par' dir='ltr' id='par_1_6' title="bbox 249 689 841 766">
     <span class='ocr_line' id='line_1_6' title="bbox 249 689 841 766; baseline 0.008 -20"><span class='ocrx_word' id='word_1_25' title='bbox 249 689 478 748; x_wconf 63' lang='lat' dir='ltr'><strong>Gracia</strong></span> <span class='ocrx_word' id='word_1_26' title='bbox 507 694 841 766; x_wconf 73' lang='lat' dir='ltr'><strong>degentium.</strong></span> 
     </span>
    </p>
   </div>
   <div class='ocr_carea' id='block_1_7' title="bbox 339 783 1846 861">
    <p class='ocr_par' dir='ltr' id='par_1_7' title="bbox 339 783 1846 861">
     <span class='ocr_line' id='line_1_7' title="bbox 339 783 1846 861; baseline 0.002 -20"><span class='ocrx_word' id='word_1_27' title='bbox 339 783 403 842; x_wconf 83' lang='lat' dir='ltr'><strong>P.</strong></span> <span class='ocrx_word' id='word_1_28' title='bbox 430 786 560 842; x_wconf 76' lang='lat'><strong>209.</strong></span> <span class='ocrx_word' id='word_1_29' title='bbox 590 787 820 843; x_wconf 76' lang='lat' dir='ltr'><strong>Latinis.</strong></span> <span class='ocrx_word' id='word_1_30' title='bbox 853 786 962 845; x_wconf 80' lang='lat' dir='ltr'><strong>llos</strong></span> <span class='ocrx_word' id='word_1_31' title='bbox 995 787 1218 846; x_wconf 85' lang='lat' dir='ltr'><strong>Latinos</strong></span> <span class='ocrx_word' id='word_1_32' title='bbox 1274 789 1414 861; x_wconf 86' lang='lat' dir='ltr'><strong>apud</strong></span> <span class='ocrx_word' id='word_1_33' title='bbox 1446 787 1662 847; x_wconf 79' lang='lat' dir='ltr'><strong>Cretam</strong></span> <span class='ocrx_word' id='word_1_34' title='bbox 1694 793 1846 847; x_wconf 87' lang='lat' dir='ltr'><strong>insu-</strong></span> 
     </span>
    </p>
   </div>
   <div class='ocr_carea' id='block_1_8' title="bbox 259 880 1848 953">
    <p class='ocr_par' dir='ltr' id='par_1_8' title="bbox 259 880 1848 953">
     <span class='ocr_line' id='line_1_8' title="bbox 259 880 1848 953; baseline 0.001 -16"><span class='ocrx_word' id='word_1_35' title='bbox 259 882 375 938; x_wconf 84' lang='lat' dir='ltr'><strong>lam</strong></span> <span class='ocrx_word' id='word_1_36' title='bbox 410 881 584 937; x_wconf 76' lang='lat' dir='ltr'><strong>armis</strong></span> <span class='ocrx_word' id='word_1_37' title='bbox 614 880 970 953; x_wconf 69' lang='lat' dir='ltr'><strong>praevalentes</strong></span> <span class='ocrx_word' id='word_1_38' title='bbox 1018 882 1187 939; x_wconf 79' lang='lat' dir='ltr'><strong>fuisse</strong></span> <span class='ocrx_word' id='word_1_39' title='bbox 1217 883 1451 943; x_wconf 82' lang='lat' dir='ltr'><strong>Venetos</strong></span> <span class='ocrx_word' id='word_1_40' title='bbox 1503 885 1708 941; x_wconf 88' lang='lat' dir='ltr'><strong>indicat</strong></span> <span class='ocrx_word' id='word_1_41' title='bbox 1751 902 1848 947; x_wconf 90' lang='lat' dir='ltr'><strong>no-</strong></span> 
     </span>
    </p>
   </div>
   <div class='ocr_carea' id='block_1_9' title="bbox 258 971 1848 1042">
    <p class='ocr_par' dir='ltr' id='par_1_9' title="bbox 258 971 1848 1042">
     <span class='ocr_line' id='line_1_9' title="bbox 258 971 1848 1042; baseline 0 -12"><span class='ocrx_word' id='word_1_42' title='bbox 258 985 384 1030; x_wconf 84' lang='lat' dir='ltr'><strong>ster</strong></span> <span class='ocrx_word' id='word_1_43' title='bbox 431 971 595 1038; x_wconf 88' lang='lat' dir='ltr'><strong>infra,</strong></span> <span class='ocrx_word' id='word_1_44' title='bbox 638 973 680 1029; x_wconf 90' lang='grc' dir='ltr'><strong>ι.</strong></span> <span class='ocrx_word' id='word_1_45' title='bbox 727 988 826 1040; x_wconf 85' lang='lat' dir='ltr'><strong>vn,</strong></span> <span class='ocrx_word' id='word_1_46' title='bbox 857 988 908 1030; x_wconf 91' lang='lat' dir='ltr'><strong>e.</strong></span> <span class='ocrx_word' id='word_1_47' title='bbox 940 974 994 1042; x_wconf 89' lang='lat'><strong>8,</strong></span> <span class='ocrx_word' id='word_1_48' title='bbox 1030 976 1154 1030; x_wconf 81' lang='lat' dir='ltr'><strong>dum</strong></span> <span class='ocrx_word' id='word_1_49' title='bbox 1204 975 1429 1033; x_wconf 82' lang='lat' dir='ltr'><strong>solvisse</strong></span> <span class='ocrx_word' id='word_1_50' title='bbox 1458 975 1848 1034; x_wconf 64' lang='lat' dir='ltr'><strong>Constantium</strong></span> 
     </span>
    </p>
   </div>
   <div class='ocr_carea' id='block_1_10' title="bbox 262 1065 1851 1142">
    <p class='ocr_par' dir='ltr' id='par_1_10' title="bbox 262 1065 1851 1142">
     <span class='ocr_line' id='line_1_10' title="bbox 262 1065 1851 1142; baseline 0.003 -22"><span class='ocrx_word' id='word_1_51' title='bbox 262 1065 376 1135; x_wconf 89' lang='lat' dir='ltr'><strong>poli</strong></span> <span class='ocrx_word' id='word_1_52' title='bbox 397 1066 615 1123; x_wconf 84' lang='lat' dir='ltr'><strong>Cretam</strong></span> <span class='ocrx_word' id='word_1_53' title='bbox 641 1081 832 1124; x_wconf 78' lang='lat' dir='ltr'><strong>versus</strong></span> <span class='ocrx_word' id='word_1_54' title='bbox 851 1067 1203 1125; x_wconf 78' lang='lat' dir='ltr'><strong>Athanasium</strong></span> <span class='ocrx_word' id='word_1_55' title='bbox 1227 1069 1590 1142; x_wconf 88' lang='lat' dir='ltr'><strong>patriarcham</strong></span> <span class='ocrx_word' id='word_1_56' title='bbox 1613 1071 1851 1130; x_wconf 74' lang='lat' dir='ltr'><strong>Alexand</strong></span> 
     </span>
    </p>
   </div>
   <div class='ocr_carea' id='block_1_11' title="bbox 259 1159 1846 1235">
    <p class='ocr_par' dir='ltr' id='par_1_11' title="bbox 259 1159 1846 1235">
     <span class='ocr_line' id='line_1_11' title="bbox 259 1159 1846 1235; baseline 0.003 -19"><span class='ocrx_word' id='word_1_57' title='bbox 259 1160 481 1235; x_wconf 84' lang='lat' dir='ltr'><strong>drinum</strong></span> <span class='ocrx_word' id='word_1_58' title='bbox 513 1174 650 1216; x_wconf 88' lang='lat' dir='ltr'><strong>nave</strong></span> <span class='ocrx_word' id='word_1_59' title='bbox 681 1159 888 1216; x_wconf 84' lang='lat' dir='ltr'><strong>Veneta</strong></span> <span class='ocrx_word' id='word_1_60' title='bbox 921 1171 1173 1220; x_wconf 80' lang='lat' dir='ltr'><strong>testatur.</strong></span> <span class='ocrx_word' id='word_1_61' title='bbox 1230 1161 1338 1218; x_wconf 85' lang='lat' dir='ltr'><strong>Sed</strong></span> <span class='ocrx_word' id='word_1_62' title='bbox 1395 1173 1450 1220; x_wconf 86' lang='lat' dir='ltr'><strong>et</strong></span> <span class='ocrx_word' id='word_1_63' title='bbox 1484 1165 1651 1230; x_wconf 89' lang='lat' dir='ltr'><strong>idem,</strong></span> <span class='ocrx_word' id='word_1_64' title='bbox 1686 1164 1725 1222; x_wconf 89' lang='grc' dir='ltr'><strong>Ι.</strong></span> <span class='ocrx_word' id='word_1_65' title='bbox 1765 1181 1846 1233; x_wconf 82' lang='grc' dir='ltr'><strong>ιιι,</strong></span> 
     </span>
    </p>
   </div>
   <div class='ocr_carea' id='block_1_12' title="bbox 262 1250 1665 1327">
    <p class='ocr_par' dir='ltr' id='par_1_12' title="bbox 262 1250 1665 1327">
     <span class='ocr_line' id='line_1_12' title="bbox 262 1250 1665 1327; baseline 0.004 -17"><span class='ocrx_word' id='word_1_66' title='bbox 262 1271 315 1310; x_wconf 90' lang='lat' dir='ltr'><strong>c.</strong></span> <span class='ocrx_word' id='word_1_67' title='bbox 355 1250 446 1321; x_wconf 81' lang='lat' dir='ltr'><strong>i9,</strong></span> <span class='ocrx_word' id='word_1_68' title='bbox 479 1251 626 1309; x_wconf 87' lang='lat' dir='ltr'><strong>clare</strong></span> <span class='ocrx_word' id='word_1_69' title='bbox 657 1254 871 1310; x_wconf 86' lang='lat' dir='ltr'><strong>dixerat</strong></span> <span class='ocrx_word' id='word_1_70' title='bbox 900 1256 1116 1311; x_wconf 80' lang='lat' dir='ltr'><strong>Cretam</strong></span> <span class='ocrx_word' id='word_1_71' title='bbox 1144 1257 1394 1327; x_wconf 86' lang='lat' dir='ltr'><strong>paruisse</strong></span> <span class='ocrx_word' id='word_1_72' title='bbox 1416 1255 1665 1316; x_wconf 79' lang='lat' dir='ltr'><strong>Venetis.</strong></span> 
     </span>
    </p>
   </div>
   <div class='ocr_carea' id='block_1_13' title="bbox 335 1348 1850 1426">
    <p class='ocr_par' dir='ltr' id='par_1_13' title="bbox 335 1348 1850 1426">
     <span class='ocr_line' id='line_1_13' title="bbox 335 1348 1850 1426; baseline 0.007 -23"><span class='ocrx_word' id='word_1_73' title='bbox 335 1348 399 1405; x_wconf 79' lang='grc' dir='ltr'><strong>Ρ.</strong></span> <span class='ocrx_word' id='word_1_74' title='bbox 430 1350 559 1406; x_wconf 81' lang='lat' dir='ltr'><strong>2H.</strong></span> <span class='ocrx_word' id='word_1_75' title='bbox 595 1348 782 1406; x_wconf 72' lang='lat' dir='ltr'><strong>Mirari</strong></span> <span class='ocrx_word' id='word_1_76' title='bbox 843 1350 970 1406; x_wconf 89' lang='lat' dir='ltr'><strong>licet</strong></span> <span class='ocrx_word' id='word_1_77' title='bbox 1027 1353 1300 1422; x_wconf 87' lang='lat' dir='ltr'><strong>quomodo</strong></span> <span class='ocrx_word' id='word_1_78' title='bbox 1351 1349 1850 1426; x_wconf 84' lang='lat' dir='ltr'><strong>Philanthmpenus</strong></span> 
     </span>
    </p>
   </div>
   <div class='ocr_carea' id='block_1_14' title="bbox 265 1442 1848 1507">
    <p class='ocr_par' dir='ltr' id='par_1_14' title="bbox 265 1442 1848 1507">
     <span class='ocr_line' id='line_1_14' title="bbox 265 1442 1848 1507; baseline 0.004 -9"><span class='ocrx_word' id='word_1_79' title='bbox 265 1442 470 1500; x_wconf 65' lang='lat' dir='ltr'><strong>olerre</strong></span> <span class='ocrx_word' id='word_1_80' title='bbox 497 1443 862 1499; x_wconf 86' lang='lat' dir='ltr'><strong>conditionem</strong></span> <span class='ocrx_word' id='word_1_81' title='bbox 895 1445 1154 1500; x_wconf 77' lang='lat' dir='ltr'><strong>connubii</strong></span> <span class='ocrx_word' id='word_1_82' title='bbox 1207 1461 1393 1501; x_wconf 90' lang='lat' dir='ltr'><strong>secum</strong></span> <span class='ocrx_word' id='word_1_83' title='bbox 1451 1447 1578 1504; x_wconf 88' lang='lat' dir='ltr'><strong>huic</strong></span> <span class='ocrx_word' id='word_1_84' title='bbox 1636 1449 1848 1507; x_wconf 80' lang='lat' dir='ltr'><strong>mulieri</strong></span> 
     </span>
    </p>
   </div>
   <div class='ocr_carea' id='block_1_15' title="bbox 265 1536 1852 1611">
    <p class='ocr_par' dir='ltr' id='par_1_15' title="bbox 265 1536 1852 1611">
     <span class='ocr_line' id='line_1_15' title="bbox 265 1536 1852 1611; baseline 0.006 -21"><span class='ocrx_word' id='word_1_85' title='bbox 265 1537 528 1608; x_wconf 86' lang='lat' dir='ltr'><strong>potuerit,</strong></span> <span class='ocrx_word' id='word_1_86' title='bbox 563 1553 726 1609; x_wconf 84' lang='lat' dir='ltr'><strong>quem</strong></span> <span class='ocrx_word' id='word_1_87' title='bbox 750 1553 816 1593; x_wconf 84' lang='lat' dir='ltr'><strong>ex</strong></span> <span class='ocrx_word' id='word_1_88' title='bbox 849 1555 904 1611; x_wconf 90' lang='lat' dir='ltr'><strong>p.</strong></span> <span class='ocrx_word' id='word_1_89' title='bbox 927 1536 1034 1594; x_wconf 83' lang='lat'><strong>226</strong></span> <span class='ocrx_word' id='word_1_90' title='bbox 1082 1539 1402 1611; x_wconf 71' lang='lat' dir='ltr'><strong>intelligitur</strong></span> <span class='ocrx_word' id='word_1_91' title='bbox 1434 1542 1692 1598; x_wconf 77' lang='lat' dir='ltr'><strong>habuisse</strong></span> <span class='ocrx_word' id='word_1_92' title='bbox 1723 1553 1852 1599; x_wconf 87' lang='lat' dir='ltr'><strong>tunc</strong></span> 
     </span>
    </p>
   </div>
   <div class='ocr_carea' id='block_1_16' title="bbox 265 1631 1851 1708">
    <p class='ocr_par' dir='ltr' id='par_1_16' title="bbox 265 1631 1851 1708">
     <span class='ocr_line' id='line_1_16' title="bbox 265 1631 1851 1708; baseline 0.003 -22"><span class='ocrx_word' id='word_1_93' title='bbox 265 1633 430 1686; x_wconf 88' lang='lat' dir='ltr'><strong>aliam</strong></span> <span class='ocrx_word' id='word_1_94' title='bbox 465 1631 760 1703; x_wconf 78' lang='lat' dir='ltr'><strong>legitimam</strong></span> <span class='ocrx_word' id='word_1_95' title='bbox 789 1647 1015 1687; x_wconf 89' lang='lat' dir='ltr'><strong>uxorem</strong></span> <span class='ocrx_word' id='word_1_96' title='bbox 1060 1643 1115 1689; x_wconf 93' lang='lat' dir='ltr'><strong>et</strong></span> <span class='ocrx_word' id='word_1_97' title='bbox 1149 1649 1214 1688; x_wconf 85' lang='lat' dir='ltr'><strong>ex</strong></span> <span class='ocrx_word' id='word_1_98' title='bbox 1242 1650 1307 1690; x_wconf 92' lang='lat' dir='ltr'><strong>ea</strong></span> <span class='ocrx_word' id='word_1_99' title='bbox 1349 1635 1540 1692; x_wconf 84' lang='lat' dir='ltr'><strong>lilium.</strong></span> <span class='ocrx_word' id='word_1_100' title='bbox 1576 1637 1657 1691; x_wconf 77' lang='lat' dir='ltr'><strong>An</strong></span> <span class='ocrx_word' id='word_1_101' title='bbox 1689 1651 1851 1708; x_wconf 81' lang='lat' dir='ltr'><strong>repu-</strong></span> 
     </span>
    </p>
   </div>
   <div class='ocr_carea' id='block_1_17' title="bbox 265 1725 1850 1802">
    <p class='ocr_par' dir='ltr' id='par_1_17' title="bbox 265 1725 1850 1802">
     <span class='ocr_line' id='line_1_17' title="bbox 265 1725 1850 1802; baseline 0.005 -24"><span class='ocrx_word' id='word_1_102' title='bbox 265 1725 540 1781; x_wconf 87' lang='lat' dir='ltr'><strong>diatnrum</strong></span> <span class='ocrx_word' id='word_1_103' title='bbox 567 1740 631 1781; x_wconf 85' lang='lat' dir='ltr'><strong>se</strong></span> <span class='ocrx_word' id='word_1_104' title='bbox 653 1726 894 1780; x_wconf 81' lang='lat' dir='ltr'><strong>ostendit</strong></span> <span class='ocrx_word' id='word_1_105' title='bbox 930 1725 1016 1799; x_wconf 89' lang='lat' dir='ltr'><strong>[P.</strong></span> <span class='ocrx_word' id='word_1_106' title='bbox 1055 1725 1192 1800; x_wconf 71' lang='lat'><strong>538]</strong></span> <span class='ocrx_word' id='word_1_107' title='bbox 1227 1728 1508 1801; x_wconf 87' lang='lat' dir='ltr'><strong>antiquam</strong></span> <span class='ocrx_word' id='word_1_108' title='bbox 1534 1728 1850 1802; x_wconf 73' lang='lat' dir='ltr'><strong>coniugem,</strong></span> 
     </span>
    </p>
   </div>
   <div class='ocr_carea' id='block_1_18' title="bbox 260 1818 1848 1892">
    <p class='ocr_par' dir='ltr' id='par_1_18' title="bbox 260 1818 1848 1892">
     <span class='ocr_line' id='line_1_18' title="bbox 260 1818 1848 1892; baseline 0.001 -18"><span class='ocrx_word' id='word_1_109' title='bbox 260 1827 326 1874; x_wconf 78' lang='lat' dir='ltr'><strong>et</strong></span> <span class='ocrx_word' id='word_1_110' title='bbox 361 1818 538 1874; x_wconf 85' lang='lat' dir='ltr'><strong>locum</strong></span> <span class='ocrx_word' id='word_1_111' title='bbox 572 1833 725 1881; x_wconf 66' lang='lat' dir='ltr'><strong>novae</strong></span> <span class='ocrx_word' id='word_1_112' title='bbox 750 1818 948 1875; x_wconf 71' lang='lat' dir='ltr'><strong>daret?</strong></span> <span class='ocrx_word' id='word_1_113' title='bbox 975 1820 1056 1877; x_wconf 79' lang='lat' dir='ltr'><strong>An</strong></span> <span class='ocrx_word' id='word_1_114' title='bbox 1103 1821 1304 1892; x_wconf 83' lang='lat' dir='ltr'><strong>potius,</strong></span> <span class='ocrx_word' id='word_1_115' title='bbox 1340 1838 1461 1878; x_wconf 91' lang='lat' dir='ltr'><strong>cum</strong></span> <span class='ocrx_word' id='word_1_116' title='bbox 1494 1821 1661 1883; x_wconf 85' lang='lat' dir='ltr'><strong>sciret</strong></span> <span class='ocrx_word' id='word_1_117' title='bbox 1690 1825 1848 1880; x_wconf 87' lang='lat' dir='ltr'><strong>istam</strong></span> 
     </span>
    </p>
   </div>
   <div class='ocr_carea' id='block_1_19' title="bbox 263 1912 1849 1988">
    <p class='ocr_par' dir='ltr' id='par_1_19' title="bbox 263 1912 1849 1988">
     <span class='ocr_line' id='line_1_19' title="bbox 263 1912 1849 1988; baseline 0.004 -22"><span class='ocrx_word' id='word_1_118' title='bbox 263 1912 484 1968; x_wconf 86' lang='lat' dir='ltr'><strong>viduam</strong></span> <span class='ocrx_word' id='word_1_119' title='bbox 525 1912 871 1983; x_wconf 78' lang='lat' dir='ltr'><strong>Saiatnpaxis</strong></span> <span class='ocrx_word' id='word_1_120' title='bbox 902 1913 1085 1970; x_wconf 78' lang='lat' dir='ltr'><strong>Persae</strong></span> <span class='ocrx_word' id='word_1_121' title='bbox 1113 1931 1217 1970; x_wconf 91' lang='lat' dir='ltr'><strong>non</strong></span> <span class='ocrx_word' id='word_1_122' title='bbox 1241 1930 1404 1971; x_wconf 88' lang='lat' dir='ltr'><strong>unam</strong></span> <span class='ocrx_word' id='word_1_123' title='bbox 1435 1914 1566 1988; x_wconf 86' lang='lat' dir='ltr'><strong>ipsi,</strong></span> <span class='ocrx_word' id='word_1_124' title='bbox 1611 1917 1702 1975; x_wconf 84' lang='lat' dir='ltr'><strong>sed</strong></span> <span class='ocrx_word' id='word_1_125' title='bbox 1733 1917 1849 1986; x_wconf 81' lang='lat' dir='ltr'><strong>pri-</strong></span> 
     </span>
    </p>
   </div>
   <div class='ocr_carea' id='block_1_20' title="bbox 263 2006 1847 2079">
    <p class='ocr_par' dir='ltr' id='par_1_20' title="bbox 263 2006 1847 2079">
     <span class='ocr_line' id='line_1_20' title="bbox 263 2006 1847 2079; baseline 0.002 -18"><span class='ocrx_word' id='word_1_126' title='bbox 263 2007 494 2061; x_wconf 88' lang='lat' dir='ltr'><strong>mariam</strong></span> <span class='ocrx_word' id='word_1_127' title='bbox 524 2007 667 2062; x_wconf 87' lang='lat' dir='ltr'><strong>inter</strong></span> <span class='ocrx_word' id='word_1_128' title='bbox 697 2008 878 2077; x_wconf 84' lang='lat' dir='ltr'><strong>plures</strong></span> <span class='ocrx_word' id='word_1_129' title='bbox 920 2006 1089 2068; x_wconf 80' lang='lat' dir='ltr'><strong>fuisse</strong></span> <span class='ocrx_word' id='word_1_130' title='bbox 1125 2023 1375 2075; x_wconf 80' lang='lat' dir='ltr'><strong>uxorem,</strong></span> <span class='ocrx_word' id='word_1_131' title='bbox 1424 2011 1664 2079; x_wconf 82' lang='lat' dir='ltr'><strong>speravit</strong></span> <span class='ocrx_word' id='word_1_132' title='bbox 1701 2011 1847 2067; x_wconf 81' lang='lat' dir='ltr'><strong>illam</strong></span> 
     </span>
    </p>
   </div>
   <div class='ocr_carea' id='block_1_21' title="bbox 258 2098 1849 2169">
    <p class='ocr_par' dir='ltr' id='par_1_21' title="bbox 258 2098 1849 2169">
     <span class='ocr_line' id='line_1_21' title="bbox 258 2098 1849 2169; baseline -0.001 -12"><span class='ocrx_word' id='word_1_133' title='bbox 258 2098 599 2157; x_wconf 79' lang='lat' dir='ltr'><strong>credituram</strong></span> <span class='ocrx_word' id='word_1_134' title='bbox 629 2114 790 2169; x_wconf 80' lang='lat' dir='ltr'><strong>posse</strong></span> <span class='ocrx_word' id='word_1_135' title='bbox 835 2101 1167 2156; x_wconf 91' lang='lat' dir='ltr'><strong>connubium</strong></span> <span class='ocrx_word' id='word_1_136' title='bbox 1231 2101 1336 2157; x_wconf 86' lang='lat' dir='ltr'><strong>rite</strong></span> <span class='ocrx_word' id='word_1_137' title='bbox 1393 2101 1521 2158; x_wconf 90' lang='lat' dir='ltr'><strong>iniri</strong></span> <span class='ocrx_word' id='word_1_138' title='bbox 1581 2118 1705 2161; x_wconf 86' lang='lat' dir='ltr'><strong>cum</strong></span> <span class='ocrx_word' id='word_1_139' title='bbox 1733 2103 1849 2157; x_wconf 84' lang='lat' dir='ltr'><strong>viro</strong></span> 
     </span>
    </p>
   </div>
   <div class='ocr_carea' id='block_1_22' title="bbox 260 2192 1848 2267">
    <p class='ocr_par' dir='ltr' id='par_1_22' title="bbox 260 2192 1848 2267">
     <span class='ocr_line' id='line_1_22' title="bbox 260 2192 1848 2267; baseline 0.005 -19"><span class='ocrx_word' id='word_1_140' title='bbox 260 2202 645 2263; x_wconf 69' lang='lat' dir='ltr'><strong>praeoccupato</strong></span> <span class='ocrx_word' id='word_1_141' title='bbox 677 2192 799 2248; x_wconf 85' lang='lat' dir='ltr'><strong>aliis</strong></span> <span class='ocrx_word' id='word_1_142' title='bbox 828 2195 1068 2266; x_wconf 78' lang='lat' dir='ltr'><strong>nuptiis!</strong></span> <span class='ocrx_word' id='word_1_143' title='bbox 1099 2210 1220 2258; x_wconf 82' lang='lat' dir='ltr'><strong>seu,</strong></span> <span class='ocrx_word' id='word_1_144' title='bbox 1246 2196 1389 2267; x_wconf 88' lang='lat' dir='ltr'><strong>quod</strong></span> <span class='ocrx_word' id='word_1_145' title='bbox 1421 2195 1596 2252; x_wconf 84' lang='lat' dir='ltr'><strong>innuit</strong></span> <span class='ocrx_word' id='word_1_146' title='bbox 1623 2197 1848 2256; x_wconf 81' lang='lat' dir='ltr'><strong>histori-</strong></span> 
     </span>
    </p>
   </div>
   <div class='ocr_carea' id='block_1_23' title="bbox 257 2287 1847 2362">
    <p class='ocr_par' dir='ltr' id='par_1_23' title="bbox 257 2287 1847 2362">
     <span class='ocr_line' id='line_1_23' title="bbox 257 2287 1847 2362; baseline 0.003 -23"><span class='ocrx_word' id='word_1_147' title='bbox 257 2301 387 2350; x_wconf 86' lang='lat' dir='ltr'><strong>cus,</strong></span> <span class='ocrx_word' id='word_1_148' title='bbox 427 2300 533 2341; x_wconf 86' lang='lat' dir='ltr'><strong>non</strong></span> <span class='ocrx_word' id='word_1_149' title='bbox 568 2302 635 2343; x_wconf 86' lang='lat' dir='ltr'><strong>ex</strong></span> <span class='ocrx_word' id='word_1_150' title='bbox 668 2302 805 2362; x_wconf 81' lang='lat' dir='ltr'><strong>vero</strong></span> <span class='ocrx_word' id='word_1_151' title='bbox 830 2287 973 2357; x_wconf 72' lang='lat' dir='ltr'><strong>hanc,</strong></span> <span class='ocrx_word' id='word_1_152' title='bbox 993 2287 1086 2346; x_wconf 87' lang='lat' dir='ltr'><strong>sed</strong></span> <span class='ocrx_word' id='word_1_153' title='bbox 1109 2297 1290 2344; x_wconf 91' lang='lat' dir='ltr'><strong>astute</strong></span> <span class='ocrx_word' id='word_1_154' title='bbox 1318 2288 1752 2345; x_wconf 83' lang='lat' dir='ltr'><strong>obtendebantur</strong></span> <span class='ocrx_word' id='word_1_155' title='bbox 1780 2289 1847 2344; x_wconf 81' lang='lat' dir='ltr'><strong>ad</strong></span> 
     </span>
    </p>
   </div>
   <div class='ocr_carea' id='block_1_24' title="bbox 257 2379 1849 2455">
    <p class='ocr_par' dir='ltr' id='par_1_24' title="bbox 257 2379 1849 2455">
     <span class='ocr_line' id='line_1_24' title="bbox 257 2379 1849 2455; baseline 0.005 -22"><span class='ocrx_word' id='word_1_156' title='bbox 257 2379 630 2437; x_wconf 83' lang='lat' dir='ltr'><strong>inducendam</strong></span> <span class='ocrx_word' id='word_1_157' title='bbox 685 2380 738 2437; x_wconf 91' lang='lat' dir='ltr'><strong>in</strong></span> <span class='ocrx_word' id='word_1_158' title='bbox 766 2381 1014 2441; x_wconf 88' lang='lat' dir='ltr'><strong>fraudem</strong></span> <span class='ocrx_word' id='word_1_159' title='bbox 1055 2380 1320 2439; x_wconf 85' lang='lat' dir='ltr'><strong>feminam</strong></span> <span class='ocrx_word' id='word_1_160' title='bbox 1381 2393 1646 2455; x_wconf 86' lang='lat' dir='ltr'><strong>exteram,</strong></span> <span class='ocrx_word' id='word_1_161' title='bbox 1683 2393 1734 2441; x_wconf 90' lang='lat' dir='ltr'><strong>et</strong></span> <span class='ocrx_word' id='word_1_162' title='bbox 1765 2384 1849 2441; x_wconf 85' lang='lat' dir='ltr'><strong>sic</strong></span> 
     </span>
    </p>
   </div>
   <div class='ocr_carea' id='block_1_25' title="bbox 251 2466 1362 2550">
    <p class='ocr_par' dir='ltr' id='par_1_25' title="bbox 251 2466 1362 2550">
     <span class='ocr_line' id='line_1_25' title="bbox 251 2466 1362 2550; baseline 0.005 -21"><span class='ocrx_word' id='word_1_163' title='bbox 251 2471 601 2540; x_wconf 86' lang='lat' dir='ltr'><strong>eripiendam</strong></span> <span class='ocrx_word' id='word_1_164' title='bbox 625 2475 676 2530; x_wconf 88' lang='lat' dir='ltr'><strong>ei</strong></span> <span class='ocrx_word' id='word_1_165' title='bbox 703 2466 869 2550; x_wconf 78' lang='lat' dir='ltr'><strong>quam</strong></span> <span class='ocrx_word' id='word_1_166' title='bbox 909 2475 1130 2531; x_wconf 86' lang='lat' dir='ltr'><strong>tenebat</strong></span> <span class='ocrx_word' id='word_1_167' title='bbox 1155 2492 1362 2550; x_wconf 75' lang='lat' dir='ltr'><strong>arcem.</strong></span> 
     </span>
    </p>
   </div>
   <div class='ocr_carea' id='block_1_26' title="bbox 336 2562 1848 2641">
    <p class='ocr_par' dir='ltr' id='par_1_26' title="bbox 336 2562 1848 2641">
     <span class='ocr_line' id='line_1_26' title="bbox 336 2562 1848 2641; baseline 0.006 -20"><span class='ocrx_word' id='word_1_168' title='bbox 336 2562 398 2624; x_wconf 73' lang='grc' dir='ltr'><strong>Ρ.</strong></span> <span class='ocrx_word' id='word_1_169' title='bbox 440 2567 570 2625; x_wconf 74' lang='lat'><strong>223.</strong></span> <span class='ocrx_word' id='word_1_170' title='bbox 615 2565 1024 2626; x_wconf 68' lang='lat' dir='ltr'><strong>‘Arttddo’ea&#39;tr</strong></span> <span class='ocrx_word' id='word_1_171' title='bbox 1059 2567 1234 2638; x_wconf 74' lang='grc' dir='ltr'><strong>ιερῶν</strong></span> <span class='ocrx_word' id='word_1_172' title='bbox 1260 2569 1620 2641; x_wconf 69' lang='grc' dir='ltr'><strong>ἐγκολπῖων.</strong></span> <span class='ocrx_word' id='word_1_173' title='bbox 1643 2573 1720 2630; x_wconf 88' lang='lat' dir='ltr'><strong>De</strong></span> <span class='ocrx_word' id='word_1_174' title='bbox 1743 2572 1848 2631; x_wconf 85' lang='lat' dir='ltr'><strong>hoc</strong></span> 
     </span>
    </p>
   </div>
   <div class='ocr_carea' id='block_1_27' title="bbox 255 2661 1844 2736">
    <p class='ocr_par' dir='ltr' id='par_1_27' title="bbox 255 2661 1844 2736">
     <span class='ocr_line' id='line_1_27' title="bbox 255 2661 1844 2736; baseline 0.003 -19"><span class='ocrx_word' id='word_1_175' title='bbox 255 2677 425 2718; x_wconf 78' lang='lat' dir='ltr'><strong>more</strong></span> <span class='ocrx_word' id='word_1_176' title='bbox 482 2661 735 2718; x_wconf 81' lang='lat' dir='ltr'><strong>ilrmandi</strong></span> <span class='ocrx_word' id='word_1_177' title='bbox 770 2672 928 2736; x_wconf 88' lang='lat' dir='ltr'><strong>pacta</strong></span> <span class='ocrx_word' id='word_1_178' title='bbox 963 2679 1060 2734; x_wconf 86' lang='lat' dir='ltr'><strong>per</strong></span> <span class='ocrx_word' id='word_1_179' title='bbox 1093 2673 1332 2719; x_wconf 84' lang='lat' dir='ltr'><strong>mutuam</strong></span> <span class='ocrx_word' id='word_1_180' title='bbox 1367 2666 1716 2724; x_wconf 81' lang='lat' dir='ltr'><strong>traditionem</strong></span> <span class='ocrx_word' id='word_1_181' title='bbox 1751 2684 1844 2724; x_wconf 86' lang='lat' dir='ltr'><strong>sa-</strong></span> 
     </span>
    </p>
   </div>
   <div class='ocr_carea' id='block_1_28' title="bbox 254 2755 1844 2829">
    <p class='ocr_par' dir='ltr' id='par_1_28' title="bbox 254 2755 1844 2829">
     <span class='ocr_line' id='line_1_28' title="bbox 254 2755 1844 2829; baseline 0.005 -21"><span class='ocrx_word' id='word_1_182' title='bbox 254 2769 482 2810; x_wconf 83' lang='lat' dir='ltr'><strong>crorum</strong></span> <span class='ocrx_word' id='word_1_183' title='bbox 537 2755 902 2811; x_wconf 89' lang='lat' dir='ltr'><strong>amuletorum</strong></span> <span class='ocrx_word' id='word_1_184' title='bbox 935 2771 968 2813; x_wconf 91' lang='lat' dir='ltr'><strong>e</strong></span> <span class='ocrx_word' id='word_1_185' title='bbox 1007 2755 1146 2812; x_wconf 88' lang='lat' dir='ltr'><strong>collo</strong></span> <span class='ocrx_word' id='word_1_186' title='bbox 1190 2773 1576 2829; x_wconf 84' lang='lat' dir='ltr'><strong>snspensorum</strong></span> <span class='ocrx_word' id='word_1_187' title='bbox 1617 2760 1844 2819; x_wconf 84' lang='lat' dir='ltr'><strong>videnda</strong></span> 
     </span>
    </p>
   </div>
   <div class='ocr_carea' id='block_1_29' title="bbox 254 2849 1844 2928">
    <p class='ocr_par' dir='ltr' id='par_1_29' title="bbox 254 2849 1844 2928">
     <span class='ocr_line' id='line_1_29' title="bbox 254 2849 1844 2928; baseline 0.008 -26"><span class='ocrx_word' id='word_1_188' title='bbox 254 2863 384 2918; x_wconf 76' lang='lat' dir='ltr'><strong>qua:</strong></span> <span class='ocrx_word' id='word_1_189' title='bbox 445 2849 752 2904; x_wconf 88' lang='lat' dir='ltr'><strong>notavimus</strong></span> <span class='ocrx_word' id='word_1_190' title='bbox 800 2849 1082 2906; x_wconf 83' lang='lat' dir='ltr'><strong>Clossarie</strong></span> <span class='ocrx_word' id='word_1_191' title='bbox 1148 2852 1359 2922; x_wconf 87' lang='lat' dir='ltr'><strong>priori,</strong></span> <span class='ocrx_word' id='word_1_192' title='bbox 1428 2855 1594 2910; x_wconf 85' lang='lat' dir='ltr'><strong>verbo</strong></span> <span class='ocrx_word' id='word_1_193' title='bbox 1651 2856 1844 2928; x_wconf 69' lang='grc' dir='ltr'><strong>ἐγκόλ-</strong></span> 
     </span>
    </p>
   </div>
   <div class='ocr_carea' id='block_1_30' title="bbox 257 2941 1842 3019">
    <p class='ocr_par' dir='ltr' id='par_1_30' title="bbox 257 2941 1842 3019">
     <span class='ocr_line' id='line_1_30' title="bbox 257 2941 1842 3019; baseline 0.009 -25"><span class='ocrx_word' id='word_1_194' title='bbox 257 2959 388 3008; x_wconf 80' lang='grc' dir='ltr'><strong>πια,</strong></span> <span class='ocrx_word' id='word_1_195' title='bbox 421 2941 516 2999; x_wconf 79' lang='lat' dir='ltr'><strong>ubi</strong></span> <span class='ocrx_word' id='word_1_196' title='bbox 547 2943 822 3014; x_wconf 86' lang='lat' dir='ltr'><strong>geminum</strong></span> <span class='ocrx_word' id='word_1_197' title='bbox 879 2943 1006 2999; x_wconf 85' lang='lat' dir='ltr'><strong>huic</strong></span> <span class='ocrx_word' id='word_1_198' title='bbox 1056 2943 1421 3003; x_wconf 80' lang='lat' dir='ltr'><strong>Cantacnzeni</strong></span> <span class='ocrx_word' id='word_1_199' title='bbox 1457 2949 1656 3019; x_wconf 89' lang='lat' dir='ltr'><strong>locum,</strong></span> <span class='ocrx_word' id='word_1_200' title='bbox 1690 2949 1727 3007; x_wconf 94' lang='lat' dir='ltr'><strong>i.</strong></span> <span class='ocrx_word' id='word_1_201' title='bbox 1755 2967 1842 3016; x_wconf 85' lang='lat' dir='ltr'><strong>ut,</strong></span> 
     </span>
    </p>
   </div>
   <div class='ocr_carea' id='block_1_31' title="bbox 259 3034 1844 3112">
    <p class='ocr_par' dir='ltr' id='par_1_31' title="bbox 259 3034 1844 3112">
     <span class='ocr_line' id='line_1_31' title="bbox 259 3034 1844 3112; baseline 0.006 -24"><span class='ocrx_word' id='word_1_202' title='bbox 259 3049 319 3088; x_wconf 74' lang='grc' dir='ltr'><strong>(ι.</strong></span> <span class='ocrx_word' id='word_1_203' title='bbox 357 3034 440 3103; x_wconf 79' lang='lat' dir='ltr'><strong>l7,</strong></span> <span class='ocrx_word' id='word_1_204' title='bbox 475 3049 508 3092; x_wconf 90' lang='lat' dir='ltr'><strong>a</strong></span> <span class='ocrx_word' id='word_1_205' title='bbox 543 3035 934 3111; x_wconf 72' lang='grc' dir='ltr'><strong>παρερμηνεεᾳ</strong></span> <span class='ocrx_word' id='word_1_206' title='bbox 961 3037 1258 3096; x_wconf 82' lang='lat' dir='ltr'><strong>doetissimi</strong></span> <span class='ocrx_word' id='word_1_207' title='bbox 1293 3040 1491 3112; x_wconf 89' lang='lat' dir='ltr'><strong>alioqui</strong></span> <span class='ocrx_word' id='word_1_208' title='bbox 1538 3049 1592 3096; x_wconf 86' lang='lat' dir='ltr'><strong>et</strong></span> <span class='ocrx_word' id='word_1_209' title='bbox 1620 3055 1844 3098; x_wconf 85' lang='lat' dir='ltr'><strong>accura-</strong></span> 
     </span>
    </p>
   </div>
   <div class='ocr_carea' id='block_1_32' title="bbox 255 3122 1554 3202">
    <p class='ocr_par' dir='ltr' id='par_1_32' title="bbox 255 3122 1554 3202">
     <span class='ocr_line' id='line_1_32' title="bbox 255 3122 1554 3202; baseline 0.004 -20"><span class='ocrx_word' id='word_1_210' title='bbox 255 3127 468 3184; x_wconf 80' lang='lat' dir='ltr'><strong>tissiml</strong></span> <span class='ocrx_word' id='word_1_211' title='bbox 490 3131 801 3185; x_wconf 87' lang='lat' dir='ltr'><strong>necessario</strong></span> <span class='ocrx_word' id='word_1_212' title='bbox 838 3129 1178 3186; x_wconf 81' lang='lat' dir='ltr'><strong>vindicamus</strong></span> <span class='ocrx_word' id='word_1_213' title='bbox 1217 3122 1554 3202; x_wconf 75' lang='lat' dir='ltr'><strong>interpretis.</strong></span> 
     </span>
    </p>
   </div>
   <div class='ocr_carea' id='block_1_33' title="bbox 1952 600 3533 674">
    <p class='ocr_par' dir='ltr' id='par_1_33' title="bbox 1952 600 3533 674">
     <span class='ocr_line' id='line_1_33' title="bbox 1952 600 3533 674; baseline 0.002 -17"><span class='ocrx_word' id='word_1_214' title='bbox 1952 617 2076 657; x_wconf 87' lang='lat' dir='ltr'><strong>cum</strong></span> <span class='ocrx_word' id='word_1_215' title='bbox 2121 600 2500 662; x_wconf 85' lang='lat' dir='ltr'><strong>Genuensibus</strong></span> <span class='ocrx_word' id='word_1_216' title='bbox 2539 620 2606 658; x_wconf 84' lang='lat' dir='ltr'><strong>ex</strong></span> <span class='ocrx_word' id='word_1_217' title='bbox 2661 617 2825 674; x_wconf 77' lang='lat' dir='ltr'><strong>pacto</strong></span> <span class='ocrx_word' id='word_1_218' title='bbox 2867 620 2988 660; x_wconf 91' lang='lat' dir='ltr'><strong>cum</strong></span> <span class='ocrx_word' id='word_1_219' title='bbox 3034 605 3364 673; x_wconf 84' lang='lat' dir='ltr'><strong>imperatore</strong></span> <span class='ocrx_word' id='word_1_220' title='bbox 3396 605 3533 667; x_wconf 84' lang='lat' dir='ltr'><strong>inito</strong></span> 
     </span>
    </p>
   </div>
   <div class='ocr_carea' id='block_1_34' title="bbox 1906 696 3532 770">
    <p class='ocr_par' dir='ltr' id='par_1_34' title="bbox 1906 696 3532 770">
     <span class='ocr_line' id='line_1_34' title="bbox 1906 696 3532 770; baseline 0.002 -20"><span class='ocrx_word' id='word_1_221' title='bbox 1906 730 1908 732; x_wconf 60' lang='grc' dir='ltr'><strong><em>τ</em></strong></span> <span class='ocrx_word' id='word_1_222' title='bbox 1955 697 2261 770; x_wconf 79' lang='lat' dir='ltr'><strong>nequirent,</strong></span> <span class='ocrx_word' id='word_1_223' title='bbox 2297 699 2374 754; x_wconf 88' lang='lat' dir='ltr'><strong>sic</strong></span> <span class='ocrx_word' id='word_1_224' title='bbox 2401 699 2701 768; x_wconf 82' lang='lat' dir='ltr'><strong>exprimit:</strong></span> <span class='ocrx_word' id='word_1_225' title='bbox 2739 697 2873 752; x_wconf 73' lang='grc' dir='ltr'><strong>Ἀπὸ</strong></span> <span class='ocrx_word' id='word_1_226' title='bbox 2899 697 2992 752; x_wconf 74' lang='grc' dir='ltr'><strong>τοῦ</strong></span> <span class='ocrx_word' id='word_1_227' title='bbox 3033 696 3226 753; x_wconf 81' lang='grc' dir='ltr'>στενοῦ</span> <span class='ocrx_word' id='word_1_228' title='bbox 3263 698 3532 753; x_wconf 78' lang='grc' dir='ltr'><strong>Καλλιου-</strong></span> 
     </span>
    </p>
   </div>
   <div class='ocr_carea' id='block_1_35' title="bbox 1953 788 3535 865">
    <p class='ocr_par' dir='ltr' id='par_1_35' title="bbox 1953 788 3535 865">
     <span class='ocr_line' id='line_1_35' title="bbox 1953 788 3535 865; baseline 0.003 -24"><span class='ocrx_word' id='word_1_229' title='bbox 1953 790 2167 851; x_wconf 67' lang='grc' dir='ltr'><strong>πόλεως</strong></span> <span class='ocrx_word' id='word_1_230' title='bbox 2199 788 2366 862; x_wconf 82' lang='grc' dir='ltr'><strong>μέχρι</strong></span> <span class='ocrx_word' id='word_1_231' title='bbox 2394 792 2490 845; x_wconf 79' lang='grc' dir='ltr'><strong>καὶ</strong></span> <span class='ocrx_word' id='word_1_232' title='bbox 2523 791 2616 846; x_wconf 78' lang='grc' dir='ltr'><strong>τοῦ</strong></span> <span class='ocrx_word' id='word_1_233' title='bbox 2653 791 2824 862; x_wconf 78' lang='grc' dir='ltr'><strong>ιεροῦ.</strong></span> <span class='ocrx_word' id='word_1_234' title='bbox 2872 790 3007 862; x_wconf 85' lang='lat' dir='ltr'><strong>Quid</strong></span> <span class='ocrx_word' id='word_1_235' title='bbox 3037 801 3189 846; x_wconf 85' lang='lat' dir='ltr'><strong>vocet</strong></span> <span class='ocrx_word' id='word_1_236' title='bbox 3224 792 3370 862; x_wconf 75' lang='grc' dir='ltr'>ἱερὸν</span> <span class='ocrx_word' id='word_1_237' title='bbox 3420 793 3535 865; x_wconf 88' lang='lat' dir='ltr'><strong>ipse</strong></span> 
     </span>
    </p>
   </div>
   <div class='ocr_carea' id='block_1_36' title="bbox 1956 882 3532 960">
    <p class='ocr_par' dir='ltr' id='par_1_36' title="bbox 1956 882 3532 960">
     <span class='ocr_line' id='line_1_36' title="bbox 1956 882 3532 960; baseline 0.003 -24"><span class='ocrx_word' id='word_1_238' title='bbox 1956 882 2170 941; x_wconf 85' lang='lat' dir='ltr'><strong>viderit.</strong></span> <span class='ocrx_word' id='word_1_239' title='bbox 2231 884 2438 940; x_wconf 86' lang='lat' dir='ltr'><strong>Fauces</strong></span> <span class='ocrx_word' id='word_1_240' title='bbox 2479 883 2696 960; x_wconf 84' lang='lat' dir='ltr'><strong>quidem</strong></span> <span class='ocrx_word' id='word_1_241' title='bbox 2749 884 2813 939; x_wconf 89' lang='lat' dir='ltr'><strong>ad</strong></span> <span class='ocrx_word' id='word_1_242' title='bbox 2849 883 3156 954; x_wconf 82' lang='lat' dir='ltr'><strong>Callipolim</strong></span> <span class='ocrx_word' id='word_1_243' title='bbox 3189 887 3389 940; x_wconf 62' lang='lat' dir='ltr'><strong>caulem</strong></span> <span class='ocrx_word' id='word_1_244' title='bbox 3423 902 3532 941; x_wconf 88' lang='lat' dir='ltr'><strong>non</strong></span> 
     </span>
    </p>
   </div>
   <div class='ocr_carea' id='block_1_37' title="bbox 1953 974 3531 1051">
    <p class='ocr_par' dir='ltr' id='par_1_37' title="bbox 1953 974 3531 1051">
     <span class='ocr_line' id='line_1_37' title="bbox 1953 974 3531 1051; baseline 0.001 -22"><span class='ocrx_word' id='word_1_245' title='bbox 1953 985 2083 1032; x_wconf 87' lang='lat' dir='ltr'><strong>sunt.</strong></span> <span class='ocrx_word' id='word_1_246' title='bbox 2111 991 2231 1034; x_wconf 79' lang='lat' dir='ltr'><strong>cun;</strong></span> <span class='ocrx_word' id='word_1_247' title='bbox 2259 974 2514 1034; x_wconf 72' lang='lat' dir='ltr'><strong>faucibus</strong></span> <span class='ocrx_word' id='word_1_248' title='bbox 2545 993 2665 1050; x_wconf 81' lang='lat' dir='ltr'><strong>quae</strong></span> <span class='ocrx_word' id='word_1_249' title='bbox 2718 979 2783 1032; x_wconf 87' lang='lat' dir='ltr'><strong>ad</strong></span> <span class='ocrx_word' id='word_1_250' title='bbox 2819 976 3015 1033; x_wconf 87' lang='lat' dir='ltr'><strong>Seston</strong></span> <span class='ocrx_word' id='word_1_251' title='bbox 3053 989 3106 1032; x_wconf 89' lang='lat' dir='ltr'><strong>et</strong></span> <span class='ocrx_word' id='word_1_252' title='bbox 3135 978 3406 1051; x_wconf 78' lang='lat' dir='ltr'><strong>Abydum,</strong></span> <span class='ocrx_word' id='word_1_253' title='bbox 3435 980 3531 1032; x_wconf 84' lang='lat' dir='ltr'><strong>sed</strong></span> 
     </span>
    </p>
   </div>
   <div class='ocr_carea' id='block_1_38' title="bbox 1951 1067 3533 1141">
    <p class='ocr_par' dir='ltr' id='par_1_38' title="bbox 1951 1067 3533 1141">
     <span class='ocr_line' id='line_1_38' title="bbox 1951 1067 3533 1141; baseline -0.001 -17"><span class='ocrx_word' id='word_1_254' title='bbox 1951 1080 1982 1124; x_wconf 74' lang='grc' dir='ltr'>θ</span> <span class='ocrx_word' id='word_1_255' title='bbox 2017 1068 2284 1120; x_wconf 81' lang='lat' dir='ltr'><strong>diatttelrn</strong></span> <span class='ocrx_word' id='word_1_256' title='bbox 2308 1068 2410 1122; x_wconf 69' lang='lat' dir='ltr'><strong>illic</strong></span> <span class='ocrx_word' id='word_1_257' title='bbox 2437 1077 2566 1123; x_wconf 85' lang='lat' dir='ltr'><strong>sunt</strong></span> <span class='ocrx_word' id='word_1_258' title='bbox 2599 1068 2830 1122; x_wconf 82' lang='lat' dir='ltr'><strong>invicem</strong></span> <span class='ocrx_word' id='word_1_259' title='bbox 2855 1067 3142 1141; x_wconf 69' lang='lat' dir='ltr'><strong>oppositae,</strong></span> <span class='ocrx_word' id='word_1_260' title='bbox 3181 1068 3360 1123; x_wconf 85' lang='lat' dir='ltr'><strong>media</strong></span> <span class='ocrx_word' id='word_1_261' title='bbox 3390 1068 3533 1124; x_wconf 69' lang='lat' dir='ltr'><strong>inti-t-</strong></span> 
     </span>
    </p>
   </div>
   <div class='ocr_carea' id='block_1_39' title="bbox 1952 1159 3026 1234">
    <p class='ocr_par' dir='ltr' id='par_1_39' title="bbox 1952 1159 3026 1234">
     <span class='ocr_line' id='line_1_39' title="bbox 1952 1159 3026 1234; baseline 0.007 -21"><span class='ocrx_word' id='word_1_262' title='bbox 1952 1169 2218 1228; x_wconf 88' lang='lat' dir='ltr'><strong>utrasque</strong></span> <span class='ocrx_word' id='word_1_263' title='bbox 2259 1159 2613 1234; x_wconf 80' lang='lat' dir='ltr'><strong>Propontide.</strong></span> <span class='ocrx_word' id='word_1_264' title='bbox 3023 1192 3026 1195; x_wconf 57' lang='grc' dir='ltr'>λ</span> 
     </span>
    </p>
   </div>
   <div class='ocr_carea' id='block_1_40' title="bbox 2028 1251 3538 1330">
    <p class='ocr_par' dir='ltr' id='par_1_40' title="bbox 2028 1251 3538 1330">
     <span class='ocr_line' id='line_1_40' title="bbox 2028 1251 3538 1330; baseline -0.007 -15"><span class='ocrx_word' id='word_1_265' title='bbox 2028 1251 2092 1326; x_wconf 73' lang='grc' dir='ltr'>ἱΡ</span> <span class='ocrx_word' id='word_1_266' title='bbox 2126 1252 2253 1330; x_wconf 71' lang='grc'><strong>559]</strong></span> <span class='ocrx_word' id='word_1_267' title='bbox 2295 1253 2354 1310; x_wconf 84' lang='grc' dir='ltr'><strong>Ρ.</strong></span> <span class='ocrx_word' id='word_1_268' title='bbox 2389 1254 2516 1312; x_wconf 71' lang='grc'><strong>242.</strong></span> <span class='ocrx_word' id='word_1_269' title='bbox 2549 1255 2701 1322; x_wconf 84' lang='lat' dir='ltr'><strong>Quod</strong></span> <span class='ocrx_word' id='word_1_270' title='bbox 2732 1256 2946 1312; x_wconf 85' lang='lat' dir='ltr'><strong>codices</strong></span> <span class='ocrx_word' id='word_1_271' title='bbox 2971 1255 3011 1312; x_wconf 85' lang='grc' dir='ltr'><strong><em>Β</em></strong></span> <span class='ocrx_word' id='word_1_272' title='bbox 3033 1264 3087 1311; x_wconf 85' lang='lat' dir='ltr'><strong>et</strong></span> <span class='ocrx_word' id='word_1_273' title='bbox 3116 1255 3157 1309; x_wconf 76' lang='grc' dir='ltr'><strong>Δ</strong></span> <span class='ocrx_word' id='word_1_274' title='bbox 3186 1253 3250 1308; x_wconf 79' lang='grc' dir='ltr'><strong>ἔκ</strong></span> <span class='ocrx_word' id='word_1_275' title='bbox 3278 1271 3424 1318; x_wconf 79' lang='grc' dir='ltr'><strong>τινος</strong></span> <span class='ocrx_word' id='word_1_276' title='bbox 3451 1254 3538 1307; x_wconf 79' lang='grc' dir='ltr'><strong>αι-</strong></span> 
     </span>
    </p>
   </div>
   <div class='ocr_carea' id='block_1_41' title="bbox 1955 1346 3536 1431">
    <p class='ocr_par' dir='ltr' id='par_1_41' title="bbox 1955 1346 3536 1431">
     <span class='ocr_line' id='line_1_41' title="bbox 1955 1346 3536 1431; baseline 0.001 -31"><span class='ocrx_word' id='word_1_277' title='bbox 1955 1346 2076 1411; x_wconf 74' lang='grc' dir='ltr'><strong>τίας</strong></span> <span class='ocrx_word' id='word_1_278' title='bbox 2111 1347 2327 1410; x_wconf 70' lang='grc' dir='ltr'><strong>εἰκαίας</strong></span> <span class='ocrx_word' id='word_1_279' title='bbox 2357 1349 2578 1431; x_wconf 47' lang='lat' dir='ltr'><strong>habent,</strong></span> <span class='ocrx_word' id='word_1_280' title='bbox 2615 1346 2736 1403; x_wconf 86' lang='lat' dir='ltr'><strong>Vat.</strong></span> <span class='ocrx_word' id='word_1_281' title='bbox 2769 1350 3027 1418; x_wconf 82' lang='lat' dir='ltr'><strong>exprimit</strong></span> <span class='ocrx_word' id='word_1_282' title='bbox 3056 1349 3119 1403; x_wconf 67' lang='lat' dir='ltr'><strong>lx</strong></span> <span class='ocrx_word' id='word_1_283' title='bbox 3169 1365 3315 1411; x_wconf 82' lang='grc' dir='ltr'>τινος</span> <span class='ocrx_word' id='word_1_284' title='bbox 3362 1349 3536 1423; x_wconf 70' lang='grc' dir='ltr'><strong>μηδα-</strong></span> 
     </span>
    </p>
   </div>
   <div class='ocr_carea' id='block_1_42' title="bbox 1961 1442 3285 1515">
    <p class='ocr_par' dir='ltr' id='par_1_42' title="bbox 1961 1442 3285 1515">
     <span class='ocr_line' id='line_1_42' title="bbox 1961 1442 3285 1515; baseline 0.003 -21"><span class='ocrx_word' id='word_1_285' title='bbox 1961 1442 2122 1515; x_wconf 55' lang='lat' dir='ltr'><strong>pavi};</strong></span> <span class='ocrx_word' id='word_1_286' title='bbox 2147 1443 2350 1510; x_wconf 71' lang='grc' dir='ltr'><strong>αἰτίας,</strong></span> <span class='ocrx_word' id='word_1_287' title='bbox 2381 1459 2548 1498; x_wconf 77' lang='lat' dir='ltr'><strong>causa</strong></span> <span class='ocrx_word' id='word_1_288' title='bbox 2575 1445 2658 1498; x_wconf 90' lang='lat' dir='ltr'><strong>vel</strong></span> <span class='ocrx_word' id='word_1_289' title='bbox 2689 1443 3082 1503; x_wconf 71' lang='lat' dir='ltr'><strong>oiiensiuucula</strong></span> <span class='ocrx_word' id='word_1_290' title='bbox 3113 1443 3285 1498; x_wconf 78' lang='lat' dir='ltr'><strong>nihili.</strong></span> 
     </span>
    </p>
   </div>
   <div class='ocr_carea' id='block_1_43' title="bbox 2027 1529 3534 1604">
    <p class='ocr_par' dir='ltr' id='par_1_43' title="bbox 2027 1529 3534 1604">
     <span class='ocr_line' id='line_1_43' title="bbox 2027 1529 3534 1604; baseline -0.003 -17"><span class='ocrx_word' id='word_1_291' title='bbox 2027 1531 2164 1591; x_wconf 84' lang='lat' dir='ltr'><strong>ibid.</strong></span> <span class='ocrx_word' id='word_1_292' title='bbox 2200 1530 2312 1592; x_wconf 76' lang='lat' dir='ltr'><strong>Rea:</strong></span> <span class='ocrx_word' id='word_1_293' title='bbox 2353 1534 2686 1592; x_wconf 70' lang='lat' dir='ltr'><strong>Armeniae...</strong></span> <span class='ocrx_word' id='word_1_294' title='bbox 2725 1532 2877 1592; x_wconf 92' lang='lat' dir='ltr'><strong>ilunc</strong></span> <span class='ocrx_word' id='word_1_295' title='bbox 2907 1547 3087 1604; x_wconf 82' lang='lat' dir='ltr'><strong>regem</strong></span> <span class='ocrx_word' id='word_1_296' title='bbox 3127 1530 3400 1587; x_wconf 69' lang='lat' dir='ltr'><strong>Armenia!</strong></span> <span class='ocrx_word' id='word_1_297' title='bbox 3433 1529 3534 1585; x_wconf 86' lang='lat' dir='ltr'><strong>Sa-</strong></span> 
     </span>
    </p>
   </div>
   <div class='ocr_carea' id='block_1_44' title="bbox 1960 1623 3532 1697">
    <p class='ocr_par' dir='ltr' id='par_1_44' title="bbox 1960 1623 3532 1697">
     <span class='ocr_line' id='line_1_44' title="bbox 1960 1623 3532 1697; baseline -0.001 -19"><span class='ocrx_word' id='word_1_298' title='bbox 1960 1633 2142 1690; x_wconf 90' lang='lat' dir='ltr'><strong>untus,</strong></span> <span class='ocrx_word' id='word_1_299' title='bbox 2171 1625 2207 1683; x_wconf 94' lang='lat' dir='ltr'><strong>l.</strong></span> <span class='ocrx_word' id='word_1_300' title='bbox 2240 1641 2325 1693; x_wconf 87' lang='grc' dir='ltr'><strong>ιιι,</strong></span> <span class='ocrx_word' id='word_1_301' title='bbox 2357 1641 2413 1695; x_wconf 87' lang='lat' dir='ltr'><strong>p.</strong></span> <span class='ocrx_word' id='word_1_302' title='bbox 2447 1626 2536 1697; x_wconf 72' lang='lat' dir='ltr'><strong>i3,</strong></span> <span class='ocrx_word' id='word_1_303' title='bbox 2586 1641 2638 1688; x_wconf 89' lang='lat' dir='ltr'><strong>c.</strong></span> <span class='ocrx_word' id='word_1_304' title='bbox 2673 1625 2728 1691; x_wconf 88' lang='lat'><strong>2,</strong></span> <span class='ocrx_word' id='word_1_305' title='bbox 2760 1623 3102 1697; x_wconf 82' lang='lat' dir='ltr'><strong>liaytbonem</strong></span> <span class='ocrx_word' id='word_1_306' title='bbox 3145 1634 3320 1691; x_wconf 81' lang='lat' dir='ltr'><strong>vocat,</strong></span> <span class='ocrx_word' id='word_1_307' title='bbox 3355 1635 3408 1678; x_wconf 89' lang='lat' dir='ltr'><strong>et</strong></span> <span class='ocrx_word' id='word_1_308' title='bbox 3439 1638 3532 1677; x_wconf 85' lang='lat' dir='ltr'><strong>ve-</strong></span> 
     </span>
    </p>
   </div>
   <div class='ocr_carea' id='block_1_45' title="bbox 1958 1716 3532 1790">
    <p class='ocr_par' dir='ltr' id='par_1_45' title="bbox 1958 1716 3532 1790">
     <span class='ocr_line' id='line_1_45' title="bbox 1958 1716 3532 1790; baseline -0.004 -15"><span class='ocrx_word' id='word_1_309' title='bbox 1958 1720 2109 1777; x_wconf 88' lang='lat' dir='ltr'><strong>nisse</strong></span> <span class='ocrx_word' id='word_1_310' title='bbox 2137 1719 2661 1790; x_wconf 78' lang='lat' dir='ltr'><strong>Constantinopolim</strong></span> <span class='ocrx_word' id='word_1_311' title='bbox 2693 1720 2824 1778; x_wconf 89' lang='lat' dir='ltr'><strong>dicit</strong></span> <span class='ocrx_word' id='word_1_312' title='bbox 2871 1735 2935 1775; x_wconf 89' lang='lat' dir='ltr'><strong>eo</strong></span> <span class='ocrx_word' id='word_1_313' title='bbox 2969 1719 3108 1790; x_wconf 81' lang='lat' dir='ltr'><strong>quod</strong></span> <span class='ocrx_word' id='word_1_314' title='bbox 3150 1716 3382 1773; x_wconf 74' lang='lat' dir='ltr'><strong>Michael</strong></span> <span class='ocrx_word' id='word_1_315' title='bbox 3415 1716 3532 1771; x_wconf 83' lang='grc' dir='ltr'><strong>Διι-</strong></span> 
     </span>
    </p>
   </div>
   <div class='ocr_carea' id='block_1_46' title="bbox 1956 1811 3532 1883">
    <p class='ocr_par' dir='ltr' id='par_1_46' title="bbox 1956 1811 3532 1883">
     <span class='ocr_line' id='line_1_46' title="bbox 1956 1811 3532 1883; baseline -0.002 -16"><span class='ocrx_word' id='word_1_316' title='bbox 1956 1813 2167 1869; x_wconf 86' lang='lat' dir='ltr'><strong>dronici</strong></span> <span class='ocrx_word' id='word_1_317' title='bbox 2232 1814 2374 1869; x_wconf 86' lang='lat' dir='ltr'><strong>illius</strong></span> <span class='ocrx_word' id='word_1_318' title='bbox 2423 1829 2666 1869; x_wconf 86' lang='lat' dir='ltr'><strong>sororem</strong></span> <span class='ocrx_word' id='word_1_319' title='bbox 2724 1829 2881 1871; x_wconf 85' lang='lat' dir='ltr'><strong>suam</strong></span> <span class='ocrx_word' id='word_1_320' title='bbox 2933 1815 3337 1883; x_wconf 81' lang='lat' dir='ltr'><strong>desponsasset.</strong></span> <span class='ocrx_word' id='word_1_321' title='bbox 3385 1811 3532 1866; x_wconf 84' lang='lat' dir='ltr'><strong>Con-</strong></span> 
     </span>
    </p>
   </div>
   <div class='ocr_carea' id='block_1_47' title="bbox 1955 1905 3532 1979">
    <p class='ocr_par' dir='ltr' id='par_1_47' title="bbox 1955 1905 3532 1979">
     <span class='ocr_line' id='line_1_47' title="bbox 1955 1905 3532 1979; baseline -0.001 -19"><span class='ocrx_word' id='word_1_322' title='bbox 1955 1916 2158 1977; x_wconf 86' lang='lat' dir='ltr'><strong>gruunt</strong></span> <span class='ocrx_word' id='word_1_323' title='bbox 2193 1908 2309 1968; x_wconf 71' lang='lat' dir='ltr'><strong>haec</strong></span> <span class='ocrx_word' id='word_1_324' title='bbox 2359 1923 2485 1963; x_wconf 87' lang='lat' dir='ltr'><strong>cuin</strong></span> <span class='ocrx_word' id='word_1_325' title='bbox 2518 1907 2878 1979; x_wconf 83' lang='lat' dir='ltr'><strong>Pachymerc,</strong></span> <span class='ocrx_word' id='word_1_326' title='bbox 2925 1909 3019 1979; x_wconf 79' lang='lat' dir='ltr'><strong>qui</strong></span> <span class='ocrx_word' id='word_1_327' title='bbox 3053 1907 3306 1976; x_wconf 85' lang='lat' dir='ltr'><strong>superius</strong></span> <span class='ocrx_word' id='word_1_328' title='bbox 3344 1905 3532 1961; x_wconf 86' lang='lat' dir='ltr'><strong>docuit</strong></span> 
     </span>
    </p>
   </div>
   <div class='ocr_carea' id='block_1_48' title="bbox 1953 1999 3530 2072">
    <p class='ocr_par' dir='ltr' id='par_1_48' title="bbox 1953 1999 3530 2072">
     <span class='ocr_line' id='line_1_48' title="bbox 1953 1999 3530 2072; baseline 0 -16"><span class='ocrx_word' id='word_1_329' title='bbox 1953 2001 2100 2072; x_wconf 76' lang='lat' dir='ltr'><strong>regis</strong></span> <span class='ocrx_word' id='word_1_330' title='bbox 2160 2001 2434 2062; x_wconf 70' lang='lat' dir='ltr'><strong>Armeniae</strong></span> <span class='ocrx_word' id='word_1_331' title='bbox 2487 2001 2651 2056; x_wconf 84' lang='lat' dir='ltr'><strong>lilium</strong></span> <span class='ocrx_word' id='word_1_332' title='bbox 2711 2001 2938 2057; x_wconf 80' lang='lat' dir='ltr'><strong>Mariam</strong></span> <span class='ocrx_word' id='word_1_333' title='bbox 3003 2003 3223 2058; x_wconf 89' lang='lat' dir='ltr'><strong>nomine</strong></span> <span class='ocrx_word' id='word_1_334' title='bbox 3278 1999 3530 2056; x_wconf 77' lang='lat' dir='ltr'><strong>Michaeii</strong></span> 
     </span>
    </p>
   </div>
   <div class='ocr_carea' id='block_1_49' title="bbox 1953 2095 3530 2166">
    <p class='ocr_par' dir='ltr' id='par_1_49' title="bbox 1953 2095 3530 2166">
     <span class='ocr_line' id='line_1_49' title="bbox 1953 2095 3530 2166; baseline -0.001 -16"><span class='ocrx_word' id='word_1_335' title='bbox 1953 2096 2226 2166; x_wconf 83' lang='lat' dir='ltr'><strong>nupsisse.</strong></span> <span class='ocrx_word' id='word_1_336' title='bbox 2255 2096 2504 2166; x_wconf 73' lang='lat' dir='ltr'><strong>Explicat</strong></span> <span class='ocrx_word' id='word_1_337' title='bbox 2567 2107 2751 2152; x_wconf 90' lang='lat' dir='ltr'><strong>autem</strong></span> <span class='ocrx_word' id='word_1_338' title='bbox 2811 2095 3054 2152; x_wconf 87' lang='lat' dir='ltr'><strong>Sanutus</strong></span> <span class='ocrx_word' id='word_1_339' title='bbox 3091 2099 3159 2151; x_wconf 87' lang='lat' dir='ltr'><strong>de</strong></span> <span class='ocrx_word' id='word_1_340' title='bbox 3192 2110 3300 2166; x_wconf 86' lang='lat' dir='ltr'><strong>quo</strong></span> <span class='ocrx_word' id='word_1_341' title='bbox 3331 2109 3530 2166; x_wconf 76' lang='lat' dir='ltr'><strong>genere</strong></span> 
     </span>
    </p>
   </div>
   <div class='ocr_carea' id='block_1_50' title="bbox 1951 2191 3526 2263">
    <p class='ocr_par' dir='ltr' id='par_1_50' title="bbox 1951 2191 3526 2263">
     <span class='ocr_line' id='line_1_50' title="bbox 1951 2191 3526 2263; baseline -0.002 -16"><span class='ocrx_word' id='word_1_342' title='bbox 1951 2191 2234 2247; x_wconf 80' lang='lat' dir='ltr'><strong>convictus</strong></span> <span class='ocrx_word' id='word_1_343' title='bbox 2268 2191 2629 2262; x_wconf 79' lang='lat' dir='ltr'><strong>Pachymeres</strong></span> <span class='ocrx_word' id='word_1_344' title='bbox 2678 2202 2827 2263; x_wconf 80' lang='lat' dir='ltr'><strong>agat,</strong></span> <span class='ocrx_word' id='word_1_345' title='bbox 2887 2191 3014 2248; x_wconf 90' lang='lat' dir='ltr'><strong>dum</strong></span> <span class='ocrx_word' id='word_1_346' title='bbox 3047 2192 3122 2246; x_wconf 85' lang='lat' dir='ltr'><strong>ait</strong></span> <span class='ocrx_word' id='word_1_347' title='bbox 3152 2192 3296 2247; x_wconf 87' lang='lat' dir='ltr'><strong>hunc</strong></span> <span class='ocrx_word' id='word_1_348' title='bbox 3343 2205 3526 2261; x_wconf 84' lang='lat' dir='ltr'><strong>regem</strong></span> 
     </span>
    </p>
   </div>
   <div class='ocr_carea' id='block_1_51' title="bbox 1948 2283 3528 2357">
    <p class='ocr_par' dir='ltr' id='par_1_51' title="bbox 1948 2283 3528 2357">
     <span class='ocr_line' id='line_1_51' title="bbox 1948 2283 3528 2357; baseline -0.001 -18"><span class='ocrx_word' id='word_1_349' title='bbox 1948 2299 2076 2339; x_wconf 89' lang='lat' dir='ltr'><strong>cum</strong></span> <span class='ocrx_word' id='word_1_350' title='bbox 2115 2283 2320 2340; x_wconf 85' lang='lat' dir='ltr'><strong>Freriis</strong></span> <span class='ocrx_word' id='word_1_351' title='bbox 2356 2286 2578 2341; x_wconf 75' lang='lat' dir='ltr'><strong>vixisse.</strong></span> <span class='ocrx_word' id='word_1_352' title='bbox 2617 2284 2785 2341; x_wconf 84' lang='lat' dir='ltr'><strong>Docet</strong></span> <span class='ocrx_word' id='word_1_353' title='bbox 2819 2286 3020 2357; x_wconf 89' lang='lat' dir='ltr'><strong>quippe</strong></span> <span class='ocrx_word' id='word_1_354' title='bbox 3049 2286 3348 2356; x_wconf 80' lang='lat' dir='ltr'><strong>sumpsisse</strong></span> <span class='ocrx_word' id='word_1_355' title='bbox 3373 2285 3528 2339; x_wconf 86' lang='lat' dir='ltr'><strong>illum</strong></span> 
     </span>
    </p>
   </div>
   <div class='ocr_carea' id='block_1_52' title="bbox 1949 2377 3530 2460">
    <p class='ocr_par' dir='ltr' id='par_1_52' title="bbox 1949 2377 3530 2460">
     <span class='ocr_line' id='line_1_52' title="bbox 1949 2377 3530 2460; baseline 0 -28"><span class='ocrx_word' id='word_1_356' title='bbox 1949 2377 2194 2439; x_wconf 85' lang='lat' dir='ltr'><strong>habitum</strong></span> <span class='ocrx_word' id='word_1_357' title='bbox 2225 2380 2432 2460; x_wconf 78' lang='lat' dir='ltr'><strong>ordinis</strong></span> <span class='ocrx_word' id='word_1_358' title='bbox 2462 2378 2729 2438; x_wconf 74' lang='lat' dir='ltr'><strong>lituorum</strong></span> <span class='ocrx_word' id='word_1_359' title='bbox 2763 2379 2820 2442; x_wconf 87' lang='lat' dir='ltr'><strong>S.</strong></span> <span class='ocrx_word' id='word_1_360' title='bbox 2851 2380 3158 2449; x_wconf 87' lang='lat' dir='ltr'><strong>Francisci,</strong></span> <span class='ocrx_word' id='word_1_361' title='bbox 3187 2393 3244 2435; x_wconf 86' lang='lat' dir='ltr'><strong>et</strong></span> <span class='ocrx_word' id='word_1_362' title='bbox 3273 2388 3331 2434; x_wconf 89' lang='lat' dir='ltr'><strong>ut</strong></span> <span class='ocrx_word' id='word_1_363' title='bbox 3365 2378 3530 2434; x_wconf 80' lang='lat' dir='ltr'><strong>soda-</strong></span> 
     </span>
    </p>
   </div>
   <div class='ocr_carea' id='block_1_53' title="bbox 1950 2472 3528 2544">
    <p class='ocr_par' dir='ltr' id='par_1_53' title="bbox 1950 2472 3528 2544">
     <span class='ocr_line' id='line_1_53' title="bbox 1950 2472 3528 2544; baseline 0 -16"><span class='ocrx_word' id='word_1_364' title='bbox 1950 2473 2056 2529; x_wconf 88' lang='lat' dir='ltr'><strong>lem</strong></span> <span class='ocrx_word' id='word_1_365' title='bbox 2088 2475 2281 2533; x_wconf 87' lang='lat' dir='ltr'><strong>hornm</strong></span> <span class='ocrx_word' id='word_1_366' title='bbox 2325 2473 2547 2531; x_wconf 78' lang='lat' dir='ltr'><strong>Patrum</strong></span> <span class='ocrx_word' id='word_1_367' title='bbox 2579 2484 2636 2535; x_wconf 83' lang='lat' dir='ltr'><strong>et</strong></span> <span class='ocrx_word' id='word_1_368' title='bbox 2677 2473 2899 2532; x_wconf 73' lang='lat' dir='ltr'><strong>fratrem</strong></span> <span class='ocrx_word' id='word_1_369' title='bbox 2931 2472 3400 2544; x_wconf 81' lang='lat' dir='ltr'><strong>Constantinopoli</strong></span> <span class='ocrx_word' id='word_1_370' title='bbox 3437 2475 3528 2528; x_wconf 81' lang='lat' dir='ltr'><strong>vl-</strong></span> 
     </span>
    </p>
   </div>
   <div class='ocr_carea' id='block_1_54' title="bbox 1949 2566 3529 2639">
    <p class='ocr_par' dir='ltr' id='par_1_54' title="bbox 1949 2566 3529 2639">
     <span class='ocr_line' id='line_1_54' title="bbox 1949 2566 3529 2639; baseline 0 -16"><span class='ocrx_word' id='word_1_371' title='bbox 1949 2566 2304 2636; x_wconf 84' lang='lat' dir='ltr'><strong>xisse;unde</strong></span> <span class='ocrx_word' id='word_1_372' title='bbox 2360 2581 2576 2638; x_wconf 82' lang='lat' dir='ltr'><strong>sumpta</strong></span> <span class='ocrx_word' id='word_1_373' title='bbox 2633 2567 2924 2626; x_wconf 80' lang='lat' dir='ltr'><strong>occasione</strong></span> <span class='ocrx_word' id='word_1_374' title='bbox 2968 2566 3175 2623; x_wconf 87' lang='lat' dir='ltr'><strong>Sehath</strong></span> <span class='ocrx_word' id='word_1_375' title='bbox 3226 2566 3529 2639; x_wconf 81' lang='lat' dir='ltr'><strong>liaythonis</strong></span> 
     </span>
    </p>
   </div>
   <div class='ocr_carea' id='block_1_55' title="bbox 1950 2659 3532 2734">
    <p class='ocr_par' dir='ltr' id='par_1_55' title="bbox 1950 2659 3532 2734">
     <span class='ocr_line' id='line_1_55' title="bbox 1950 2659 3532 2734; baseline -0.003 -17"><span class='ocrx_word' id='word_1_376' title='bbox 1950 2662 2121 2718; x_wconf 88' lang='lat' dir='ltr'><strong>frater</strong></span> <span class='ocrx_word' id='word_1_377' title='bbox 2153 2675 2378 2733; x_wconf 87' lang='lat' dir='ltr'><strong>regnum</strong></span> <span class='ocrx_word' id='word_1_378' title='bbox 2410 2662 2683 2718; x_wconf 72' lang='lat' dir='ltr'><strong>Armeniae</strong></span> <span class='ocrx_word' id='word_1_379' title='bbox 2713 2663 3020 2734; x_wconf 87' lang='lat' dir='ltr'><strong>occupavit.</strong></span> <span class='ocrx_word' id='word_1_380' title='bbox 3053 2661 3154 2731; x_wconf 82' lang='lat' dir='ltr'><strong>Qui</strong></span> <span class='ocrx_word' id='word_1_381' title='bbox 3194 2662 3358 2718; x_wconf 89' lang='lat' dir='ltr'><strong>etiam</strong></span> <span class='ocrx_word' id='word_1_382' title='bbox 3385 2659 3532 2734; x_wconf 77' lang='lat' dir='ltr'><strong>ﬂay-</strong></span> 
     </span>
    </p>
   </div>
   <div class='ocr_carea' id='block_1_56' title="bbox 1957 2755 3529 2825">
    <p class='ocr_par' dir='ltr' id='par_1_56' title="bbox 1957 2755 3529 2825">
     <span class='ocr_line' id='line_1_56' title="bbox 1957 2755 3529 2825; baseline 0.001 -15"><span class='ocrx_word' id='word_1_383' title='bbox 1957 2757 2179 2813; x_wconf 89' lang='lat' dir='ltr'><strong>thonem</strong></span> <span class='ocrx_word' id='word_1_384' title='bbox 2225 2755 2418 2812; x_wconf 86' lang='lat' dir='ltr'><strong>deinde</strong></span> <span class='ocrx_word' id='word_1_385' title='bbox 2456 2764 2682 2825; x_wconf 82' lang='lat' dir='ltr'><strong>captum</strong></span> <span class='ocrx_word' id='word_1_386' title='bbox 2733 2757 3050 2818; x_wconf 82' lang='lat' dir='ltr'><strong>excaecavit.</strong></span> <span class='ocrx_word' id='word_1_387' title='bbox 3111 2755 3218 2816; x_wconf 87' lang='lat' dir='ltr'><strong>Sed</strong></span> <span class='ocrx_word' id='word_1_388' title='bbox 3267 2757 3312 2814; x_wconf 91' lang='lat' dir='ltr'><strong>is</strong></span> <span class='ocrx_word' id='word_1_389' title='bbox 3341 2757 3529 2812; x_wconf 83' lang='lat' dir='ltr'><strong>divino</strong></span> 
     </span>
    </p>
   </div>
   <div class='ocr_carea' id='block_1_57' title="bbox 1949 2845 3528 2926">
    <p class='ocr_par' dir='ltr' id='par_1_57' title="bbox 1949 2845 3528 2926">
     <span class='ocr_line' id='line_1_57' title="bbox 1949 2845 3528 2926; baseline 0.003 -22"><span class='ocrx_word' id='word_1_390' title='bbox 1949 2851 2212 2910; x_wconf 85' lang='lat' dir='ltr'><strong>miraculo</strong></span> <span class='ocrx_word' id='word_1_391' title='bbox 2253 2865 2468 2907; x_wconf 79' lang='lat' dir='ltr'><strong>rursum</strong></span> <span class='ocrx_word' id='word_1_392' title='bbox 2530 2849 2758 2921; x_wconf 88' lang='lat' dir='ltr'><strong>adeptus</strong></span> <span class='ocrx_word' id='word_1_393' title='bbox 2817 2845 2983 2909; x_wconf 79' lang='lat' dir='ltr'><strong>usuin</strong></span> <span class='ocrx_word' id='word_1_394' title='bbox 3032 2851 3337 2918; x_wconf 87' lang='lat' dir='ltr'><strong>oculorum,</strong></span> <span class='ocrx_word' id='word_1_395' title='bbox 3374 2855 3528 2926; x_wconf 83' lang='lat' dir='ltr'><strong>regni</strong></span> 
     </span>
    </p>
   </div>
   <div class='ocr_carea' id='block_1_58' title="bbox 1945 2940 3528 3013">
    <p class='ocr_par' dir='ltr' id='par_1_58' title="bbox 1945 2940 3528 3013">
     <span class='ocr_line' id='line_1_58' title="bbox 1945 2940 3528 3013; baseline 0.003 -18"><span class='ocrx_word' id='word_1_396' title='bbox 1945 2944 2074 3012; x_wconf 85' lang='lat' dir='ltr'><strong>quin</strong></span> <span class='ocrx_word' id='word_1_397' title='bbox 2117 2940 2284 2998; x_wconf 84' lang='lat' dir='ltr'><strong>etiam</strong></span> <span class='ocrx_word' id='word_1_398' title='bbox 2331 2958 2556 3013; x_wconf 85' lang='lat' dir='ltr'><strong>compos</strong></span> <span class='ocrx_word' id='word_1_399' title='bbox 2591 2942 2915 3009; x_wconf 80' lang='lat' dir='ltr'><strong>estfactus;</strong></span> <span class='ocrx_word' id='word_1_400' title='bbox 2945 2955 3001 3001; x_wconf 95' lang='lat' dir='ltr'><strong>et</strong></span> <span class='ocrx_word' id='word_1_401' title='bbox 3042 2945 3340 3006; x_wconf 86' lang='lat' dir='ltr'><strong>Sebathum</strong></span> <span class='ocrx_word' id='word_1_402' title='bbox 3380 2944 3528 3002; x_wconf 78' lang='lat' dir='ltr'><strong>Con-</strong></span> 
     </span>
    </p>
   </div>
   <div class='ocr_carea' id='block_1_59' title="bbox 1945 3037 3524 3108">
    <p class='ocr_par' dir='ltr' id='par_1_59' title="bbox 1945 3037 3524 3108">
     <span class='ocr_line' id='line_1_59' title="bbox 1945 3037 3524 3108; baseline 0 -16"><span class='ocrx_word' id='word_1_403' title='bbox 1945 3037 2351 3106; x_wconf 82' lang='lat' dir='ltr'><strong>stantinopolim</strong></span> <span class='ocrx_word' id='word_1_404' title='bbox 2403 3039 2574 3103; x_wconf 87' lang='lat' dir='ltr'><strong>misit,</strong></span> <span class='ocrx_word' id='word_1_405' title='bbox 2627 3052 2824 3108; x_wconf 76' lang='lat' dir='ltr'><strong>rogans</strong></span> <span class='ocrx_word' id='word_1_406' title='bbox 2871 3039 3258 3108; x_wconf 81' lang='lat' dir='ltr'><strong>imperatorem</strong></span> <span class='ocrx_word' id='word_1_407' title='bbox 3294 3047 3353 3094; x_wconf 91' lang='lat' dir='ltr'><strong>ut</strong></span> <span class='ocrx_word' id='word_1_408' title='bbox 3400 3055 3524 3094; x_wconf 86' lang='lat' dir='ltr'><strong>eum</strong></span> 
     </span>
    </p>
   </div>
   <div class='ocr_carea' id='block_1_60' title="bbox 1947 3118 3527 3193">
    <p class='ocr_par' dir='ltr' id='par_1_60' title="bbox 1947 3118 3527 3193">
     <span class='ocr_line' id='line_1_60' title="bbox 1947 3118 3527 3193; baseline 0.003 -9"><span class='ocrx_word' id='word_1_409' title='bbox 1947 3131 2056 3188; x_wconf 86' lang='lat' dir='ltr'><strong>illic</strong></span> <span class='ocrx_word' id='word_1_410' title='bbox 2086 3131 2376 3193; x_wconf 84' lang='lat' dir='ltr'><strong>detineret.</strong></span> <span class='ocrx_word' id='word_1_411' title='bbox 2428 3132 2553 3190; x_wconf 73' lang='lat' dir='ltr'><strong>llaec</strong></span> <span class='ocrx_word' id='word_1_412' title='bbox 2588 3130 2662 3186; x_wconf 88' lang='lat' dir='ltr'><strong>ibi</strong></span> <span class='ocrx_word' id='word_1_413' title='bbox 2720 3131 2981 3188; x_wconf 89' lang='lat' dir='ltr'><strong>Sanutus.</strong></span> <span class='ocrx_word' id='word_1_414' title='bbox 3018 3131 3082 3191; x_wconf 86' lang='lat' dir='ltr'><strong>Et</strong></span> <span class='ocrx_word' id='word_1_415' title='bbox 3139 3147 3206 3188; x_wconf 80' lang='lat' dir='ltr'><strong>ex</strong></span> <span class='ocrx_word' id='word_1_416' title='bbox 3237 3147 3302 3188; x_wconf 86' lang='lat' dir='ltr'><strong>ce</strong></span> <span class='ocrx_word' id='word_1_417' title='bbox 3353 3118 3527 3189; x_wconf 79' lang='lat' dir='ltr'><strong>fusius</strong></span> 
     </span>
    </p>
   </div>
   <div class='ocr_carea' id='block_1_61' title="bbox 337 3219 1842 3306">
    <p class='ocr_par' dir='ltr' id='par_1_61' title="bbox 337 3219 1842 3296">
     <span class='ocr_line' id='line_1_61' title="bbox 337 3219 1842 3296; baseline 0.005 -20"><span class='ocrx_word' id='word_1_418' title='bbox 337 3221 403 3279; x_wconf 74' lang='grc' dir='ltr'><strong>Ρ.</strong></span> <span class='ocrx_word' id='word_1_419' title='bbox 427 3221 558 3279; x_wconf 76' lang='lat'><strong>233.</strong></span> <span class='ocrx_word' id='word_1_420' title='bbox 591 3219 768 3279; x_wconf 69' lang='lat' dir='ltr'><strong>Terre</strong></span> <span class='ocrx_word' id='word_1_421' title='bbox 827 3223 1010 3289; x_wconf 82' lang='lat' dir='ltr'><strong>motui,</strong></span> <span class='ocrx_word' id='word_1_422' title='bbox 1063 3227 1156 3296; x_wconf 79' lang='lat' dir='ltr'><strong>qui</strong></span> <span class='ocrx_word' id='word_1_423' title='bbox 1206 3225 1299 3296; x_wconf 75' lang='lat' dir='ltr'><strong>per</strong></span> <span class='ocrx_word' id='word_1_424' title='bbox 1327 3229 1689 3288; x_wconf 68' lang='lat' dir='ltr'><strong>excellentiam</strong></span> <span class='ocrx_word' id='word_1_425' title='bbox 1728 3247 1842 3286; x_wconf 83' lang='lat' dir='ltr'><strong>nta-</strong></span> 
     </span>
    </p>
   </div>
   <div class='ocr_carea' id='block_1_62' title="bbox 1945 3219 3148 3306">
    <p class='ocr_par' dir='ltr' id='par_1_62' title="bbox 1945 3221 3148 3295">
     <span class='ocr_line' id='line_1_62' title="bbox 1945 3221 3148 3295; baseline 0.002 -20"><span class='ocrx_word' id='word_1_426' title='bbox 1945 3221 2269 3295; x_wconf 78' lang='lat' dir='ltr'><strong>Spondanus</strong></span> <span class='ocrx_word' id='word_1_427' title='bbox 2299 3239 2389 3288; x_wconf 81' lang='lat' dir='ltr'><strong>an.</strong></span> <span class='ocrx_word' id='word_1_428' title='bbox 2419 3223 2553 3279; x_wconf 88' lang='lat' dir='ltr'><strong>Chr.</strong></span> <span class='ocrx_word' id='word_1_429' title='bbox 2588 3223 2747 3287; x_wconf 71' lang='grc'><strong>1294.</strong></span> <span class='ocrx_word' id='word_1_430' title='bbox 2776 3240 2830 3278; x_wconf 92' lang='lat' dir='ltr'><strong>n.</strong></span> <span class='ocrx_word' id='word_1_431' title='bbox 2876 3221 2941 3276; x_wconf 76' lang='grc'><strong>10</strong></span> <span class='ocrx_word' id='word_1_432' title='bbox 2975 3233 3027 3277; x_wconf 91' lang='lat' dir='ltr'><strong>et</strong></span> <span class='ocrx_word' id='word_1_433' title='bbox 3063 3222 3148 3278; x_wconf 82' lang='grc' dir='ltr'><strong>Η.</strong></span> 
     </span>
    </p>
   </div>
   <div class='ocr_carea' id='block_1_63' title="bbox 253 3315 1840 3398">
    <p class='ocr_par' dir='ltr' id='par_1_63' title="bbox 253 3315 1840 3398">
     <span class='ocr_line' id='line_1_63' title="bbox 253 3315 1840 3398; baseline 0.009 -31"><span class='ocrx_word' id='word_1_434' title='bbox 253 3332 400 3384; x_wconf 68' lang='lat' dir='ltr'><strong>gnua</strong></span> <span class='ocrx_word' id='word_1_435' title='bbox 430 3315 750 3386; x_wconf 79' lang='lat' dir='ltr'><strong>appellatur.</strong></span> <span class='ocrx_word' id='word_1_436' title='bbox 806 3315 944 3373; x_wconf 87' lang='lat' dir='ltr'><strong>Puto</strong></span> <span class='ocrx_word' id='word_1_437' title='bbox 1001 3315 1088 3375; x_wconf 90' lang='lat' dir='ltr'><strong>hic</strong></span> <span class='ocrx_word' id='word_1_438' title='bbox 1117 3320 1273 3376; x_wconf 89' lang='lat' dir='ltr'><strong>innui</strong></span> <span class='ocrx_word' id='word_1_439' title='bbox 1326 3328 1487 3376; x_wconf 75' lang='lat' dir='ltr'><strong>term</strong></span> <span class='ocrx_word' id='word_1_440' title='bbox 1519 3335 1720 3385; x_wconf 87' lang='lat' dir='ltr'><strong>motum</strong></span> <span class='ocrx_word' id='word_1_441' title='bbox 1749 3327 1840 3398; x_wconf 89' lang='lat' dir='ltr'><strong>qui</strong></span> 
     </span>
    </p>
   </div>
   <div class='ocr_carea' id='block_1_64' title="bbox 260 3408 1842 3487">
    <p class='ocr_par' dir='ltr' id='par_1_64' title="bbox 260 3408 1842 3487">
     <span class='ocr_line' id='line_1_64' title="bbox 260 3408 1842 3487; baseline 0.006 -23"><span class='ocrx_word' id='word_1_442' title='bbox 260 3423 408 3464; x_wconf 73' lang='lat' dir='ltr'><strong>anno</strong></span> <span class='ocrx_word' id='word_1_443' title='bbox 429 3408 558 3465; x_wconf 85' lang='lat' dir='ltr'><strong>Chr.</strong></span> <span class='ocrx_word' id='word_1_444' title='bbox 582 3410 720 3466; x_wconf 78' lang='lat' dir='ltr'><strong>i202</strong></span> <span class='ocrx_word' id='word_1_445' title='bbox 738 3411 980 3467; x_wconf 84' lang='lat' dir='ltr'><strong>omnium</strong></span> <span class='ocrx_word' id='word_1_446' title='bbox 1007 3412 1172 3469; x_wconf 84' lang='lat' dir='ltr'><strong>laudo</strong></span> <span class='ocrx_word' id='word_1_447' title='bbox 1194 3413 1504 3470; x_wconf 87' lang='lat' dir='ltr'><strong>auditorum</strong></span> <span class='ocrx_word' id='word_1_448' title='bbox 1530 3433 1626 3487; x_wconf 87' lang='lat' dir='ltr'><strong>per</strong></span> <span class='ocrx_word' id='word_1_449' title='bbox 1647 3415 1842 3476; x_wconf 80' lang='lat' dir='ltr'><strong>Orien-</strong></span> 
     </span>
    </p>
   </div>
   <div class='ocr_carea' id='block_1_65' title="bbox 265 3501 1843 3575">
    <p class='ocr_par' dir='ltr' id='par_1_65' title="bbox 265 3501 1843 3575">
     <span class='ocr_line' id='line_1_65' title="bbox 265 3501 1843 3575; baseline 0.008 -20"><span class='ocrx_word' id='word_1_450' title='bbox 265 3509 380 3556; x_wconf 74' lang='lat' dir='ltr'><strong>tem</strong></span> <span class='ocrx_word' id='word_1_451' title='bbox 403 3501 712 3559; x_wconf 85' lang='lat' dir='ltr'><strong>dirissimus</strong></span> <span class='ocrx_word' id='word_1_452' title='bbox 745 3505 993 3574; x_wconf 78' lang='lat' dir='ltr'><strong>contigit,</strong></span> <span class='ocrx_word' id='word_1_453' title='bbox 1029 3521 1190 3575; x_wconf 80' lang='lat' dir='ltr'><strong>quem</strong></span> <span class='ocrx_word' id='word_1_454' title='bbox 1228 3505 1498 3564; x_wconf 76' lang='lat' dir='ltr'><strong>Roberius</strong></span> <span class='ocrx_word' id='word_1_455' title='bbox 1547 3515 1843 3568; x_wconf 83' lang='lat' dir='ltr'><strong>monachus</strong></span> 
     </span>
    </p>
   </div>
   <div class='ocr_carea' id='block_1_66' title="bbox 255 3595 1841 3676">
    <p class='ocr_par' dir='ltr' id='par_1_66' title="bbox 255 3595 1841 3676">
     <span class='ocr_line' id='line_1_66' title="bbox 255 3595 1841 3676; baseline 0.004 -24"><span class='ocrx_word' id='word_1_456' title='bbox 255 3595 726 3653; x_wconf 72' lang='lat' dir='ltr'><strong>Antisiodoreusis</strong></span> <span class='ocrx_word' id='word_1_457' title='bbox 787 3598 842 3654; x_wconf 92' lang='lat' dir='ltr'><strong>in</strong></span> <span class='ocrx_word' id='word_1_458' title='bbox 903 3615 1001 3654; x_wconf 83' lang='lat' dir='ltr'><strong>sua</strong></span> <span class='ocrx_word' id='word_1_459' title='bbox 1033 3599 1401 3672; x_wconf 84' lang='lat' dir='ltr'><strong>Chronologia</strong></span> <span class='ocrx_word' id='word_1_460' title='bbox 1457 3604 1728 3676; x_wconf 82' lang='lat' dir='ltr'><strong>incepisse</strong></span> <span class='ocrx_word' id='word_1_461' title='bbox 1763 3608 1841 3664; x_wconf 78' lang='lat' dir='ltr'><strong>ait</strong></span> 
     </span>
    </p>
   </div>
   <div class='ocr_carea' id='block_1_67' title="bbox 258 3689 1840 3766">
    <p class='ocr_par' dir='ltr' id='par_1_67' title="bbox 258 3689 1840 3766">
     <span class='ocr_line' id='line_1_67' title="bbox 258 3689 1840 3766; baseline 0.008 -25"><span class='ocrx_word' id='word_1_462' title='bbox 258 3689 446 3745; x_wconf 84' lang='lat' dir='ltr'><strong>triduo</strong></span> <span class='ocrx_word' id='word_1_463' title='bbox 477 3701 604 3746; x_wconf 89' lang='lat' dir='ltr'><strong>ante</strong></span> <span class='ocrx_word' id='word_1_464' title='bbox 638 3690 1051 3760; x_wconf 71' lang='lat' dir='ltr'><strong>Ascensiouem,</strong></span> <span class='ocrx_word' id='word_1_465' title='bbox 1088 3701 1145 3749; x_wconf 87' lang='lat' dir='ltr'><strong>et</strong></span> <span class='ocrx_word' id='word_1_466' title='bbox 1178 3709 1242 3747; x_wconf 85' lang='lat' dir='ltr'><strong>eo</strong></span> <span class='ocrx_word' id='word_1_467' title='bbox 1291 3693 1514 3766; x_wconf 78' lang='lat' dir='ltr'><strong>Tyrum,</strong></span> <span class='ocrx_word' id='word_1_468' title='bbox 1548 3697 1840 3765; x_wconf 80' lang='lat' dir='ltr'><strong>Acconem,</strong></span> 
     </span>
    </p>
   </div>
   <div class='ocr_carea' id='block_1_68' title="bbox 257 3781 1841 3860">
    <p class='ocr_par' dir='ltr' id='par_1_68' title="bbox 257 3781 1841 3860">
     <span class='ocr_line' id='line_1_68' title="bbox 257 3781 1841 3860; baseline 0.005 -21"><span class='ocrx_word' id='word_1_469' title='bbox 257 3781 552 3852; x_wconf 68' lang='lat' dir='ltr'><strong>Tripolim,</strong></span> <span class='ocrx_word' id='word_1_470' title='bbox 601 3794 736 3851; x_wconf 66' lang='grc' dir='ltr'><strong>εις..</strong></span> <span class='ocrx_word' id='word_1_471' title='bbox 781 3800 973 3858; x_wconf 84' lang='lat' dir='ltr'><strong>magna</strong></span> <span class='ocrx_word' id='word_1_472' title='bbox 1013 3802 1076 3842; x_wconf 81' lang='lat' dir='ltr'><strong>ex</strong></span> <span class='ocrx_word' id='word_1_473' title='bbox 1105 3795 1258 3858; x_wconf 88' lang='lat' dir='ltr'><strong>parte</strong></span> <span class='ocrx_word' id='word_1_474' title='bbox 1307 3789 1630 3846; x_wconf 86' lang='lat' dir='ltr'><strong>concidisse.</strong></span> <span class='ocrx_word' id='word_1_475' title='bbox 1669 3790 1841 3860; x_wconf 81' lang='lat' dir='ltr'><strong>Hujus</strong></span> 
     </span>
    </p>
   </div>
   <div class='ocr_carea' id='block_1_69' title="bbox 262 3877 1841 3951">
    <p class='ocr_par' dir='ltr' id='par_1_69' title="bbox 262 3877 1841 3951">
     <span class='ocr_line' id='line_1_69' title="bbox 262 3877 1841 3951; baseline 0.007 -19"><span class='ocrx_word' id='word_1_476' title='bbox 262 3877 475 3949; x_wconf 87' lang='lat' dir='ltr'><strong>antiqui</strong></span> <span class='ocrx_word' id='word_1_477' title='bbox 501 3886 661 3934; x_wconf 74' lang='lat' dir='ltr'><strong>terra:</strong></span> <span class='ocrx_word' id='word_1_478' title='bbox 695 3890 874 3934; x_wconf 89' lang='lat' dir='ltr'><strong>motus</strong></span> <span class='ocrx_word' id='word_1_479' title='bbox 906 3879 1220 3936; x_wconf 81' lang='lat' dir='ltr'><strong>meminisse</strong></span> <span class='ocrx_word' id='word_1_480' title='bbox 1255 3891 1525 3951; x_wconf 85' lang='lat' dir='ltr'><strong>poterant,</strong></span> <span class='ocrx_word' id='word_1_481' title='bbox 1578 3901 1702 3940; x_wconf 87' lang='lat' dir='ltr'><strong>cum</strong></span> <span class='ocrx_word' id='word_1_482' title='bbox 1739 3887 1841 3943; x_wconf 89' lang='lat' dir='ltr'><strong>iste</strong></span> 
     </span>
    </p>
   </div>
   <div class='ocr_carea' id='block_1_70' title="bbox 261 3963 1836 4046">
    <p class='ocr_par' dir='ltr' id='par_1_70' title="bbox 261 3963 1836 4046">
     <span class='ocr_line' id='line_1_70' title="bbox 261 3963 1836 4046; baseline 0.004 -23"><span class='ocrx_word' id='word_1_483' title='bbox 261 3963 407 4026; x_wconf 85' lang='lat' dir='ltr'><strong>alius</strong></span> <span class='ocrx_word' id='word_1_484' title='bbox 436 3971 505 4025; x_wconf 85' lang='lat' dir='ltr'><strong>de</strong></span> <span class='ocrx_word' id='word_1_485' title='bbox 553 3985 662 4039; x_wconf 88' lang='lat' dir='ltr'><strong>quo</strong></span> <span class='ocrx_word' id='word_1_486' title='bbox 705 3981 890 4026; x_wconf 88' lang='lat' dir='ltr'><strong>noster</strong></span> <span class='ocrx_word' id='word_1_487' title='bbox 919 3973 1029 4044; x_wconf 87' lang='lat' dir='ltr'><strong>agit</strong></span> <span class='ocrx_word' id='word_1_488' title='bbox 1060 3973 1162 4027; x_wconf 91' lang='lat' dir='ltr'><strong>hoc</strong></span> <span class='ocrx_word' id='word_1_489' title='bbox 1198 3970 1318 4028; x_wconf 87' lang='lat' dir='ltr'><strong>loco</strong></span> <span class='ocrx_word' id='word_1_490' title='bbox 1369 3971 1836 4046; x_wconf 87' lang='lat' dir='ltr'><strong>Constantinopoli</strong></span> 
     </span>
    </p>
   </div>
   <div class='ocr_carea' id='block_1_71' title="bbox 255 4061 1841 4139">
    <p class='ocr_par' dir='ltr' id='par_1_71' title="bbox 255 4061 1841 4139">
     <span class='ocr_line' id='line_1_71' title="bbox 255 4061 1841 4139; baseline 0.001 -15"><span class='ocrx_word' id='word_1_491' title='bbox 255 4061 426 4137; x_wconf 71' lang='lat'><strong>752</strong></span> <span class='ocrx_word' id='word_1_492' title='bbox 451 4065 683 4136; x_wconf 84' lang='lat' dir='ltr'><strong>contigit</strong></span> <span class='ocrx_word' id='word_1_493' title='bbox 713 4065 934 4122; x_wconf 88' lang='lat' dir='ltr'><strong>circiter</strong></span> <span class='ocrx_word' id='word_1_494' title='bbox 982 4081 1186 4123; x_wconf 82' lang='lat' dir='ltr'><strong>annum</strong></span> <span class='ocrx_word' id='word_1_495' title='bbox 1230 4067 1364 4124; x_wconf 90' lang='lat' dir='ltr'><strong>Chr.</strong></span> <span class='ocrx_word' id='word_1_496' title='bbox 1417 4069 1578 4137; x_wconf 71' lang='lat'><strong>1296,</strong></span> <span class='ocrx_word' id='word_1_497' title='bbox 1613 4070 1841 4139; x_wconf 88' lang='lat' dir='ltr'><strong>quicun-</strong></span> 
     </span>
    </p>
   </div>
   <div class='ocr_carea' id='block_1_72' title="bbox 257 4157 1837 4231">
    <p class='ocr_par' dir='ltr' id='par_1_72' title="bbox 257 4157 1837 4231">
     <span class='ocr_line' id='line_1_72' title="bbox 257 4157 1837 4231; baseline 0.004 -23"><span class='ocrx_word' id='word_1_498' title='bbox 257 4171 368 4226; x_wconf 76' lang='lat' dir='ltr'><strong>que</strong></span> <span class='ocrx_word' id='word_1_499' title='bbox 403 4157 988 4216; x_wconf 68' lang='lat' dir='ltr'><strong>vivebant‘centenarii</strong></span> <span class='ocrx_word' id='word_1_500' title='bbox 1045 4171 1138 4215; x_wconf 87' lang='lat' dir='ltr'><strong>aut</strong></span> <span class='ocrx_word' id='word_1_501' title='bbox 1168 4165 1325 4231; x_wconf 84' lang='lat' dir='ltr'><strong>paulo</strong></span> <span class='ocrx_word' id='word_1_502' title='bbox 1364 4164 1693 4218; x_wconf 87' lang='lat' dir='ltr'><strong>centenariis</strong></span> <span class='ocrx_word' id='word_1_503' title='bbox 1723 4179 1837 4216; x_wconf 84' lang='lat' dir='ltr'><strong>ma-</strong></span> 
     </span>
    </p>
   </div>
   <div class='ocr_carea' id='block_1_73' title="bbox 256 4249 1839 4324">
    <p class='ocr_par' dir='ltr' id='par_1_73' title="bbox 256 4249 1839 4324">
     <span class='ocr_line' id='line_1_73' title="bbox 256 4249 1839 4324; baseline 0.005 -20"><span class='ocrx_word' id='word_1_504' title='bbox 256 4252 430 4322; x_wconf 75' lang='lat' dir='ltr'><strong>iores.</strong></span> <span class='ocrx_word' id='word_1_505' title='bbox 484 4249 733 4306; x_wconf 77' lang='lat' dir='ltr'><strong>Meminit</strong></span> <span class='ocrx_word' id='word_1_506' title='bbox 761 4250 985 4306; x_wconf 85' lang='lat' dir='ltr'><strong>alterius</strong></span> <span class='ocrx_word' id='word_1_507' title='bbox 1031 4253 1615 4324; x_wconf 78' lang='lat' dir='ltr'><strong>ConsrantinOpolitani</strong></span> <span class='ocrx_word' id='word_1_508' title='bbox 1681 4265 1839 4312; x_wconf 75' lang='lat' dir='ltr'><strong>terrae</strong></span> 
     </span>
    </p>
   </div>
   <div class='ocr_carea' id='block_1_74' title="bbox 262 4341 1834 4418">
    <p class='ocr_par' dir='ltr' id='par_1_74' title="bbox 262 4341 1834 4418">
     <span class='ocr_line' id='line_1_74' title="bbox 262 4341 1834 4418; baseline 0.003 -20"><span class='ocrx_word' id='word_1_509' title='bbox 262 4354 447 4399; x_wconf 85' lang='lat' dir='ltr'><strong>motus</strong></span> <span class='ocrx_word' id='word_1_510' title='bbox 483 4341 664 4414; x_wconf 87' lang='lat' dir='ltr'><strong>magni</strong></span> <span class='ocrx_word' id='word_1_511' title='bbox 707 4343 943 4415; x_wconf 81' lang='lat' dir='ltr'><strong>scriptor</strong></span> <span class='ocrx_word' id='word_1_512' title='bbox 1003 4341 1142 4400; x_wconf 61' lang='lat' dir='ltr'><strong>Vitae</strong></span> <span class='ocrx_word' id='word_1_513' title='bbox 1199 4343 1446 4418; x_wconf 87' lang='lat' dir='ltr'><strong>Gregorii</strong></span> <span class='ocrx_word' id='word_1_514' title='bbox 1481 4343 1573 4414; x_wconf 87' lang='lat' dir='ltr'><strong>iV,</strong></span> <span class='ocrx_word' id='word_1_515' title='bbox 1607 4345 1834 4402; x_wconf 82' lang='lat' dir='ltr'><strong>Romani</strong></span> 
     </span>
    </p>
   </div>
   <div class='ocr_carea' id='block_1_75' title="bbox 255 4435 1837 4512">
    <p class='ocr_par' dir='ltr' id='par_1_75' title="bbox 255 4435 1837 4512">
     <span class='ocr_line' id='line_1_75' title="bbox 255 4435 1837 4512; baseline 0.004 -23"><span class='ocrx_word' id='word_1_516' title='bbox 255 4443 440 4505; x_wconf 65' lang='grc' dir='ltr'><strong>φοιιιη</strong></span> <span class='ocrx_word' id='word_1_517' title='bbox 470 4435 714 4491; x_wconf 86' lang='lat' dir='ltr'><strong>referens</strong></span> <span class='ocrx_word' id='word_1_518' title='bbox 743 4450 864 4490; x_wconf 89' lang='lat' dir='ltr'><strong>eum</strong></span> <span class='ocrx_word' id='word_1_519' title='bbox 898 4437 1192 4509; x_wconf 81' lang='lat' dir='ltr'><strong>contigisse</strong></span> <span class='ocrx_word' id='word_1_520' title='bbox 1218 4453 1363 4495; x_wconf 87' lang='lat' dir='ltr'><strong>anno</strong></span> <span class='ocrx_word' id='word_1_521' title='bbox 1389 4438 1519 4496; x_wconf 90' lang='lat' dir='ltr'><strong>Chr.</strong></span> <span class='ocrx_word' id='word_1_522' title='bbox 1552 4439 1706 4506; x_wconf 78' lang='lat' dir='ltr'><strong>i23l,</strong></span> <span class='ocrx_word' id='word_1_523' title='bbox 1729 4457 1837 4512; x_wconf 82' lang='lat' dir='ltr'><strong>quo</strong></span> 
     </span>
    </p>
   </div>
   <div class='ocr_carea' id='block_1_76' title="bbox 264 4528 1836 4603">
    <p class='ocr_par' dir='ltr' id='par_1_76' title="bbox 264 4528 1836 4603">
     <span class='ocr_line' id='line_1_76' title="bbox 264 4528 1836 4603; baseline 0.003 -20"><span class='ocrx_word' id='word_1_524' title='bbox 264 4531 342 4584; x_wconf 86' lang='lat' dir='ltr'><strong>ait</strong></span> <span class='ocrx_word' id='word_1_525' title='bbox 384 4528 589 4584; x_wconf 82' lang='lat' dir='ltr'><strong>multas</strong></span> <span class='ocrx_word' id='word_1_526' title='bbox 619 4528 809 4585; x_wconf 88' lang='lat' dir='ltr'><strong>domos</strong></span> <span class='ocrx_word' id='word_1_527' title='bbox 837 4539 893 4585; x_wconf 90' lang='lat' dir='ltr'><strong>et</strong></span> <span class='ocrx_word' id='word_1_528' title='bbox 935 4531 1135 4601; x_wconf 87' lang='lat' dir='ltr'><strong>templa</strong></span> <span class='ocrx_word' id='word_1_529' title='bbox 1187 4531 1659 4603; x_wconf 87' lang='lat' dir='ltr'><strong>Constantinopoli</strong></span> <span class='ocrx_word' id='word_1_530' title='bbox 1713 4550 1836 4589; x_wconf 85' lang='lat' dir='ltr'><strong>cor-</strong></span> 
     </span>
    </p>
   </div>
   <div class='ocr_carea' id='block_1_77' title="bbox 2018 3314 3525 3388">
    <p class='ocr_par' dir='ltr' id='par_1_77' title="bbox 2018 3314 3525 3388">
     <span class='ocr_line' id='line_1_77' title="bbox 2018 3314 3525 3388; baseline -0.003 -14"><span class='ocrx_word' id='word_1_531' title='bbox 2018 3316 2079 3374; x_wconf 86' lang='lat' dir='ltr'><strong>P.</strong></span> <span class='ocrx_word' id='word_1_532' title='bbox 2106 3314 2236 3372; x_wconf 73' lang='grc'><strong>247.</strong></span> <span class='ocrx_word' id='word_1_533' title='bbox 2284 3315 2400 3388; x_wconf 74' lang='grc' dir='ltr'><strong>τὴν</strong></span> <span class='ocrx_word' id='word_1_534' title='bbox 2432 3315 2563 3388; x_wconf 67' lang='grc' dir='ltr'><strong>γῡῦν</strong></span> <span class='ocrx_word' id='word_1_535' title='bbox 2599 3316 2851 3387; x_wconf 73' lang='grc' dir='ltr'><strong>ἀνάγκην</strong></span> <span class='ocrx_word' id='word_1_536' title='bbox 2900 3315 3151 3386; x_wconf 74' lang='grc' dir='ltr'><strong>τίνεσθαι</strong></span> <span class='ocrx_word' id='word_1_537' title='bbox 3186 3316 3350 3388; x_wconf 81' lang='grc' dir='ltr'><strong>χάριν</strong></span> <span class='ocrx_word' id='word_1_538' title='bbox 3394 3319 3525 3387; x_wconf 73' lang='grc' dir='ltr'><strong>νικᾷ</strong></span> 
     </span>
    </p>
   </div>
   <div class='ocr_carea' id='block_1_78' title="bbox 1944 3407 3522 3484">
    <p class='ocr_par' dir='ltr' id='par_1_78' title="bbox 1944 3407 3522 3484">
     <span class='ocr_line' id='line_1_78' title="bbox 1944 3407 3522 3484; baseline 0.004 -24"><span class='ocrx_word' id='word_1_539' title='bbox 1944 3409 2012 3479; x_wconf 72' lang='grc' dir='ltr'><strong>τῇ</strong></span> <span class='ocrx_word' id='word_1_540' title='bbox 2043 3408 2280 3464; x_wconf 73' lang='grc' dir='ltr'><strong>συνέσει.</strong></span> <span class='ocrx_word' id='word_1_541' title='bbox 2319 3407 2410 3464; x_wconf 89' lang='lat' dir='ltr'><strong>Sic</strong></span> <span class='ocrx_word' id='word_1_542' title='bbox 2448 3411 2617 3464; x_wconf 81' lang='lat' dir='ltr'><strong>codex</strong></span> <span class='ocrx_word' id='word_1_543' title='bbox 2653 3409 2714 3464; x_wconf 84' lang='grc' dir='ltr'><strong>Β.</strong></span> <span class='ocrx_word' id='word_1_544' title='bbox 2775 3407 2894 3465; x_wconf 88' lang='lat' dir='ltr'><strong>Vat.</strong></span> <span class='ocrx_word' id='word_1_545' title='bbox 2927 3423 3109 3465; x_wconf 77' lang='lat' dir='ltr'><strong>autem</strong></span> <span class='ocrx_word' id='word_1_546' title='bbox 3148 3411 3277 3482; x_wconf 80' lang='grc' dir='ltr'><strong>νικᾷ</strong></span> <span class='ocrx_word' id='word_1_547' title='bbox 3327 3409 3460 3482; x_wconf 70' lang='grc' dir='ltr'><strong>γοῦν</strong></span> <span class='ocrx_word' id='word_1_548' title='bbox 3487 3415 3522 3484; x_wconf 68' lang='grc' dir='ltr'>ἡ</span> 
     </span>
    </p>
   </div>
   <div class='ocr_carea' id='block_1_79' title="bbox 1946 3503 3524 3579">
    <p class='ocr_par' dir='ltr' id='par_1_79' title="bbox 1946 3503 3524 3579">
     <span class='ocr_line' id='line_1_79' title="bbox 1946 3503 3524 3579; baseline 0.005 -21"><span class='ocrx_word' id='word_1_549' title='bbox 1946 3503 2166 3570; x_wconf 72' lang='grc' dir='ltr'><strong>σύνεσις</strong></span> <span class='ocrx_word' id='word_1_550' title='bbox 2195 3503 2258 3557; x_wconf 82' lang='grc' dir='ltr'><strong>τδ</strong></span> <span class='ocrx_word' id='word_1_551' title='bbox 2285 3506 2465 3559; x_wconf 72' lang='grc' dir='ltr'>ποιεῖν</span> <span class='ocrx_word' id='word_1_552' title='bbox 2519 3505 2682 3577; x_wconf 81' lang='grc' dir='ltr'><strong>χάριν</strong></span> <span class='ocrx_word' id='word_1_553' title='bbox 2719 3507 2819 3578; x_wconf 72' lang='grc' dir='ltr'><strong>τὴν</strong></span> <span class='ocrx_word' id='word_1_554' title='bbox 2876 3506 3147 3579; x_wconf 74' lang='grc' dir='ltr'><strong>ἀνάγκην.</strong></span> <span class='ocrx_word' id='word_1_555' title='bbox 3198 3505 3524 3566; x_wconf 83' lang='lat' dir='ltr'><strong>Perobscuri</strong></span> 
     </span>
    </p>
   </div>
   <div class='ocr_carea' id='block_1_80' title="bbox 1947 3595 3526 3670">
    <p class='ocr_par' dir='ltr' id='par_1_80' title="bbox 1947 3595 3526 3670">
     <span class='ocr_line' id='line_1_80' title="bbox 1947 3595 3526 3670; baseline 0.005 -20"><span class='ocrx_word' id='word_1_556' title='bbox 1947 3595 2050 3653; x_wconf 91' lang='lat' dir='ltr'><strong>loci</strong></span> <span class='ocrx_word' id='word_1_557' title='bbox 2086 3606 2145 3652; x_wconf 82' lang='lat' dir='ltr'><strong>ut</strong></span> <span class='ocrx_word' id='word_1_558' title='bbox 2168 3596 2340 3670; x_wconf 83' lang='lat' dir='ltr'><strong>possit</strong></span> <span class='ocrx_word' id='word_1_559' title='bbox 2377 3597 2632 3669; x_wconf 88' lang='lat' dir='ltr'><strong>intelligi,</strong></span> <span class='ocrx_word' id='word_1_560' title='bbox 2689 3600 2924 3669; x_wconf 87' lang='lat' dir='ltr'><strong>primum</strong></span> <span class='ocrx_word' id='word_1_561' title='bbox 2980 3600 3362 3661; x_wconf 85' lang='lat' dir='ltr'><strong>constituenda</strong></span> <span class='ocrx_word' id='word_1_562' title='bbox 3386 3602 3526 3658; x_wconf 77' lang='lat' dir='ltr'><strong>scri~</strong></span> 
     </span>
    </p>
   </div>
   <div class='ocr_carea' id='block_1_81' title="bbox 1944 3691 3522 3770">
    <p class='ocr_par' dir='ltr' id='par_1_81' title="bbox 1944 3691 3522 3770">
     <span class='ocr_line' id='line_1_81' title="bbox 1944 3691 3522 3770; baseline 0.004 -26"><span class='ocrx_word' id='word_1_563' title='bbox 1944 3700 2101 3761; x_wconf 86' lang='lat' dir='ltr'><strong>plura</strong></span> <span class='ocrx_word' id='word_1_564' title='bbox 2147 3703 2250 3748; x_wconf 88' lang='lat' dir='ltr'><strong>est.</strong></span> <span class='ocrx_word' id='word_1_565' title='bbox 2295 3691 2436 3752; x_wconf 76' lang='lat' dir='ltr'><strong>Puto</strong></span> <span class='ocrx_word' id='word_1_566' title='bbox 2479 3693 2532 3752; x_wconf 89' lang='lat' dir='ltr'><strong>in</strong></span> <span class='ocrx_word' id='word_1_567' title='bbox 2563 3708 2696 3750; x_wconf 87' lang='lat' dir='ltr'><strong>voce</strong></span> <span class='ocrx_word' id='word_1_568' title='bbox 2730 3697 2879 3770; x_wconf 77' lang='grc' dir='ltr'><strong>νικᾷ,</strong></span> <span class='ocrx_word' id='word_1_569' title='bbox 2918 3703 2975 3748; x_wconf 89' lang='grc' dir='ltr'><strong>ιιι</strong></span> <span class='ocrx_word' id='word_1_570' title='bbox 3010 3694 3062 3750; x_wconf 94' lang='lat' dir='ltr'><strong>in</strong></span> <span class='ocrx_word' id='word_1_571' title='bbox 3091 3711 3142 3755; x_wconf 90' lang='lat' dir='ltr'><strong>c.</strong></span> <span class='ocrx_word' id='word_1_572' title='bbox 3181 3693 3222 3750; x_wconf 84' lang='grc' dir='ltr'><strong>Β</strong></span> <span class='ocrx_word' id='word_1_573' title='bbox 3253 3711 3375 3754; x_wconf 90' lang='lat' dir='ltr'><strong>cum</strong></span> <span class='ocrx_word' id='word_1_574' title='bbox 3409 3697 3522 3751; x_wconf 82' lang='lat' dir='ltr'><strong>cir-</strong></span> 
     </span>
    </p>
   </div>
   <div class='ocr_carea' id='block_1_82' title="bbox 1945 3784 3520 3859">
    <p class='ocr_par' dir='ltr' id='par_1_82' title="bbox 1945 3784 3520 3859">
     <span class='ocr_line' id='line_1_82' title="bbox 1945 3784 3520 3859; baseline 0.003 -17"><span class='ocrx_word' id='word_1_575' title='bbox 1945 3784 2213 3845; x_wconf 79' lang='lat' dir='ltr'><strong>cumﬂexo</strong></span> <span class='ocrx_word' id='word_1_576' title='bbox 2269 3788 2323 3840; x_wconf 93' lang='lat' dir='ltr'><strong>in</strong></span> <span class='ocrx_word' id='word_1_577' title='bbox 2383 3787 2575 3846; x_wconf 85' lang='lat' dir='ltr'><strong>ultima</strong></span> <span class='ocrx_word' id='word_1_578' title='bbox 2643 3787 2864 3859; x_wconf 82' lang='lat' dir='ltr'><strong>legitur,</strong></span> <span class='ocrx_word' id='word_1_579' title='bbox 2898 3791 3152 3844; x_wconf 82' lang='lat' dir='ltr'><strong>mendum</strong></span> <span class='ocrx_word' id='word_1_580' title='bbox 3203 3805 3345 3846; x_wconf 86' lang='lat' dir='ltr'><strong>esse.</strong></span> <span class='ocrx_word' id='word_1_581' title='bbox 3401 3790 3520 3846; x_wconf 86' lang='lat' dir='ltr'><strong>Non</strong></span> 
     </span>
    </p>
   </div>
   <div class='ocr_carea' id='block_1_83' title="bbox 1942 3880 3519 3954">
    <p class='ocr_par' dir='ltr' id='par_1_83' title="bbox 1942 3880 3519 3954">
     <span class='ocr_line' id='line_1_83' title="bbox 1942 3880 3519 3954; baseline 0.002 -20"><span class='ocrx_word' id='word_1_582' title='bbox 1942 3880 2086 3938; x_wconf 90' lang='lat' dir='ltr'><strong>enim</strong></span> <span class='ocrx_word' id='word_1_583' title='bbox 2127 3889 2214 3937; x_wconf 75' lang='lat' dir='ltr'><strong>est</strong></span> <span class='ocrx_word' id='word_1_584' title='bbox 2249 3881 2363 3935; x_wconf 78' lang='lat' dir='ltr'><strong>haec</strong></span> <span class='ocrx_word' id='word_1_585' title='bbox 2388 3882 2552 3940; x_wconf 78' lang='lat' dir='ltr'><strong>tertia</strong></span> <span class='ocrx_word' id='word_1_586' title='bbox 2595 3894 2829 3949; x_wconf 89' lang='lat' dir='ltr'><strong>persona</strong></span> <span class='ocrx_word' id='word_1_587' title='bbox 2862 3882 3138 3938; x_wconf 82' lang='lat' dir='ltr'><strong>indicativi</strong></span> <span class='ocrx_word' id='word_1_588' title='bbox 3173 3885 3454 3954; x_wconf 59' lang='lat' dir='ltr'><strong>prasentis</strong></span> <span class='ocrx_word' id='word_1_589' title='bbox 3488 3903 3519 3937; x_wconf 86' lang='lat' dir='ltr'><strong>a</strong></span> 
     </span>
    </p>
   </div>
   <div class='ocr_carea' id='block_1_84' title="bbox 1943 3973 3520 4049">
    <p class='ocr_par' dir='ltr' id='par_1_84' title="bbox 1943 3973 3520 4049">
     <span class='ocr_line' id='line_1_84' title="bbox 1943 3973 3520 4049; baseline 0.001 -22"><span class='ocrx_word' id='word_1_590' title='bbox 1943 3976 2137 4038; x_wconf 82' lang='grc' dir='ltr'><strong>νικάω,</strong></span> <span class='ocrx_word' id='word_1_591' title='bbox 2166 3975 2314 4049; x_wconf 82' lang='grc' dir='ltr'><strong>νικᾷ,</strong></span> <span class='ocrx_word' id='word_1_592' title='bbox 2348 3973 2447 4030; x_wconf 86' lang='lat' dir='ltr'><strong>sed</strong></span> <span class='ocrx_word' id='word_1_593' title='bbox 2500 3975 2735 4029; x_wconf 86' lang='lat' dir='ltr'><strong>secunda</strong></span> <span class='ocrx_word' id='word_1_594' title='bbox 2764 3973 2928 4049; x_wconf 79' lang='lat'><strong>753</strong></span> <span class='ocrx_word' id='word_1_595' title='bbox 2973 3991 3202 4044; x_wconf 85' lang='lat' dir='ltr'><strong>persona</strong></span> <span class='ocrx_word' id='word_1_596' title='bbox 3235 3981 3520 4047; x_wconf 66' lang='lat' dir='ltr'><strong>praesentis</strong></span> 
     </span>
    </p>
   </div>
   <div class='ocr_carea' id='block_1_85' title="bbox 1946 4066 3517 4140">
    <p class='ocr_par' dir='ltr' id='par_1_85' title="bbox 1946 4066 3517 4140">
     <span class='ocr_line' id='line_1_85' title="bbox 1946 4066 3517 4140; baseline 0.002 -18"><span class='ocrx_word' id='word_1_597' title='bbox 1946 4067 2266 4135; x_wconf 78' lang='lat' dir='ltr'><strong>imperativi.</strong></span> <span class='ocrx_word' id='word_1_598' title='bbox 2287 4066 2478 4138; x_wconf 80' lang='lat' dir='ltr'><strong>itaque</strong></span> <span class='ocrx_word' id='word_1_599' title='bbox 2502 4069 2742 4123; x_wconf 79' lang='lat' dir='ltr'><strong>acuenda</strong></span> <span class='ocrx_word' id='word_1_600' title='bbox 2766 4070 3064 4139; x_wconf 87' lang='lat' dir='ltr'><strong>pennitima</strong></span> <span class='ocrx_word' id='word_1_601' title='bbox 3091 4079 3195 4140; x_wconf 85' lang='lat' dir='ltr'><strong>est,</strong></span> <span class='ocrx_word' id='word_1_602' title='bbox 3214 4076 3279 4127; x_wconf 88' lang='lat' dir='ltr'><strong>&#39;ut</strong></span> <span class='ocrx_word' id='word_1_603' title='bbox 3298 4072 3372 4128; x_wconf 88' lang='lat' dir='ltr'><strong>sit</strong></span> <span class='ocrx_word' id='word_1_604' title='bbox 3390 4071 3517 4126; x_wconf 74' lang='grc' dir='ltr'><strong>νίκα</strong></span> 
     </span>
    </p>
   </div>
   <div class='ocr_carea' id='block_1_86' title="bbox 1939 4161 3518 4238">
    <p class='ocr_par' dir='ltr' id='par_1_86' title="bbox 1939 4161 3518 4238">
     <span class='ocr_line' id='line_1_86' title="bbox 1939 4161 3518 4238; baseline 0.008 -26"><span class='ocrx_word' id='word_1_605' title='bbox 1939 4171 2284 4219; x_wconf 86' lang='lat' dir='ltr'><strong>contractum</strong></span> <span class='ocrx_word' id='word_1_606' title='bbox 2319 4178 2384 4216; x_wconf 85' lang='lat' dir='ltr'><strong>ex</strong></span> <span class='ocrx_word' id='word_1_607' title='bbox 2419 4161 2597 4217; x_wconf 75' lang='lat' dir='ltr'><strong>vittae.</strong></span> <span class='ocrx_word' id='word_1_608' title='bbox 2627 4161 2692 4219; x_wconf 80' lang='lat' dir='ltr'><strong>Et</strong></span> <span class='ocrx_word' id='word_1_609' title='bbox 2721 4162 2880 4236; x_wconf 85' lang='lat' dir='ltr'><strong>hujus</strong></span> <span class='ocrx_word' id='word_1_610' title='bbox 2909 4163 3199 4236; x_wconf 82' lang='lat' dir='ltr'><strong>vestigium</strong></span> <span class='ocrx_word' id='word_1_611' title='bbox 3229 4165 3518 4238; x_wconf 67' lang='lat' dir='ltr'><strong>scripture</strong></span> 
     </span>
    </p>
   </div>
   <div class='ocr_carea' id='block_1_87' title="bbox 1941 4254 3520 4328">
    <p class='ocr_par' dir='ltr' id='par_1_87' title="bbox 1941 4254 3520 4328">
     <span class='ocr_line' id='line_1_87' title="bbox 1941 4254 3520 4328; baseline 0.001 -19"><span class='ocrx_word' id='word_1_612' title='bbox 1941 4255 2157 4326; x_wconf 83' lang='lat' dir='ltr'><strong>aliquod</strong></span> <span class='ocrx_word' id='word_1_613' title='bbox 2187 4254 2354 4310; x_wconf 86' lang='lat' dir='ltr'><strong>videri</strong></span> <span class='ocrx_word' id='word_1_614' title='bbox 2389 4264 2565 4327; x_wconf 86' lang='lat' dir='ltr'><strong>potest</strong></span> <span class='ocrx_word' id='word_1_615' title='bbox 2592 4254 2844 4326; x_wconf 59' lang='lat' dir='ltr'><strong>praeferre</strong></span> <span class='ocrx_word' id='word_1_616' title='bbox 2876 4256 2994 4314; x_wconf 87' lang='lat' dir='ltr'><strong>Vat.</strong></span> <span class='ocrx_word' id='word_1_617' title='bbox 3021 4260 3217 4328; x_wconf 63' lang='lat' dir='ltr'><strong>codex,</strong></span> <span class='ocrx_word' id='word_1_618' title='bbox 3241 4262 3366 4316; x_wconf 91' lang='lat' dir='ltr'><strong>dum</strong></span> <span class='ocrx_word' id='word_1_619' title='bbox 3393 4261 3520 4316; x_wconf 71' lang='lat' dir='ltr'><strong>ulti.</strong></span> 
     </span>
    </p>
   </div>
   <div class='ocr_carea' id='block_1_88' title="bbox 1942 4346 3512 4418">
    <p class='ocr_par' dir='ltr' id='par_1_88' title="bbox 1942 4346 3512 4418">
     <span class='ocr_line' id='line_1_88' title="bbox 1942 4346 3512 4418; baseline 0.006 -18"><span class='ocrx_word' id='word_1_620' title='bbox 1942 4363 2082 4400; x_wconf 86' lang='lat' dir='ltr'><strong>mam</strong></span> <span class='ocrx_word' id='word_1_621' title='bbox 2118 4346 2268 4403; x_wconf 86' lang='lat' dir='ltr'><strong>acuit</strong></span> <span class='ocrx_word' id='word_1_622' title='bbox 2301 4347 2354 4402; x_wconf 94' lang='lat' dir='ltr'><strong>in</strong></span> <span class='ocrx_word' id='word_1_623' title='bbox 2386 4361 2515 4408; x_wconf 86' lang='lat' dir='ltr'><strong>voce</strong></span> <span class='ocrx_word' id='word_1_624' title='bbox 2566 4347 2715 4413; x_wconf 82' lang='grc' dir='ltr'><strong>νικά,</strong></span> <span class='ocrx_word' id='word_1_625' title='bbox 2754 4348 2806 4403; x_wconf 92' lang='lat' dir='ltr'><strong>in</strong></span> <span class='ocrx_word' id='word_1_626' title='bbox 2839 4351 2965 4405; x_wconf 88' lang='lat' dir='ltr'><strong>scde</strong></span> <span class='ocrx_word' id='word_1_627' title='bbox 2997 4361 3274 4418; x_wconf 85' lang='lat' dir='ltr'><strong>accentus,</strong></span> <span class='ocrx_word' id='word_1_628' title='bbox 3311 4369 3418 4408; x_wconf 88' lang='lat' dir='ltr'><strong>non</strong></span> <span class='ocrx_word' id='word_1_629' title='bbox 3455 4353 3512 4412; x_wconf 86' lang='lat' dir='ltr'><strong>in</strong></span> 
     </span>
    </p>
   </div>
   <div class='ocr_carea' id='block_1_89' title="bbox 1941 4438 3512 4509">
    <p class='ocr_par' dir='ltr' id='par_1_89' title="bbox 1941 4438 3512 4509">
     <span class='ocr_line' id='line_1_89' title="bbox 1941 4438 3512 4509; baseline 0.008 -17"><span class='ocrx_word' id='word_1_630' title='bbox 1941 4450 2163 4494; x_wconf 89' lang='lat' dir='ltr'><strong>accentu</strong></span> <span class='ocrx_word' id='word_1_631' title='bbox 2218 4454 2473 4509; x_wconf 85' lang='lat' dir='ltr'><strong>peccans.</strong></span> <span class='ocrx_word' id='word_1_632' title='bbox 2518 4438 2608 4495; x_wconf 88' lang='lat' dir='ltr'><strong>Sic</strong></span> <span class='ocrx_word' id='word_1_633' title='bbox 2665 4445 2735 4495; x_wconf 89' lang='lat' dir='ltr'><strong>ad</strong></span> <span class='ocrx_word' id='word_1_634' title='bbox 2799 4443 3025 4497; x_wconf 85' lang='lat' dir='ltr'><strong>verbum</strong></span> <span class='ocrx_word' id='word_1_635' title='bbox 3085 4443 3202 4499; x_wconf 70' lang='lat' dir='ltr'><strong>haec</strong></span> <span class='ocrx_word' id='word_1_636' title='bbox 3258 4456 3512 4504; x_wconf 88' lang='lat' dir='ltr'><strong>sonant:</strong></span> 
     </span>
    </p>
   </div>
   <div class='ocr_carea' id='block_1_90' title="bbox 1945 4530 3511 4612">
    <p class='ocr_par' dir='ltr' id='par_1_90' title="bbox 1945 4530 3511 4612">
     <span class='ocr_line' id='line_1_90' title="bbox 1945 4530 3511 4612; baseline 0.004 -27"><span class='ocrx_word' id='word_1_637' title='bbox 1945 4530 2105 4587; x_wconf 79' lang='lat' dir='ltr'><strong>Vince</strong></span> <span class='ocrx_word' id='word_1_638' title='bbox 2124 4533 2420 4598; x_wconf 79' lang='lat' dir='ltr'><strong>prudentia,</strong></span> <span class='ocrx_word' id='word_1_639' title='bbox 2455 4543 2509 4588; x_wconf 87' lang='lat' dir='ltr'><strong>ut</strong></span> <span class='ocrx_word' id='word_1_640' title='bbox 2547 4537 2828 4592; x_wconf 79' lang='lat' dir='ltr'><strong>necessitas</strong></span> <span class='ocrx_word' id='word_1_641' title='bbox 2873 4537 3048 4607; x_wconf 79' lang='lat' dir='ltr'><strong>gratia</strong></span> <span class='ocrx_word' id='word_1_642' title='bbox 3083 4537 3200 4612; x_wconf 76' lang='lat' dir='ltr'><strong>ﬁet.</strong></span> <span class='ocrx_word' id='word_1_643' title='bbox 3239 4538 3348 4594; x_wconf 80' lang='lat' dir='ltr'><strong>Hoc</strong></span> <span class='ocrx_word' id='word_1_644' title='bbox 3378 4550 3461 4594; x_wconf 82' lang='lat' dir='ltr'><strong>est</strong></span> <span class='ocrx_word' id='word_1_645' title='bbox 3493 4557 3511 4599; x_wconf 85' lang='lat'><strong>:</strong></span> 
     </span>
    </p>
   </div>
   <div class='ocr_carea' id='block_1_91' title="bbox 255 4601 3516 4702">
    <p class='ocr_par' dir='ltr' id='par_1_91' title="bbox 255 4601 3516 4702">
     <span class='ocr_line' id='line_1_91' title="bbox 255 4601 3516 4702; baseline 0.002 -24"><span class='ocrx_word' id='word_1_646' title='bbox 255 4622 460 4679; x_wconf 66' lang='lat' dir='ltr'><strong>fuisse.</strong></span> <span class='ocrx_word' id='word_1_647' title='bbox 494 4622 564 4678; x_wconf 76' lang='lat' dir='ltr'><strong>At</strong></span> <span class='ocrx_word' id='word_1_648' title='bbox 597 4623 759 4693; x_wconf 74' lang='lat' dir='ltr'><strong>huius</strong></span> <span class='ocrx_word' id='word_1_649' title='bbox 815 4624 1091 4678; x_wconf 84' lang='lat' dir='ltr'><strong>recordari</strong></span> <span class='ocrx_word' id='word_1_650' title='bbox 1129 4623 1210 4679; x_wconf 90' lang='lat' dir='ltr'><strong>vel</strong></span> <span class='ocrx_word' id='word_1_651' title='bbox 1245 4601 1644 4697; x_wconf 78' lang='lat' dir='ltr'><strong>septuagenarii</strong></span> <span class='ocrx_word' id='word_1_652' title='bbox 1682 4637 1832 4700; x_wconf 87' lang='lat' dir='ltr'><strong>pote-</strong></span> <span class='ocrx_word' id='word_1_653' title='bbox 1864 4601 1915 4662; x_wconf 72' lang='grc' dir='ltr'><strong><em>υ</em></strong></span> <span class='ocrx_word' id='word_1_654' title='bbox 1941 4641 2061 4679; x_wconf 90' lang='lat' dir='ltr'><strong>cum</strong></span> <span class='ocrx_word' id='word_1_655' title='bbox 2089 4627 2157 4680; x_wconf 86' lang='lat' dir='ltr'><strong>sit</strong></span> <span class='ocrx_word' id='word_1_656' title='bbox 2201 4643 2424 4682; x_wconf 90' lang='lat' dir='ltr'><strong>necesse</strong></span> <span class='ocrx_word' id='word_1_657' title='bbox 2474 4644 2569 4682; x_wconf 87' lang='lat' dir='ltr'><strong>usu</strong></span> <span class='ocrx_word' id='word_1_658' title='bbox 2601 4627 2710 4702; x_wconf 78' lang='lat' dir='ltr'><strong>iam</strong></span> <span class='ocrx_word' id='word_1_659' title='bbox 2747 4639 2964 4700; x_wconf 88' lang='lat' dir='ltr'><strong>recepto</strong></span> <span class='ocrx_word' id='word_1_660' title='bbox 2998 4601 3128 4690; x_wconf 75' lang='lat' dir='ltr'><strong>dare</strong></span> <span class='ocrx_word' id='word_1_661' title='bbox 3160 4630 3373 4687; x_wconf 89' lang='lat' dir='ltr'><strong>titulum</strong></span> <span class='ocrx_word' id='word_1_662' title='bbox 3407 4629 3516 4686; x_wconf 83' lang='lat' dir='ltr'><strong>fra-</strong></span> 
     </span>
    </p>
   </div>
   <div class='ocr_carea' id='block_1_92' title="bbox 257 4713 1837 4789">
    <p class='ocr_par' dir='ltr' id='par_1_92' title="bbox 257 4713 1837 4789">
     <span class='ocr_line' id='line_1_92' title="bbox 257 4713 1837 4789; baseline 0.003 -19"><span class='ocrx_word' id='word_1_663' title='bbox 257 4723 410 4770; x_wconf 78' lang='lat' dir='ltr'><strong>rant.</strong></span> <span class='ocrx_word' id='word_1_664' title='bbox 448 4713 656 4771; x_wconf 87' lang='lat' dir='ltr'><strong>indicat</strong></span> <span class='ocrx_word' id='word_1_665' title='bbox 687 4721 869 4770; x_wconf 82' lang='lat' dir='ltr'><strong>autem</strong></span> <span class='ocrx_word' id='word_1_666' title='bbox 904 4725 1088 4770; x_wconf 85' lang='lat' dir='ltr'><strong>noster</strong></span> <span class='ocrx_word' id='word_1_667' title='bbox 1116 4717 1262 4772; x_wconf 81' lang='lat' dir='ltr'><strong>solos</strong></span> <span class='ocrx_word' id='word_1_668' title='bbox 1294 4733 1390 4775; x_wconf 91' lang='lat' dir='ltr'><strong>eos</strong></span> <span class='ocrx_word' id='word_1_669' title='bbox 1424 4721 1516 4789; x_wconf 88' lang='lat' dir='ltr'><strong>qui</strong></span> <span class='ocrx_word' id='word_1_670' title='bbox 1553 4720 1692 4774; x_wconf 85' lang='lat' dir='ltr'><strong>ultra</strong></span> <span class='ocrx_word' id='word_1_671' title='bbox 1719 4720 1837 4774; x_wconf 84' lang='lat' dir='ltr'><strong>vnl-</strong></span> 
     </span>
    </p>
   </div>
   <div class='ocr_carea' id='block_1_93' title="bbox 257 4809 1838 4882">
    <p class='ocr_par' dir='ltr' id='par_1_93' title="bbox 257 4809 1838 4882">
     <span class='ocr_line' id='line_1_93' title="bbox 257 4809 1838 4882; baseline 0.004 -19"><span class='ocrx_word' id='word_1_672' title='bbox 257 4821 449 4880; x_wconf 86' lang='lat' dir='ltr'><strong>garem</strong></span> <span class='ocrx_word' id='word_1_673' title='bbox 481 4809 699 4864; x_wconf 79' lang='lat' dir='ltr'><strong>modum</strong></span> <span class='ocrx_word' id='word_1_674' title='bbox 726 4810 1055 4874; x_wconf 83' lang='lat' dir='ltr'><strong>senuissent,</strong></span> <span class='ocrx_word' id='word_1_675' title='bbox 1086 4811 1229 4866; x_wconf 89' lang='lat' dir='ltr'><strong>illius</strong></span> <span class='ocrx_word' id='word_1_676' title='bbox 1258 4812 1437 4882; x_wconf 86' lang='lat' dir='ltr'><strong>magni</strong></span> <span class='ocrx_word' id='word_1_677' title='bbox 1473 4825 1631 4868; x_wconf 83' lang='lat' dir='ltr'><strong>terrae</strong></span> <span class='ocrx_word' id='word_1_678' title='bbox 1662 4825 1838 4869; x_wconf 80' lang='lat' dir='ltr'><strong>motus</strong></span> 
     </span>
    </p>
   </div>
   <div class='ocr_carea' id='block_1_94' title="bbox 261 4900 1837 4971">
    <p class='ocr_par' dir='ltr' id='par_1_94' title="bbox 261 4900 1837 4971">
     <span class='ocr_line' id='line_1_94' title="bbox 261 4900 1837 4971; baseline 0.002 -14"><span class='ocrx_word' id='word_1_679' title='bbox 261 4902 505 4971; x_wconf 78' lang='lat' dir='ltr'><strong>potuisse</strong></span> <span class='ocrx_word' id='word_1_680' title='bbox 535 4900 854 4956; x_wconf 82' lang='lat' dir='ltr'><strong>memoriam</strong></span> <span class='ocrx_word' id='word_1_681' title='bbox 886 4903 1092 4957; x_wconf 85' lang='lat' dir='ltr'><strong>testari.</strong></span> <span class='ocrx_word' id='word_1_682' title='bbox 1124 4901 1303 4970; x_wconf 83' lang='lat' dir='ltr'><strong>Quare</strong></span> <span class='ocrx_word' id='word_1_683' title='bbox 1326 4904 1674 4960; x_wconf 84' lang='lat' dir='ltr'><strong>verisimilius</strong></span> <span class='ocrx_word' id='word_1_684' title='bbox 1697 4902 1837 4961; x_wconf 68' lang='lat' dir='ltr'><strong>forte</strong></span> 
     </span>
    </p>
   </div>
   <div class='ocr_carea' id='block_1_95' title="bbox 261 4996 1837 5068">
    <p class='ocr_par' dir='ltr' id='par_1_95' title="bbox 261 4996 1837 5068">
     <span class='ocr_line' id='line_1_95' title="bbox 261 4996 1837 5068; baseline 0.003 -17"><span class='ocrx_word' id='word_1_685' title='bbox 261 4997 431 5052; x_wconf 84' lang='lat' dir='ltr'><strong>fuerit</strong></span> <span class='ocrx_word' id='word_1_686' title='bbox 483 4996 572 5052; x_wconf 85' lang='lat' dir='ltr'><strong>hic</strong></span> <span class='ocrx_word' id='word_1_687' title='bbox 598 4996 894 5067; x_wconf 71' lang='lat' dir='ltr'><strong>signiﬁcari</strong></span> <span class='ocrx_word' id='word_1_688' title='bbox 931 5005 1094 5052; x_wconf 82' lang='lat' dir='ltr'><strong>teme</strong></span> <span class='ocrx_word' id='word_1_689' title='bbox 1126 5005 1329 5052; x_wconf 88' lang='lat' dir='ltr'><strong>motum</strong></span> <span class='ocrx_word' id='word_1_690' title='bbox 1363 5000 1489 5054; x_wconf 86' lang='lat' dir='ltr'><strong>anni</strong></span> <span class='ocrx_word' id='word_1_691' title='bbox 1534 4999 1691 5067; x_wconf 78' lang='lat' dir='ltr'><strong>i222,</strong></span> <span class='ocrx_word' id='word_1_692' title='bbox 1730 5016 1837 5068; x_wconf 88' lang='lat' dir='ltr'><strong>quo</strong></span> 
     </span>
    </p>
   </div>
   <div class='ocr_carea' id='block_1_96' title="bbox 263 5090 1838 5165">
    <p class='ocr_par' dir='ltr' id='par_1_96' title="bbox 263 5090 1838 5165">
     <span class='ocr_line' id='line_1_96' title="bbox 263 5090 1838 5165; baseline 0 -17"><span class='ocrx_word' id='word_1_693' title='bbox 263 5092 554 5158; x_wconf 61' lang='lat' dir='ltr'><strong>Casarius,</strong></span> <span class='ocrx_word' id='word_1_694' title='bbox 582 5090 618 5145; x_wconf 90' lang='lat' dir='ltr'><strong>l.</strong></span> <span class='ocrx_word' id='word_1_695' title='bbox 649 5106 706 5157; x_wconf 70' lang='grc' dir='ltr'><strong>ι,</strong></span> <span class='ocrx_word' id='word_1_696' title='bbox 742 5105 792 5145; x_wconf 93' lang='lat' dir='ltr'><strong>c.</strong></span> <span class='ocrx_word' id='word_1_697' title='bbox 829 5090 918 5159; x_wconf 75' lang='grc' dir='ltr'><strong>ιτ,</strong></span> <span class='ocrx_word' id='word_1_698' title='bbox 955 5090 1122 5146; x_wconf 87' lang='lat' dir='ltr'><strong>refert</strong></span> <span class='ocrx_word' id='word_1_699' title='bbox 1175 5094 1227 5146; x_wconf 93' lang='lat' dir='ltr'><strong>in</strong></span> <span class='ocrx_word' id='word_1_700' title='bbox 1264 5092 1442 5165; x_wconf 87' lang='lat' dir='ltr'><strong>Cypro</strong></span> <span class='ocrx_word' id='word_1_701' title='bbox 1494 5095 1667 5149; x_wconf 89' lang='lat' dir='ltr'><strong>insula</strong></span> <span class='ocrx_word' id='word_1_702' title='bbox 1699 5097 1838 5150; x_wconf 84' lang='lat' dir='ltr'><strong>duas</strong></span> 
     </span>
    </p>
   </div>
   <div class='ocr_carea' id='block_1_97' title="bbox 259 5183 1834 5250">
    <p class='ocr_par' dir='ltr' id='par_1_97' title="bbox 259 5183 1834 5250">
     <span class='ocr_line' id='line_1_97' title="bbox 259 5183 1834 5250; baseline 0.001 -10"><span class='ocrx_word' id='word_1_703' title='bbox 259 5188 512 5241; x_wconf 75' lang='lat' dir='ltr'><strong>civitates</strong></span> <span class='ocrx_word' id='word_1_704' title='bbox 540 5195 702 5240; x_wconf 72' lang='lat' dir='ltr'><strong>terra:</strong></span> <span class='ocrx_word' id='word_1_705' title='bbox 733 5194 881 5239; x_wconf 85' lang='lat' dir='ltr'><strong>motu</strong></span> <span class='ocrx_word' id='word_1_706' title='bbox 909 5183 1080 5241; x_wconf 86' lang='lat' dir='ltr'><strong>fuisse</strong></span> <span class='ocrx_word' id='word_1_707' title='bbox 1111 5186 1424 5250; x_wconf 77' lang='lat' dir='ltr'><strong>subversas,</strong></span> <span class='ocrx_word' id='word_1_708' title='bbox 1457 5195 1509 5242; x_wconf 92' lang='lat' dir='ltr'><strong>et</strong></span> <span class='ocrx_word' id='word_1_709' title='bbox 1542 5188 1593 5240; x_wconf 91' lang='lat' dir='ltr'><strong>in</strong></span> <span class='ocrx_word' id='word_1_710' title='bbox 1649 5203 1834 5242; x_wconf 87' lang='lat' dir='ltr'><strong>earum</strong></span> 
     </span>
    </p>
   </div>
   <div class='ocr_carea' id='block_1_98' title="bbox 263 5277 1834 5351">
    <p class='ocr_par' dir='ltr' id='par_1_98' title="bbox 263 5277 1834 5351">
     <span class='ocr_line' id='line_1_98' title="bbox 263 5277 1834 5351; baseline -0.001 -15"><span class='ocrx_word' id='word_1_711' title='bbox 263 5280 440 5336; x_wconf 86' lang='lat' dir='ltr'><strong>altera</strong></span> <span class='ocrx_word' id='word_1_712' title='bbox 470 5279 784 5351; x_wconf 81' lang='lat' dir='ltr'><strong>episcopum</strong></span> <span class='ocrx_word' id='word_1_713' title='bbox 813 5277 990 5334; x_wconf 87' lang='lat' dir='ltr'><strong>sacris</strong></span> <span class='ocrx_word' id='word_1_714' title='bbox 1017 5278 1331 5348; x_wconf 78' lang='lat' dir='ltr'><strong>operantem</strong></span> <span class='ocrx_word' id='word_1_715' title='bbox 1365 5291 1413 5334; x_wconf 90' lang='lat' dir='ltr'><strong>et</strong></span> <span class='ocrx_word' id='word_1_716' title='bbox 1457 5282 1660 5335; x_wconf 85' lang='lat' dir='ltr'><strong>circum</strong></span> <span class='ocrx_word' id='word_1_717' title='bbox 1695 5297 1834 5351; x_wconf 68' lang='lat' dir='ltr'><strong>pra:-</strong></span> 
     </span>
    </p>
   </div>
   <div class='ocr_carea' id='block_1_99' title="bbox 264 5372 1835 5445">
    <p class='ocr_par' dir='ltr' id='par_1_99' title="bbox 264 5372 1835 5445">
     <span class='ocr_line' id='line_1_99' title="bbox 264 5372 1835 5445; baseline 0.001 -17"><span class='ocrx_word' id='word_1_718' title='bbox 264 5385 476 5428; x_wconf 84' lang='lat' dir='ltr'><strong>sentcm</strong></span> <span class='ocrx_word' id='word_1_719' title='bbox 512 5372 770 5442; x_wconf 88' lang='lat' dir='ltr'><strong>populum</strong></span> <span class='ocrx_word' id='word_1_720' title='bbox 801 5374 983 5445; x_wconf 87' lang='lat' dir='ltr'><strong>templi</strong></span> <span class='ocrx_word' id='word_1_721' title='bbox 1017 5374 1172 5430; x_wconf 86' lang='lat' dir='ltr'><strong>ruina</strong></span> <span class='ocrx_word' id='word_1_722' title='bbox 1205 5375 1411 5443; x_wconf 86' lang='lat' dir='ltr'><strong>pariter</strong></span> <span class='ocrx_word' id='word_1_723' title='bbox 1431 5373 1660 5431; x_wconf 87' lang='lat' dir='ltr'><strong>obrutos</strong></span> <span class='ocrx_word' id='word_1_724' title='bbox 1710 5391 1758 5445; x_wconf 61' lang='lat' dir='ltr'><strong>pc</strong></span> <span class='ocrx_word' id='word_1_725' title='bbox 1779 5391 1835 5430; x_wconf 88' lang='lat' dir='ltr'><strong>r-</strong></span> 
     </span>
    </p>
   </div>
   <div class='ocr_carea' id='block_1_100' title="bbox 261 5469 420 5524">
    <p class='ocr_par' dir='ltr' id='par_1_100' title="bbox 261 5469 420 5524">
     <span class='ocr_line' id='line_1_100' title="bbox 261 5469 420 5524; baseline 0 -2"><span class='ocrx_word' id='word_1_726' title='bbox 261 5469 420 5524; x_wconf 55' lang='lat' dir='ltr'><strong>iis”.</strong></span> 
     </span>
    </p>
   </div>
   <div class='ocr_carea' id='block_1_101' title="bbox 331 5555 1835 5632">
    <p class='ocr_par' dir='ltr' id='par_1_101' title="bbox 331 5555 1835 5632">
     <span class='ocr_line' id='line_1_101' title="bbox 331 5555 1835 5632; baseline 0.002 -18"><span class='ocrx_word' id='word_1_727' title='bbox 331 5559 393 5615; x_wconf 83' lang='lat' dir='ltr'><strong>P.</strong></span> <span class='ocrx_word' id='word_1_728' title='bbox 422 5559 549 5615; x_wconf 77' lang='lat'><strong>259.</strong></span> <span class='ocrx_word' id='word_1_729' title='bbox 589 5557 783 5615; x_wconf 87' lang='lat' dir='ltr'><strong>Petrus</strong></span> <span class='ocrx_word' id='word_1_730' title='bbox 809 5555 1026 5624; x_wconf 83' lang='lat' dir='ltr'><strong>Giiiius,</strong></span> <span class='ocrx_word' id='word_1_731' title='bbox 1062 5559 1100 5616; x_wconf 87' lang='lat' dir='ltr'><strong>i.</strong></span> <span class='ocrx_word' id='word_1_732' title='bbox 1137 5575 1176 5616; x_wconf 91' lang='lat' dir='ltr'><strong>ll</strong></span> <span class='ocrx_word' id='word_1_733' title='bbox 1211 5559 1286 5614; x_wconf 79' lang='lat' dir='ltr'><strong>De</strong></span> <span class='ocrx_word' id='word_1_734' title='bbox 1319 5564 1664 5632; x_wconf 77' lang='lat' dir='ltr'><strong>topographia</strong></span> <span class='ocrx_word' id='word_1_735' title='bbox 1692 5563 1835 5617; x_wconf 82' lang='lat' dir='ltr'><strong>urbis</strong></span> 
     </span>
    </p>
   </div>
   <div class='ocr_carea' id='block_1_102' title="bbox 259 5651 1834 5722">
    <p class='ocr_par' dir='ltr' id='par_1_102' title="bbox 259 5651 1834 5722">
     <span class='ocr_line' id='line_1_102' title="bbox 259 5651 1834 5722; baseline 0.001 -14"><span class='ocrx_word' id='word_1_736' title='bbox 259 5651 777 5722; x_wconf 79' lang='lat' dir='ltr'><strong>Constantinopolis,</strong></span> <span class='ocrx_word' id='word_1_737' title='bbox 809 5668 862 5708; x_wconf 91' lang='lat' dir='ltr'><strong>c.</strong></span> <span class='ocrx_word' id='word_1_738' title='bbox 892 5651 949 5718; x_wconf 83' lang='lat'><strong>6,</strong></span> <span class='ocrx_word' id='word_1_739' title='bbox 1004 5653 1279 5708; x_wconf 79' lang='lat' dir='ltr'><strong>existimat</strong></span> <span class='ocrx_word' id='word_1_740' title='bbox 1305 5654 1538 5709; x_wconf 82' lang='lat' dir='ltr'><strong>Pharum</strong></span> <span class='ocrx_word' id='word_1_741' title='bbox 1570 5655 1735 5712; x_wconf 85' lang='lat' dir='ltr'><strong>fuisse</strong></span> <span class='ocrx_word' id='word_1_742' title='bbox 1764 5659 1834 5712; x_wconf 83' lang='lat' dir='ltr'><strong>si-</strong></span> 
     </span>
    </p>
   </div>
   <div class='ocr_carea' id='block_1_103' title="bbox 1939 4717 3513 4788">
    <p class='ocr_par' dir='ltr' id='par_1_103' title="bbox 1939 4717 3513 4788">
     <span class='ocr_line' id='line_1_103' title="bbox 1939 4717 3513 4788; baseline 0.005 -17"><span class='ocrx_word' id='word_1_743' title='bbox 1939 4717 2042 4773; x_wconf 89' lang='lat' dir='ltr'><strong>tris</strong></span> <span class='ocrx_word' id='word_1_744' title='bbox 2069 4718 2122 4773; x_wconf 91' lang='lat' dir='ltr'><strong>in</strong></span> <span class='ocrx_word' id='word_1_745' title='bbox 2155 4719 2351 4774; x_wconf 89' lang='lat' dir='ltr'><strong>litteris</strong></span> <span class='ocrx_word' id='word_1_746' title='bbox 2385 4721 2623 4788; x_wconf 82' lang='lat' dir='ltr'><strong>Sullani,</strong></span> <span class='ocrx_word' id='word_1_747' title='bbox 2657 4738 2722 4778; x_wconf 92' lang='lat' dir='ltr'><strong>ne</strong></span> <span class='ocrx_word' id='word_1_748' title='bbox 2747 4725 2960 4778; x_wconf 88' lang='lat' dir='ltr'><strong>dubites</strong></span> <span class='ocrx_word' id='word_1_749' title='bbox 2993 4721 3096 4778; x_wconf 89' lang='lat' dir='ltr'><strong>hoc</strong></span> <span class='ocrx_word' id='word_1_750' title='bbox 3147 4723 3384 4780; x_wconf 83' lang='lat' dir='ltr'><strong>libenter</strong></span> <span class='ocrx_word' id='word_1_751' title='bbox 3427 4724 3513 4779; x_wconf 87' lang='lat' dir='ltr'><strong>fa-</strong></span> 
     </span>
    </p>
   </div>
   <div class='ocr_carea' id='block_1_104' title="bbox 1937 4813 3190 4884">
    <p class='ocr_par' dir='ltr' id='par_1_104' title="bbox 1937 4813 3190 4884">
     <span class='ocr_line' id='line_1_104' title="bbox 1937 4813 3190 4884; baseline 0.005 -18"><span class='ocrx_word' id='word_1_752' title='bbox 1937 4827 2086 4880; x_wconf 87' lang='lat' dir='ltr'><strong>cere,</strong></span> <span class='ocrx_word' id='word_1_753' title='bbox 2121 4813 2552 4869; x_wconf 87' lang='lat' dir='ltr'><strong>consideratione</strong></span> <span class='ocrx_word' id='word_1_754' title='bbox 2595 4816 2910 4884; x_wconf 88' lang='lat' dir='ltr'><strong>scrupulum</strong></span> <span class='ocrx_word' id='word_1_755' title='bbox 2951 4815 3190 4872; x_wconf 86' lang='lat' dir='ltr'><strong>vincens.</strong></span> 
     </span>
    </p>
   </div>
   <div class='ocr_carea' id='block_1_105' title="bbox 2010 4906 3510 4978">
    <p class='ocr_par' dir='ltr' id='par_1_105' title="bbox 2010 4906 3510 4978">
     <span class='ocr_line' id='line_1_105' title="bbox 2010 4906 3510 4978; baseline 0.004 -19"><span class='ocrx_word' id='word_1_756' title='bbox 2010 4906 2071 4959; x_wconf 87' lang='lat' dir='ltr'><strong>P.</strong></span> <span class='ocrx_word' id='word_1_757' title='bbox 2101 4906 2228 4961; x_wconf 84' lang='lat'><strong>250.</strong></span> <span class='ocrx_word' id='word_1_758' title='bbox 2265 4906 2395 4973; x_wconf 72' lang='lat' dir='ltr'><strong>Qua:</strong></span> <span class='ocrx_word' id='word_1_759' title='bbox 2423 4923 2541 4961; x_wconf 79' lang='lat' dir='ltr'><strong>cunt</strong></span> <span class='ocrx_word' id='word_1_760' title='bbox 2573 4911 2647 4962; x_wconf 87' lang='lat' dir='ltr'><strong>ita</strong></span> <span class='ocrx_word' id='word_1_761' title='bbox 2688 4911 2814 4975; x_wconf 82' lang='lat' dir='ltr'><strong>sint,</strong></span> <span class='ocrx_word' id='word_1_762' title='bbox 2848 4910 2965 4966; x_wconf 78' lang='lat' dir='ltr'><strong>acri</strong></span> <span class='ocrx_word' id='word_1_763' title='bbox 2997 4925 3127 4978; x_wconf 83' lang='lat' dir='ltr'><strong>opus</strong></span> <span class='ocrx_word' id='word_1_764' title='bbox 3160 4926 3272 4966; x_wconf 74' lang='lat' dir='ltr'><strong>care</strong></span> <span class='ocrx_word' id='word_1_765' title='bbox 3311 4911 3510 4967; x_wconf 57' lang='lat' dir='ltr'><strong>delibec</strong></span> 
     </span>
    </p>
   </div>
   <div class='ocr_carea' id='block_1_106' title="bbox 1938 5000 3511 5074">
    <p class='ocr_par' dir='ltr' id='par_1_106' title="bbox 1938 5000 3511 5074">
     <span class='ocr_line' id='line_1_106' title="bbox 1938 5000 3511 5074; baseline 0.003 -20"><span class='ocrx_word' id='word_1_766' title='bbox 1938 5002 2164 5062; x_wconf 83' lang='lat' dir='ltr'><strong>ratione.</strong></span> <span class='ocrx_word' id='word_1_767' title='bbox 2217 5012 2323 5055; x_wconf 88' lang='lat' dir='ltr'><strong>etc.</strong></span> <span class='ocrx_word' id='word_1_768' title='bbox 2373 5000 2467 5059; x_wconf 92' lang='lat' dir='ltr'><strong>llis</strong></span> <span class='ocrx_word' id='word_1_769' title='bbox 2525 5003 2708 5058; x_wconf 86' lang='lat' dir='ltr'><strong>verbis</strong></span> <span class='ocrx_word' id='word_1_770' title='bbox 2742 5004 3044 5074; x_wconf 69' lang='lat' dir='ltr'><strong>eitplicatur</strong></span> <span class='ocrx_word' id='word_1_771' title='bbox 3094 5013 3260 5061; x_wconf 83' lang='lat' dir='ltr'><strong>aestus</strong></span> <span class='ocrx_word' id='word_1_772' title='bbox 3316 5007 3511 5073; x_wconf 84' lang='lat' dir='ltr'><strong>animi,</strong></span> 
     </span>
    </p>
   </div>
   <div class='ocr_carea' id='block_1_107' title="bbox 1939 5096 3510 5166">
    <p class='ocr_par' dir='ltr' id='par_1_107' title="bbox 1939 5096 3510 5166">
     <span class='ocr_line' id='line_1_107' title="bbox 1939 5096 3510 5166; baseline 0.001 -17"><span class='ocrx_word' id='word_1_773' title='bbox 1939 5096 2050 5166; x_wconf 68' lang='lat' dir='ltr'><strong>Quo</strong></span> <span class='ocrx_word' id='word_1_774' title='bbox 2083 5097 2388 5164; x_wconf 68' lang='lat' dir='ltr'><strong>patriarcha</strong></span> <span class='ocrx_word' id='word_1_775' title='bbox 2441 5109 2495 5150; x_wconf 90' lang='lat' dir='ltr'><strong>ct</strong></span> <span class='ocrx_word' id='word_1_776' title='bbox 2523 5096 2822 5165; x_wconf 86' lang='lat' dir='ltr'><strong>imperator</strong></span> <span class='ocrx_word' id='word_1_777' title='bbox 2854 5113 2917 5150; x_wconf 81' lang='lat' dir='ltr'><strong>ex</strong></span> <span class='ocrx_word' id='word_1_778' title='bbox 2956 5099 3188 5166; x_wconf 78' lang='lat' dir='ltr'><strong>repertis</strong></span> <span class='ocrx_word' id='word_1_779' title='bbox 3229 5097 3510 5154; x_wconf 84' lang='lat' dir='ltr'><strong>Athanasii</strong></span> 
     </span>
    </p>
   </div>
   <div class='ocr_carea' id='block_1_108' title="bbox 1940 5189 3515 5261">
    <p class='ocr_par' dir='ltr' id='par_1_108' title="bbox 1940 5189 3515 5261">
     <span class='ocr_line' id='line_1_108' title="bbox 1940 5189 3515 5261; baseline 0.002 -18"><span class='ocrx_word' id='word_1_780' title='bbox 1940 5189 2157 5258; x_wconf 81' lang='lat' dir='ltr'><strong>scriptis</strong></span> <span class='ocrx_word' id='word_1_781' title='bbox 2188 5189 2335 5242; x_wconf 84' lang='lat' dir='ltr'><strong>diras</strong></span> <span class='ocrx_word' id='word_1_782' title='bbox 2378 5190 2776 5244; x_wconf 79' lang='lat' dir='ltr'><strong>intentantibus</strong></span> <span class='ocrx_word' id='word_1_783' title='bbox 2811 5191 3188 5261; x_wconf 85' lang='lat' dir='ltr'><strong>turbabantur,</strong></span> <span class='ocrx_word' id='word_1_784' title='bbox 3229 5208 3364 5246; x_wconf 88' lang='lat' dir='ltr'><strong>vano</strong></span> <span class='ocrx_word' id='word_1_785' title='bbox 3394 5192 3515 5260; x_wconf 82' lang='lat' dir='ltr'><strong>qui-</strong></span> 
     </span>
    </p>
   </div>
   <div class='ocr_carea' id='block_1_109' title="bbox 1939 5279 3514 5356">
    <p class='ocr_par' dir='ltr' id='par_1_109' title="bbox 1939 5279 3514 5356">
     <span class='ocr_line' id='line_1_109' title="bbox 1939 5279 3514 5356; baseline 0.004 -22"><span class='ocrx_word' id='word_1_786' title='bbox 1939 5283 2058 5335; x_wconf 91' lang='lat' dir='ltr'><strong>dem</strong></span> <span class='ocrx_word' id='word_1_787' title='bbox 2098 5295 2265 5338; x_wconf 90' lang='lat' dir='ltr'><strong>metu.</strong></span> <span class='ocrx_word' id='word_1_788' title='bbox 2295 5279 2430 5336; x_wconf 79' lang='lat' dir='ltr'><strong>Nam</strong></span> <span class='ocrx_word' id='word_1_789' title='bbox 2469 5283 2597 5353; x_wconf 89' lang='lat' dir='ltr'><strong>quid</strong></span> <span class='ocrx_word' id='word_1_790' title='bbox 2631 5298 2697 5342; x_wconf 80' lang='lat' dir='ltr'><strong>ex</strong></span> <span class='ocrx_word' id='word_1_791' title='bbox 2731 5281 3014 5354; x_wconf 88' lang='lat' dir='ltr'><strong>impotenti</strong></span> <span class='ocrx_word' id='word_1_792' title='bbox 3043 5285 3238 5356; x_wconf 87' lang='lat' dir='ltr'><strong>privati</strong></span> <span class='ocrx_word' id='word_1_793' title='bbox 3264 5285 3377 5356; x_wconf 84' lang='lat' dir='ltr'><strong>jam</strong></span> <span class='ocrx_word' id='word_1_794' title='bbox 3415 5285 3514 5340; x_wconf 85' lang='lat' dir='ltr'><strong>ho-</strong></span> 
     </span>
    </p>
   </div>
   <div class='ocr_carea' id='block_1_110' title="bbox 1940 5372 3512 5434">
    <p class='ocr_par' dir='ltr' id='par_1_110' title="bbox 1940 5372 3512 5434">
     <span class='ocr_line' id='line_1_110' title="bbox 1940 5372 3512 5434; baseline 0.003 -7"><span class='ocrx_word' id='word_1_795' title='bbox 1940 5372 2100 5429; x_wconf 88' lang='lat' dir='ltr'><strong>minis</strong></span> <span class='ocrx_word' id='word_1_796' title='bbox 2159 5375 2437 5428; x_wconf 87' lang='lat' dir='ltr'><strong>iracundia</strong></span> <span class='ocrx_word' id='word_1_797' title='bbox 2479 5377 2686 5432; x_wconf 84' lang='lat' dir='ltr'><strong>chartis</strong></span> <span class='ocrx_word' id='word_1_798' title='bbox 2719 5377 3070 5434; x_wconf 87' lang='lat' dir='ltr'><strong>clanculariis</strong></span> <span class='ocrx_word' id='word_1_799' title='bbox 3119 5377 3306 5433; x_wconf 91' lang='lat' dir='ltr'><strong>timide</strong></span> <span class='ocrx_word' id='word_1_800' title='bbox 3337 5377 3512 5432; x_wconf 82' lang='lat' dir='ltr'><strong>indita</strong></span> 
     </span>
    </p>
   </div>
   <div class='ocr_carea' id='block_1_111' title="bbox 1938 5466 3510 5540">
    <p class='ocr_par' dir='ltr' id='par_1_111' title="bbox 1938 5466 3510 5540">
     <span class='ocr_line' id='line_1_111' title="bbox 1938 5466 3510 5540; baseline 0.003 -20"><span class='ocrx_word' id='word_1_801' title='bbox 1938 5466 2215 5523; x_wconf 87' lang='lat' dir='ltr'><strong>formidari</strong></span> <span class='ocrx_word' id='word_1_802' title='bbox 2245 5468 2368 5538; x_wconf 87' lang='lat' dir='ltr'><strong>jure</strong></span> <span class='ocrx_word' id='word_1_803' title='bbox 2399 5469 2646 5539; x_wconf 79' lang='lat' dir='ltr'><strong>poterat?</strong></span> <span class='ocrx_word' id='word_1_804' title='bbox 2674 5468 2877 5524; x_wconf 84' lang='lat' dir='ltr'><strong>Tamen</strong></span> <span class='ocrx_word' id='word_1_805' title='bbox 2904 5470 2990 5526; x_wconf 89' lang='lat' dir='ltr'><strong>isti</strong></span> <span class='ocrx_word' id='word_1_806' title='bbox 3023 5471 3382 5536; x_wconf 87' lang='lat' dir='ltr'><strong>schismatici,</strong></span> <span class='ocrx_word' id='word_1_807' title='bbox 3415 5472 3510 5540; x_wconf 87' lang='lat' dir='ltr'><strong>qui</strong></span> 
     </span>
    </p>
   </div>
   <div class='ocr_carea' id='block_1_112' title="bbox 1937 5560 3506 5618">
    <p class='ocr_par' dir='ltr' id='par_1_112' title="bbox 1937 5560 3506 5618">
     <span class='ocr_line' id='line_1_112' title="bbox 1937 5560 3506 5618; baseline 0.001 -2"><span class='ocrx_word' id='word_1_808' title='bbox 1937 5560 2207 5616; x_wconf 85' lang='lat' dir='ltr'><strong>dirissima</strong></span> <span class='ocrx_word' id='word_1_809' title='bbox 2267 5562 2505 5616; x_wconf 90' lang='lat' dir='ltr'><strong>omnium</strong></span> <span class='ocrx_word' id='word_1_810' title='bbox 2563 5563 2910 5617; x_wconf 85' lang='lat' dir='ltr'><strong>anathemata</strong></span> <span class='ocrx_word' id='word_1_811' title='bbox 2964 5563 3103 5617; x_wconf 87' lang='lat' dir='ltr'><strong>ultro</strong></span> <span class='ocrx_word' id='word_1_812' title='bbox 3140 5578 3416 5618; x_wconf 81' lang='lat' dir='ltr'><strong>arcessere</strong></span> <span class='ocrx_word' id='word_1_813' title='bbox 3454 5567 3506 5618; x_wconf 94' lang='lat' dir='ltr'><strong>in</strong></span> 
     </span>
    </p>
   </div>
   <div class='ocr_carea' id='block_1_113' title="bbox 1934 5654 3513 5725">
    <p class='ocr_par' dir='ltr' id='par_1_113' title="bbox 1934 5654 3513 5725">
     <span class='ocr_line' id='line_1_113' title="bbox 1934 5654 3513 5725; baseline 0.001 -17"><span class='ocrx_word' id='word_1_814' title='bbox 1934 5669 2030 5709; x_wconf 88' lang='lat' dir='ltr'><strong>sua</strong></span> <span class='ocrx_word' id='word_1_815' title='bbox 2067 5656 2306 5725; x_wconf 82' lang='lat' dir='ltr'><strong>ipsorum</strong></span> <span class='ocrx_word' id='word_1_816' title='bbox 2338 5656 2514 5722; x_wconf 85' lang='lat' dir='ltr'><strong>capita</strong></span> <span class='ocrx_word' id='word_1_817' title='bbox 2542 5670 2647 5709; x_wconf 91' lang='lat' dir='ltr'><strong>non</strong></span> <span class='ocrx_word' id='word_1_818' title='bbox 2677 5655 2996 5711; x_wconf 79' lang='lat' dir='ltr'><strong>dubitabant</strong></span> <span class='ocrx_word' id='word_1_819' title='bbox 3021 5657 3322 5711; x_wconf 87' lang='lat' dir='ltr'><strong>obedientia</strong></span> <span class='ocrx_word' id='word_1_820' title='bbox 3346 5654 3513 5713; x_wconf 87' lang='lat' dir='ltr'><strong>Chri-</strong></span> 
     </span>
    </p>
   </div>
   <div class='ocr_carea' id='block_1_114' title="bbox 262 5743 3512 5820">
    <p class='ocr_par' dir='ltr' id='par_1_114' title="bbox 262 5743 3512 5820">
     <span class='ocr_line' id='line_1_114' title="bbox 262 5743 3512 5820; baseline 0 -18"><span class='ocrx_word' id='word_1_821' title='bbox 262 5756 372 5802; x_wconf 85' lang='lat' dir='ltr'><strong>tam</strong></span> <span class='ocrx_word' id='word_1_822' title='bbox 404 5745 459 5802; x_wconf 89' lang='lat' dir='ltr'><strong>in</strong></span> <span class='ocrx_word' id='word_1_823' title='bbox 492 5745 865 5815; x_wconf 85' lang='lat' dir='ltr'><strong>promontorio</strong></span> <span class='ocrx_word' id='word_1_824' title='bbox 893 5743 1056 5800; x_wconf 74' lang='lat' dir='ltr'><strong>Ceres</strong></span> <span class='ocrx_word' id='word_1_825' title='bbox 1082 5746 1247 5802; x_wconf 89' lang='lat' dir='ltr'><strong>dicto.</strong></span> <span class='ocrx_word' id='word_1_826' title='bbox 1282 5745 1358 5800; x_wconf 87' lang='lat' dir='ltr'><strong>De</strong></span> <span class='ocrx_word' id='word_1_827' title='bbox 1393 5745 1496 5802; x_wconf 87' lang='lat' dir='ltr'><strong>hac</strong></span> <span class='ocrx_word' id='word_1_828' title='bbox 1539 5748 1715 5804; x_wconf 81' lang='lat' dir='ltr'><strong>Pharo</strong></span> <span class='ocrx_word' id='word_1_829' title='bbox 1747 5748 1833 5804; x_wconf 85' lang='lat' dir='ltr'><strong>hic</strong></span> <span class='ocrx_word' id='word_1_830' title='bbox 1934 5751 1999 5805; x_wconf 92' lang='lat' dir='ltr'><strong>sti</strong></span> <span class='ocrx_word' id='word_1_831' title='bbox 2056 5751 2262 5803; x_wconf 88' lang='lat' dir='ltr'><strong>vicario</strong></span> <span class='ocrx_word' id='word_1_832' title='bbox 2317 5749 2559 5820; x_wconf 81' lang='lat' dir='ltr'><strong>neganda</strong></span> <span class='ocrx_word' id='word_1_833' title='bbox 2611 5760 2666 5805; x_wconf 91' lang='lat' dir='ltr'><strong>et</strong></span> <span class='ocrx_word' id='word_1_834' title='bbox 2695 5750 3039 5806; x_wconf 87' lang='lat' dir='ltr'><strong>dilaceranda</strong></span> <span class='ocrx_word' id='word_1_835' title='bbox 3087 5748 3354 5815; x_wconf 68' lang='lat' dir='ltr'><strong>Ecclesia,</strong></span> <span class='ocrx_word' id='word_1_836' title='bbox 3382 5751 3512 5806; x_wconf 82' lang='lat' dir='ltr'><strong>reii-</strong></span> 
     </span>
    </p>
   </div>
   <div class='ocr_carea' id='block_1_115' title="bbox 261 5841 3506 5915">
    <p class='ocr_par' dir='ltr' id='par_1_115' title="bbox 261 5841 3506 5915">
     <span class='ocr_line' id='line_1_115' title="bbox 261 5841 3506 5915; baseline -0.001 -17"><span class='ocrx_word' id='word_1_837' title='bbox 261 5843 347 5915; x_wconf 81' lang='lat' dir='ltr'><strong>agi</strong></span> <span class='ocrx_word' id='word_1_838' title='bbox 400 5842 700 5898; x_wconf 86' lang='lat' dir='ltr'><strong>verisimile</strong></span> <span class='ocrx_word' id='word_1_839' title='bbox 746 5841 984 5896; x_wconf 90' lang='lat' dir='ltr'><strong>videtur.</strong></span> <span class='ocrx_word' id='word_1_840' title='bbox 1018 5842 1174 5898; x_wconf 88' lang='lat' dir='ltr'><strong>Unde</strong></span> <span class='ocrx_word' id='word_1_841' title='bbox 1217 5841 1542 5898; x_wconf 87' lang='lat' dir='ltr'><strong>crediderim</strong></span> <span class='ocrx_word' id='word_1_842' title='bbox 1575 5845 1834 5900; x_wconf 82' lang='lat' dir='ltr'><strong>aberrare</strong></span> <span class='ocrx_word' id='word_1_843' title='bbox 1932 5844 2070 5914; x_wconf 86' lang='lat' dir='ltr'><strong>giosi</strong></span> <span class='ocrx_word' id='word_1_844' title='bbox 2108 5857 2278 5912; x_wconf 84' lang='lat' dir='ltr'><strong>usque</strong></span> <span class='ocrx_word' id='word_1_845' title='bbox 2301 5846 2366 5898; x_wconf 86' lang='lat' dir='ltr'><strong>ad</strong></span> <span class='ocrx_word' id='word_1_846' title='bbox 2391 5843 2833 5912; x_wconf 85' lang='lat' dir='ltr'><strong>superstitionem</strong></span> <span class='ocrx_word' id='word_1_847' title='bbox 2863 5857 3124 5912; x_wconf 85' lang='lat' dir='ltr'><strong>apparere</strong></span> <span class='ocrx_word' id='word_1_848' title='bbox 3154 5841 3506 5912; x_wconf 75' lang='lat' dir='ltr'><strong>affectabam,</strong></span> 
     </span>
    </p>
   </div>
   <div class='ocr_carea' id='block_1_116' title="bbox 260 5933 3507 6009">
    <p class='ocr_par' dir='ltr' id='par_1_116' title="bbox 260 5933 3507 6009">
     <span class='ocr_line' id='line_1_116' title="bbox 260 5933 3507 6009; baseline -0 -16"><span class='ocrx_word' id='word_1_849' title='bbox 260 5933 330 5993; x_wconf 73' lang='lat' dir='ltr'><strong>ab</strong></span> <span class='ocrx_word' id='word_1_850' title='bbox 362 5934 603 5993; x_wconf 80' lang='lat' dir='ltr'><strong>auctoris</strong></span> <span class='ocrx_word' id='word_1_851' title='bbox 629 5935 899 5991; x_wconf 80' lang='lat' dir='ltr'><strong>sententia</strong></span> <span class='ocrx_word' id='word_1_852' title='bbox 929 5934 1294 5992; x_wconf 82' lang='lat' dir='ltr'><strong>breviatorem</strong></span> <span class='ocrx_word' id='word_1_853' title='bbox 1328 5934 1669 6007; x_wconf 83' lang='lat' dir='ltr'><strong>Vaticanum,</strong></span> <span class='ocrx_word' id='word_1_854' title='bbox 1704 5941 1829 5995; x_wconf 90' lang='lat' dir='ltr'><strong>dum</strong></span> <span class='ocrx_word' id='word_1_855' title='bbox 1936 5939 2044 5995; x_wconf 83' lang='lat' dir='ltr'><strong>illic</strong></span> <span class='ocrx_word' id='word_1_856' title='bbox 2103 5937 2436 6009; x_wconf 79' lang='lat' dir='ltr'><strong>trepidantes</strong></span> <span class='ocrx_word' id='word_1_857' title='bbox 2495 5939 2688 5994; x_wconf 90' lang='lat' dir='ltr'><strong>timore</strong></span> <span class='ocrx_word' id='word_1_858' title='bbox 2728 5939 2817 5994; x_wconf 88' lang='lat' dir='ltr'><strong>ubi</strong></span> <span class='ocrx_word' id='word_1_859' title='bbox 2887 5953 2991 5993; x_wconf 89' lang='lat' dir='ltr'><strong>non</strong></span> <span class='ocrx_word' id='word_1_860' title='bbox 3055 5945 3174 5991; x_wconf 89' lang='lat' dir='ltr'><strong>erat</strong></span> <span class='ocrx_word' id='word_1_861' title='bbox 3234 5935 3418 6006; x_wconf 87' lang='lat' dir='ltr'><strong>timor,</strong></span> <span class='ocrx_word' id='word_1_862' title='bbox 3447 5950 3507 5994; x_wconf 88' lang='lat' dir='ltr'><strong>ut</strong></span> 
     </span>
    </p>
   </div>
  </div>
