4058 6298
549 349 654 415 815

1475 357 1540 423 Ρ.
1580 359 1880 423 POSSINI
1920 361 2577 427 OBSERVATIONUM
2618 364 2766 431 LIB.
2807 368 2886 434 Ii.

3719 383 3820 450 816

551 460 748 514 dicitur
803 459 954 518 Psal.
1003 477 1125 529 xm,
1157 463 1208 519 id
1247 465 1388 533 quod
1444 466 1550 524 illis
1606 470 1801 526 mer-ito
1840 473 2138 541 exprobrat
2166 483 2210 536 Α
2244 477 2401 530 modo
2433 474 2676 535 Terteris
2709 495 2833 534 cum
2863 480 3121 536 Romanis
3155 498 3380 542 numero
3403 490 3675 546 tredecim
3704 511 3825 547 tua-

554 554 775 621 quidam
804 557 1044 626 prudens
1094 559 1272 616 verbis
1302 561 1457 617 hisce
1515 563 1581 618 ad
1609 579 1760 620 oram
1795 567 2000 623 codicis
2031 565 2072 619 B
2101 584 2131 623 e

549 648 770 716 regione
808 651 911 707 loci
959 651 1120 722 hujus
1169 654 1496 725 adscriptis:
1535 659 1610 711 'H
1644 660 1975 715 ἀπαιδευσία
2033 666 2130 718 καὶ

547 744 582 810 ἡ
615 746 858 812 ἀμάθεια
890 748 958 800 τὰ
994 744 998 748 ’
1018 749 1245 820 μηδαμῆ
1301 751 1572 821 μηδαμῶς
1606 754 1817 824 φοϐερὰ
1853 754 2123 824 φοϐεῖται,

449 872 451 874 -
544 841 615 894 τὰ
643 839 690 892 δ’
713 840 931 911 ἀληθῶς
959 842 1320 914 φοϐερώτερα
1376 845 1438 898 οὐ
1467 845 1710 902 δέδοικεν
1736 863 1750 877 ⁸
1808 846 2014 904 Inscita
2042 852 2128 904 in-

545 935 795 1004 sulaeque
855 934 1104 999 stultitia,
1141 951 1259 1005 qua:
1314 938 1467 992 nulla
1518 955 1738 1008 prorsus
1766 941 1972 995 ratione
2015 958 2127 998 me-

544 1029 743 1081 tuenda
777 1037 922 1091 sunt,
957 1029 1180 1094 metuit;
1234 1045 1353 1099 quae
1386 1041 1564 1084 autem
1627 1031 1780 1102 longe
1811 1033 2129 1104 formidolo-

540 1118 757 1172 sissima
789 1118 974 1172 merito
997 1133 1331 1184 censeantur,
1357 1139 1542 1178 securo
1572 1133 1868 1194 contemptu
1887 1125 2124 1198 negligit.

542 1212 756 1278 Quibus
788 1212 980 1284 utique
1003 1212 1130 1269 illud
1159 1212 1366 1269 Christi
1402 1214 1595 1271 Matth.
1626 1233 1788 1284 xxttt,
1823 1218 1895 1273 24
1931 1235 2129 1276 conve-

542 1310 621 1362 uit
656 1325 670 1363 :
706 1306 877 1362 Duces
925 1307 1073 1373 circi,
1127 1310 1429 1365 excolantes
1464 1311 1704 1379 culicem,
1744 1313 2001 1368 camelum
2030 1331 2127 1368 au-

537 1411 640 1456 tem
666 1401 968 1471 glutientes.
1170 1472 1173 1477 Α

608 1494 671 1551 Ρ.
728 1495 856 1550 251.
922 1494 1263 1566 Disquirebat
1319 1497 1483 1553 anxio
1552 1500 1857 1571 incertoque
1912 1501 2124 1556 consilii

536 1591 739 1646 animo.
775 1591 855 1645 Ad
886 1591 999 1646 haec
1021 1591 1111 1666 ille
1138 1591 1279 1646 idem
1312 1605 1507 1647 censor
1533 1594 1854 1666 marginalis
1878 1594 1963 1668 [P.
1994 1596 2123 1672 540]

536 1685 654 1738 lucc
711 1693 936 1739 annotat
970 1701 985 1740 :
1022 1684 1136 1755 Οὐχ
1191 1682 1370 1749 οὕτως
1406 1685 1781 1757 Ἀλέξανδρος,
1829 1689 1969 1744 ἀλλὰ
2022 1691 2116 1744 τὸν

2234 566 2491 636 gnatibus
2522 573 2841 628 commutati
2879 576 3206 641 meminerit,
3237 595 3300 634 ac
3359 588 3822 651 permutationem

2235 662 2302 715 ab
2328 659 2831 732 Osphentisthlabo,
2863 669 2930 722 ad
2979 684 3140 738 quem
3194 669 3482 728 Eltimeres
3544 675 3823 736 Romanos

2235 752 2497 821 misisset,
2529 755 2728 814 fectant
2761 760 2982 818 dixerit.
3011 761 3120 818 Nos
3147 764 3284 818 nihil
3313 768 3364 821 in
3395 763 3588 825 Graeco
3612 770 3829 846 Pachy-

2233 847 2401 902 meris
2451 860 2708 906 contextu
2776 854 3067 911 immutare
3123 862 3267 926 ausi,
3300 865 3628 920 sententiam
3694 868 3822 932 lori,

2232 951 2392 1007 prout
2441 941 2690 1001 divinare
2733 951 3031 1016 potuimus,
3066 935 3379 1024 exprimere
3410 974 3600 1015 sumus
3635 961 3826 1016 conati

2230 1048 2391 1100 quam
2423 1035 2753 1095 clarissime.

2300 1124 2362 1181 P.
2389 1127 2517 1183 268.
2551 1128 2755 1187 Praeter
2785 1133 2927 1191 hanc
2954 1136 3118 1193 filiam
3146 1142 3365 1196 notham
3396 1144 3745 1201 Andronicus
3769 1156 3828 1202 et

2229 1220 2393 1278 aliam
2437 1225 2628 1281 habuit
2661 1227 2920 1287 similiter
2950 1233 3308 1305 illegitimam,
3350 1237 3540 1294 lrenen
3572 1243 3820 1304 nomine.

2228 1314 2385 1384 cujus
2446 1320 2698 1377 meminit
2753 1321 3046 1396 Gregoras,
3092 1329 3129 1387 l.
3184 1347 3283 1398 vti,
3317 1347 3479 1401 quam
3526 1345 3582 1388 et
3625 1338 3821 1406 nuptui

2227 1409 2422 1467 deinde
2484 1415 2744 1470 traditam
2811 1420 2888 1473 ait
2936 1420 3136 1477 Joanni
3189 1427 3313 1480 duci
3362 1424 3712 1498 Pelasgorum
3764 1441 3826 1484 et

2227 1502 2619 1564 Thessalorum
2679 1513 2936 1583 principi.
2997 1516 3124 1574 Haec
3179 1521 3370 1575 eadem
3415 1539 3539 1578 esse
3609 1527 3819 1593 pomit.

2221 1611 2386 1666 quam
2444 1601 2685 1658 oblatam
2723 1605 2772 1660 in
2826 1622 3080 1677 sponsam
3134 1611 3333 1668 Cazaui
3373 1628 3558 1671 noster
3587 1617 3822 1675 inferius

2226 1690 2454 1758 indicat,
2490 1697 2717 1766 nuptiis,
2749 1712 2906 1768 prout
2946 1715 3191 1773 apparet,
3234 1722 3342 1762 non
3375 1711 3600 1766 set-utis.

534 1779 757 1850 Γορδίου
782 1778 982 1850 δεσμὸν
1017 1779 1243 1833 πελέκει
1270 1779 1462 1834 ἔλυσεν
1483 1799 1496 1814 ·
1533 1778 1658 1836 Non
1690 1783 1768 1837 sic
1796 1781 2106 1855 Aleztxtnrler1

2296 1783 2356 1840 P.
2389 1785 2516 1842 270.
2548 1758 3347 1868 (Sortsia'tttissitne.persiitis—se
3641 1819 3824 1873 usque

531 1877 625 1932 sed
658 1875 849 1931 Gordii
892 1875 1090 1929 nodum
1127 1876 1302 1930 securi
1335 1876 1512 1933 solvit.

607 1970 665 2025 P.
702 1967 828 2024 266.
854 1969 985 2035 Quae
1033 1978 1336 2038 sequuntur
1373 1970 1425 2025 in
1458 1982 1715 2026 contextu
1780 1970 1966 2028 Grarco
1999 1979 2124 2044 post

535 2064 653 2119 inec
690 2063 853 2117 verba
892 2081 906 2117 :
960 2061 1102 2116 'AD.‘
1155 2060 1302 2118 οὕτω
1356 2062 1456 2134 μὲν
1488 2061 2006 2132 Ὄσφεντίσθλαϐος,
2038 2065 2120 2120 sic

532 2159 694 2230 plane
727 2166 785 2213 ut
835 2158 921 2212 hic
956 2157 1209 2228 leguntur
1262 2158 1316 2212 in
1367 2157 1833 2236 utroqueioptimo
1862 2149 1984 2215 cod.
2024 2175 2121 2216 ex-

533 2269 757 2325 pressa.
816 2250 1182 2309 inextricabili
1246 2250 1605 2322 perplexitate
1673 2254 1900 2308 confusa
1967 2263 2116 2310 sunt.

531 2347 668 2403 Nam
702 2357 890 2403 noster
925 2356 1122 2400 natura
1161 2346 1505 2408 tenebrosus,
1535 2347 1754 2416 quoties
1783 2348 1949 2402 multa
1987 2363 2119 2418 pati-

531 2441 614 2496 cis
652 2440 834 2496 studet
865 2453 1080 2509 cogere,
1110 2437 1355 2494 densiori
1388 2455 1446 2495 se
1473 2440 1706 2510 caligine
1738 2440 1982 2496 involvit.
2013 2441 2119 2496 Va-

534 2536 750 2591 ticanus
797 2531 1125 2602 epitomator
1174 2531 1334 2601 paulo
1399 2532 1710 2587 distinctius
1741 2534 1885 2588 hunc
1937 2534 2114 2590 locum

530 2626 787 2697 explicat.
847 2625 977 2694 Ejus
1029 2625 1149 2680 haec
1205 2623 1370 2678 verba
1406 2632 1581 2680 sunt:
1620 2620 1750 2695 Εἶχε
1807 2626 1906 2695 μὲν
1939 2622 2034 2681 οὖν
2089 2631 2118 2682 ὁ

532 2720 790 2791 βασιλεὺς
818 2721 910 2773 τὸν
942 2719 1225 2791 Τερτερῆν
1261 2718 1404 2790 μετὰ
1444 2717 1658 2771 πολλῶν
1693 2719 1975 2789 ἀρχόντων
2013 2722 2115 2776 αὐ-

528 2814 624 2867 τοῦ
653 2813 746 2866 καὶ
783 2809 1184 2866 Ῥαδόσολαϐον
1230 2811 1718 2883 σεϐαστοκράτορα
1759 2811 2112 2885 Βουλγὸᾳκυν,

529 2906 733 2978 εὐγενῆ
793 2907 904 2960 τῶν
956 2907 1076 2959 ἐκεῖ
1100 2909 1115 2936 ⁵
1151 2905 1381 2975 ἁδελφὸς
1407 2905 1519 2977 γὰρ
1560 2899 1629 2978 ἦν
1653 2903 1747 2958 τοῦ
1787 2906 2028 2972 Μίλτζου
2056 2909 2115 2974 ὃς

527 3003 850 3059 ἐϐασίλευσε
890 3000 1222 3071 Βουλγάρων
1279 2998 1538 3074 βουλήσει
1579 2999 1738 3069 Νοτᾶ
1769 3003 2113 3068 ἀποστάντος

525 3097 624 3150 τοῦ
676 3093 964 3166 Τερτερῆ·
1004 3089 1254 3158 ἐλθόντος
1299 3094 1356 3148 δι
1389 3092 1486 3148 τοῦ
1532 3094 1749 3160 Τζακᾱ,
1780 3093 1879 3164 τῆς
1933 3093 2113 3167 ἀρχῆς

526 3187 818 3258 ὲξέϐληται
851 3189 877 3240 ὁ
910 3184 1174 3250 Μίλτζος.
1222 3185 1429 3239 Τοῦτον
1462 3183 1557 3240 οὖν
1591 3186 1686 3240 τὸν
1722 3185 2115 3243 Ῥαδὸσθλαϐον

524 3280 640 3354 εἶχε
672 3282 771 3352 μὲν
810 3275 905 3335 οὖν
940 3281 968 3333 ὀ
999 3278 1263 3351 βασιλεὺς
1296 3279 1424 3350 περὶ
1457 3279 1649 3350 τιμῆς,
1680 3281 1778 3335 καὶ
1807 3280 1866 3334 τὸ
1894 3281 1989 3335 τοῦ
2023 3299 2115 3335 σε·

521 3375 970 3445 ϐαστοκράτορος
993 3371 1211 3440 ἀξίωμα
1240 3370 1475 3442 βεϐαιοῖ.
1502 3371 1934 3428 ’Δποστέλλεται
1964 3372 2061 3428 οὖν
2085 3377 2115 3429 ὸ

532 3465 936 3527 Ῥαδόσθλαϐος
959 3466 1067 3518 ἀπὸ
1096 3464 1508 3535 Θεσσαλονίκης
1541 3466 1695 3537 παρὰ
1718 3465 1813 3520 τοῦ
1843 3465 2114 3538 βασιλέως

524 3561 668 3632 μετὰ
702 3558 1053 3631 μεγιστάνων
1094 3558 1385 3628 Ῥωμαίων
1445 3559 1544 3613 καὶ
1591 3559 1785 3631 ἱκανῆς
1823 3559 2111 3632 δυνάμεως

520 3650 664 3705 κατὰ
693 3649 786 3704 τοῦ
833 3648 1160 3719 Ἐλτιμηρῆ,
1192 3648 1251 3711 ὃς
1296 3645 1366 3722 ἦν
1422 3649 1656 3719 ἀδελφὸς
1708 3651 1804 3706 τοῦ
1838 3652 2108 3726 Τερτερῆ.

520 3745 670 3817 Νικᾷ
715 3743 847 3813 γοῦν
905 3746 934 3796 ὁ
977 3743 1315 3816 Ἐλτιμηρῆς
1367 3744 1461 3798 τὸν
1533 3743 1954 3812 Ῥαδὸσθλαϐον,
2012 3749 2109 3803 καὶ

517 3839 804 3910 κρατήσας
822 3837 986 3891 αὑτὸν
1011 3840 1104 3892 καὶ
1129 3837 1491 3907 ὲκτυφλώσας
1515 3839 1680 3912 754
1705 3841 1915 3898 στέλλει
1952 3843 2106 3914 παρὰ

518 3931 745 4003 βασιλέα
778 3931 919 4002 πρὸς
948 3930 1046 4004 τὴν
1080 3934 1293 3986 οἰκείαν
1342 3935 1509 3988 αὑτοῦ
1571 3933 1842 4004 σύζυγον*
1880 3937 2006 4001 τοὺς
2046 3937 2105 3992 δὲ

519 4025 863 4095 μεγιστᾶνας
902 4023 1027 4076 ’τῶν
1071 4023 1368 4094 Ῥωμαίων
1427 4027 1675 4098 ἐκράτει,
1734 4030 1930 4100 μέχρις
1979 4030 2045 4083 ἂν
2076 4032 2103 4083 6

519 4111 780 4184 βασιλεὺς
832 4109 925 4164 τὸν
956 4108 1239 4184 Τερτερῆν
1270 4116 1367 4168 καὶ
1426 4117 1556 4179 τοὺς
1598 4116 1876 4189 ἄρχοντας
1931 4119 2100 4175 αὐτοῦ

512 4204 640 4267 δοὺς
660 4200 1030 4257 ἀνταλλάττει
1060 4203 1311 4269 τούτους.
1349 4203 1472 4263 Haec
1504 4205 1797 4266 Vaticanus
1827 4213 2103 4268 breviatur

515 4294 894 4368 Pachymeris,
957 4299 1047 4367 qui
1105 4314 1209 4353 non
1247 4301 1494 4355 meminit
1543 4315 1857 4360 memorata:
1887 4311 2098 4367 auctori

510 4388 839 4452 δεσποτείας
865 4389 1172 4462 Ἐλτιμηρῆ
1222 4393 1366 4446 κατὰ
1395 4394 1486 4448 τὸν
1517 4395 1783 4466 Κροῦνον.
1810 4398 1882 4452 Ea
1918 4416 2019 4455 vox
2066 4420 2096 4458 a

509 4479 854 4552 Pachyutere
893 4484 975 4537 bis
1006 4484 1180 4553 posita
1216 4484 1268 4538 in
1307 4483 1480 4541 altero
1529 4487 1647 4543 loco
1675 4490 1929 4563 Κροῢρον
1956 4495 2095 4550 scri-
2125 4516 2170 4572 υ
2201 4520 2301 4560 nos
2336 4505 2652 4563 Gennadius

493 4576 678 4631 ‘hitur.
726 4574 834 4632 Nos
889 4577 1177 4647 utrobique
1227 4578 1477 4649 Κροῦνον
1529 4583 1889 4652 scripsimus,
1950 4592 2092 4658 quod

509 4670 676 4725 Cruui
710 4670 813 4726 loci
843 4670 1170 4726 mentionem
1219 4675 1358 4742 apud
1395 4677 1728 4748 geographos
1762 4681 2090 4750 reperimus,

508 4779 616 4818 non
655 4774 833 4818 autem
890 4762 1048 4819 Cruri
1108 4765 1382 4837 Κροὺρου.
1451 4767 1718 4826 Prteterea
1767 4773 2093 4844 epitomatnr

506 4858 710 4911 muittit
737 4855 1050 4911 Eltimerem
1086 4857 1256 4914 fuisse
1294 4858 1517 4915 fratrem
1554 4878 1658 4918 non
1692 4864 1866 4919 solum
1899 4865 2090 4922 Tertco

505 4952 604 5011 ris,
636 4951 731 5004 sed
759 4958 812 5004 et
842 4950 1087 5021 conjugis
1121 4949 1353 5016 Smihzi,
1391 4969 1502 5008 rem
1537 4957 1737 5013 diserte
1770 4973 2085 5030 expressam

504 5058 535 5097 a
591 5041 948 5115 Pacbymere.
1008 5044 1212 5100 Deinde
1262 5059 1450 5101 contra
1493 5049 1654 5122 hujus
1707 5055 2084 5108 auctoritatem

503 5133 739 5190 afﬁrmat
765 5138 981 5192 venisse
1031 5138 1084 5191 in
1115 5148 1443 5208 potestatem
1492 5142 1839 5213 imperatoris
1871 5145 2085 5202 lthado-

502 5229 775 5284 sthlahnm
817 5245 920 5284 una
969 5245 1098 5286 cum
1150 5229 1422 5290 Tertere:
1472 5237 1560 5290 hic
1590 5238 1734 5292 enim
1768 5241 1840 5292 ait
1893 5252 2084 5309 sponte

501 5325 650 5378 illum
684 5321 750 5378 ad
784 5324 1169 5392 imperatorem
1203 5328 1563 5398 transfugisse
1591 5346 1606 5384 :
1636 5331 1664 5382 ὁ
1710 5334 1817 5405 γὰρ
1845 5336 2085 5406 Βουλγά-

506 5436 614 5491 ρων
649 5418 1118 5492 σεϐαστοκράτωρ
1158 5420 1552 5488 Ῥαδόσθλαϐος
1580 5425 1793 5495 βασιλεῖ
1826 5447 2084 5502 προσ-χω.

504 5515 702 5584 ρήσας.
739 5510 944 5568 Deinde
981 5513 1176 5569 asserit
1203 5517 1529 5584 epitomator
1559 5522 1628 5576 ab
1651 5519 1909 5578 Eltimore
1934 5540 2081 5580 com-

501 5614 743 5661 mutatus
775 5619 1032 5675 proceres
1068 5607 1342 5665 Romanos
1387 5625 1510 5667 cum
1571 5613 1796 5671 Tertere
1855 5627 1910 5672 et
1958 5622 2079 5692 ejus

498 5697 818 5768 proceribus
843 5699 910 5752 ab
932 5699 1266 5769 imperatore
1298 5703 1554 5773 detentis,
1580 5723 1703 5761 cum
1741 5720 1932 5766 auctor
1961 5715 2081 5767 nul-

496 5791 604 5844 lam
638 5792 964 5847 mentionem
997 5794 1162 5849 faciat
1206 5793 1563 5865 Bulgarorum
1594 5813 1882 5870 procerum
1915 5806 2075 5861 simul

496 5885 602 5940 ista
634 5888 1038 5957 permutatione
1081 5887 1456 5960 liberatarum,
1495 5894 1589 5950 sed
1641 5899 1798 5952 unius
1840 5907 2073 5955 tantum-

2224 1876 2290 1929 ad
2345 1883 2665 1934 extremum
2703 1883 2957 1952 spiritum
2995 1886 3046 1959 in
3073 1872 3243 1945 semel
3273 1890 3420 1946 edita
3471 1893 3823 1960 professiode

2224 1971 2356 2024 recti
2395 1973 2666 2043 dogmatis
2697 1975 2762 2031 de
2788 1980 3142 2046 processione
3175 1982 3412 2055 Spiritus
3439 1989 3614 2042 sancti
3643 1989 3818 2046 etiam

2220 2078 2286 2120 ex
2331 2063 2493 2135 Filio,
2544 2077 2599 2121 et
2655 2069 3012 2139 subiectionis
3064 2074 3269 2132 Christi
3325 2080 3529 2136 vicario
3563 2081 3820 2139 Romano

2222 2161 2467 2228 pontiﬁci
2498 2163 2714 2230 debitae,
2760 2180 2960 2235 praeter
2988 2185 3149 2240 quam
3203 2172 3339 2230 satis
3375 2175 3586 2231 indicat
3616 2187 3820 2233 noster

2223 2255 2518 2312 historicus
2549 2267 2604 2314 et
2631 2258 2722 2313 hic
2758 2270 2811 2316 et
2841 2262 3057 2332 quoties
3089 2265 3155 2320 de
3205 2265 3298 2321 illo
3331 2267 3466 2338 agit,
3520 2269 3820 2326 manifeste

2221 2343 2424 2399 evincit
2453 2346 2570 2416 ejus
2603 2356 2996 2405 tesmmentum
3031 2351 3267 2410 instante
3299 2368 3476 2412 morte
3500 2359 3552 2415 in
3581 2373 3818 2415 carcere

2224 2445 2301 2490 tot
2328 2439 2486 2494 anuis
2513 2455 2610 2508 pro
2645 2442 2904 2514 religione
2931 2459 2961 2499 a
2993 2447 3365 2507 schismaticis
3397 2451 3631 2507 tolerato
3679 2468 3818 2509 c0"-

2221 2532 2414 2587 ditum.
2449 2532 2778 2606 Sequebatur
2805 2543 3111 2597 testamenti
3141 2552 3316 2599 textus
3343 2563 3497 2616 quem
3527 2547 3616 2602 hic
3650 2549 3819 2602 antit-

2220 2627 2378 2680 timus
2403 2645 2517 2682 cum
2542 2630 2647 2695 iam
2672 2641 2837 2687 exstet
2869 2634 3008 2688 inter
3025 2632 3174 2691 Vecci
3203 2654 3361 2704 opera
3386 2640 3440 2694 in
3473 2649 3614 2696 tonio
3642 2640 3815 2698 CXL.

2291 2719 2661 2794 755—757
2695 2724 2954 2795 Requiret
2989 2727 3137 2786 forte
3162 2731 3360 2802 aliquis
3384 2734 3437 2787 in
3470 2742 3812 2788 testarnentu

2223 2812 2382 2869 Vecci
2411 2815 2817 2884 professionem
2849 2821 3210 2892 subjectionis
3237 2829 3305 2882 ad
3330 2825 3640 2883 Romanum
3671 2845 3814 2899 pon-

2219 2906 2442 2964 tificem.
2479 2907 2678 2966 Verum
2723 2928 2786 2967 ea
2826 2915 2981 2982 satis,
3014 2917 3066 2971 ni
3097 2917 3280 2987 fallor,
3307 2921 3556 2977 iunuitur
3585 2923 3641 2976 in
3673 2925 3811 2980 subo

2215 2999 2532 3071 scriptione,
2565 3006 2654 3060 ubi
2714 3022 2814 3076 pro
2872 3008 3480 3082 Constantinopblitano
3522 3018 3808 3088 archiepi-

2215 3109 2382 3168 scopo
2422 3114 2484 3154 se
2519 3101 2698 3156 adhuc
2759 3101 2942 3160 ferens
2998 3106 3227 3175 Yeccus,
3269 3112 3413 3181 quod
3446 3127 3599 3166 suam
3630 3114 3810 3184 depo-

2217 3190 2471 3246 sitionem
2505 3195 2696 3250 merito
2725 3197 2933 3252 irritam
2960 3203 3322 3266 existimaret,
3345 3204 3586 3261 abstinet
3613 3217 3798 3264 tamen

2215 3301 2244 3340 a
2276 3285 2431 3342 titulo
2460 3289 2750 3346 ambitiose
2771 3303 3037 3364 usurpato
3061 3297 3131 3352 ab
3158 3296 3434 3366 ejussedis
3460 3301 3806 3361 antistitibus

2212 3380 2601 3451 schistnaticis,
2629 3388 2954 3443 (ectintenici
2987 3393 3335 3461 patriarchae.
3441 3423 3445 3426 -

2285 3473 2346 3529 P.
2370 3476 2501 3532 279.
2526 3477 2619 3533 Illa
2646 3479 2732 3535 hic
2766 3495 3070 3542 memorata
3101 3488 3444 3544 consuetudo
3468 3499 3624 3548 vetus
3649 3505 3804 3547 com-

2213 3571 2668 3627 memorationem
2729 3575 3110 3634 defunctorum
3166 3582 3337 3636 multa
3371 3582 3551 3639 facum
3603 3600 3805 3643 accen-

2210 3661 2368 3716 sione
2399 3665 2709 3721 celebrandi
2744 3683 2846 3722 non
2881 3669 2948 3724 ad
2978 3671 3142 3741 paulo
3166 3684 3296 3729 ante
3321 3673 3524 3730 factam
3546 3679 3800 3750 Ληναιῶ-

2210 3772 2299 3819 νος
2329 3757 2687 3830 ἐνεστηκότος
2713 3762 2943 3818 ineuntis
2976 3763 3260 3822 Februarii
3289 3769 3620 3825 mentionem
3655 3772 3800 3828 refe-

2208 3849 2374 3909 renda
2406 3859 2512 3916 est,
2545 3853 2703 3921 quasi
2731 3853 2851 3922 ejus
2881 3857 3225 3924 potissimum
3278 3863 3485 3918 mensis
3517 3862 3674 3917 iuitio
3723 3881 3794 3920 rx

2209 3943 2374 4015 758
2406 3960 2557 4001 more
2608 3949 2831 4019 antiquo
2869 3951 2912 4005 is
2953 3951 3094 4007 ritus
3145 3954 3557 4024 observaretur,
3583 3960 3678 4013 sed
3720 3964 3788 4015 ad

2205 4036 2600 4094 iudicationem
2677 4043 3071 4112 praecedentem
3157 4062 3396 4119 vespera:
3455 4049 3790 4110 Parascews

2203 4132 2316 4184 sive
2344 4142 2512 4187 sextae
2544 4133 2715 4200 ferite,
2746 4138 2968 4206 quando
2995 4139 3105 4209 jam
3133 4157 3232 4196 usu
3256 4143 3632 4201 ecclesiastico
3661 4150 3794 4203 sab-

2207 4222 2392 4277 batum
2427 4226 2825 4293 postridiauum
2863 4229 3112 4287 inchoari
3136 4236 3484 4302 censebatur,
3512 4239 3786 4309 siquidem

2202 4318 2415 4372 cunctis
2450 4319 2910 4379 hebdomadarum
2955 4327 3197 4382 omnium
3253 4328 3506 4387 Sahbatis
3540 4333 3787 4392 Ecclesia

2202 4410 2388 4466 Greca
2421 4423 2758 4470 mortuorum
2797 4420 3114 4474 memoriam
3150 4423 3446 4479 recolebat.
3478 4425 3594 4482 Huc
3625 4430 3788 4485 docet

2702 4512 3017 4580 patriarcha
3064 4515 3202 4571 libro
3247 4517 3315 4574 de
3343 4517 3669 4589 Purgatorio
3700 4523 3783 4581 sic

2197 4598 2443 4652 scribens
2466 4617 2479 4652 ε
2526 4602 2737 4673 Ἀκμὴν
2764 4607 3019 4660 ἀσύνετοί
3048 4609 3193 4674 ἔστε,
3228 4612 3319 4664 καὶ
3345 4613 3447 4666 οὐκ
3467 4613 3670 4683 ἔγνωτε
3697 4619 3784 4674 ὅτι

2195 4693 2229 4760 ὴ
2257 4693 2350 4746 τοῦ
2389 4695 2628 4764 Χριστοῦ
2671 4698 2970 4770 Ἐκκλησία
2999 4701 3218 4774 εὔχεται
3240 4705 3328 4759 ἀεὶ
3355 4709 3494 4779 ὑπὲρ
3517 4727 3784 4783 κεκοιμηει

2197 4782 2393 4850 μένων,
2453 4787 2720 4843 καὶκατὰ
2756 4793 2865 4845 πᾶν
2927 4792 3206 4849 Σάϐϐατον
3260 4797 3437 4867 μόνως
3485 4805 3614 4873 περὶ
3670 4782 3782 4861 τῶν

2192 4873 2381 4946 ψυχῶν
2437 4878 2630 4948 μνείαν
2684 4887 2943 4953 ποιεῖται,
3005 4889 3101 4941 καὶ
3147 4889 3414 4964 Σαϐϐάτῳ
3455 4894 3535 4950 ἔτι
3567 4896 3649 4961 δὶς
3680 4900 3777 4954 τοῦ

2193 4966 2439 5022 ἐνιαυτοῦ
2459 4971 2582 5039 ἄγει
2604 4976 2917 5048 πανήγυριν
2939 4982 3068 5050 περὶ
3106 4983 3329 5053 μνήμης
3345 4987 3536 5056 ψυχῶν
3557 4992 3772 5058 μνείαν,

2193 5060 2252 5111 ὲν
2285 5060 2362 5129 τῷ
2395 5063 2499 5134 πρὸ
2531 5065 2626 5132 τῆς
2668 5066 2958 5138 Ἀπόκρεὼ
2990 5089 3135 5141 φημι
3173 5074 3268 5127 καὶ
3302 5076 3378 5146 τῷ
3417 5079 3526 5148 πρὸ
3567 5081 3776 5153 Πεντη-

2189 5154 2416 5223 κοστῆς.
2451 5154 2515 5227 [Ρ
2537 5157 2795 5232 διε-544]
2819 5163 3005 5218 Adhuc
3020 5176 3170 5221 etuas
3190 5170 3303 5222 sine
3330 5171 3593 5227 intellectu
3619 5183 3768 5243 estis,

2185 5256 2232 5299 et
2267 5262 2364 5300 non
2383 5252 2694 5318 coguovistis
2721 5252 2916 5308 Christi
2948 5254 3241 5316 Ecclesium
3261 5278 3418 5319 orare
3443 5283 3648 5332 semper
3674 5289 3771 5339 pro

2186 5337 2253 5392 iis
2299 5341 2389 5409 qui
2440 5344 2794 5413 dormierunt,
2826 5358 2876 5402 et
2907 5367 3001 5418 per
3030 5369 3183 5408 omne
3239 5356 3516 5411 sabbatum
3570 5378 3768 5416 memo-

2186 5435 2319 5488 riam
2349 5437 2522 5507 facere
2553 5442 2763 5498 solitam
2821 5449 3146 5507 animarum.
3197 5451 3564 5529 Pra’tercaque
3591 5460 3670 5516 bis
3708 5466 3768 5519 in

2185 5544 2324 5583 anno
2359 5537 2664 5604 panegyrim
2699 5539 2963 5595 celebrare
2992 5550 3513 5606 commentor-«tionis
3549 5557 3765 5610 anima-

2184 5640 2323 5692 rum,
2357 5626 2605 5681 nimirum
2645 5628 2875 5687 Sabbato
2902 5639 3226 5702 praecedente
3259 5640 3591 5702 Daminicam
3626 5648 3766 5704 Car.

2182 5714 2420 5782 πίερτὶήὲ
2465 5728 2514 5772 et
2547 5721 2767 5777 sabbato
2815 5737 2936 5782 ante
2995 5727 3353 5789 Pentecoslen.
3388 5735 3510 5791 lla‘c
3540 5738 3762 5797 Genna-

2182 5809 2323 5864 dius.
2355 5811 2540 5872 Annus
2578 5830 2686 5884 quo
2713 5819 2942 5891 contigit
2987 5823 3092 5878 hoc
3124 5823 3240 5881 loco
3271 5842 3488 5884 narrata
3537 5832 3757 5890 Andro-

2179 5905 2288 5961 nici
2350 5904 2790 5969 Thessalonicam
2825 5916 3114 5988 profectio,
3147 5929 3203 5975 ut
3253 5922 3394 5979 infra
3435 5924 3472 5979 Ι.
3503 5940 3587 5995 tu,
3616 5943 3665 5985 c.
3697 5928 3752 5998 7,
