4058 6298
232 376 346 442 ειτ

1703 383 1776 446 ’Ν
1782 387 1976 453 ΟΤΔΞ.

3413 383 3520 449 818

229 491 548 560 ostendam,
584 493 686 549 fuit
711 478 911 553 Christi
945 498 1107 556 i299.
1132 497 1235 566 Qui
1263 515 1440 556 annus
1470 515 1592 555 cum
1625 517 1816 556 nume-
1848 519 1900 580 Α
1926 501 2181 574 βασιλεὺς
2204 501 2409 568 ἔξεισι·
2439 501 2584 557 Tunc
2613 502 2778 574 igitur
2796 510 3021 577 paratus
3047 501 3338 568 imperator
3364 505 3518 560 exiit.

231 585 442 639 raverit
478 587 685 657 cyclum
716 589 850 663 solis
888 591 980 655 20,
1008 594 1093 648 cui
1136 595 1402 663 competit
1433 592 1617 650 littera
1659 595 1818 649 index

235 677 535 733 [Potninicaz
592 679 655 745 D,
705 682 1024 754 intelligitur
1089 686 1180 741 bic
1235 697 1595 741 memoratam
1633 684 1826 742 feriam

229 782 447 826 sextam
482 772 704 828 ineunte
726 773 1104 833 Februarioin
1121 789 1337 834 sextum
1367 779 1652 836 Februarii
1683 782 1825 837 diem

230 870 523 929 incidisse.
575 873 702 930 Fuit
758 890 894 944 ergo
948 876 1074 933 talis
1127 877 1236 934 diei
1291 893 1520 951 vespera
1568 879 1826 935 incboata

231 967 695 1024 ctnnntemoratio
743 969 1127 1024 defunctorum
1181 985 1329 1026 mere
1377 967 1824 1036 liebtlomadaria.

229 1073 345 1111 non
383 1068 565 1113 autem
596 1075 701 1115 una
735 1077 802 1116 ex
831 1062 1178 1118 solemnibus
1209 1073 1553 1120 mortuorum
1587 1080 1829 1138 panegy-

231 1152 412 1213 ribus.
443 1167 566 1222 qua
603 1153 709 1219 bis,
737 1163 884 1232 utea
922 1154 1210 1212 Genuadio
1237 1157 1566 1223 audivimus,
1597 1159 1650 1212 in
1684 1172 1828 1213 anno

231 1249 566 1302 caremonia
629 1249 972 1317 exquisitiori
1008 1250 1385 1318 celebrantur,
1416 1251 1659 1306 Sabbato
1684 1267 1829 1323 prte-

234 1343 467 1395 cedeute
505 1340 838 1397 Dominicam
903 1343 1191 1416 Ἀπὸκρεω
1221 1347 1358 1408 slve,
1393 1356 1450 1400 ut
1501 1361 1623 1400 cum
1669 1346 1828 1416 vulgo

232 1436 455 1513 loquar,
490 1435 843 1504 Carnispririi
871 1436 1206 1504 Grmcorum,
1237 1454 1357 1506 qua:
1389 1439 1650 1494 coincidit
1678 1452 1824 1492 οειιιιι

233 1538 430 1583 nostra
463 1528 745 1585 Dominica
773 1531 1167 1604 Sexagesima.
1190 1544 1244 1586 et
1277 1531 1518 1588 Sabbato
1543 1541 1668 1589 ante
1690 1530 1826 1587 Pen-

239 1631 513 1678 tecostcu.
561 1623 696 1677 Nam
755 1625 823 1680 de
878 1625 1117 1679 Sabbatn
1174 1627 1392 1695 quidem
1449 1625 1827 1691 Pentecostes,

238 1717 377 1770 satis
406 1728 554 1787 patet
582 1734 746 1787 quam
783 1735 809 1771 a
865 1736 1048 1776 mense
1080 1719 1380 1776 Februario
1433 1732 1698 1776 remotum
1733 1722 1826 1776 sit.

1931 591 2152 660 ltaille,
2184 596 2446 653 translata
2500 596 2568 651 ad
2627 607 2951 667 apparatum
3010 596 3362 665 profectionis
3414 597 3523 653 diei

1933 702 2264 758 parasceves
2303 689 2660 760 expressionis
2692 706 2708 755 ;
2739 703 2848 758 quo
2887 697 2942 744 et
2973 688 3124 746 valde
3146 688 3526 760 superﬁciaria

1932 780 2252 837 defunctum
2279 782 2427 838 bunc
2443 782 2862 854 epitomatorem
2887 791 3133 853 apparet.
3156 793 3212 837 et
3235 797 3342 837 non
3367 781 3526 838 valde

1931 871 2102 930 fuisse
2133 876 2367 946 peritum
2401 877 2604 931 rituum
2637 873 2954 931 Graecorum
2987 875 3227 948 suspicio
3251 888 3524 933 movetur.

1931 968 2048 1023 Non
2086 967 2266 1023 fuisse
2303 968 2437 1024 mihi
2497 978 2681 1025 tamen
2741 967 2893 1026 illum
2954 971 3230 1036 inutilem,
3267 970 3356 1027 hic
3409 971 3528 1042 ipse

1931 1070 2088 1130 grate
2117 1063 2406 1133 protitendi
2441 1061 2599 1118 locus
2626 1072 2728 1120 est.
2758 1063 2891 1119 Nam
2927 1064 3174 1135 quaedam
3212 1065 3265 1120 in
3297 1066 3405 1124 hoc
3433 1081 3527 1124 ca-

1933 1154 2062 1222 pite,
2102 1164 2264 1225 prout
2294 1155 2621 1212 describitur
2653 1157 2706 1211 in
2736 1155 3018 1212 codicibus
3049 1157 3262 1212 duobus
3283 1157 3526 1228 alioquin

1931 1246 2175 1316 optimis,
2228 1248 2491 1304 tliminute
2541 1259 2632 1302 aut
2680 1248 3086 1309 confusiuscule
3132 1251 3307 1319 posita
3339 1266 3528 1309 exser-

1933 1335 2039 1390 tius
2061 1333 2358 1392 Vaticanus
2387 1338 2780 1409 paraphrastes
2815 1349 2871 1395 et
2911 1340 3317 1410 intelligibilius
3358 1357 3529 1411 expo-

1934 1426 2029 1481 nit.
2061 1427 2241 1494 Quare
2271 1429 2516 1483 nonnihil
2549 1445 2614 1485 ex
2634 1429 2723 1484 illo
2743 1430 3109 1500 interpretans
3131 1433 3362 1501 adscivi;
3385 1438 3528 1504 quod

1930 1519 2092 1587 quale
2117 1520 2210 1585 sit,
2235 1535 2322 1585 ne,
2347 1521 2434 1576 cui
2466 1521 2606 1577 forte
2632 1522 2682 1577 id
2711 1539 2859 1580 curae
2881 1524 3064 1591 fuerit,
3103 1526 3337 1597 ignoret,
3366 1529 3528 1582 verba

1929 1613 2048 1680 ejus
2067 1611 2152 1668 hic
2177 1613 2470 1668 ascribam.
2497 1613 2644 1671 Loco
2668 1617 2832 1685 igitur
2861 1632 3052 1674 eorum
3076 1634 3197 1690 qua:
3225 1631 3531 1691 sequuntur

1932 1705 1984 1760 in
2012 1716 2199 1762 nostro
2229 1719 2489 1764 contextu
2514 1709 2706 1766 Graeco
2728 1712 2954 1782 postilla
2989 1713 3151 1770 verba
3185 1712 3438 1786 Ἰωάννης
3467 1717 3528 1770 δέ

237 1810 542 1866 Sabbatutn
574 1824 754 1866 autem
789 1812 1084 1868 Dominica!
1112 1813 1470 1884 Carnisprivii
1509 1815 1824 1870 Graecorum

1937 1819 2104 1873 usque
2138 1804 2205 1858 ad
2233 1803 2396 1860 tinem
2425 1807 2645 1878 capitis,
2671 1807 2972 1865 Vaticanus
2998 1810 3061 1882 [P
3083 1810 3210 1884 545]
3242 1814 3353 1866 bace
3374 1817 3531 1896 exiti-

237 1905 358 1959 sive
413 1904 803 1976 Sexagesima,
845 1907 938 1961 illo
978 1922 1123 1962 anno
1157 1907 1366 1963 Pascha
1404 1908 1470 1963 l9
1497 1909 1698 1979 Aprilis
1728 1908 1829 1962 lia-

1937 1896 2051 1951 bet:
2077 1897 2136 1949 '0
2160 1897 2215 1951 δὲ
2233 1899 2580 1970 πατριάρχης
2599 1901 2770 1974 ἔμαθε
2794 1906 2862 1957 τὰ
2884 1903 3250 1976 βουλευόμενα
3273 1891 3532 1976 napis:-

241 2000 426 2060 bente,
450 1998 550 2052 luit
579 2000 692 2053 dies
725 1999 790 2053 ει
830 1999 1134 2066 Februarii,
1155 2014 1276 2069 qua:
1301 1999 1368 2054 ad
1394 2000 1688 2069 Ληναιῶνα
1711 2002 1830 2053 eve-

1937 2006 2044 2052 νος.
2073 1990 2282 2056 Ἕξεισι
2305 1994 2434 2062 γοῦν
2449 1994 2528 2065 τῷ
2549 1995 2764 2066 βασιλεῖ
2783 2000 3179 2067 συνταξὸμενος
3201 2008 3292 2054 καὶ
3309 2001 3378 2054 τὰ
3402 2002 3530 2071 περὶ

243 2092 483 2162 στηκότα
515 2092 782 2147 ineuntem
816 2091 1173 2147 Februarium
1204 2095 1352 2148 nullo
1381 2103 1541 2164 pacto
1567 2095 1829 2163 pertinet.

244 2184 444 2240 Notum
470 2186 672 2256 quippe
699 2188 834 2243 satis
863 2187 1052 2242 decem
1087 2196 1302 2241 tantum
1338 2188 1544 2257 primos
1569 2185 1832 2255 cujusque

246 2281 453 2336 mensis
479 2283 599 2337 dies
631 2282 735 2337 ista
768 2281 940 2352 μηνὸς
973 2282 1329 2354 ἐνεστηκότος
1363 2281 1557 2336 mensis
1596 2281 1829 2336 ineuntis

245 2375 388 2444 apud
422 2371 642 2430 Graecos
678 2375 1046 2444 appellatione
1093 2375 1404 2444 designari;
1437 2389 1560 2428 cum
1615 2374 1709 2444 qui
1743 2387 1830 2428 se-

243 2476 487 2536 quuntur
516 2467 585 2522 ad
613 2467 684 2522 20
713 2467 973 2539 μεσοῦντι
1008 2466 1139 2539 μηνί
1167 2465 1424 2522 medianti
1485 2469 1671 2528 mensi,
1697 2467 1832 2536 reli~

241 2560 341 2628 qui
400 2566 469 2615 ad
526 2561 688 2615 finem
747 2576 921 2629 usque
963 2560 1212 2633 λήγοντι,
1245 2562 1346 2616 hoc
1399 2572 1482 2616 est
1535 2561 1832 2625 desinenti,

244 2655 423 2709 mensi
461 2656 793 2711 tribuantur.
824 2658 1006 2726 Atque
1044 2657 1146 2710 hoc
1187 2655 1384 2724 ipsum,
1439 2655 1693 2709 videlicet
1744 2671 1834 2708 nr-

241 2747 516 2803 dinariam
549 2759 604 2803 et
639 2749 1126 2805 hebdotnadariam
1160 2750 1428 2805 duntaxat
1473 2748 1640 2804 fuisse
1689 2749 1836 2804 hanc

239 2845 822 2898 commemorationem
876 2855 1238 2910 mortuorum,
1274 2843 1478 2900 iudicat
1531 2854 1715 2900 noster
1747 2843 1836 2899 bi-

238 2937 508 3006 storicus,
563 2938 691 2992 dum
743 2953 852 2993 non
910 2939 1440 3010 πανηγυριζομὲνων
1475 2940 1568 2995 sed
1621 2955 1833 3010 μνημο-

238 3031 554 3103 νευομένων
607 3031 711 3088 hoc
763 3034 885 3089 loco
935 3033 1047 3087 τῶν
1099 3034 1524 3104 κεκοιμημένων
1561 3033 1832 3088 meminit.

241 3123 581 3181 blentionem
617 3139 781 3195 porro
816 3123 906 3180 bic
955 3125 1158 3180 factam
1222 3139 1575 3181 accensarum
1627 3124 1831 3187 lacum,

1933 2082 2140 2137 τούτων
2166 2087 2407 2159 κινήσων
2430 2089 2780 2162 βουλόμενος.
2807 2093 2986 2146 Πολλὰ
3017 2095 3136 2167 γὰρ
3156 2091 3224 2167 ἦν
3255 2095 3322 2169 τα
3354 2111 3530 2166 προσ-

1935 2174 2210 2247 ιστάμενα
2233 2179 2309 2251 τῷ
2337 2181 2775 2255 συναλλάγματι,
2805 2186 3024 2255 πρῶτον
3048 2187 3108 2241 τὸ
3134 2188 3406 2242 ἀπολῦσαι
3431 2190 3532 2262 τὴν

1938 2265 2078 2322 ιδίαν
2126 2277 2365 2338 γυναῖκα
2400 2273 2498 2327 τὸν
2526 2275 2769 2348 κράλην,
2796 2277 3061 2352 δεύτερον·
3109 2280 3382 2351 ἅνήλικονη
3428 2283 3530 2352 τῆς

1937 2361 2231 2432 θυγατρὸς,
2269 2363 2458 2436 τρίτον
2489 2366 2549 2420 τὸ
2583 2368 2922 2439 ἀκουσθῆναι
2964 2369 3045 2446 ,ὡς
3105 2371 3530 2442 ἐπιδημήσασαν

1934 2454 2036 2525 τὴν
2086 2457 2328 2527 μοναχὴν
2373 2461 2819 2532 γυναικιαδέλφην
2845 2465 2940 2517 τοῦ
2977 2467 3254 2535 προτέρου
3290 2465 3531 2535 ἀδελφοῦ

1937 2549 2215 2618 Στεφάνου
2245 2550 2341 2604 τοῦ
2371 2555 2553 2624 κράλη
2594 2557 2672 2620 εἰς
2699 2556 2935 2628 Σιρὸίαν
2971 2559 3104 2613 ἰδεῖν
3135 2559 3233 2631 τὴν
3262 2559 3540 2628 ἀδελφὴν...

1934 2641 2058 2712 ἥτις
2085 2636 2150 2714 ἧν
2180 2643 2324 2715 γυνὴ
2349 2645 2449 2698 τοῦ
2484 2645 2781 2718 Στεφάνου,
2816 2649 2965 2714 ὅστις
3019 2647 3088 2722 ἦν
3118 2653 3210 2707 καὶ
3241 2633 3529 2721 κατεαγὼς

1933 2733 1994 2786 τὸ
2025 2734 2218 2801 σκέλος
2247 2753 2259 2766 ·
2294 2738 2381 2791 διὰ
2411 2737 2569 2794 τοῦτο
2619 2740 2718 2794 καὶ
2767 2742 3142 2813 ἀπραγμόνως
3178 2744 3275 2815 ἔζη
3304 2763 3316 2776 ·
3362 2745 3521 2811 αὐτὸς

1938 2825 2048 2897 γὰρ
2075 2823 2144 2900 ἦν
2163 2829 2500 2901 δικαιότερος
2525 2831 2624 2904 τὴν
2645 2833 2820 2905 ἀρχὴν
2843 2835 3010 2907 ἔχειν,
3031 2835 3105 2901 ὡς
3132 2839 3347 2908 πρῶτος
3370 2840 3529 2894 ἁδελ-

1939 2921 2041 2991 φάς
2068 2937 2083 2954 ⁶
2110 2915 2261 2996 αὒτὴ
2295 2925 2427 2992 γοῦν
2463 2929 2496 2998 ἠ
2527 2930 2740 3002 μοναχῆ
2775 2934 2869 2984 καὶ
2899 2915 3302 3003 τοῦἱβασιλέως
3332 2930 3398 3006 ἦν
3425 2953 3526 3002 γυ-

1937 3015 2271 3089 ναικαδέλφη
2302 3022 2367 3072 ἐκ
2391 3020 2490 3086 τῆς
2520 3021 2614 3073 τοῦ
2656 3023 2821 3093 ρηγὸς
2853 3025 3152 3095 Οὺγγρίας.
3185 3028 3404 3099 Ταύτην
3431 3030 3526 3084 οὖν

1937 3106 2103 3177 (forte
2127 3113 2322 3184 ταύτῃ)
2357 3114 2632 3182 πορνικῶς
2666 3115 2915 3190 ἠκούσθη
2959 3121 3310 3192 συμμιγῆ-ναι
3338 3125 3364 3178 ὁ
3390 3127 3524 3197 κρά-

239 3230 411 3287 quam
449 3232 550 3287 ego
612 3218 1072 3288 interpretatione
1103 3221 1170 3273 ad
1204 3218 1642 3275 ecclesiasticum
1676 3234 1830 3273 usum

1939 3199 2035 3271 λης
2060 3202 2088 3254 ὁ
2120 3205 2219 3275 τὴν
2259 3205 2538 3279 θυγατέρα
2571 3211 2666 3265 τοῦ
2695 3211 2966 3282 βασιλέως
2989 3213 3303 3286 λαμϐάνων.

241 3282 636 3372 ιῖετθοο,ἠοιι
687 3282 862 3366 deerit
893 3311 1033 3366 forte
1071 3311 1163 3381 qui
1201 3291 1501 3367 contendat
1551 3309 1620 3364 ad
1680 3325 1830 3364 mere

2007 3295 2071 3352 P.
2106 3297 2234 3355 306.
2273 3299 2631 3359 Enarratores
2665 3282 3078 3377 Ascrteipoetazi
3111 3309 3258 3366 Sane
3291 3313 3342 3366 in
3374 3311 3524 3370 Cra»

242 3399 463 3455 civilem
500 3399 838 3458 referendam
870 3401 1040 3460 fuisse
1067 3405 1356 3460 rationem.
1387 3402 1682 3458 Enimvero
1737 3419 1836 3459 nec

239 3508 353 3564 ego
381 3493 574 3562 ignoro
613 3494 707 3550 tali
737 3495 1056 3566 plerumque
1082 3495 1357 3551 locutione
1390 3496 1661 3566 designari
1698 3506 1835 3550 temo

244 3601 354 3656 pus
383 3600 629 3657 vespera:
659 3587 861 3643 adulta:
909 3603 1082 3660 usque
1130 3590 1198 3645 ad
1228 3588 1340 3658 jam
1396 3589 1836 3645 iucrebcsceutes

245 3679 506 3735 tenebras
555 3689 680 3751 post
729 3695 987 3737 occasum
1027 3683 1185 3748 solis,
1218 3685 1438 3754 quando
1490 3684 1557 3738 ad
1589 3698 1839 3740 necessa-

248 3772 392 3826 rium
423 3772 642 3847 videndi
689 3789 872 3842 usum,
925 3775 1069 3830 intra
1109 3776 1300 3831 domos
1345 3768 1646 3846 prtesertim
1689 3775 1837 3830 faces

249 3865 645 3922 accenduntur.
678 3867 789 3923 Sed
837 3867 884 3922 si
942 3870 1066 3937 quis
1096 3869 1364 3924 attentius
1397 3877 1638 3938 reputet,
1668 3866 1837 3938 759

249 3958 462 4015 videbit
490 3960 637 4015 haud
670 3974 793 4016 esse
823 3960 1124 4017 verisimile
1176 3961 1590 4032 imperatorem,
1624 3974 1836 4015 summa

249 4053 558 4124 praesertim
613 4061 668 4109 et
719 4055 888 4124 rigida
926 4054 1130 4120 hieme,
1164 4054 1357 4110 horam
1386 4053 1617 4121 elegisse
1652 4052 1840 4123 profe-

251 4145 421 4201 ctioni
468 4159 535 4202 ex
577 4145 714 4202 urbe
751 4147 1123 4217 capessendae,
1170 4163 1279 4218 qua
1341 4158 1500 4203 nocte
1551 4146 1842 4217 ingruente

251 4254 346 4295 aer
373 4241 550 4309 magis
582 4243 867 4312 magisque
893 4243 1308 4297 obscuraretur.
1336 4239 1520 4296 Prima
1552 4255 1686 4312 ergo
1710 4254 1842 4308 pars

251 4335 552 4407 vespertini
578 4337 864 4406 temporis,
902 4337 1020 4394 sole
1046 4336 1114 4391 ad
1145 4352 1404 4411 occasum
1435 4345 1700 4408 vergente
1735 4337 1838 4391 sub

255 4430 474 4484 tertiam
530 4433 720 4486 liorem
772 4446 804 4487 a
841 4432 1092 4499 meridie,
1153 4431 1510 4503 intelligenda
1562 4439 1670 4487 est.
1719 4429 1836 4484 Tali

255 4519 402 4572 enim
441 4527 688 4588 tempore
717 4531 867 4576 recte
897 4521 1198 4593 imperator
1227 4539 1350 4578 cum
1385 4521 1840 4580 numerosissimo

254 4628 356 4670 suo
385 4615 658 4670 comitatu
679 4617 809 4671 dare
831 4632 890 4672 se
919 4617 975 4672 in
1009 4617 1151 4671 viam
1200 4617 1400 4687 potuit,
1428 4617 1672 4688 reliquiis
1702 4615 1840 4670 lucis
1871 4644 1914 4698 υ

253 4706 468 4783 diurnae
514 4707 826 4764 suﬂecturis
880 4710 946 4763 ad
997 4712 1420 4778 perveniendum
1475 4710 1529 4764 in
1587 4710 1835 4765 dissitani

255 4803 447 4874 paucis
502 4803 833 4860 milliaribus
886 4819 952 4859 ac
981 4804 1350 4860 suburbanam
1388 4805 1678 4860 stationem
1720 4804 1837 4858 Dri-

255 4911 412 4964 peam
439 4912 456 4951 :
484 4896 559 4951 ibi
595 4897 741 4952 enim
798 4897 1160 4953 diversorium
1221 4898 1456 4951 habebat
1497 4905 1747 4968 paratum
1783 4900 1836 4950 in

259 5000 477 5048 noctem
513 4989 915 5060 insequentem.
947 4988 1063 5046 Non
1096 5003 1226 5060 ergo
1251 4989 1467 5058 quando
1498 4990 1633 5043 urbe
1666 4989 1840 5060 impe-

258 5095 413 5139 rator
442 5082 757 5138 exivit-sole
805 5084 985 5138 adhuc
1029 5083 1246 5137 lucente
1289 5082 1471 5137 civilis
1500 5081 1844 5138 necessitatis

258 5177 434 5247 gratia
469 5173 617 5232 faces
641 5176 1250 5241 accendebantur,.cum
1275 5176 1434 5247 longe
1456 5175 1840 5244 crepusculum

258 5257 501 5346 abesset.
530 5271 710 5338 Quare
742 5278 914 5327 restat
953 5281 1008 5326 ut
1036 5273 1087 5327 id
1122 5272 1191 5326 ad
1214 5271 1594 5326 cmremoniam
1627 5269 1846 5338 religio-

258 5380 376 5420 sam
408 5364 482 5420 sit
523 5363 893 5431 referendum,
922 5364 1183 5435 occupari
1229 5362 1487 5419 videlicet
1538 5362 1700 5418 solita
1725 5359 1840 5430 jam

260 5470 374 5512 tum
439 5458 785 5528 postridiana
849 5459 1373 5515 commemoratione
1433 5456 1846 5522 defunctorum,

254 5551 628 5608 accendendis
651 5566 750 5622 per
771 5552 955 5606 omnia
993 5552 1188 5621 templa
1218 5549 1536 5621 luminibus.
1563 5549 1643 5605 Ad
1670 5561 1823 5606 extre

260 5661 410 5708 mum
445 5647 678 5702 observo
707 5644 1036 5701 mentionem
1084 5647 1178 5701 hic
1234 5646 1594 5717 παρασκευῆς
1628 5661 1735 5701 non
1764 5645 1848 5700 in-

261 5739 534 5795 tellectam
566 5753 597 5792 a
639 5737 901 5793 Vaticano
948 5739 1305 5810 paraphrasto
1351 5738 1507 5810 juxta
1546 5752 1727 5793 veram
1789 5747 1842 5793 et

261 5834 516 5888 usitatam
549 5832 763 5888 anetori
816 5833 1093 5888 notionem
1151 5831 1301 5888 feria:
1351 5840 1539 5888 sextae.
1576 5830 1668 5886 Sic
1697 5831 1840 5886 enim

264 5924 410 5982 hunc
435 5924 616 5982 locum
652 5925 914 5985 exhibet:
949 5925 1082 5983 Τότε
1110 5925 1243 5995 γοῦν
1294 5924 1775 5998 παρασκευασθεὶς
1813 5928 1840 5979 ὁ

1938 3390 2021 3446 cis
2043 3391 2270 3448 scholiis
2302 3394 2463 3451 hodie
2513 3397 2568 3451 in
2602 3395 2896 3455 Hesiodum
2928 3407 3270 3460 exstantibus
3305 3405 3428 3477 (fol.
3455 3410 3526 3463 68

1937 3484 2026 3538 ed.
2062 3482 2282 3541 Veneta:
2333 3487 2640 3547 Trittcaveli
2689 3495 2816 3550 anui
2878 3495 3040 3567 1537)
3074 3497 3271 3568 legitur
3322 3500 3386 3555 ad
3434 3502 3524 3557 illa

1940 3586 2112 3645 poetae
2146 3579 2306 3634 verba
2340 3581 2486 3652 μῆνα
2506 3583 2562 3638 δὲ
2585 3583 2881 3657 Ληναιῶνα
2914 3591 3028 3646 haec
3057 3589 3394 3662 MoscliOpuli
3428 3596 3525 3647 atl-

1941 3671 2148 3726 nutatio
2175 3691 2190 3727 :
2223 3674 2379 3729 Κατὰ
2409 3678 2501 3732 τὸν
2532 3679 2680 3750 μῆνα
2709 3681 2768 3735 δὲ
2819 3683 3134 3756 Ληναιῶνα,
3176 3687 3326 3751 ὅστις
3359 3689 3528 3760 760

1939 3763 2057 3818 ἐστὶ
2080 3763 2435 3844 Ἰανουάριος.
2459 3771 2621 3836 Infra,
2643 3773 2735 3828 fol.
2755 3776 2825 3830 75
2844 3792 2900 3846 p.
2919 3779 2953 3832 ἓ
2972 3789 3091 3848 post
3107 3782 3341 3836 medium
3355 3780 3526 3848 Joan-

1943 3869 2038 3911 nes
2071 3855 2302 3916 Tzetzes
2337 3863 2404 3918 ad
2446 3867 2695 3920 eumdem
2726 3866 2902 3923 locum
2932 3874 3010 3926 sic
3043 3873 3332 3930 observat:
3360 3877 3524 3946 Μῆνα

1939 3946 1997 4001 δὲ
2025 3947 2316 4022 Ληναιῶνα
2343 3956 2436 4009 τὸν
2459 3955 2634 4012 Χοιὰκ
2661 3960 2780 4031 ἦτοι
2811 3961 2900 4017 τὸν
2939 3964 3296 4038 Ἰανουάριον,
3325 3968 3383 4033 ὃς
3412 3970 3524 4043 Λη-

1939 4044 2093 4108 ναιὸς
2117 4045 2268 4118 παρὰ
2302 4048 2454 4104 Ἴωσι
2484 4051 2756 4110 καλεῖται.
2783 4054 2936 4122 Quod
2969 4066 3148 4116 autem
3200 4077 3260 4116 se
3309 4061 3522 4136 Pachy-

1943 4153 2124 4194 meres
2149 4139 2354 4211 alioqui
2389 4143 2804 4203 dissentientem
2861 4150 2913 4205 in
2967 4151 3070 4208 hoc
3113 4153 3184 4211 ab
3219 4156 3302 4222 iis,
3338 4165 3521 4214 tamen

1941 4230 2070 4286 dum
2105 4248 2326 4289 carmen
2362 4239 2507 4306 apud
2557 4239 2706 4309 ipsos
2741 4254 3002 4314 pangeret
3027 4245 3097 4318 (at
3132 4249 3224 4302 xui
3251 4252 3414 4321 ἡμεῖς
3463 4255 3521 4306 ἐν

1940 4326 2055 4387 τοῖς
2080 4325 2203 4381 κατ’
2231 4329 2435 4393 αὐτοὺς
2463 4332 2877 4412 ὲπσποιοῦντες)
2912 4339 3068 4407 quasi
3093 4355 3354 4409 excusat,
3377 4346 3523 4414 quod

1940 4432 2128 4473 eorum
2170 4421 2533 4491 improbatam
2587 4427 2724 4482 alias
2781 4432 3119 4486 sententiam
3164 4440 3521 4504 expresserit,

1943 4521 2034 4566 aut
2063 4511 2272 4570 indicat
2306 4531 2366 4572 se
2403 4519 2632 4590 alicujus
2675 4521 2876 4577 horum
2907 4525 3157 4595 magistri
3192 4525 3372 4581 ludum
3407 4529 3518 4586 fre-

1943 4613 2295 4674 quentantem
2342 4624 2438 4665 eos
2484 4627 2676 4669 versus
2723 4617 3157 4686 conscripsisse;
3191 4630 3287 4674 aut
3315 4622 3359 4676 si
3388 4636 3521 4679 actas

1945 4695 2030 4759 vel
2065 4698 2212 4752 aliud
2255 4712 2521 4772 repugnet
2575 4706 2866 4774 quominus
2904 4706 3134 4766 Joannis
3179 4709 3400 4783 Taetzas
3427 4728 3523 4769 aut

1941 4791 2280 4863 Moscbopuli
2315 4793 2681 4868 Pacliymeres
2723 4800 2938 4857 auditor
2975 4786 3300 4871 fuerin-dici
3338 4817 3527 4876 posset

1943 4883 1997 4938 id
2032 4899 2257 4942 carmen
2289 4888 2358 4942 ab
2386 4904 2451 4943 eo
2486 4891 2754 4962 scriptum
2784 4895 2910 4949 dum
2953 4896 3348 4969 ludimagistris
3379 4917 3525 4971 cpe-

1945 4990 2060 5030 ram
2098 4991 2233 5046 puer
2272 4979 2446 5046 daret,
2477 4982 2566 5050 qui
2615 4980 2906 5038 Hesiodum
2939 5001 3006 5041 ex
3054 4989 3206 5058 prius
3233 4991 3525 5060 publicatis

1943 5067 2171 5126 Joannis
2215 5069 2429 5128 Tzetza:
2475 5084 2572 5128 aut
2610 5075 2850 5147 cujusvis
2884 5080 3114 5137 alterius
3162 5086 3525 5154 expositioni-

1944 5161 2048 5219 bus
2083 5180 2425 5223 euarrareut.
2459 5167 2580 5223 Dixi
2607 5179 2660 5224 et
2693 5172 2760 5226 de
2787 5167 2869 5227 bis
2900 5172 2953 5227 in
2983 5173 3289 5240 Glossario.

2019 5255 2077 5310 Ρ.
2097 5256 2221 5313 308.
2261 5258 2349 5323 Ὠς
2368 5259 2495 5331 μήτ’
2517 5261 2652 5314 αιδὼ
2675 5263 2805 5334 παρ’
2825 5263 3073 5336 ἀλλήλων
3092 5267 3317 5324 diram:
3340 5270 3522 5340 σφίσι.

1948 5348 2104 5406 Ultro
2124 5351 2300 5408 fateor
2319 5367 2408 5409 me
2435 5355 2488 5410 in
2519 5354 2605 5411 bis
2652 5356 2834 5415 verbis
2880 5359 3217 5431 supplevisse
3258 5347 3521 5434 syllabam

1944 5448 2028 5502 ἀπ
2062 5447 2115 5503 in
2143 5449 2310 5503 verbo
2345 5443 2507 5517 εἶναι,
2555 5453 2701 5522 quod
2751 5453 2927 5509 solum
2960 5456 3012 5510 in
3041 5455 3363 5514 caudicibus
3395 5458 3436 5514 Β
3469 5469 3522 5516 et

1945 5540 1992 5595 A
2032 5541 2331 5612 legebatur,
2365 5544 2560 5600 mendo
2607 5559 2642 5600 a
2669 5544 2770 5602 loci
2801 5547 3072 5604 sententia
3106 5549 3395 5609 manifeste
3429 5570 3520 5611 re-

1947 5638 2196 5709 darguto.
3383 5710 3390 5716 .

2007 5733 2079 5792 -P.
2107 5733 2233 5790 52f.
2264 5732 2508 5806 Respicit
2535 5734 2620 5792 his
2649 5744 2842 5794 auctor
2885 5752 3000 5794 rem
3049 5751 3322 5794 narratam
3349 5740 3522 5800 Iliad.

1947 5827 1975 5881 δ
2009 5843 2038 5882 a
2069 5843 2122 5882 ν.
2155 5827 2226 5884 95
2262 5829 2329 5884 ad
2357 5828 2482 5884 154.
2512 5829 2590 5884 ibi
2618 5828 2897 5887 Pandarus
2932 5831 3171 5887 refertur
3200 5833 3520 5889 inobserva-

1951 5935 2037 5982 tus
2075 5933 2130 5984 ct
2161 5935 2352 5984 contra
2389 5924 2551 5983 fidem
2586 5924 2725 5997 pacti
2781 5925 3002 5985 foederis
3037 5927 3289 6000 sagittam
3327 5928 3379 5984 in
3412 5926 3531 5987 Μαι
