4058 6298
360 370 475 432 825

1863 377 2106 441 NOTAE.

3519 374 3628 437 826

363 493 578 549 scimus
627 493 829 550 Christi
885 495 1121 550 natalem
1160 496 1254 551 illo
1295 511 1440 552 anno
1473 496 1733 555 incidisse
1786 498 1842 553 in
1879 497 1958 554 fe-
1991 507 2034 561 Α
2063 497 2116 552 in
2149 496 2266 566 eius
2295 497 2540 568 epistolis
2590 497 2837 568 legantur
2871 496 2924 550 in
2977 512 3096 552 eam
3146 495 3466 552 sententiam
3521 509 3628 566 qua

366 587 514 639 riam
562 596 796 641 sextam.
829 586 1009 652 Quare
1057 588 1131 642 25
1190 589 1502 644 Decembris
1554 588 1694 644 feria
1725 599 1946 661 quarta,

367 678 463 733 die
495 690 624 734 ante
647 678 850 736 Christi
887 679 1135 736 Natalem
1170 683 1356 748 tertia,
1400 681 1586 739 clades
1615 683 1705 738 illa
1745 685 1946 738 sultani

369 768 685 843 contigerit.
717 767 831 824 Nisi
857 769 982 838 quis
1019 781 1168 824 retro
1214 785 1335 826 eam
1374 785 1595 828 movere
1633 771 1700 827 ad
1746 787 1948 826 annum

370 862 719 932 superiorem
771 862 973 918 Christi
1012 863 1154 920 4298
1189 865 1361 929 malit,
1392 880 1502 936 quo
1530 865 1709 936 vigilia
1740 864 1950 920 Natalis

368 953 578 1009 Christi
608 955 724 1011 dies
761 954 1012 1012 Mercurii
1046 955 1172 1012 fuit.
1211 957 1288 1013 De
1319 958 1405 1014 his
1433 958 1769 1016 disseremus
1795 966 1950 1031 post-

368 1061 438 1101 ea
466 1046 502 1101 l.
535 1063 594 1101 ιιι
627 1047 817 1102 harum
851 1047 1008 1117 Obs.,
1037 1065 1088 1104 c.
1115 1048 1171 1114 7,
1203 1067 1261 1106 n.
1295 1051 1384 1107 i9.

451 1137 598 1196 Ibid.
652 1141 794 1196 Ante
845 1143 1027 1198 omnia
1087 1144 1275 1200 lectori
1314 1143 1580 1201 rationem
1614 1143 1784 1199 reddo
1817 1159 1946 1211 sup.

372 1230 535 1299 plette
561 1246 593 1287 a
627 1250 710 1288 me
745 1234 1116 1305 laCIIIIEB,qu:B
1163 1236 1250 1291 hic
1281 1235 1337 1290 in
1371 1251 1474 1291 ms.
1501 1237 1809 1306 archetypis
1835 1236 1954 1289 hia-

373 1328 492 1381 bat.
536 1325 628 1380 Sic
665 1327 810 1381 enim
857 1328 930 1382 ibi
967 1340 1192 1386 exstat:
1236 1331 1297 1384 Et
1329 1331 1405 1400 μή
1456 1332 1508 1400 γ’
1561 1330 1756 1400 ἐκείνῳ
1801 1330 1862 1383 τὸ
1891 1333 1949 1382 ὲν

369 1415 550 1488 stin...
577 1419 762 1472 τόπων
795 1422 1084 1491 ἁμμῶδες.
1123 1421 1234 1493 Ego
1264 1422 1408 1478 inter
1431 1423 1508 1494 τῷ
1549 1433 1602 1478 ct
1630 1424 1815 1477 τόπων
1845 1425 1951 1476 duo

389 1512 511 1565 haec
569 1513 734 1566 verba
787 1515 978 1583 πρόσω
1007 1516 1207 1585 χωρεῖν
1264 1515 1550 1571 inserenda
1599 1519 1805 1582 censui,
1839 1532 1946 1570 non

373 1602 495 1658 sine
527 1605 1008 1662 verisimilitudine
1060 1609 1342 1667 conlidens
1399 1610 1540 1665 haud
1594 1611 1752 1678 longe
1792 1611 1872 1664 sic
1918 1625 1947 1664 a

374 1713 504 1753 vera
543 1699 869 1768 primigenia
927 1702 1227 1773 scriptione
1283 1705 1473 1760 abesse
1521 1706 1663 1760 hunc
1715 1705 1792 1759 ita
1823 1719 1951 1773 sup-

371 1792 580 1862 pletum
613 1793 816 1848 locum.

444 1881 508 1941 P.
542 1883 669 1940 458.
720 1887 846 1941 Hac
895 1904 1015 1957 ante
1054 1887 1416 1960 Pachymeres
1446 1889 1548 1945 hoc
1583 1889 1701 1944 loco
1733 1890 1802 1945 de
1853 1889 1955 1945 Ca-

371 1986 513 2026 zane
545 1975 753 2040 scribit,
784 1976 1026 2031 caruisse
1062 1977 1210 2032 illum
1242 1978 1451 2044 liberis,
1483 1995 1586 2034 non
1622 1982 1758 2036 bene
1780 1982 1956 2036 cobae-
1997 1991 1999 1993 '

370 2073 496 2121 rent
545 2081 670 2121 cum
725 2068 792 2124 iis
839 2084 960 2137 qua:
995 2069 1274 2136 Villanius,
1303 2072 1397 2128 lib.
1430 2089 1548 2140 rm,
1578 2088 1629 2130 c.
1676 2075 1767 2141 55,
1800 2086 1856 2132 et
1888 2090 1952 2130 ex

369 2168 440 2211 eo
493 2166 712 2212 sanctus
743 2159 1079 2226 Antoninus,
1113 2164 1198 2218 tit.
1237 2163 1333 2230 20,
1393 2180 1442 2223 c.
1477 2164 1586 2235 Μ
1622 2165 1676 2231 9,
1709 2181 1775 2221 ει
1812 2167 1955 2222 rela-

373 2247 526 2304 tione
581 2250 869 2322 cujusdam
927 2255 1065 2312 civis
1125 2255 1423 2313 Florentinl
1472 2259 1564 2314 diu
1617 2259 1672 2317 in
1728 2258 1956 2318 Perside

370 2343 579 2399 versati
613 2358 942 2404 memorant.
970 2347 1238 2406 Nimirum
1271 2349 1513 2408 Cassano
1536 2369 1760 2410 uxorem
1789 2355 1955 2412 fuisse

373 2434 540 2490 tiliam
576 2437 720 2509 regis
760 2440 1034 2497 Armenia.-
1071 2444 1556 2514 speciosissimam,
1599 2448 1956 2518 eamdemque

368 2527 749 2587 Christianam
782 2550 796 2598 ;
839 2547 904 2588 ex
942 2550 1045 2605 qua
1071 2551 1195 2592 cum
1231 2539 1278 2590 ei
1311 2548 1476 2594 natus
1516 2548 1660 2595 esset
1701 2539 1846 2594 illius
1880 2542 1956 2596 ita

371 2622 634 2681 deformis
669 2636 726 2682 ut
763 2627 848 2683 vix
886 2629 1112 2685 humani
1161 2630 1364 2702 aliquid
1403 2632 1604 2690 habere
1653 2633 1954 2702 videretur,

370 2713 676 2772 Casssnutn
733 2734 953 2777 uxorem
987 2723 1144 2793 quasi
1177 2735 1515 2795 compertam
1564 2727 1815 2781 adulterii
1847 2742 1953 2784 una

372 2824 498 2864 cum
527 2816 860 2881 monstroso,
893 2829 1053 2884 quem
1086 2831 1149 2871 ex
1204 2832 1264 2872 se
1296 2829 1520 2888 negaret
1563 2820 1790 2884 editum,
1821 2819 1953 2876 foeni

373 2901 630 2958 incendio
664 2906 856 2976 perimi
894 2910 1202 2967 mandasse.
1249 2909 1354 2965 Sed
1390 2927 1512 2965 cum
1561 2914 1902 2984 impetrasset
1925 2933 1952 2968 a

374 2993 624 3050 Cassatto
653 2999 849 3054 mulier
877 3009 934 3055 ut
961 3000 1065 3056 sibi
1099 3018 1197 3071 per
1243 3019 1368 3058 eum
1413 3004 1627 3070 liceret,
1664 3013 1953 3078 antequam

370 3085 609 3144 ﬂammis
663 3105 786 3146 cum
823 3107 992 3159 puero
1043 3096 1374 3163 traderetur,
1433 3097 1774 3155 confessione
1813 3099 1955 3168 apud

2053 589 2318 660 subjectio
2355 591 2533 662 populi
2567 590 2634 644 ad
2671 591 2986 660 episcopum
3023 600 3081 644 ut
3118 590 3422 644 necessaria
3469 604 3628 644 com-

2054 683 2364 739 mendatur.
2427 683 2683 738 Indicabo
2739 683 2828 737 hic
2861 682 3116 752 ,aliqnas.
3167 682 3221 736 ln
3282 683 3306 735 l
3363 683 3526 751 epist.
3562 683 3629 734 ad

2054 773 2402 846 Smyrnaeum
2461 776 2668 838 Πάντες
2718 776 2796 845 τῷ
2835 775 3119 844 ἔπισκόπῳ
3160 773 3504 827 ἀκολουθεῖτε
3553 772 3630 838 ὡς

2063 867 2270 938 Ἰησοῦς
2311 868 2544 938 Χριστὸς
2567 866 2646 936 τῷ
2680 868 2880 938 Πατρὶ,
2918 867 3012 920 καὶ
3035 865 3111 937 τῷ
3141 866 3524 937 πρεσδυτεριῳ
3554 865 3632 928 ὼς

2052 959 2374 1021 ἀποστόλοις
2402 998 2417 1013 .
2452 996 2467 1012 .
2507 995 2522 1012 .
2552 999 2565 1009 .
2601 948 3013 1029 Μηδεὶςχωρὶς
3052 959 3354 1012 ἐπισκόπου
3380 973 3434 1009 τι
3455 972 3632 1026 rupae.

2053 1051 2195 1105 σέτω
2219 1052 2331 1106 τῶν
2380 1052 2694 1121 ἀνηκόντων
2723 1054 2805 1115 εἰς
2851 1053 2950 1122 τὴν
3007 1050 3362 1120 Ἐκκλησὶαν.
3411 1048 3630 1118 Ἕκεινη

2055 1142 2249 1213 βεδσεα
2305 1143 2629 1214 εὐχαριστία
2687 1142 2930 1214 ἡγείσθω
2972 1144 3003 1213 ὴ
3047 1142 3150 1194 ὑπὸ
3193 1142 3285 1194 τὸν
3332 1141 3633 1193 ἐπίσκοπον

2051 1231 2205 1301 οὖσα,
2236 1236 2270 1304 ἦ
2304 1229 2347 1303 ᾧ
2391 1237 2454 1288 ἂν
2486 1236 2645 1297 αὐτὸς
2669 1235 2964 1306 ἐπιτρέψῃ.
3004 1237 3178 1288 Ὅπου
3209 1233 3274 1288 ἂν
3300 1236 3489 1304 φανῇό
3515 1232 3636 1284 ἐπί-

2053 1346 2273 1392 σκοπος,
2308 1331 2424 1382 ἐκεῖ
2443 1329 2502 1381 τὸ
2535 1326 2736 1397 πλῆθος
2764 1329 2923 1390 ἔστω,
2954 1326 3146 1398 ὥσπερ
3174 1328 3309 1380 ὅπου
3333 1325 3400 1379 ἂν
3488 1323 3630 1391 Χριο

2057 1421 2178 1474 στδῖ
2201 1421 2434 1492 Ἰησοῦς,
2468 1422 2581 1474 ἐκεῖ
2614 1423 2643 1488 ὴ
2679 1419 2941 1489 καθολικὴ
2995 1419 3316 1488 Ἐκκλησία.
3367 1418 3486 1472 Οὐκ
3511 1417 3632 1483 ἐξόν

2055 1517 2166 1567 ἐστι
2192 1519 2361 1587 χωρ“πς
2400 1514 2493 1567 τοῦ
2532 1517 2836 1568 ἐπισκόπου
2864 1512 2986 1566 οὔτε
3029 1511 3313 1582 βαπτίζειν
3342 1511 3466 1566 οὔτε
3499 1512 3636 1578 ἀγά-

2056 1627 2164 1679 πην
2196 1611 2387 1673 ποιεῖν,
2423 1609 2540 1661 ἀλλ’
2568 1607 2596 1660 ὃ
2622 1609 2688 1660 ἂν
2716 1611 2920 1669 ἐκεῖνος
2949 1607 3241 1677 δοκιμάσῃ.
3278 1613 3384 1661 etc.
3419 1605 3532 1659 Hoc
3555 1617 3634 1658 est

2055 1719 2120 1756 ex
2153 1703 2374 1768 antiqua
2413 1701 2868 1770 interpretatione
2900 1701 3086 1754 Latina
3119 1718 3134 1755 :
3163 1699 3358 1754 Nullus
3389 1703 3500 1754 sine
3525 1702 3637 1768 cpi-

2056 1811 2211 1864 scopo
2238 1795 2441 1863 aliquid
2470 1805 2714 1857 oneretur
2743 1811 2922 1847 eorum
2951 1810 3068 1863 qua:
3105 1797 3415 1848 conveniunt
3451 1795 3501 1846 in
3535 1792 3635 1846 Ec-

2059 1890 2294 1942 clesium.
2330 1885 2429 1940 Illa
2477 1886 2630 1955 ﬁrma
2683 1887 2974 1954 gratiarum
3026 1893 3166 1937 actto
3197 1897 3487 1952 reputetur,
3517 1900 3634 1953 qua:

2059 1986 2152 2036 sttb
2195 1981 2306 2047 ipso
2354 1990 2426 2030 est
2461 1979 2534 2031 vel
2565 1993 2718 2045 quam
2768 1978 2950 2045 utique
3001 1977 3110 2044 ipse
3159 1977 3492 2029 concesserit.
3537 1973 3636 2029 Ubi

2059 2075 2234 2144 utique
2260 2078 2479 2140 apparet
2511 2071 2797 2137 episcopus.
2826 2067 2936 2120 illic
2969 2068 3250 2120 multitudo
3275 2069 3363 2125 sit.
3388 2068 3638 2135 quemad-

2057 2167 2267 2220 modum
2298 2166 2472 2234 utique
2507 2162 2594 2216 ubi
2619 2174 2692 2216 est
2725 2160 2965 2217 Christus
3000 2158 3180 2224 Iesus,
3233 2159 3344 2213 illic
3374 2161 3637 2214 catholica

2060 2261 2322 2316 Ecclesia.
2353 2259 2475 2313 Non
2514 2261 2717 2312 licitum
2746 2269 2821 2312 est
2851 2257 2963 2311 sine
2991 2257 3234 2325 episcopo
3265 2273 3428 2325 neque
3463 2255 3636 2320 bapti-

2058 2373 2183 2411 ωτι
2201 2372 2364 2426 neque
2391 2371 2589 2426 agapen
2613 2353 2808 2421 facere,
2841 2353 2931 2407 sed
2961 2352 3100 2422 quod
3127 2353 3302 2416 utique
3325 2351 3412 2404 itte
3441 2351 3634 2420 proba-

2058 2450 2210 2513 rerit,
2245 2459 2354 2505 etc.
2389 2448 2530 2502 Idem
2559 2448 2720 2512 epist.
2745 2444 2802 2510 2,
2839 2446 2905 2500 sd
2938 2443 3297 2516 Polycarpum
3331 2462 3346 2498 :
3389 2444 3478 2513 Τῷ
3512 2445 3636 2498 ἐπι-

2059 2544 2247 2616 σκόπῳ
2275 2543 2599 2614 προσέχετε,
2631 2541 2715 2594 ἶνα
2767 2541 2860 2594 καὶ
2893 2543 2922 2594 ὁ
2955 2539 3084 2602 83b;
3118 2539 3280 2608 ὑμῖν..
3309 2539 3631 2608 Ἀντῑψυχος

2057 2637 2171 2704 ἐγὼ
2201 2634 2310 2690 τῶν
2353 2633 2810 2704 ὑποτασσομένων
2855 2630 2936 2701 τῷ
2983 2633 3306 2697 ἆπισκόπῳ·
3375 2630 3635 2701 Episcopo

2056 2725 2332 2790 attendite,
2368 2736 2424 2778 ut
2457 2736 2504 2778 et
2543 2723 2682 2778 Deus
2713 2724 2878 2778 vobis.
2913 2719 3200 2778 Uuauimis
3229 2739 3323 2791 ego
3352 2741 3467 2776 cum
3509 2722 3638 2776 sub-

2048 2817 2205 2888 jectis
2258 2818 2524 2886 episcopo.
2567 2816 2627 2870 In
2692 2814 2758 2870 Ill
2791 2818 2858 2870 ad
2911 2815 3174 2882 Ephesios
3209 2835 3224 2872 :
3258 2815 3471 2887 Πρέπει
3504 2814 3635 2886 ὑμῖν

2059 2911 2376 2981 συντρέχειν
2426 2912 2494 2980 τῇ
2549 2911 2644 2963 τοῦ
2703 2909 3012 2964 ἐπισκόπου
3055 2909 3280 2982 γνώμῃ·
3337 2908 3491 2963 Decet
3548 2925 3638 2964 vos

2057 3019 2368 3058 concurrere
2390 3003 2618 3072 episcopi
2645 3004 2935 3059 sementim.
2971 3002 3188 3070 Quartae
3211 3003 3279 3057 ad
3330 3001 3638 3072 Magnesia:

2059 3097 2172 3150 haec
2193 3105 2323 3152 sunt
2350 3097 2405 3150 in
2433 3095 2539 3150 hoc
2569 3097 2904 3165 propositum
2945 3095 3088 3152 inter
3117 3095 3223 3151 alia
3252 3113 3270 3151 :
3307 3097 3522 3166 Πρέπον
3543 3095 3638 3150 οὖν

373 3183 715 3240 sacerdotem
754 3201 987 3256 purgare
1033 3189 1275 3244 animum
1328 3201 1383 3246 et
1425 3207 1640 3248 sacram
1685 3193 1952 3250 Eucherio

2060 3190 2176 3242 ἐστι
2207 3189 2284 3260 μὴ
2308 3188 2471 3260 μόνον
2495 3190 2786 3244 καλεῖσθαι
2805 3189 3190 3262 Χριστιανοὺς,
3209 3189 3346 3244 ἀλλὰ
3360 3191 3452 3243 καί
3473 3186 3637 3256 εἶναι,

373 3275 533 3331 stiam
568 3278 848 3347 percipere
889 3281 1165 3352 liliumque
1225 3285 1524 3354 baptizare,
1570 3286 1734 3358 767
1780 3285 1953 3342 eunti-

372 3367 520 3441 gisse
551 3379 612 3425 ut
635 3385 796 3426 sacro
828 3372 1046 3429 lavacro
1100 3376 1300 3430 tinctus
1334 3391 1467 3446 puer
1499 3391 1721 3449 repente
1749 3377 1953 3434 formo-

370 3463 624 3521 sissimus
657 3467 937 3524 evaderet.
973 3468 1092 3535 Quo
1133 3479 1317 3526 motus
1347 3470 1620 3527 Cassanus
1650 3487 1758 3527 non
1792 3471 1953 3529 modo

372 3561 651 3615 revocavit
687 3577 931 3632 preceps
987 3563 1275 3633 judicium,
1317 3567 1410 3621 sed
1434 3579 1490 3622 et
1519 3566 1720 3621 Christi
1775 3569 1951 3637 ratam

369 3654 688 3727 religionem
719 3668 804 3712 est
835 3659 1138 3728 amplexus.
1192 3659 1270 3716 Ita
1311 3659 1430 3727 illi;
1485 3677 1605 3730 qua:
1639 3677 1743 3715 non
1798 3662 1954 3718 inno-

372 3747 544 3802 tuisse
588 3747 1078 3826 Constantinopoli,
1109 3753 1275 3807 etiam
1312 3754 1418 3808 alio
1466 3769 1532 3809 ex
1574 3754 1674 3809 hac
1720 3754 1951 3810 historia

371 3837 535 3893 ducto
564 3851 888 3909 argumento
925 3844 1208 3897 suadetur.
1243 3843 1509 3912 Superius
1540 3846 1709 3911 enim,
1741 3860 1794 3914 p.
1825 3847 1954 3910 402,

375 3933 591 4003 scripsit
623 3942 809 3988 uoster
857 3934 1231 3990 Andronicum
1291 3936 1584 3991 certiorem
1639 3937 1840 3992 factum
1889 3937 1956 3992 de

373 4027 616 4097 potentia
649 4027 906 4093 Cannis,
938 4039 998 4083 ut
1025 4044 1152 4083 eum
1185 4030 1287 4086 sibi
1338 4033 1683 4104 adjnngeret,
1719 4032 1956 4091 offeren-

375 4121 499 4176 dam
531 4123 581 4177 ei
611 4136 837 4177 curasse
889 4122 1054 4176 tiliam
1111 4138 1264 4178 suam
1320 4122 1404 4196 [P.
1455 4124 1587 4198 552]
1645 4128 1866 4182 nontam
1902 4128 1953 4182 in

374 4213 707 4285 coniugem,
762 4229 925 4286 quam
976 4225 1032 4271 et
1094 4213 1183 4270 Ille
1241 4216 1673 4286 propositionem
1725 4218 1956 4288 benigne

374 4307 673 4379 acceperit.
1140 4361 1146 4367 .

441 4401 504 4458 P.
537 4400 662 4459 459.
697 4401 872 4457 Etiam
904 4403 1209 4474 Aythonus,
1246 4419 1297 4460 c.
1330 4404 1402 4460 45
1430 4405 1568 4462 Hist.
1619 4404 1741 4474 0r.,
1777 4417 1832 4464 et
1860 4406 1960 4463 Sa-

377 4504 562 4562 nutus,
587 4494 625 4550 l.
661 4511 747 4560 Ill,
785 4512 839 4568 p.
873 4496 962 4561 t3,
999 4512 1052 4552 c.
1079 4497 1136 4561 8,
1173 4498 1383 4554 diserte
1413 4499 1685 4555 aflirmant
1730 4516 1924 4557 sncces

2062 3280 2361 3351 ὥσπερκαι
2385 3300 2531 3346 τινες
2565 3283 2871 3338 ἐπίσκοπον
2897 3285 2998 3354 μιν
3046 3282 3330 3348 καλοῦσιν,
3372 3285 3542 3356 χωρὶς
3581 3283 3640 3337 δὲ

2060 3376 2227 3430 αὐτοῦ
2252 3377 2430 3430 πάντα.
2460 3377 2821 3445 πράσσουσιν.
2845 3378 2916 3430 Οῑ
2931 3377 3166 3432 τοιοῦτοι
3191 3377 3249 3431 δί
3274 3378 3376 3432 οὐκ
3396 3376 3639 3431 εὐσυνεί-

2059 3470 2210 3540 cna-oi
2240 3469 2407 3542 768
2444 3488 2535 3539 μοι
2569 3465 2710 3523 εἶναι
2757 3470 3077 3539 φαίνονται·
3120 3469 3317 3525 Decem
3355 3472 3519 3540 igitur
3560 3478 3638 3524 est

2064 3579 2167 3616 non
2197 3563 2369 3616 solum
2422 3563 2600 3618 vocari
2630 3561 2984 3626 Christianos,
3015 3564 3106 3618 sed
3140 3575 3189 3618 et
3220 3579 3348 3625 esse,
3386 3567 3638 3632 quemad-

2062 3655 2272 3708 modum
2305 3655 2518 3725 quidam
2547 3655 2845 3724 episcopum
2884 3655 3095 3725 quidem
3147 3665 3352 3718 vocant,
3385 3654 3499 3710 sine
3525 3653 3637 3720 ipsa

2062 3761 2237 3802 autem
2259 3748 2438 3804 omnia
2464 3760 2770 3818 operantur.
2803 3746 2958 3804 Tales
2993 3759 3168 3802 autem
3209 3764 3312 3802 non
3334 3749 3480 3802 bona
3507 3762 3638 3800 rart-

2062 3845 2297 3897 scientr'ae
2348 3841 2477 3896 mihi
2505 3858 2616 3896 esse
2640 3842 2903 3897 videntur.
2958 3841 3010 3894 In
3053 3853 3204 3898 serta
3235 3841 3302 3896 ad
3342 3839 3639 3896 Trallesio-t

2065 3935 2178 3990 haec
2209 3936 2369 3990 habet
2400 3953 2416 3990 :
2475 3933 2649 3988 Ὅταν
2701 3933 2780 4005 τῷ
2811 3933 3102 4004 ὲπισκόπῳ
3151 3931 3526 3987 ὑποτάσσεσθε
3562 3931 3640 3992 ὡς

2074 4027 2251 4098 Ἰησοῦ
2310 4027 2554 4097 Χριστῷ,
2590 4025 2847 4093 φαίνεσθε
2897 4044 2989 4098 μοι
3031 4026 3094 4082 οὐ
3125 4026 3268 4079 κατὰ
3296 4023 3639 4096 ἀνθρώπινον

2063 4117 2285 4180 ζῶντες,
2313 4116 2449 4169 ἀλλὰ
2474 4115 2596 4169 κατ’
2652 4115 2862 4186 Ἰησοῦν
2892 4114 3160 4188 Χριστόν·
3211 4114 3346 4170 Cum
3395 4116 3637 4180 episcopo

2064 4211 2292 4277 subjecti
2326 4210 2449 4263 estis
2484 4222 2537 4262 ut
2559 4207 2691 4263 Jesu
2715 4208 2953 4272 Christo,
2981 4209 3232 4264 videmini
3265 4209 3391 4263 mihi
3417 4224 3520 4262 non
3559 4225 3640 4262 se-

2063 4304 2291 4359 cundum
2320 4305 2552 4358 homines
2582 4303 2829 4369 viventes,
2863 4303 2954 4356 set!
2974 4302 3262 4356 secundum
3283 4300 3464 4357 Iesum
3494 4302 3640 4359 Chri-

2063 4405 2222 4449 stum.
2261 4393 2463 4448 ﬂorum
2495 4393 2698 4462 aliqua,
2731 4392 2810 4445 vel
2845 4389 2986 4446 forte
3010 4391 3218 4456 omnia,
3244 4399 3339 4444 aut
3365 4396 3529 4444 etiam
3555 4389 3640 4444 his

2067 4491 2240 4556 plura,
2272 4503 2393 4556 quae
2425 4486 2474 4538 in
2501 4484 2796 4555 lgnatianis
2814 4483 3062 4551 epistolis
3091 4484 3364 4553 leguntur,
3398 4484 3642 4538 cretlide

373 4603 551 4646 sarem
589 4588 816 4645 Cassani
845 4590 1069 4645 fratrem
1103 4591 1300 4662 ipsius,
1334 4592 1462 4648 licet
1485 4591 1711 4650 Bizarus
1747 4594 1830 4649 his
1859 4608 1954 4663 po-

2069 4580 2166 4632 rim
2193 4579 2427 4647 jnssisse
2451 4577 2539 4632 hic
2572 4575 2796 4631 recitari
2827 4574 3226 4631 Andronicum.
3273 4571 3447 4631 Unice
3493 4576 3640 4629 enim

373 4680 572 4738 sterior
598 4693 654 4736 et
685 4683 887 4748 minus,
934 4683 1022 4737 ubi
1076 4683 1355 4749 dissentit,
1395 4684 1500 4740 llde
1542 4686 1759 4757 dignus,
1791 4686 1959 4740 tilium

373 4771 618 4830 Cassauo
647 4774 896 4830 morienti
927 4775 1260 4830 successisse
1307 4775 1536 4842 scribat,
1567 4779 1607 4833 l.
1640 4793 1736 4832 vnt
1767 4776 1962 4832 Rerum

376 4862 747 4919 Persicorum.
806 4865 1124 4934 Discrepaut
1161 4875 1344 4921 tamen
1380 4866 1431 4922 hi
1490 4883 1683 4926 omnes
1713 4870 1765 4924 iu
1801 4870 1963 4939 hujus

376 4959 595 5013 nomine
625 4974 654 5012 a
687 4957 1044 5031 Pachymere,
1072 4961 1201 5015 dum
1257 4959 1595 5016 Carbandam
1625 4976 1718 5017 seu
1750 4962 1961 5018 Carba-

376 5053 610 5124 gnudam
648 5064 864 5117 vocant,
892 5069 1053 5123 quem
1084 5069 1269 5109 nOSter
1295 5055 1386 5110 hic
1401 5055 1810 5126 Carmpautam,
1833 5056 1958 5114 alibi

374 5146 835 5215 Carmpautanem
870 5144 1126 5216 appellat.
1158 5144 1405 5202 Tradunt
1434 5157 1612 5203 autem
1650 5151 1808 5206 modo
1843 5151 1959 5203 lau-

375 5241 486 5294 dati
536 5249 784 5295 auctores
835 5239 998 5295 istum
1033 5240 1262 5296 Cassani
1305 5241 1532 5299 fratrem
1587 5256 1763 5297 matre
1797 5243 1959 5299 Chri-

375 5331 551 5386 stiana
582 5331 808 5396 editum,
831 5343 885 5386 et
913 5333 1089 5401 ipsum
1109 5331 1505 5402 Christianum,
1532 5333 1738 5391 Nicolai
1766 5351 1959 5392 nomen

378 5424 432 5478 in
458 5425 728 5492 baptismo
757 5425 1059 5495 accepisse,
1089 5442 1581 5498 perseverasseqne
1620 5429 1673 5484 in
1703 5445 1831 5485 vera
1871 5444 1956 5484 re-

375 5516 598 5588 ligione,
640 5520 816 5587 quoad
864 5519 1000 5575 vixit
1055 5531 1249 5585 matur,
1303 5523 1398 5576 sed
1456 5537 1518 5576 ea
1553 5534 1789 5592 mortua,
1818 5525 1960 5594 quod

378 5622 502 5682 post
533 5627 709 5669 annos
734 5628 827 5670 ses
876 5613 1126 5684 conligit,
1177 5613 1246 5670 ad
1302 5614 1772 5672 Maltomctismutn
1810 5617 1959 5673 defe-

379 5709 539 5764 cisse.

448 5805 510 5857 t’.
543 5799 667 5856 464.
701 5799 927 5869 Χρῆσις
951 5801 1010 5856 S.
1032 5801 1286 5874 martyris
1313 5799 1507 5871 lgnatii
1541 5802 1646 5859 hoc
1674 5803 1794 5858 loco
1823 5803 1956 5858 lecta

381 5911 628 5968 qua-nam
657 5896 839 5962 fuerit,
871 5911 976 5953 non
1007 5895 1166 5953 facile
1197 5897 1440 5952 divinatu
1475 5902 1578 5963 est,
1605 5897 1746 5968 quod
1775 5897 1959 5952 multae

2071 4672 2340 4727 faciebant
2375 4672 2441 4725 ad
2475 4684 2703 4740 scopum
2760 4667 2840 4723 illi
2903 4668 3243 4739 propositum
3281 4667 3641 4736 persuadendi

2066 4765 2385 4821 Arsenianis
2411 4775 2471 4820 ut
2505 4763 2799 4819 Athanasio
2831 4761 3164 4832 patriarcltte
3197 4777 3259 4818 se
3305 4763 3638 4827 subderent;

2065 4873 2268 4916 etenm
2303 4876 2370 4914 ex
2411 4853 2652 4928 pluribus
2695 4858 2889 4929 lgnatii
2935 4857 3182 4926 epistolis
3236 4859 3482 4924 quaedam
3514 4857 3620 4912 slle

2066 4971 2244 5027 gasse,
2291 4965 2609 5025 argumento
2640 4967 2762 5007 esse
2792 4961 2970 5023 potest
2990 4953 3134 5018 quod
3163 4950 3364 5005 nullam
3389 4950 3643 5005 omniaa-

2066 5061 2159 5104 ttm
2223 5049 2544 5120 designavit,
2581 5064 2647 5102 cx
2704 5062 2808 5118 qua
2865 5047 3027 5100 verba
3073 5060 3193 5116 quae
3240 5044 3417 5099 audiri
3471 5044 3641 5098 voluit

2066 5153 2302 5201 erueret.

2135 5236 2197 5292 Ρ.
2226 5235 2352 5291 865.
2381 5215 2454 5290 Ut
2481 5233 2732 5305 superius
2773 5231 3161 5288 schismaticus
3193 5230 3495 5300 imperator
3517 5243 3644 5298 pcr-

2063 5331 2293 5386 snadere
2324 5327 2493 5383 voluit
2551 5325 2636 5399 [P.
2664 5323 2792 5399 553]
2824 5341 2851 5378 a
2892 5335 3134 5394 tempore
3185 5337 3392 5392 magum
3420 5323 3642 5393 synodi,

2065 5426 2168 5480 hoc
2195 5431 2279 5479 est
2297 5421 2652 5478 mcumenica
2668 5430 2876 5475 octavae
2898 5423 3012 5489 (aut
3042 5417 3221 5489 potius
3238 5415 3642 5487 pseudosynodi

2062 5517 2353 5588 supposita:
2412 5531 2442 5568 a
2507 5513 2793 5570 notissimo
2853 5511 3145 5580 impostore
3203 5507 3421 5572 Photio,
3472 5521 3638 5579 quam

2063 5609 2314 5664 l’holiaui
2348 5624 2445 5678 pro
2473 5605 2815 5662 teeumenica
2851 5615 3044 5659 octava
3077 5608 3359 5657 ostentant
3391 5608 3446 5654 et
3474 5614 3641 5654 vene-

2067 5703 2280 5774 rantur)
2302 5701 2573 5758 defecisse
2605 5700 2658 5754 iu
2689 5698 2982 5754 Occidente
3016 5710 3195 5752 veram
3230 5692 3638 5748 successionem

2065 5797 2432 5869 legitimorum
2459 5795 2778 5866 prcsulum,
2811 5793 2956 5864 quod
2990 5790 3134 5844 notis
3192 5787 3326 5856 adp.
3359 5784 3463 5841 556
3496 5782 3638 5839 refu-

2064 5895 2324 5960 tavimus,
2345 5891 2418 5947 ita
2444 5905 2585 5947 nunc
2605 5887 2719 5961 pari
2751 5885 2986 5945 vanitate
3012 5884 3087 5940 ait
3107 5885 3286 5939 sedem
3312 5878 3648 5948 Romanam,
