4058 6298
448 327 564 424 sat

1189 335 1254 396 P.
1295 335 1600 398 POSSINI
1642 324 2292 400 OBSERVATlONUM
2333 337 2479 400 LIB.
2526 298 2951 422 Ita—nom.

3605 324 3722 389 832

455 420 707 521 Quinque
739 450 920 521 priora
950 452 1114 525 hujus
1159 458 1449 511 commotis
1478 458 1643 514 verba
1683 459 2020 514 notissimum
2050 468 2101 528 Α
2127 458 2279 524 Quod
2308 458 2449 510 idem
2481 419 2714 510 affirmat
2749 453 2991 525 Foslieta
3027 453 3079 506 in
3139 411 3363 520 Elogiis.
3399 455 3465 503 .et
3486 442 3553 501 in
3593 443 3716 500 Tri-

456 554 585 597 suut
650 554 705 598 et
751 545 1252 602 decantatissimum
1301 547 1613 605 Aristotelis
1660 550 1902 619 emtum,
1960 568 2028 608 ex

460 639 618 692 initio
679 638 838 710 primi
895 639 1016 708 ejus
1064 639 1550 711 Hetnphysicorum
1607 642 1730 698 Iibsi
1791 641 1858 716 ιιι
1901 642 2040 719 557]

460 729 591 796 Quae
611 740 790 786 autem
820 733 1079 787 continue
1102 745 1434 788 memoratur
1468 749 1496 788 a
1519 735 1853 807 Pachymere
1889 736 2029 805 ἀγά-

462 839 629 895 πησις
693 825 806 880 τῶν
844 826 1155 896 attactum
1197 841 1302 881 non
1361 841 1480 882 eam
1536 827 1707 882 solum
1767 843 1929 896 quam
1973 829 2029 884 in

463 917 915 988 interpretatione
945 921 1188 988 expressi
1219 918 1628 976 delectationem
1691 922 1744 974 in
1778 938 1876 976 usu
1909 938 2029 991 pcr-

463 1010 700 1080 cipiendi
727 1011 936 1081 objecta
966 1025 1059 1080 per
1083 1027 1280 1065 sensus
1309 1011 1578 1082 designat,
1610 1012 1704 1066 sed
1745 1023 2026 1081 praeterea,

459 1102 613 1174 juxta
640 1102 912 1155 notionem
940 1101 1214 1172 propriam
1246 1102 1420 1159 (ἐιεεί
1467 1102 1614 1156 ιιι-ι’ὺὶ
1666 1099 1912 1175 ἀγαπᾷν,
1945 1119 2032 1157 sa-

467 1194 827 1248 liaiaelioltem
880 1203 934 1247 et
984 1197 1138 1264 quasi
1185 1194 1396 1263 plenam
1447 1195 1752 1250 satietatem
1793 1197 2030 1250 hominis

465 1287 729 1348 contenti,
764 1285 1068 1360 desiderare
1101 1287 1217 1355 plus
1254 1302 1361 1341 non
1399 1287 1650 1353 valentis,
1684 1289 1806 1341 dum
1835 1287 2031 1343 fruitur

467 1386 650 1445 vegeta
683 1377 935 1432 farttltatc
997 1394 1216 1432 suorum
1273 1381 1512 1434 omnium
1566 1395 1845 1436 sensumn.
1879 1379 2029 1436 lianc

463 1471 698 1539 quietem
735 1471 983 1523 humanze
1013 1470 1349 1525 curiositatis
1407 1471 1460 1524 in
1488 1485 1586 1524 usu
1630 1471 1880 1539 exprdito
1907 1487 2029 1525 sen-

465 1577 620 1615 suum
656 1563 927 1631 eleganter
960 1561 1198 1614 declarat
1240 1562 1453 1627 Cicero,
1487 1564 1522 1618 l.
1558 1579 1592 1618 ιι
1664 1562 2030 1628 Ωιιαυδιὶοηιιηι

468 1657 898 1709 Academicorum
945 1656 1029 1709 bis
1074 1655 1250 1709 verbis
1283 1671 1298 1709 :
1336 1655 1626 1711 Ordiamur
1653 1696 1669 1712 .
1691 1697 1704 1710 .
1735 1695 1749 1710 .
1795 1674 1825 1709 a
1857 1658 2025 1711 sensi-

467 1748 603 1810 bus;
632 1763 854 1817 quorum
908 1747 983 1798 ita
1011 1747 1156 1800 clara
1184 1741 1398 1816 judicia
1431 1759 1478 1800 et
1509 1757 1654 1800 certa
1686 1757 1829 1810 sunt.
1867 1758 1946 1812 ut,
1982 1748 2028 1802 si

2138 560 2294 605 stano
2323 547 2508 616 Culco,
2539 550 2574 605 l.
2612 563 2725 613 χιι,
2759 562 2809 603 c.
2842 545 2967 611 ιει,
2995 546 3088 616 qui
3119 553 3174 597 et
3207 544 3282 597 ait
3312 542 3382 596 ob
3412 539 3715 610 potentiam

2135 643 2310 713 Opicii
2343 655 2536 698 omnes
2569 639 2739 696 Italiae
2785 640 3035 694 civitates
3078 637 3132 692 in
3165 651 3233 692 eo
3278 634 3465 688 oculos
3504 632 3712 688 ﬁxisse.

2209 731 2350 787 Ibid.
2385 730 2526 786 Data
2558 733 2616 786 in
2648 729 3038 787 matrimonium
3068 727 3204 796 ﬁlia.
3249 723 3371 780 ﬂare
3397 725 3508 779 illis
3539 723 3715 794 θρίοἰί

2137 826 2373 893 Spinola
2421 823 2714 881 Theodoro
2768 821 3074 890 PaL-colore
3107 818 3506 878 Montisl‘errati
3569 832 3718 872 mai-

2137 919 2319 975 chioni
2347 926 2512 988 nupta
2551 915 2850 987 Argentina
2873 913 3190 967 vocabatur.

2212 989 2357 1064 Ibid.
2390 1007 2515 1075 Agit
2547 1008 2613 1062 de
2646 1004 2956 1060 Theodoro.
3004 999 3206 1058 Vocem
3257 1001 3507 1058 Graecam
3540 997 3717 1061 ἅπαις

2137 1114 2242 1154 non
2280 1099 2438 1154 debui
2488 1107 2702 1152 vertere
2746 1095 2860 1150 sine
2905 1093 3083 1148 liberis
3119 1094 3215 1148 sed
3253 1094 3363 1147 sine
3399 1089 3546 1162 prole
3575 1105 3715 1144 mas-

2136 1193 2256 1249 cula
2286 1209 2305 1248 :
2337 1193 2596 1263 quoniam
2650 1189 2895 1246 historici
2934 1188 3054 1244 Itali
3108 1187 3381 1241 allirmant
3417 1194 3600 1240 natam
3645 1199 3712 1240 ex

2139 1286 2448 1354 Argentius:
2493 1283 2728 1344 Sniuolze
2775 1297 2902 1339 cum
2935 1280 3224 1336 Theodoro
3257 1277 3557 1344 l’altenlngo
3588 1292 3718 1330 ron-

2129 1375 2282 1445 jugio
2303 1376 2467 1428 tiliam
2501 1373 2755 1428 lolanten
2811 1373 3039 1434 dictam,
3073 1369 3156 1443 [P.
3187 1367 3317 1442 558]
3355 1385 3477 1436 quae
3525 1377 3711 1438 postea

2138 1467 2320 1536 nupsit
2352 1467 2578 1537 Aymoni
2611 1465 2799 1520 comiti
2831 1465 3144 1520 Sabaudize.
3180 1462 3406 1517 Videtur
3434 1462 3520 1515 hic
3549 1460 3716 1515 fuisse

2141 1559 2286 1613 {ilius
2315 1559 2543 1613 Amadei
2578 1557 2669 1622 IV,
2713 1558 2800 1612 cui
2834 1569 3016 1627 postea
3055 1554 3305 1610 morienti
3371 1553 3424 1607 in
3455 1553 3713 1607 comitatu

2137 1654 2424 1718 Successit,
2484 1654 2718 1720 quando.
2774 1651 2929 1721 quasi
2961 1661 3016 1704 ut
3056 1633 3367 1703 ostenderet
3398 1662 3562 1715 quam
3607 1661 3714 1698 non

2136 1762 2259 1800 eum
2323 1745 2614 1814 pteniterct
2671 1743 2952 1799 aliinitatis
3003 1757 3126 1796 cum
3189 1743 3348 1796 domo
3411 1728 3712 1806 Palieologa

463 1841 606 1907 optio
657 1848 865 1895 natum
922 1848 1117 1894 nostra:
1152 1839 1336 1907 detur,
1381 1850 1428 1894 et
1457 1838 1523 1895 ab
1571 1856 1632 1894 ea
1681 1840 1807 1895 deus
1837 1840 2030 1910 aliquis
2058 1833 2108 1893 B
2135 1849 2446 1902 contracta},
2481 1837 2843 1894 libentissime
2866 1836 3143 1891 consensit
3168 1835 3219 1888 in
3254 1831 3714 1905 propositamipsi

468 1933 698 1999 requirat
727 1941 1038 1985 contentane
1067 1934 1136 1986 sit
1178 1931 1292 1986 suis
1335 1932 1560 2002 integris
1614 1933 2032 2003 incorruptisque

465 2023 724 2088 sensibus,
785 2040 854 2077 an
885 2025 1114 2091 postulet
1159 2025 1346 2078 melius
1404 2024 1631 2095 aliquid,
1665 2042 1771 2082 non
1828 2028 2032 2082 uideam

465 2118 593 2188 quid
609 2127 826 2186 .qua'rat
848 2117 1096 2187 amplius.
1125 2117 1400 2174 Hactenus
1432 2120 1658 2175 Tullius.
1732 2170 1735 2172 _

435 2275 439 2278 λ
542 2210 816 2276 Creterurn
848 2213 936 2284 (de
971 2227 1080 2282 quo
1135 2213 1301 2269 semel
1329 2215 1697 2269 admonendus
1727 2214 1815 2270 hic
1866 2212 2034 2282 lector

471 2303 575 2375 est)
610 2303 777 2361 codex
828 2304 1069 2371 optimus
1123 2303 1447 2358 Barbvrinus
1499 2305 1588 2359 hic
1639 2306 1885 2361 deserere
1934 2320 2034 2362 nos

471 2395 680 2465 incipit,
712 2395 920 2450 crebris
958 2395 1009 2447 in
1042 2394 1249 2464 reliquo
1271 2395 1432 2466 773
1461 2395 1582 2450 libri
1630 2395 1792 2465 hujus
1827 2395 2037 2454 lacunis

468 2486 647 2549 hians,
677 2495 728 2540 et
771 2485 860 2539 ubi
893 2486 1174 2540 continuat
1213 2495 1489 2555 utcunque
1539 2485 1916 2555 scriptionem,
1947 2485 2055 2541 Ιιιο.

468 2569 678 2633 terdum
714 2575 1145 2643 irreparabiliter
1170 2589 1482 2649 corruptus.
1520 2577 1674 2635 Unde
1716 2579 1921 2644 assutis
1955 2580 2035 2635 illi

469 2671 536 2724 ad
555 2671 758 2726 calcem
794 2670 1180 2740 supplementis
1208 2687 1275 2726 ex
1306 2671 1428 2726 aliis
1479 2656 1903 2740 exemplaribus,
1935 2672 2035 2726 de-

467 2763 697 2833 ligentes
746 2766 1042 2820 attentione
1113 2779 1302 2835 magna
1361 2780 1480 2836 qme
1524 2765 1894 2835 probabiliora
1961 2766 2041 2820 vi-

470 2856 755 2921 debantur,
790 2855 869 2910 usi
923 2871 1064 2923 sa-pe
1112 2871 1334 2920 sumus;
1368 2872 1431 2910 ex
1467 2857 1656 2912 codice
1711 2859 1838 2927 quin
1871 2857 2035 2912 etiam

472 2948 564 3001 illo
605 2947 886 3011 Vatisano,
910 2947 1011 3002 etsi
1031 2948 1249 3017 evagari
1273 2951 1342 3003 ab
1385 2948 1627 3002 auctoris
1656 2947 1838 3003 verbis
1869 2948 2039 3004 libere

467 3043 652 3120 sotitn.
684 3040 987 3103 nbimeliss
1014 3056 1117 3097 non
1160 3041 1420 3111 occurrit,
1469 3024 1850 3112 excerpentes,
1894 3043 2040 3099 unde

471 3139 793 3197 sententiam
831 3135 1167 3192 tolerabilem
1215 3133 1575 3192 eﬂlceremns.
1803 3189 1806 3191 Α

542 3225 601 3282 Ρ.
635 3226 760 3284 585.
789 3227 968 3285 Saltus
992 3236 1042 3283 et
1061 3228 1198 3297 juga
1220 3237 1487 3297 prterupta
1530 3231 1718 3283 montis
1745 3225 1881 3283 Cani
1909 3230 2040 3283 vali-

471 3323 797 3378 dis-suorum
821 3324 1023 3378 insessa
1070 3323 1330 3392 pra’sidiis
1361 3325 1554 3377 nostris
1601 3324 1746 3378 inuia
1785 3323 2040 3393 fecerant.

473 3413 764 3484 Postquam
796 3417 907 3472 hac
934 3426 1092 3470 erant
1138 3418 1302 3486 edita,
1333 3416 1577 3472 dubitavi
1607 3434 1672 3470 an
1701 3434 1807 3472 non
1856 3417 2043 3473 Graeca

474 3508 559 3562 Itis
584 3509 983 3577 respondentia,
1015 3508 1110 3563 καὶ
1140 3509 1240 3573 τὰς
1284 3508 1381 3580 μὲν
1405 3508 1717 3580 δυσχωρίας
1744 3509 1837 3563 τοῦ
1867 3509 2043 3564 Γάνον

477 3601 573 3652 καὶ
615 3597 738 3652 λίαν
788 3599 1230 3667 διεφυλάττοντο,
1263 3603 1444 3668 potius
1496 3600 1871 3670 signiﬁcarent
1918 3601 2040 3673 iuga

475 3703 744 3762 prmrnpta
777 3690 1118 3771 Ganiadlmc
1148 3710 1175 3746 a
1226 3692 1486 3750 Romanis
1533 3693 1702 3749 fuisse
1752 3695 2041 3750 custodita.

476 3786 657 3852 Quare
690 3786 903 3842 barbari
933 3795 1057 3842 tunc
1080 3796 1287 3842 tantum
1323 3790 1597 3857 potuerint
1625 3788 2045 3858 incursarequae

476 3881 625 3936 circa
651 3875 867 3937 Canum
918 3890 1069 3936 sunt.
1109 3881 1203 3934 Cui
1238 3881 1478 3952 opinioni
1512 3881 1656 3936 favet
1689 3880 1844 3952 -qnod
1878 3880 2042 3947 infra,

475 3989 529 4028 e.
573 3972 664 4040 Ἦ,
711 3983 968 4040 tanquam
1012 3986 1268 4028 eventum
1333 3973 1418 4029 bis
1468 3973 1738 4042 posterius
1788 3971 2041 4041 refertur,

476 4076 625 4121 artas
674 4065 858 4122 lances
915 4065 1075 4122 Gani'
1104 4067 1303 4122 montis
1347 4067 1417 4122 ab
1469 4067 1820 4136 Atnogabaris
1876 4066 2045 4122 fuisse

477 4168 786 4224 penetratas
813 4168 866 4212 et
894 4157 1072 4212 arcem
1109 4158 1160 4212 in
1193 4158 1324 4229 jugo
1353 4159 1589 4228 positam
1619 4170 1855 4227 captam.
1883 4156 2043 4213 Juxta

476 4251 636 4305 istam
670 4251 995 4308 sententiam
1027 4250 1211 4320 relingi
1248 4252 1407 4306 debet
1435 4266 1549 4306 mea
1581 4251 1958 4321 interpretatio
1989 4249 2041 4304 in

477 4341 622 4395 hunc
654 4340 871 4396 modum
909 4358 924 4396 :
966 4341 1129 4395 Duces
1163 4343 1308 4396 illius
1369 4342 1560 4412 gentis,
1603 4357 1722 4395 cum
1771 4341 1940 4395 saltus
1992 4352 2041 4396 et

468 4435 602 4506 jnga
636 4443 903 4504 prompta
939 4432 1077 4488 Cani
1120 4436 1312 4489 montis
1345 4434 1519 4489 valide
1558 4434 1731 4488 adhuc
1781 4433 2044 4488 custodita

2134 1931 2502 1987 conditionem
2527 1930 2692 2004 774
2713 1932 2918 1986 sororis
2949 1945 3059 1985 sua:
3083 1928 3305 1984 Junntm
3327 1929 3510 1999 (quam
3539 1924 3719 1982 ϐιωρὶ

2133 2025 2346 2082 Annam
2384 2027 2745 2094 vocaverunt)
2782 2023 3094 2079 Andronico
3142 2018 3377 2086 Juniori,
3438 2018 3718 2092 Michaelis

2133 2120 2333 2189 saepius
2388 2120 2490 2174 hoc
2523 2133 2689 2188 opere
2725 2114 3004 2178 memorati
3046 2113 3179 2179 lilio,
3215 2112 3269 2166 in
3324 2110 3539 2193 imperii
3589 2124 3724 2164 con-

2136 2214 2364 2270 sortium
2391 2214 2585 2280 ascito,
2623 2209 2973 2278 collocandae,
3005 2217 3166 2281 prout
3199 2205 3321 2264 l'use
3358 2215 3549 2262 narrat
3572 2206 3720 2262 Can-

2137 2316 2470 2374 tacuzenus,
2501 2305 2542 2362 1.
2582 2320 2626 2371 l,
2663 2319 2714 2361 c.
2743 2305 2832 2360 40.
3369 2292 3372 2294 ⁷

2204 2396 2268 2454 Ρ.
2299 2398 2426 2454 6H.
2449 2397 2624 2452 Filius
2646 2396 2852 2471 Cbalau
2881 2397 3112 2468 Apagas,
3150 2411 3257 2452 non
3278 2393 3448 2450 frater
3487 2399 3628 2451 erat.
3662 2401 3724 2448 ut

2135 2493 2381 2560 agnoscit
2414 2490 2528 2561 ipse
2557 2489 2938 2560 Pachymercs.
2966 2490 3072 2545 vol.
3102 2490 3146 2553 l,
3177 2505 3229 2557 p.
3263 2489 3390 2551 {75,
3425 2497 3479 2542 et
3526 2489 3580 2542 in
3613 2487 3725 2542 hac

2135 2585 2373 2641 secunda
2407 2596 2581 2652 parte,
2621 2598 2673 2651 p.
2705 2582 2836 2649 262,
2864 2583 3117 2652 idemque
3149 2589 3476 2656 atteslantur
3497 2595 3715 2636 summa

2108 2691 2406 2731 consensu
2461 2676 2707 2731 historici
2744 2678 2968 2731 Arabes.
3005 2673 3140 2731 Vide
3174 2675 3369 2730 librum
3417 2689 3473 2728 ιιι
3526 2673 3723 2728 harum

2137 2768 2620 2834 Observationum,
2654 2782 2707 2824 c.
2761 2767 2812 2833 7,
2851 2785 2906 2822 ιι.
2965 2768 3055 2822 l9...
3115 2767 3504 2837 Ignoscendum
3557 2766 3726 2836 igitur

2141 2863 2242 2917 hoc
2267 2863 2388 2915 loro
2419 2850 2499 2916 est
2531 2861 2870 2931 μνημονικὸν
2899 2861 3126 2931 σφάλμα
3163 2859 3507 2930 Pachymeri.

2210 2950 2270 3007 P.
2309 2949 2435 3009 69.0.
2472 2938 2712 3021 Μαρίαν
2745 2943 2864 3021 rip?
2893 2949 3232 3007 δέσποιναν
3284 2948 3408 3006 τῶν
3447 2953 3726 3020 Mam-ov-

2139 3045 2292 3099 .llwr
2344 3043 2834 3116 θρυλλουμένην.
2900 3036 3169 3099 Similiter
3211 3042 3439 3098 inferius
3468 3059 3522 3113 p.
3562 3029 3667 3098 657
3703 3060 3718 3097 ι

2141 3137 2464 3209 Αὐταδέλφη
2508 3136 2602 3192 τοῦ
2639 3136 2912 3208 βασιλέως
2945 3136 3155 3210 Παρία.
3191 3137 3289 3191 καὶ
3327 3136 3436 3190 τῶν
3460 3121 3717 3206 Μουγουο

2145 3231 2272 3286 itle
2296 3229 2437 3285 οὕτω
2470 3248 2589 3295 πως
2614 3232 2870 3286 δέσποινα
2909 3230 3309 3301 ὀνομαζομένη.
3333 3230 3724 3300 Carmpantani

2145 3329 2448 3384 successori
2487 3327 2717 3384 Cazanis
2743 3338 2797 3382 et
2829 3342 2967 3382 noro
3000 3326 3134 3383 Kani
3167 3319 3535 3383 Tocb'arorum
3562 3325 3727 3382 obtu-

2146 3421 2280 3474 lerat
2319 3420 2371 3477 iu
2423 3436 2680 3490 sponsam
2738 3420 3081 3493 Andronicus
3135 3420 3412 3490 Augustus
3474 3435 3723 3475 sororem

2144 3514 2419 3584 propriam
2453 3512 2700 3576 Mariam,
2731 3510 2816 3585 [Ρ.
2851 3511 2980 3585 559]
3007 3523 3058 3568 et
3096 3512 3190 3568 illo
3221 3523 3542 3582 acceptante
3571 3529 3727 3566 eam-

2146 3606 2266 3659 dem
2329 3620 2453 3660 cum
2499 3607 2648 3671 regio
2692 3607 2951 3661 comitatu
3005 3605 3238 3661 Nicteam
3294 3607 3538 3662 miserat.
3573 3603 3727 3658 Haec

2145 3701 2219 3753 ait
2246 3683 2534 3754 historicus
2563 3699 2913 3772 vulgo-inisse
2943 3700 3274 3754 nominatam
3299 3697 3578 3754 dominam
3607 3695 3728 3752 Mu-

2144 3779 2435 3861 guliorum.
2460 3791 2550 3846 Sic
2576 3792 2720 3847 enim
2746 3790 3083 3862 Hogulcnses
3107 3791 3378 3860 principes
3404 3790 3722 3858 primariam

2143 3897 2196 3941 et
2236 3901 2345 3955 pra:
2374 3886 2586 3941 cancris
2618 3886 2852 3941 nobilem
2891 3900 3114 3939 uxorem
3147 3868 3394 3938 solebant
3435 3899 3464 3937 a
3501 3872 3723 3939 cieteris

2138 3978 2478 4046 distinguere
2535 3979 2727 4034 addito
2776 3979 2824 4034 ei
2881 3979 3113 4032 dominre
3163 3977 3343 4033 titulo.
3405 3969 3482 4031 Id
3514 3978 3721 4044 diserte

2147 4081 2379 4126 testatur
2407 4069 2872 4141 Abulpharagius,
2920 4087 2975 4141 p.
3013 4069 3122 4126 429
3161 4070 3246 4126 sui
3278 4069 3536 4125 Chronici
3579 4071 3719 4126 Ara-

2146 4163 2266 4227 bici,
2297 4178 2464 4234 agens
2495 4164 2564 4219 de
2593 4162 2976 4234 Gingizcbano
3026 4164 3202 4235 primo
3248 4164 3578 4234 imperatore
3606 4163 3718 4218 Ilo-

2145 4256 2472 4324 gulensittm,
2504 4257 2665 4328 cujus
2710 4272 2941 4330 uxorem
2977 4255 3293 4326 primariam
3338 4267 3394 4311 et
3446 4239 3719 4313 nobilissi-

2147 4364 2328 4414 mam,
2372 4351 2590 4406 arabice
2619 4349 2689 4405 Al
2732 4349 2967 4417 Ckatun,
3027 4349 3129 4405 hoc
3166 4358 3248 4404 est
3292 4347 3566 4404 dominam
3623 4362 3718 4401 vo-

2145 4449 2345 4506 catam,
2380 4443 2601 4510 proprio
2633 4441 2852 4496 nomine
2886 4449 3247 4509 nuncupatam
3280 4439 3446 4494 fuisse
3476 4441 3550 4493 ait
3594 4437 3715 4493 Oni-

475 4539 677 4583 tentare
710 4544 812 4581 non
857 4528 1132 4588 auderent.
1189 4529 1365 4582 varias
1417 4542 1482 4582 ea:
1528 4529 1829 4582 abundante
1887 4529 2042 4582 turba
2077 4529 2118 4585 υ
2151 4534 2326 4587 suniin
2358 4533 2506 4604 Begi.
2541 4533 2808 4589 Similiter
2847 4533 2900 4588 in
2955 4532 3078 4588 aliis
3111 4547 3342 4603 quorum
3378 4531 3570 4587 ordine
3603 4545 3718 4584 mc-

475 4623 736 4690 con/latas
765 4636 951 4674 manus
989 4637 1399 4692 quoquoversum
1434 4622 1746 4688 mittentes,
1789 4631 1895 4676 etc.
1929 4620 2043 4676 Hoc

479 4719 720 4774 iudicare
750 4719 917 4784 volui,
948 4719 1048 4773 etsi
1073 4718 1249 4774 adhuc
1276 4717 1504 4773 seritiam
1532 4733 1636 4774 non
1664 4733 1856 4774 carere
1888 4717 2043 4787 peni-

479 4823 567 4874 tus
597 4813 1062 4868 verisimilitudine
1088 4829 1248 4884 quam
1273 4814 1512 4883 expressi
1541 4813 1592 4868 in
1628 4814 1788 4868 editis
1821 4822 2045 4868 senten-

476 4907 627 4962 tiam.
647 4905 946 4964 Potuerunt
963 4909 1105 4963 enim
1135 4907 1480 4976 Amogabari,
1513 4923 1579 4962 ne
1604 4923 1631 4962 a
1657 4917 1809 4975 tergo
1842 4907 2041 4961 irrum-

472 4999 728 5071 po-ntibus
759 5000 1087 5070 praesidariis
1111 5004 1252 5055 arcis
1281 4999 1414 5055 Gani
1459 5002 1818 5062 crederentur,
1855 5009 2044 5052 custo-

476 5096 573 5148 des
607 5095 737 5161 ipsis
764 5102 1117 5163 augustarum
1155 5091 1391 5149 faucium
1423 5108 1453 5148 e
1481 5094 1594 5150 auis
1626 5107 1917 5163 opponere.

549 5183 612 5240 Ρ.
642 5185 764 5241 598.
815 5184 890 5241 Ex
922 5189 1286 5242 mOnumentis
1323 5185 1686 5241 Gcnuensium
1722 5189 1894 5242 habeo
1947 5201 2044 5240 vo-

472 5288 654 5335 catum
680 5281 825 5335 hunc
854 5278 1102 5351 Opicium
1139 5281 1442 5350 Spinolam,
1473 5281 1907 5352 potentissin'nm
1941 5283 2044 5339 du-

473 5388 592 5429 cem
647 5373 1064 5440 Gibellinorum,
1119 5389 1378 5446 generum
1426 5375 1687 5446 principis
1737 5375 2042 5434 Antiochia:

473 5463 568 5520 tibi
596 5464 856 5520 Friderici
875 5466 920 5522 ll
941 5466 1303 5536 imperatoris,
1327 5476 1379 5519 nt
1406 5466 1638 5521 aliirmat
1665 5467 2038 5533 Constantius.

470 5573 526 5614 c.
564 5557 694 5625 258,
723 5557 777 5614 in
811 5558 1054 5616 historiis
1088 5558 1310 5615 Siciliae.
1370 5561 1538 5616 Porro
1583 5561 1770 5617 Zurita
1805 5573 1935 5618 tom.
1971 5563 2038 5629 ll,

473 5663 528 5702 e.
560 5647 646 5713 l2,
681 5658 736 5703 et
765 5648 981 5714 Corius,
1009 5664 1060 5705 c.
1095 5650 1218 5719 l65,
1251 5652 1402 5707 aiunt
1445 5652 1771 5724 l’alacologns
1803 5656 2043 5718 exquisi-

472 5741 620 5796 visse
653 5739 967 5800 aliinitatcm
999 5760 1120 5799 cum
1159 5747 1318 5799 modo
1365 5757 1663 5801 tuemorato
1686 5749 1876 5818 Upicio
1920 5749 2043 5818 Spi-

478 5835 626 5902 nola,
671 5848 728 5892 ut
781 5851 878 5909 per
944 5839 1089 5894 illum
1145 5838 1440 5896 Glbellinos
1498 5839 1601 5896 sibi
1666 5841 2036 5914 adjungcreut.

2155 4626 2308 4679 minit
2337 4625 2758 4695 imperatoribus
2789 4625 2906 4696 ejus
2945 4625 3123 4696 gentis
3165 4624 3485 4694 plerumque
3518 4639 3719 4680 memo-

2154 4731 2235 4772 rat
2266 4721 2593 4789 praecipuam
2635 4718 2897 4788 cujusque
2930 4718 3244 4788 conjugem,
3272 4732 3488 4786 semper
3516 4717 3592 4772 illi
3629 4717 3716 4771 uni

2153 4815 2394 4868 tribuens
2421 4813 2631 4867 titulum
2667 4811 2879 4866 Chatun
2909 4812 3025 4865 sive
3058 4809 3348 4880 praeposito
3386 4810 3620 4873 articulo
3649 4811 3716 4862 At

2089 4896 2092 4898 ⁷
2153 4905 2402 4968 Cltatun;
2435 4919 2595 4973 quem
2631 4904 2847 4958 titulum
2900 4904 3189 4960 Eduardus
3219 4901 3542 4964 Pocockins,
3576 4901 3720 4956 Lati-

2153 5015 2254 5054 nus
2289 5000 2406 5070 ejus
2434 4999 2686 5053 Chronici
2733 4997 3024 5067 interpres,
3055 4996 3192 5051 solet
3224 4996 3535 5062 exprimere
3566 5012 3721 5052 vora-

2151 5093 2279 5149 bulo
2305 5093 2549 5149 dominre.
2582 5093 2746 5147 Maria
2781 5093 2942 5161 igitur
2967 5089 3286 5160 Palmologa.
3321 5089 3397 5144 uti
3427 5089 3537 5158 jam
3577 5105 3720 5145 nunc

2151 5186 2410 5255 primaria
2439 5202 2573 5240 uxor
2622 5185 3036 5254 Carmpantanis
3066 5181 3232 5237 Kanis
3269 5181 3653 5252 lliuguliorum,
3690 5199 3717 5236 a

2151 5280 2265 5335 suis
2300 5278 2506 5335 Graecis
2561 5278 2773 5333 titulum
2803 5277 3012 5333 Chatun
3039 5277 3088 5332 ei
3119 5293 3146 5332 a
3191 5275 3593 5346 Mogulensibus
3626 5276 3720 5329 tri-

2151 5375 2339 5428 butum
2390 5389 2485 5428 sua
2533 5374 2712 5445 lingua
2774 5373 3130 5428 reddentibus
3184 5370 3442 5424 δέσποινα
3506 5369 3717 5425 damma

2153 5466 2515 5538 Muguliorum
2573 5467 2934 5531 recitabatur,
2986 5474 3146 5535 prout
3197 5463 3281 5520 bis
3327 5463 3541 5519 duobus
3590 5464 3719 5518 locis

2155 5560 2516 5633 Pacbymeres
2545 5560 2798 5614 atiirmal.

2228 5653 2288 5710 P.
2320 5653 2445 5708 629.
2477 5652 2695 5725 Bizyam
2733 5652 2902 5707 fuisse
2939 5652 2990 5707 in
3037 5651 3449 5707 mediterraneis
3479 5647 3720 5703 Thraciae

2160 5751 2365 5804 dudmn
2399 5749 2699 5801 docuerunt
2738 5746 3062 5801 Ptolomaeus
3092 5755 3147 5798 et
3180 5743 3509 5813 Stephanus.
3561 5741 3718 5794 nam

2163 5851 2343 5897 autem
2362 5838 2630 5909 eamdem,
2649 5855 2753 5895 non
2772 5836 2967 5910 κώμην
2991 5836 3286 5903 exstitisse,
3308 5835 3589 5901 civitatem,
3616 5847 3715 5889 non
