4058 6298
345 438 460 506 833

1420 441 1568 504 LlB.
1616 439 1734 500 IlI.
1776 466 1846 478 -
1883 440 2556 509 CHRONOLOGICUS.

3506 448 3614 516 83!

317 553 1319 626 meum,demonstratscriptoranouy
1335 569 1456 607 mus
1484 553 1939 623 acqualistempo-
1971 558 2013 612 A
2044 556 2148 611 vol.
2181 572 2218 619 ι.
2245 561 2310 611 ad
2342 575 2392 626 p.
2428 556 2532 614 420
2588 557 2996 613 observavimus
3026 574 3078 629 p.
3111 559 3236 625 676,
3279 560 3468 632 utique
3493 581 3614 619 cum

320 664 450 703 tum
471 648 655 704 Basilii
677 646 1010 713 Macedonis,
1026 649 1118 717 qui
1146 648 1303 700 annis
1325 646 1437 700 fere
1459 646 1769 717 quingentis
1785 647 1936 717 prius

317 733 653 796 'Andronico
705 741 808 797 hoc
863 752 1048 795 nostro
1086 737 1367 795 Orientale
1399 740 1574 795 tenuit
1620 739 1931 810 imperium,

322 839 384 894 in
430 834 549 892 Vita
575 837 808 891 noadum
836 836 981 891 edita
1026 851 1190 904 quam
1240 833 1428 890 Graece
1467 833 1686 904 scripsit
1715 836 1934 888 Sancta:

331 929 523 985 Maria:
577 943 947 997 cognomento
999 929 1270 985 Juuioris.
1316 929 1580 984 Servatur
1625 931 1736 984 haec
1774 928 1825 981 in
1856 926 1937 982 b’-

337 1023 616 1078 bliotheca
644 1022 828 1080 Vatic.
857 1026 980 1080 cod.
1015 1023 1140 1089 800,
1178 1024 1272 1078 fol.
1296 1023 1421 1079 230.
1461 1021 1534 1078 lbi
1564 1034 1746 1078 autem
1788 1033 1936 1090 post-

330 1132 504 1185 quam
534 1117 764 1173 dixisset
803 1129 996 1172 auCtor
1017 1117 1243 1172 Mariam
1275 1133 1399 1173 cum
1429 1119 1552 1172 viro
1582 1132 1682 1172 suo
1710 1130 1774 1169 es
1811 1115 1933 1170 vico

324 1213 596 1279 quodam,
645 1213 705 1266 al.
747 1211 1013 1283 Καμάραι
1053 1223 1268 1277 vocato,
1330 1211 1421 1267 ubi
1457 1212 1634 1266 mariti
1673 1212 1791 1283 ejus
1843 1211 1932 1267 Ni-

327 1305 562 1376 cephori
599 1313 823 1376 paterna
870 1314 990 1361 erat
1019 1305 1235 1365 domus.
1267 1302 1534 1376 migrasse
1567 1303 1807 1374 Bizyam,
1838 1303 1928 1358 ad-

325 1400 460 1453 dit:
499 1396 772 1452 Ἐνταῦθα
820 1400 854 1469 ἡ
895 1397 1153 1469 μακαρία
1213 1396 1310 1450 τὸν
1343 1396 1445 1468 μὲν
1491 1395 1658 1450 τόπον
1694 1397 1933 1468 muttiant

327 1490 449 1544 ἀπὺ
485 1489 683 1562 κώμης
716 1491 797 1555 εἰς
822 1491 1014 1544 πόλιν·
1055 1488 1153 1544 llic
1182 1489 1336 1544 beato
1367 1489 1543 1544 locum
1573 1491 1785 1560 quidem
1814 1507 1932 1542 nm-

340 1586 484 1640 ται-η
508 1601 535 1639 e
557 1587 668 1640 vico
700 1585 755 1638 in
796 1583 1000 1639 urbem.
1025 1581 1196 1650 Quam
1219 1593 1275 1638 ct
1301 1599 1407 1640 non
1432 1584 1602 1638 multo
1627 1594 1749 1654 post
1770 1582 1936 1636 πολυ-

338 1679 636 1748 άνθρωπον
659 1685 839 1746 vocat,
875 1677 1143 1733 celebrem
1190 1688 1242 1733 et
1280 1677 1616 1748 populosam.
1650 1679 1770 1746 Quo
1799 1675 1930 1733 iacit

325 1771 498 1844 775
533 1772 679 1840 quod
742 1773 1108 1843 l’achymcres
1154 1787 1279 1827 mox
1317 1771 1476 1838 dicit,
1530 1773 1701 1827 multa
1758 1773 1928 1827 millia

326 1866 664 1922 bellatorum
690 1882 760 1923 ex
792 1868 911 1937 ejus
937 1848 1150 1922 civibus
1187 1868 1372 1923 subito
1402 1867 1661 1924 conllata.

2037 649 2124 705 hic
2152 667 2274 705 eum
2307 666 2490 706 noster
2513 651 2775 708 Matiuelis
2802 651 3104 710 Zachariae.
3130 654 3219 721 qui
3242 657 3447 722 primus
3472 656 3610 711 Pho.

2035 734 2492 801 ca‘ambenelicio
2524 744 2800 801 Hichaelis
2829 746 2985 816 primi
3035 746 3319 816 Palmolugl
3376 748 3612 818 impura-

2038 839 2170 894 toris
2204 843 2434 909 accepit,
2463 839 2707 908 ἀνεψιόν,
2735 841 2840 896 hoc
2869 851 2951 896 est
2984 856 3048 896 ex
3105 839 3274 896 fratre
3309 841 3392 896 vel
3427 857 3616 896 ευι-οειε

2037 944 2288 1006 nepotem
2323 947 2496 990 vocet.
2534 935 2646 990 Etsi
2697 936 2842 991 enim
2881 951 2982 990 vos
3041 935 3264 1006 ἀνεψιός
3319 937 3612 1008 aliquando

2037 1029 2334 1097 patruelem
2370 1026 2662 1096 significat,
2697 1037 2877 1083 tamen
2923 1027 3013 1082 hic
3041 1046 3071 1083 e
3102 1027 3271 1085 fratre
3297 1037 3390 1084 aut
3422 1042 3613 1084 somre

2035 1120 2275 1191 genitum
2313 1122 2600 1191 designare
2647 1122 2808 1177 debet
2850 1121 3077 1192 intelligi
3133 1138 3200 1177 ex
3259 1137 3324 1176 eo
3357 1123 3501 1194 quod
3546 1122 3612 1176 ad

2037 1215 2182 1268 θεῖον
2208 1215 2464 1277 refertur.
2495 1231 2604 1286 qua
2636 1231 2741 1271 una
2775 1215 2948 1271 Graeci
2983 1231 3111 1272 voce
3144 1217 3412 1287 geminant
3441 1216 3613 1271 indis-

2034 1307 2369 1363 Criminatim
2409 1304 2655 1361 Latinam
2688 1306 3002 1375 exprimunt
3036 1308 3219 1377 patrui
3249 1316 3302 1359 et
3336 1307 3608 1360 anaticufl.

2034 1401 2218 1470 Quare
2254 1401 2304 1456 in
2361 1400 2812 1469 interpretatione
2864 1400 3130 1454 utramvis
3163 1399 3469 1468 alisj'inetim
3519 1414 3612 1451 nc-

2033 1493 2423 1549 cessitudinem
2475 1494 2742 1560 expressi.
2800 1491 3038 1547 Fuerunt
3090 1508 3223 1547 sane
3265 1492 3490 1547 Catanei
3545 1507 3609 1546 ac

2033 1589 2312 1644 Zachariae
2368 1587 2598 1643 diversa:
2648 1585 3017 1642 Genuensium
3073 1584 3308 1649 familiae,
3363 1583 3448 1657 μ’.
3480 1583 3608 1656 560]

2035 1695 2238 1747 tamen,
2276 1692 2335 1736 ut
2368 1694 2399 1735 a
2447 1679 2633 1751 peritis
2662 1695 2841 1734 rerum
2883 1680 3097 1734 illarum
3130 1678 3358 1750 accipin,
3401 1681 3610 1732 crebris

2035 1773 2385 1828 al'lluitatibns
2426 1783 2479 1827 et
2511 1770 2798 1826 connubiis
2829 1772 2905 1824 ita
2959 1771 3097 1824 inter
3143 1785 3200 1823 se
3253 1768 3515 1832 confuse,
3553 1779 3610 1822 nt

2035 1869 2276 1938 potuerit
2323 1883 2462 1922 unus
2491 1875 2548 1920 et
2597 1866 2740 1921 idem
2775 1865 2992 1920 nomine
3029 1863 3119 1917 illo
3150 1861 3371 1933 duplici,
3423 1861 3550 1916 hinc
3577 1878 3607 1915 a

361 2011 366 2016 .
406 1957 550 2015 Ibid.
575 1958 795 2029 Magnus
821 1960 931 2014 illic
963 1961 1242 2025 tzauzius,
1276 1971 1386 2015 etc.
1432 1958 1616 2016 Veteri
1651 1960 1808 2031 plane
1852 1961 1934 2016 in-
1967 1948 2005 2002 Β
2038 1971 2190 2032 patre
2245 1961 2369 2015 inde
2402 1977 2429 2013 a
2466 1969 2642 2014 matre
2699 1961 2883 2022 ductu,
2934 1956 3250 2029 promiscue
3312 1955 3606 2016 nominari,

325 2053 527 2108 stituto
564 2052 793 2120 Augusti
824 2052 1111 2124 Byzantini
1148 2053 1402 2124 prtcsidio
1429 2054 1670 2124 equestri
1703 2053 1918 2124 Bizyam

324 2146 613 2210 tenebant,
653 2155 708 2199 et
759 2146 877 2210 ejus
924 2145 1304 2215 praefecturam
1356 2147 1490 2202 viris
1536 2149 1922 2216 prcestsntihus

326 2237 772 2312 committebant.
797 2235 931 2292 Nam
947 2237 1058 2308 jam
1081 2238 1151 2294 ab
1177 2253 1321 2295 anno
1349 2239 1550 2295 Christi
1569 2241 1790 2295 circiter
1815 2239 1921 2296 580

325 2330 494 2384 modo
526 2329 779 2384 laudatus
812 2333 1048 2402 scriptor
1078 2329 1216 2387 Vitae
1245 2316 1305 2388 S.
1338 2332 1521 2388 Mariae
1547 2332 1790 2390 iunioris
1822 2335 1921 2388 do.

323 2429 420 2476 cet
451 2422 572 2476 viro
618 2421 738 2491 ejus
795 2422 855 2478 S.
891 2423 1136 2480 mulieris
1186 2424 1518 2495 Nicephoro,
1579 2428 1724 2497 quod
1779 2427 1920 2481 bello

324 2511 624 2584 Bulgarico
647 2511 880 2570 fortibus
913 2531 974 2570 se
1007 2515 1169 2573 factis
1210 2517 1673 2584 commendasset,
1703 2518 1756 2573 in
1793 2533 1924 2590 prte-

328 2609 501 2661 mium
530 2608 711 2662 datam
745 2623 870 2665 esse
901 2618 1092 2666 turma:
1117 2611 1499 2681 prefeeturam
1537 2611 1790 2666 habentis
1812 2618 1924 2663 sta.

324 2702 538 2756 tionem
564 2703 766 2774 Bizyze.
799 2701 972 2758 Verba
1006 2703 1128 2775 ejus
1159 2707 1274 2759 haec
1307 2713 1433 2760 sunt
1463 2723 1478 2760 :
1508 2705 1644 2758 Τότε
1679 2703 1862 2758 τοίνυν
1892 2704 1920 2757 ὁ

322 2793 435 2864 τῆς
461 2795 680 2868 Μαρίας
719 2797 862 2872 ἀνὴρ
907 2797 1228 2871 Νικηφόρος
1283 2798 1563 2870 ἀριστεύει
1597 2802 1710 2862 τοῖς
1756 2799 1924 2853 Bon).-

324 2890 530 2959 Υάροες
581 2891 916 2964 μαχόμενος.
957 2893 1052 2946 καὶ
1105 2892 1272 2965 ψήφῳ
1303 2893 1414 2948 τῶν
1453 2877 1810 2964 κρατούντων
1839 2895 1921 2957 εἰς

322 2981 432 3053 τὴν
465 2982 564 3050 τῆς
601 2982 800 3055 Bibit};
829 2983 1078 3055 τοῦρμαν
1104 2986 1484 3056 ἐκπέμπεται.
1739 3000 1742 3003 ’

405 3075 466 3131 Ρ.
491 3077 617 3133 638.
653 3077 719 3131 '0
745 3076 854 3132 τοῦ
883 3077 1206 3149 Mummi).
1248 3077 1406 3136 Hunc
1455 3081 1855 3138 innomiuatum
1891 3099 1922 3136 e

325 3169 540 3225 [altilia
594 3167 962 3226 Cataneorum
1002 3170 1374 3227 Gennensium
1435 3172 1718 3230 Pboceam
1777 3175 1923 3229 obti-

325 3266 578 3321 nentium
613 3265 805 3336 fuisse,
832 3281 935 3339 pro
966 3276 1120 3323 certo
1147 3275 1232 3323 est
1260 3265 1570 3324 habendum
1607 3284 1676 3325 ex
1705 3267 1774 3325 iis
1799 3283 1922 3338 quo

369 3477 1090 3503 NW

2026 2055 2329 2125 praesertim
2389 2052 2456 2106 ab
2481 2053 2683 2107 exteris
2707 2052 3069 2122 scriptoribus
3101 2065 3292 2119 parum
3343 2050 3393 2103 in
3423 2049 3506 2104 his
3538 2047 3607 2102 al

2024 2160 2279 2206 exactum
2315 2164 2425 2204 rem
2477 2149 2675 2204 callere
2707 2147 2913 2215 plerum
2936 2161 3023 2216 lue
3062 2146 3401 2201 cmantilnts.

2098 2243 2154 2298 P.
2197 2241 2320 2298 640.
2354 2239 2462 2296 Eus
2484 2259 2537 2296 se
2567 2243 2980 2311 compositurum
3011 2236 3402 2293 controversias
3433 2234 3608 2290 Theu-

2023 2338 2269 2391 dericlms
2311 2345 2487 2391 ratus.
2535 2333 2694 2390 Circa
2743 2333 2887 2388 hanc
2931 2348 3043 2386 rem
3085 2337 3293 2400 gestam
3329 2329 3606 2395 hxcapnl

2023 2431 2506 2487 d’Ontremannu-n
2558 2428 2794 2499 reperio,
2835 2426 2927 2482 lib.
2961 2426 3036 2481 De
3064 2439 3177 2478 exc.
3227 2421 3428 2486 ϐνωο..
3464 2439 3513 2479 c.
3548 2423 3606 2486 5,

2026 2543 2080 2594 ιι.
2118 2525 2222 2582 ιδ’]
2255 2541 2269 2579 :
2307 2524 2348 2578 A
2407 2523 2694 2580 Frederiro
2724 2539 2841 2592 rege
2891 2519 3117 2583 Sicilia',
3152 2519 3307 2589 cujus
3352 2519 3607 2586 auwpiciis

2023 2634 2261 2688 pugnare
2313 2624 2603 2684 caperent,
2664 2603 2860 2668 missus
2910 2610 3296 2666 Ferdinaudus
3344 2609 3606 2664 Baleariri

2006 2705 2161 2782 regis
2203 2711 2380 2764 minor
2417 2709 2560 2777 ﬁlius
2605 2709 2658 2762 in
2688 2722 2817 2774 pace
2872 2704 3164 2760 Catelauos
3203 2720 3396 2773 ponere
3426 2705 3608 2774 nequi-

2023 2807 2118 2860 vit.
2181 2805 2256 2858 Ita
2295 2804 2422 2868 ille;
2461 2817 2619 2870 quem
2662 2817 2792 2864 ergo
2824 2800 2910 2854 hic
2957 2799 3152 2854 Gidam
3190 2804 3283 2852 snt
3313 2794 3606 2850 Hateri-am

2024 2898 2352 2954 Phareutem
2399 2893 2768 2949 Theuleriehi
2802 2893 2972 2947 lilium
3012 2900 3169 2946 vocat
3211 2889 3603 2960 Pachytncres,

2023 2990 2336 3048 credibilius
2399 2997 2483 3044 est
2539 2987 2706 3042 fuisse
2755 2983 3155 3040 Ferdinaudnm
3239 2981 3605 3036 Balearicum.

2021 3081 2166 3149 Quin
2213 3091 2269 3135 et
2317 3078 2554 3135 fortasse
2604 3077 2868 3132 vocabula
2900 3076 2987 3130 illa
3027 3075 3265 3129 Haterca
3309 3073 3546 3128 Pharens
3577 3087 3610 3126 θ

2023 3173 2302 3229 Balearica
2335 3170 2620 3229 Fernande
2642 3170 2757 3226 sive
2789 3168 3127 3224 Ferdinaudo
3163 3167 3462 3223 deformata
3491 3164 3606 3221 fne-

2025 3263 2158 3323 rint.

1072 3649 1616 3819 PETRI
1705 3685 2324 3822 POSSlNI
2454 3689 2584 3821 s.
2683 3692 2806 3816 J.

583 3953 1808 4076 OBSERVATIONUM
1894 3951 3359 4124 PACHYMER‘IANARUM

1656 4182 1888 4246 LIBER
1953 4181 2298 4244 TERTIUS

895 4366 1037 4426 om:
1063 4367 1150 4412 an
1181 4364 1480 4416 TEIIPORA
1527 4366 1610 4413 nr
1635 4367 1722 4411 an
1764 4361 2266 4410 canononooum
2299 4362 2655 4409 unaunam
2688 4363 3045 4413 maenas.

882 4673 1049 4747 773
1077 4668 1310 4728 CAPUT
1335 4670 1376 4728 ι.

341 4788 419 4846 De
449 4808 669 4848 numero
734 4807 1019 4854 annorum,
1085 4806 1215 4856 quos
1271 4789 1382 4845 hac
1424 4804 1596 4842 rerum
1628 4789 1917 4843 Andronici

413 4865 635 4920 ‘tislov‘ia
669 4863 1050 4921 complectitur.
1105 4861 1279 4929 Hujus
1329 4861 1453 4929 ﬁnis
1486 4871 1743 4930 quantum
1777 4861 1916 4915 absit

417 4940 480 4992 ab
502 4935 656 4992 initio
691 4935 930 4989 historia:
963 4933 1352 4988 Cautacuseui.

414 5054 475 5129 [Ρ
507 5051 633 5125 561]
682 5048 723 5106 Ι.
754 5050 893 5106 Ante
914 5049 1092 5104 omnia
1123 5062 1303 5117 operae
1326 5047 1557 5117 pretimn
1580 5045 1724 5101 duco
1757 5045 1918 5116 ligcre

337 5151 615 5217 utrimque
667 5156 839 5200 metas
886 5144 1011 5199 huic
1065 5140 1328 5207 historiae,
1357 5150 1413 5197 et
1476 5157 1543 5198 ex
1597 5157 1700 5210 quo
1733 5140 1918 5194 limine

339 5243 641 5316 procedens
666 5240 718 5293 in
749 5253 912 5309 quem
937 5245 1194 5292 excurrat
1230 5235 1480 5301 limitem,
1533 5234 1761 5288 delinire
1802 5249 1915 5288 me—

339 5337 543 5391 liendo.
571 5332 772 5388 Scribit
804 5338 1010 5392 uoster.
1068 5345 1122 5399 p.
1165 5327 1252 5390 l2,
1291 5325 1662 5382 Altzlrouictttn
1711 5325 1915 5380 Palat-o-

340 5429 524 5501 logum
553 5434 924 5497 capessentem
959 5423 1128 5478 solum
1158 5421 1431 5475 exstincto
1453 5420 1563 5488 jam
1614 5431 1770 5489 patre
1821 5419 1918 5473 ha-

339 5524 508 5578 benas
569 5518 800 5587 imperii,
845 5533 1013 5571 annos
1054 5525 1235 5569 natum
1285 5513 1456 5584 fuisse
1504 5524 1734 5584 quatuor
1755 5529 1916 5579 supra

337 5615 568 5690 viginti,
598 5628 662 5668 ac
708 5627 761 5667 c.
818 5611 889 5667 '56
917 5603 972 5665 et
1005 5610 1195 5663 ultimo
1247 5608 1369 5663 lihri
1413 5623 1505 5672 vn,
1544 5607 1702 5677 hujus
1733 5607 1916 5678 operis

340 5708 628 5782 postremi.
665 5705 899 5762 allirmat
929 5702 1180 5760 desinere
1201 5702 1341 5757 hanc
1370 5700 1655 5755 historiam
1688 5699 1740 5752 iu
1774 5713 1916 5754 anno

340 5799 942 5872 utuleqnlnquagesimo
964 5800 1137 5852 relatis
1159 5796 1450 5852 Andronici
1474 5794 1738 5864 ejusdem.
1763 5793 1916 5850 Unde

339 5895 592 5958 infertur,
625 5909 714 5949 res
760 5901 959 5963 gestas
987 5891 1146 5946 annis
1180 5904 1272 5944 ses
1318 5899 1372 5943 et
1417 5887 1604 5956 viginti
1636 5887 1795 5956 hujus
1831 5902 1918 5942 se-

338 5989 502 6045 eundi
525 5986 971 6060 Pachymerianse
994 5981 1246 6042 Historiae
1282 5982 1581 6040 voluminis
1627 5996 1917 6054 argumen-

1948 4682 1992 4739 ο
2027 4683 2140 4726 tmn
2169 4671 2370 4729 facere.
2401 4671 2587 4726 Annos
2610 4671 2812 4742 quippe
2845 4673 3113 4728 smnimus
3133 4672 3380 4745 expletos
3409 4675 3475 4730 ad
3508 4693 3603 4731 cs-

2032 4767 2352 4840 peditiorem
2400 4767 2706 4835 calculum;
2741 4769 2790 4822 id
2842 4771 2986 4836 quml
3034 4770 3171 4824 citra
3215 4775 3393 4842 tnagni
3437 4773 3604 4827 detri-

2023 4861 2191 4915 menti
2228 4860 2529 4932 periculum
2571 4876 2730 4930 posse
2763 4878 2860 4915 nos
2887 4860 3086 4926 facere,
3115 4878 3182 4916 ex
3229 4863 3296 4919 iis
3336 4879 3457 4934 qua:
3495 4882 3598 4921 nu-

2022 4969 2172 5008 mero
2215 4971 2338 5011 mox
2384 4957 2544 5010 tertio
2574 4953 2643 5009 de
2670 4966 2793 5009 nato
2821 4957 2963 5009 circa
2989 4953 3187 5010 Juliaui
3222 4957 3350 5012 an’nl
3393 4956 3600 5028 prim-l-

2021 5047 2166 5118 pium
2195 5048 2504 5102 Andronico
2538 5049 2783 5102 dicenms
2820 5049 3121 5118 apparebit.

2094 5139 2160 5194 il.
2207 5138 2396 5194 Restat
2425 5140 2819 5209 explorandum
2844 5141 2992 5209 qunti
3019 5151 3375 5197 numerentur
3398 5145 3452 5199 in
3488 5161 3595 5198 atra

2021 5235 2230 5303 vulgari
2256 5233 2566 5313 Christiana
2599 5235 2709 5287 duo
2765 5235 2818 5288 hi
2851 5235 3002 5300 attui,
3035 5235 3128 5304 qui
3169 5237 3405 5303 spatium
3459 5249 3596 5292 tem-

2021 5328 2193 5398 poris,
2252 5330 2451 5396 inquo
2503 5327 2827 5396 explicando
2879 5328 2995 5384 haec
3044 5327 3280 5387 Historia
3325 5342 3593 5398 versatur,

2019 5423 2296 5490 utrimque
2359 5424 2676 5476 terminant.
2732 5423 2929 5475 EOrttm
2979 5424 3130 5492 prior
3175 5424 3418 5494 quidem,
3456 5430 3596 5479 mule

2020 5512 2344 5583 principium
2382 5512 2619 5578 ducitur,
2655 5528 2780 5567 cum
2819 5514 3002 5568 statim
3028 5532 3055 5565 τι
3089 5512 3369 5570 Michaelis
3389 5514 3596 5569 Pala'o-

2019 5607 2124 5678 logi
2155 5606 2383 5677 Augusti
2437 5617 2610 5661 morte
2651 5608 2961 5673 inclinetur,
2997 5617 3052 5662 ct
3093 5609 3224 5673 haec,
3267 5618 3325 5664 ut
3368 5607 3596 5664 demon-

2017 5713 2250 5755 stratum
2287 5709 2371 5754 est
2405 5700 2510 5756 vol.
2542 5696 2583 5763 1,
2617 5717 2670 5770 p.
2710 5701 2834 5759 747.
2883 5702 2968 5756 die
3001 5699 3034 5754 2
3083 5700 3392 5757 Decembris
3441 5716 3587 5755 anno

2016 5793 2221 5850 Christi
2252 5793 2388 5848 l282
2408 5795 2719 5866 cozttigerit,
2755 5794 2854 5849 fuit
2877 5796 2996 5849 sine
3024 5795 3190 5849 dubio
3218 5810 3392 5850 auth
3445 5795 3591 5852 idem

2017 5907 2140 5946 tera:
2189 5888 2432 5959 vulgaris
2474 5889 2651 5954 l282,
2703 5894 2795 5946 sed
2843 5901 3118 5960 postrema
3179 5892 3442 5944 duntaxat
3511 5894 3591 5944 sui

2019 5994 2194 6061 parte,
2233 5983 2424 6042 diebus
2451 5984 2700 6043 videlicet
2740 5985 2948 6056 Viginti.
2987 5982 3124 6040 lluic
3169 5998 3314 6041 anno
3346 5985 3391 6042 si
3427 5983 3589 6058 777
