4058 6298
361 399 476 465 837

1675 392 2362 458 CHBONOLOGICUS.

3529 392 3640 460 838

366 517 908 588 Pentecosteszqna
946 516 1141 572 incidit
1171 513 1263 572 illo
1291 530 1436 573 anno
1468 515 1520 572 in
1570 516 1711 572 diem
1763 527 1961 572 secun-
1991 519 2035 573 Α
2064 518 2247 570 statim
2310 534 2338 570 a
2402 514 2561 572 Vecci
2612 512 2959 571 revocatione
3016 497 3548 582 Constantinopolim
3603 528 3638 569 ο

367 612 496 664 dam
537 608 704 665 Junii.
753 605 832 666 De
881 608 1044 681 hujus
1096 625 1126 663 e
1181 610 1379 665 throno
1429 608 1734 677 dejectione
1767 617 1958 663 narrat

368 717 559 760 nosmr
597 706 700 762 hoc
752 714 902 760 tomo
935 692 1199 770 seettndo.
1231 717 1286 774 p.
1321 703 1409 769 19,
1446 701 1679 758 Veccum
1710 701 1957 758 animad-

369 815 528 855 versa
548 790 865 856 mutatione
912 815 1096 854 rerum
1135 810 1191 856 et
1233 799 1599 871 propensione
1630 801 1754 855 novi
1808 800 1959 870 prin-

370 893 520 966 cipis
552 894 619 950 ad
652 894 1054 950 restituendum
1111 893 1376 962 schisma,
1417 894 1504 948 cui
1546 895 1814 950 olsismre
1862 909 1958 949 nc-

369 989 575 1058 quiret.
606 987 753 1044 ultro
786 987 938 1043 abire
963 988 1297 1056 patriarchio
1323 1000 1571 1059 paratum
1602 1001 1955 1060 exspectasse

361 1068 554 1137 tamen
581 1080 711 1136 dum
738 1095 769 1136 a
818 1080 1146 1137 satellitibus
1179 1081 1249 1137 ab
1284 1080 1614 1153 imperatore
1647 1083 1838 1138 missis
1861 1083 1956 1137 ab-

369 1175 704 1242 duceretur;
759 1189 900 1246 quos
948 1173 1128 1232 libens
1173 1186 1394 1232 secutus
1441 1186 1527 1233 est
1579 1192 1723 1231 anno
1757 1175 1875 1246 ipso
1901 1185 1955 1230 et

369 1278 562 1324 mense
597 1282 710 1342 quo
747 1274 868 1322 erat
905 1276 1157 1323 mortuus
1197 1264 1448 1333 Michael.
1495 1269 1795 1324 concordiae
1830 1283 1953 1321 cum

370 1359 588 1416 L'atiuis
632 1369 834 1417 auctor
867 1369 925 1417 et
971 1371 1146 1431 usque
1196 1360 1263 1416 ad
1316 1360 1524 1417 obitum
1577 1361 1856 1432 defensor.
1897 1361 1954 1417 ld

370 1467 587 1525 gestum
620 1455 879 1526 postridie
932 1452 1142 1510 Natalis
1190 1454 1403 1510 Domini
1439 1453 1602 1511 tradit
1630 1450 1832 1510 lliidcm
1871 1451 1953 1511 hi-

370 1548 640 1606 storicus.
695 1547 1008 1605 Decembris
1067 1549 1236 1624 igitur
1292 1545 1383 1604 die
1426 1548 1498 1604 26
1550 1565 1696 1603 anno
1749 1548 1952 1605 Christi

361 1639 524 1714 1282
585 1640 751 1696 desiit
808 1641 1014 1696 Veccus
1082 1657 1142 1697 se
1207 1657 1306 1710 pro
1368 1641 1675 1711 patriarcha
1741 1657 1952 1712 gerere.

370 1734 559 1802 Quare
623 1722 831 1806 septem
897 1733 1089 1791 solidis
1151 1736 1310 1793 annis
1372 1746 1426 1791 et
1468 1719 1688 1792 tetidem
1725 1737 1952 1808 integris

371 1821 662 1885 mensibus
728 1827 781 1883 in
836 1829 954 1899 ejus
998 1829 1282 1900 dignitatis
1334 1831 1679 1900 possessione
1740 1831 1952 1887 \‘eccns

369 1922 636 1991 perstitit.
675 1919 769 1979 Sic
799 1921 965 1995 igitur
1000 1917 1348 1993 intelligenda
1403 1936 1532 1978 sunt
1569 1920 1656 1979 ilia
1701 1919 1952 1996 Gregorii

367 2015 560 2089 Cyprii
613 2017 777 2072 verba
817 2018 884 2074 de
913 2014 1118 2074 -\'ecco
1173 2019 1241 2073 ab
1297 2018 1376 2073 ili.
1415 2017 1595 2074 Leone
1625 2019 1823 2076 Aliatio
1855 2022 1952 2077 de-

368 2111 578 2182 scripta
601 2097 710 2165 cui.
746 2109 1062 2182 766'operis
1084 2112 1148 2167 de
1179 2111 1335 2183 Perp.
1369 2108 1534 2168 Cous.
1559 2131 1574 2167 :
1596 2111 1743 2184 Πλὴν
1766 2113 1954 2180 ὄγδοον

370 2206 474 2276 μὶν
497 2203 755 2277 τῷκακῷ
784 2205 908 2262 τόδε
930 2197 935 2202 ’
959 2205 1150 2277 σχεδὸν
1189 2198 1387 2279 ἠνύετο
1422 2206 1572 2270 ἔτος·
1614 2210 1672 2272 ἐς
1696 2209 1955 2263 τοσοῦτον

366 2301 436 2368 δὴ
467 2294 837 2365 κάκεῖνος’τδν
862 2300 1263 2372 usrpantbe
1300 2299 1493 2370 θρόνον
1525 2300 1627 2373 τῆς
1666 2301 1728 2355 οὗ
1774 2301 1953 2371 καλῆς

354 2391 723 2462 ἐπικαρπίας
767 2386 916 2464 εἶχεν
944 2391 1251 2464 ὲνίδρυσιν·
1292 2405 1351 2448 ut.
1401 2410 1509 2450 non
1565 2395 1727 2466 plane
1768 2396 1954 2452 absol-

367 2483 510 2538 verit
553 2481 758 2539 Veecus
794 2482 845 2537 in
887 2483 1259 2554 patriarchatu
1305 2495 1560 2540 celatum
1593 2500 1824 2556 annum,
1854 2487 1953 2542 sed

364 2577 419 2634 ts
455 2579 511 2634 in
549 2594 717 2636 cursu
766 2579 931 2635 fuerit
976 2588 1031 2634 et
1079 2578 1286 2650 majore
1331 2594 1398 2634 cx
1438 2591 1592 2652 parte
1621 2587 1951 2649 transactus.

367 2688 496 2728 cum
531 2675 610 2729 etit
638 2674 836 2728 throno
866 2672 1133 2740 deiectus.

444 2763 516 2822 ll.
555 2765 741 2828 Docet.
769 2781 826 2837 p.
857 2764 947 2835 19,
987 2759 1347 2840 Pachymeres
1389 2763 1689 2840 Josephum
1724 2767 1812 2826 die
1847 2769 1949 2826 De-

369 2859 613 2916 cembris
661 2859 941 2938 tricesima
967 2903 985 2927 .
1025 2862 1216 2918 eodem
1271 2878 1438 2927 anno.
1477 2862 1675 2919 iterum
1725 2864 1779 2919 in
1807 2865 1952 2922 mdes

371 2951 762 3021 patriarchales
809 2964 1170 3024 reportatum.
1207 2951 1432 3011 Ostendi
1482 2955 1590 3011 vol.
1637 2955 1680 3022 l,
1736 2972 1787 3027 p.
1822 2955 1948 3023 7252.

366 3043 673 3129 Joseplmm
729 3061 763 3104 e
816 3047 1152 3117 patriarcbio
1203 3048 1505 3115 secessisse
1538 3047 1626 3105 die
1668 3050 1950 3104 undecima

364 3140 616 3199 Januarii
651 3156 798 3199 anno
837 3135 1043 3198 Christi
1080 3141 1242 3198 ηπ.
1272 3141 1443 3198 Annis
1475 3143 1640 3215 igitur
1669 3153 1820 3210 otto.
1850 3143 1952 3199 mi-

2063 609 2239 666 Prusa
2289 618 2375 664 est
2427 609 2633 672 habita.
2671 609 2816 665 unde
2859 606 3286 677 iutelligereiuus
3316 620 3426 677 quo
3455 599 3643 664 utense

2061 699 2186 760 talis
2241 705 2296 759 in
2354 706 2542 759 urbem
2592 703 2754 759 Vech
2802 702 3008 757 reditus
3041 700 3351 772 contigerit.
3390 697 3522 765 Sed.
3575 709 3639 756 ttt

2058 799 2314 855 observat
2358 799 2711 870 Spondanus.
2765 798 2956 852 titulus
3010 793 3222 868 synodi.
3263 790 3318 848 in
3353 809 3461 864 quo
3502 803 3640 849 tent-

2059 909 2158 962 pus
2177 891 2294 959 ejus
2321 901 2376 948 et
2401 891 2551 948 iocus
2576 888 2947 947 verisimilito-r
2974 899 3156 944 notata
3183 887 3419 954 fuerant,
3443 902 3638 959 magna

2056 1002 2122 1044 ex
2168 995 2326 1053 parte
2352 981 2640 1039 obliterata
2673 983 2725 1038 in
2750 999 2816 1040 eo
2847 983 3033 1039 codice
3071 982 3241 1038 fuere.

2128 1072 2216 1135 iV.
2251 1077 2436 1133 Restat
2461 1093 2591 1148 ergo
2632 1079 2716 1133 via
2746 1075 2904 1133 unica
2958 1075 3249 1145 indagandi
3282 1072 3405 1131 linis
3428 1073 3636 1137 exsilii.

2058 1171 2200 1242 quod
2237 1170 2444 1227 Veccus
2475 1171 2614 1243 apud
2642 1170 2829 1226 urbem
2862 1171 3087 1227 Prusatn
3123 1170 3365 1242 pertulit.
3396 1185 3461 1225 ex
3493 1169 3636 1224 serie

2059 1281 2238 1325 rerum
2263 1283 2380 1332 qua:
2413 1268 2558 1320 inter
2586 1265 2708 1336 ejus
2735 1265 3115 1321 abductionem
3142 1264 3271 1319 illuc
3292 1273 3345 1321 et
3363 1262 3635 1334 postlimi-

2059 1361 2153 1416 nio
2179 1360 2566 1416 retraetlonem
2616 1359 2982 1416 intervenisse
3015 1359 3082 1413 ab
3115 1359 3381 1414 historico
3441 1365 3636 1413 nostra

2055 1465 2454 1510 memorantur.
2489 1455 2627 1510 Sunt
2667 1470 2743 1510 ere
2765 1469 2916 1510 mors
2945 1453 3194 1524 Jusephi.
3223 1471 3274 1510 c.
3311 1451 3400 1515 15.
3423 1454 3635 1511 evectin

2057 1551 2110 1606 in
2145 1549 2574 1618 patriarcbatum
2597 1547 2813 1620 Georgii
2840 1549 2951 1603 sive
2972 1545 3220 1619 Gregorii
3253 1547 3456 1618 Cyprii.
3489 1563 3539 1602 c.
3566 1547 3640 1601 Η

2056 1651 2112 1699 et
2145 1642 2236 1705 i5.
2269 1639 2532 1713 profectio
2571 1635 2921 1708 imperatoris
2955 1638 3008 1696 in
3041 1634 3345 1702 Orientem.
3379 1654 3428 1694 c.
3459 1637 3553 1704 2|,
3579 1650 3632 1692 t-t

2055 1739 2441 1792 conventiones
2480 1734 2780 1807 Adramytii
2816 1749 2912 1804 per
2963 1731 3140 1809 ignem
3173 1733 3369 1790 habita
3393 1733 3638 1790 Sahbato

2056 1833 2176 1899 ipso
2206 1839 2396 1888 sancto
2429 1828 2598 1900 pridie
2642 1825 2885 1885 Paschte.
2919 1840 2976 1883 ιιι
3005 1844 3057 1898 p.
3091 1822 3164 1884 σε
3201 1842 3461 1896 expresse
3491 1825 3635 1883 «1⁷ιεί-

2058 1937 2170 1983 tur.
2197 1924 2322 1981 Fuit
2351 1924 2439 1985 hic
2473 1939 2649 1978 annus
2677 1923 2881 1978 Christi
2910 1921 3048 1978 1283
3081 1921 3134 1977 in
3167 1921 3385 1992 periodo
3420 1919 3576 1976 Julia:
3602 1937 3637 1976 π

2057 2020 2218 2076 5996.
2262 2017 2580 2074 Numeravit
2625 2016 2838 2088 eyelum
2874 2015 3008 2071 solis
3034 2015 3091 2082 ι,
3146 2013 3285 2071 luna:
3327 2027 3508 2070 autem
3543 2016 3634 2086 tl,

2057 2112 2147 2179 qui
2171 2107 2377 2165 Pascha
2397 2108 2683 2183 assignant
2710 2106 2909 2178 Aprilis
2933 2104 3020 2166 18.
3048 2104 3172 2163 Fuit
3202 2123 3332 2178 ergo
3361 2105 3498 2171 dies.
3525 2124 3633 2180 qua

2053 2204 2486 2261 Arseuianorutn
2526 2212 2583 2260 et
2638 2201 3218 2260 Anti-Arsenianornm
3279 2213 3637 2273 utrorumque

2053 2314 2124 2356 ex
2149 2313 2304 2368 teque
2329 2295 2827 2362 schismaticorum.
2849 2296 3052 2366 scripta
3087 2296 3424 2366 probationis
3449 2300 3626 2370 gratia

2057 2394 2111 2450 in
2141 2393 2318 2464 ignem
2349 2389 2550 2460 injecta
2596 2391 2805 2462 pariter
2837 2401 3117 2457 arserunt.
3150 2394 3361 2450 decima
3397 2395 3632 2464 septima

2053 2489 2261 2545 mensis
2301 2487 2524 2561 Aprilis.
2560 2502 2722 2559 quem
2749 2498 2805 2544 et
2832 2486 3132 2544 Sahbatum
3167 2487 3334 2546 fuisse
3365 2489 3632 2561 oportuit.

2055 2582 2317 2654 quoniam
2363 2565 2400 2638 ι
2432 2579 2570 2654 cyrli
2603 2579 2798 2638 solaris
2837 2595 3015 2637 annus
3052 2579 3292 2636 litteram
3344 2582 3640 2638 Dominicar

2055 2674 2290 2732 indicem
2340 2673 2506 2732 habet
2545 2673 2610 2738 Ο,
2644 2686 2764 2743 qua
2797 2672 3044 2728 cernitur
3073 2673 3125 2727 in
3151 2671 3482 2731 Kalendario
3528 2689 3633 2728 no-

2057 2780 2170 2827 tata
2201 2771 2265 2824 ad
2291 2770 2432 2824 diem
2467 2776 2787 2839 sequentem
2819 2777 3066 2826 octavam
3097 2764 3361 2823 decimam
3390 2765 3639 2838 ejusdem

2054 2863 2278 2934 Aprilis.
2312 2859 2688 2918 Memorautur
2712 2858 2839 2916 inde
2865 2868 3141 2916 ostentum
3173 2858 3374 2930 pluvia:
3412 2861 3636 2932 sangui-

2057 2971 2173 3013 nea
2215 2969 2402 3012 mense
2433 2953 2578 3010 Maio
2609 2970 2663 3025 p.
2694 2944 2796 3022 Si,
2828 2953 3104 3026 expeditio
3138 2950 3546 3026 protovestlarii
3576 2953 3630 3008 in

2056 3049 2328 3109 Occidttos
2386 3056 2597 3104 tractus
2637 3062 2691 3102 c.
2743 3047 2838 3111 25.
2867 3048 3144 3105 exercitus
3193 3056 3405 3119 strages
3447 3064 3511 3104 ex
3546 3048 3639 3104 lue

2056 3155 2113 3198 et
2162 3143 2312 3197 ducis
2360 3141 2530 3212 ipsius
2574 3139 2976 3212 protovestiarii
3019 3156 3185 3207 mors.
3218 3157 3270 3198 c.
3307 3141 3399 3207 27,
3432 3157 3635 3199 conse-

370 3250 476 3288 una
505 3221 797 3290 duodecim
834 3231 1050 3303 diebus.
1098 3247 1254 3291 extra
1287 3235 1548 3306 palatium
1581 3236 1953 3308 pati-larcltale
1978 3234 2026 3305 C
2058 3235 2197 3294 crati
2223 3237 2384 3309 panis
2430 3235 2482 3290 in
2540 3251 2696 3292 sacra
2729 3235 2929 3308 pyxide
2976 3233 3320 3305 deprehensa
3357 3238 3637 3306 t-ormptio

366 3344 494 3383 cum
526 3327 794 3398 privatam
847 3327 1053 3400 egisset
1089 3329 1278 3395 vitam.
1313 3329 1365 3385 in
1402 3326 1565 3386 idest
1591 3331 1770 3388 denuo
1799 3332 1956 3387 rela-
2058 3329 2340 3387 Dominica
2383 3327 2579 3402 Tyriae
2614 3338 2828 3394 vocata.
2859 3344 2913 3384 c.
2950 3327 3045 3394 28.
3075 3329 3188 3395 ubi,
3231 3345 3284 3400 p.
3315 3327 3406 3396 70.
3429 3329 3637 3388 diserte

368 3433 486 3479 tus.
553 3414 628 3477 ibi
687 3437 794 3478 non
877 3423 1006 3480 totis
1077 3421 1295 3480 duobus
1357 3425 1638 3500 mensibus
1711 3424 1949 3496 patriar-

366 3506 529 3589 cham
576 3516 706 3588 egit.
755 3509 893 3570 Nam
946 3507 1179 3571 aliirntst
1233 3511 1299 3589 [Ρ
1331 3515 1462 3590 561]
1515 3530 1803 3590 noster,p.
1856 3517 1948 3590 '58.

368 3619 644 3685 mortuum
703 3600 871 3664 fuisse
924 3602 1075 3664 illum
1137 3605 1364 3669 ineunte
1401 3609 1598 3668 Martio
1648 3615 1777 3669 anni
1827 3612 1948 3671 sine

365 3702 537 3765 dnl-io
575 3693 732 3757 l285.
769 3696 990 3764 Dixerat
1024 3711 1208 3758 autem
1257 3704 1433 3770 capite
1471 3707 1794 3776 praecedenti
1822 3724 1946 3764 eum

368 3796 565 3852 inorbo
595 3794 649 3850 et'
680 3789 836 3852 senio
863 3807 1145 3867 gravatum
1175 3796 1334 3866 paulo
1359 3806 1484 3852 ante
1516 3800 1968 3866 patriarchatum

369 3885 679 3952 abdicasse.
718 3889 875 3960 cujus
904 3885 1270 3947 abdicationis
1314 3891 1575 3955 scriptum
1610 3891 1710 3947 rite
1746 3892 1949 3950 forma-

373 3994 486 4037 tum
515 3975 798 4054 prodierit.
832 3974 1091 4052 Oportuit
1117 3981 1170 4036 id
1198 3977 1400 4038 factum
1430 3998 1616 4040 mense
1647 3981 1946 4042 Februario

367 4078 612 4144 ejusdem
668 4077 818 4133 stml.
869 4071 1049 4144 Quare
1107 4077 1326 4132 brevior
1372 4076 1620 4133 bimestri
1671 4084 1946 4137 secundus

365 4170 587 4239 Josephi
618 4169 1025 4242 patriarchatus
1053 4160 1176 4235 fuit,
1229 4159 1388 4239 quem
1425 4172 1551 4226 vitae
1603 4170 1723 4226 linis
1751 4185 1834 4228 est
1861 4189 1948 4230 se-

363 4277 527 4323 cutus
562 4279 862 4336 paucorum
907 4263 1118 4320 dierum
1151 4264 1459 4320 intervallo.

437 4358 528 4416 Ill.
581 4358 661 4412 Ad
698 4350 928 4412 Vcccum
991 4358 1299 4414 redeamus.
1362 4357 1411 4413 ls
1465 4373 1652 4414 mense
1685 4355 1943 4418 Januario

369 4452 496 4509 anui
525 4451 663 4508 1283
694 4451 859 4508 variis
883 4451 1367 4508 seliismaticorum
1397 4454 1710 4524 exagitatus
1740 4455 1944 4511 calum-

366 4546 498 4610 niis.
532 4548 754 4619 etquod
805 4563 856 4601 c.
898 4545 963 4599 10
1009 4558 1283 4609 narratur.
1318 4549 1515 4603 citatus
1560 4549 1624 4602 ad
1654 4552 1940 4622 synodum.

368 4646 521 4705 brevi
546 4657 668 4716 post
710 4643 778 4700 ab
831 4645 1162 4716 imperatore
1193 4645 1423 4700 Prusam
1457 4645 1751 4716 relegatur.
1781 4648 1947 4720 780

369 4740 538 4796 Docet
562 4737 614 4792 id
649 4745 838 4793 noster
873 4752 924 4792 e.
967 4734 1057 4796 il.
1093 4745 1304 4805 tempus
1335 4751 1440 4789 non
1474 4739 1784 4807 exprimens
1813 4739 1946 4796 :sed

363 4833 642 4907 colligitur
677 4844 742 4886 ex
779 4829 925 4886 serie
979 4813 1225 4883 actorum
1262 4827 1317 4882 id
1350 4836 1529 4882 actum
1574 4831 1677 4884 sub
1719 4829 1937 4887 initium

368 4924 677 4981 Februarii.
723 4921 1024 4978 “evocatio
1060 4921 1220 4977 Vecci
1272 4935 1304 4972 e
1357 4920 1528 4976 l’rusa
1583 4922 1634 4975 in
1667 4921 1855 4978 urbem
1892 4938 1942 4979 c.

367 5009 490 5091 libri
527 5019 772 5090 ejusdem
804 5018 965 5089 primi
1001 5017 1071 5071 54
1111 5015 1366 5073 refertur.
1406 5017 1513 5071 Sed
1567 5017 1689 5088 ejus
1730 5030 1945 5089 tempus

369 5113 720 5169 divinandum
754 5120 857 5166 est.
913 5105 972 5165 Si
1026 5110 1195 5166 codex
1250 5111 1512 5180 antiquus
1563 5127 1628 5165 ex
1675 5127 1781 5180 quo
1829 5109 1948 5168 Sir-

370 5206 599 5262 ntomlus
636 5214 820 5262 noster
868 5205 1003 5260 Acta
1052 5205 1494 5275 pseudosynndi.
1551 5221 1653 5275 qua
1689 5216 1767 5260 est
1822 5217 1947 5276 post

368 5300 700 5368 colloquium
735 5299 914 5369 capite
965 5295 1122 5376 hujus
1165 5297 1335 5353 libril
1373 5299 1475 5358 55.
1517 5303 1740 5355 relatum
1791 5302 1946 5358 dam-

369 5394 531 5450 natus
569 5393 800 5459 Yercus,
840 5407 1071 5464 quorum
1112 5392 1372 5448 Actorum
1433 5397 1739 5465 apograpba
1796 5398 1946 5452 misit

367 5494 436 5549 ad
473 5490 768 5547 Beuricum
800 5487 1150 5557 Spondauum
1188 5495 1241 5541 et
1275 5487 1338 5540 ad
1375 5486 1666 5544 Odnrirum
1707 5491 1946 5561 Raynal-

369 5586 961 5644 dum.continuatores
1012 5581 1302 5636 Annalium
1348 5581 1589 5647 Baronii.
1628 5595 1684 5637 ut
1726 5586 1944 5643 illorum

369 5687 602 5748 uterque
644 5686 896 5743 testatur,
950 5675 1100 5745 prior
1146 5691 1287 5731 anno
1319 5675 1526 5731 CltriSti
1563 5677 1728 5744 1283,
1761 5695 1816 5734 η.
1853 5681 1942 5748 10,

367 5772 642 5846 posterior
684 5787 776 5826 an.
827 5784 944 5842 seq.
973 5785 1027 5832 ιι,
1061 5769 1152 5830 48.
1185 5799 1248 5812 --
1273 5769 1317 5824 si
1345 5770 1538 5837 codex,
1581 5772 1824 5842 inquam.
1856 5774 1945 5844 ille

369 5868 576 5937 integer
623 5864 842 5932 fuisset.
877 5861 1204 5920 haberemus
1235 5879 1300 5918 ex
1335 5879 1400 5919 eo
1432 5872 1668 5935 tempus.
1705 5868 1807 5923 hoc
1860 5879 1945 5924 est

368 5965 510 6039 diem
568 5971 624 6019 ct
689 5973 956 6028 mensem,
1011 5958 1300 6016 celebrata:
1353 5956 1510 6017 istius
1563 5963 1777 6032 synodi,
1827 5979 1945 6036 qua:

2055 3427 2292 3482 traditur
2345 3441 2465 3482 eam
2524 3424 2844 3495 particulam
2884 3423 3267 3495 putrefactam
3317 3424 3489 3482 fuisse
3519 3425 3635 3481 illic

2053 3521 2358 3593 depositam
2388 3534 2532 3576 anno
2557 3516 2822 3586 superiori
2870 3517 3009 3575 leria
3042 3528 3251 3591 quarta
3270 3517 3632 3576 hebdomade

2055 3613 2298 3687 majoris.
2331 3612 2522 3669 Annus
2547 3611 2637 3668 ille
2658 3611 2910 3683 superior
2948 3612 3068 3668 sine
3101 3610 3266 3667 dubio
3293 3610 3393 3667 fuit
3428 3610 3633 3669 Christi

2053 3708 2213 3775 l285.
2246 3723 2352 3779 quo
2399 3722 2545 3772 cum.
2605 3716 2663 3760 ut
2707 3705 2969 3783 diximus.
3017 3702 3224 3783 Pascha
3275 3703 3528 3761 inciderit
3576 3705 3632 3760 in

2051 3805 2195 3859 diem
2231 3801 2300 3857 18
2326 3801 2550 3872 Aprilis.
2589 3798 2720 3854 feria
2758 3779 2951 3871 quarta
3004 3779 3228 3864 majoris
3281 3795 3632 3850 hebdomadm

2051 3900 2214 3956 fuerit
2245 3897 2468 3955 omnin
2498 3897 2564 3951 14
2588 3893 2830 3965 ejusdem
2865 3893 3091 3950 mensis.
3114 3891 3301 3946 Annus
3332 3903 3452 3962 post
3485 3892 3631 3946 hunc

2049 4011 2286 4066 sequens
2314 3993 2518 4052 Christi
2567 3989 2707 4046 428i
2742 3989 2957 4061 cyclutn
3001 3988 3137 4044 solis
3167 3987 3472 4042 numeravit
3506 3987 3539 4040 5
3575 3997 3633 4042 et

2051 4102 2279 4144 aureum
2326 4100 2612 4142 numerum
2648 4082 2736 4138 12.
2808 4081 2901 4136 lite
2933 4091 3076 4137 notte
3108 4080 3312 4136 Pascha
3334 4079 3634 4136 conti-runt

2051 4183 2107 4238 in
2137 4181 2276 4237 diem
2311 4194 2510 4237 nonum
2540 4177 2763 4249 Aprilis.
2802 4173 2957 4232 Unde
2987 4189 3110 4230 cum
3143 4172 3421 4228 Dominica
3473 4171 3631 4246 Tyri-

2047 4292 2134 4336 ne.
2171 4275 2360 4330 eadem
2395 4288 2520 4328 eum
2549 4285 2612 4327 ea
2644 4285 2806 4340 quam
2839 4285 2938 4325 nos
2978 4268 3310 4323 Dominicam
3350 4265 3634 4338 Quinqnao

2047 4373 2270 4444 sesima
2299 4381 2582 4429 vocamus.
2618 4363 2712 4420 illo
2753 4379 2898 4420 anno
2923 4362 3198 4419 bissextili
3226 4361 3280 4416 iu
3317 4362 3458 4416 diem
3492 4375 3631 4416 con-

2048 4465 2256 4522 venerit
2307 4461 2372 4518 19
2430 4457 2736 4524 Februarii,
2787 4472 2895 4527 quo
2929 4471 3116 4511 mense
3146 4455 3452 4525 superioris
3496 4455 3627 4508 anni

2053 4562 2348 4630 relegatum
2399 4554 2626 4610 Prusam
2671 4549 2906 4606 Veccum
2947 4550 3109 4622 78]
3165 4547 3423 4616 vidimus.
3461 4547 3630 4618 liquet

2055 4649 2201 4710 istud
2223 4651 2340 4719 ejus
2391 4647 2644 4704 exsilium
2678 4660 2860 4700 annuo
2884 4643 3192 4698 diuturnius
3226 4642 3417 4708 fuisse,
3458 4642 3630 4712 siqni-

2053 4744 2176 4802 dem
2215 4753 2336 4814 post
2370 4742 2517 4798 illam
2571 4739 2880 4797 consecrati
2940 4739 3097 4807 panis
3147 4736 3390 4805 corrupti
3427 4751 3522 4806 rep
3559 4736 3626 4790 rti

2053 4838 2382 4895 mentionem
2412 4871 2432 4904 .
2474 4850 2597 4907 quae
2646 4842 2772 4888 ante
2835 4829 3212 4885 narrationem
3262 4829 3632 4884 revocatiouis

2052 4928 2238 4996 Vecci,
2270 4930 2542 4992 ordinem.
2591 4936 2647 4981 ut
2687 4933 2936 4998 apparet,
2983 4933 3259 4994 gestarum
3320 4936 3498 4976 rerum
3538 4937 3629 4973 ει·-

2048 5040 2247 5097 ιιιιθιις,
2301 5021 2582 5078 interserit
2640 5018 2969 5080 historicus,
3012 5014 3220 5087 aliquot
3260 5012 3419 5069 facile
3473 5028 3629 5067 men-

2047 5122 2188 5176 sium
2224 5126 2434 5185 tempus
2461 5113 2818 5185 expleverint.
2850 5125 3048 5180 nempe
3078 5107 3365 5164 debellatio
3399 5104 3632 5177 Scytha-

2049 5230 2192 5279 rum.
2243 5227 2297 5268 e.
2329 5209 2422 5275 29.
2460 5218 2693 5264 conatus
2727 5203 3083 5277 imperatoris
3127 5203 3195 5257 ad
3230 5201 3498 5256 factiones
3528 5197 3630 5253 Ec-

2048 5307 2230 5366 clesia:
2282 5305 2713 5373 componendas.
2761 5317 2815 5358 e.
2846 5299 2966 5367 '30.
2997 5295 3301 5369 reportatio
3345 5284 3400 5350 in
3433 5294 3624 5349 urbem

2050 5402 2406 5472 reliquiarum
2461 5397 2789 5467 patriarcha:
2841 5393 3082 5461 Arsenii.
3113 5407 3167 5448 c.
3215 5391 3314 5460 3!.
3379 5386 3446 5462 [Ρ
3498 5385 3625 5461 565]

2048 5495 2233 5551 clades
2265 5492 2708 5548 Christianorum
2764 5489 2820 5545 in
2860 5486 3019 5561 Syria
3051 5502 3145 5542 seu
3187 5483 3400 5540 initium
3437 5481 3564 5538 belli
3595 5498 3626 5535 a

2048 5586 2258 5643 sultane
2288 5586 2580 5655 Babylonis
2615 5583 2826 5640 Latinis
2851 5581 3223 5649 Antiochiam,
3261 5577 3525 5649 Tripolim
3572 5587 3626 5632 et

2048 5682 2440 5741 Ptolemaidem
2477 5681 2788 5736 tenentibus
2815 5677 2974 5746 illati,
3021 5676 3176 5747 cujus
3223 5672 3398 5728 secuti
3448 5680 3629 5742 poste-

2051 5783 2166 5835 rius
2203 5776 2378 5835 ultimi
2413 5787 2638 5832 eventus
2663 5789 2695 5830 a
2728 5784 2916 5830 nostro
2950 5786 3046 5843 per
3071 5768 3490 5840 occupationem
3512 5779 3629 5820 me-

2050 5884 2358 5937 morantur,
2398 5886 2449 5928 c.
2494 5870 2586 5936 32.
2615 5869 2852 5939 denique
2880 5865 3179 5922 secundum
3215 5860 3626 5918 matrimonium

2048 5967 2349 6025 Andronici
2403 5964 2774 6040 imperatoris.
2803 5963 2869 6019 de
2899 5977 3006 6032 quo
3053 5975 3109 6016 c.
3157 5957 3244 6012 55.
3281 5955 3374 6018 llis
3412 5955 3628 6012 cunctis
