4058 6298
481 389 592 454 833

1366 386 1438 449 P.
1475 385 1778 448 POSSINI
1821 384 2471 446 OBSERVATIONUM
2501 385 2629 445 LIB
2687 384 2806 446 IlI.

3577 383 3680 450 840

456 496 883 568 circumspectis.
941 495 1086 552 haud
1140 505 1346 552 temere
1399 498 1703 552 videbimur
1753 496 2022 550 aﬂirmare
2054 503 2096 556 Α
2127 494 2379 550 Octobris
2420 495 2472 549 in
2507 494 2704 563 templo
2754 496 2857 549 rite
2891 493 3056 549 fuisse
3083 493 3416 554 ordinatum.
3444 491 3694 552 Procedit

456 589 830 642 evocationem
869 585 1026 641 Vecci
1080 587 1246 640 Prusa
1283 585 1602 656 Byzantium
1640 601 1786 639 anno
1820 586 2028 639 Christi

462 682 602 737 1284
656 681 801 736 circa
855 697 1094 735 mensem
1137 679 1336 732 Maium
1395 678 1686 732 .luniumve
1715 679 2029 746 contigisse,

463 774 637 842 ipsum
665 786 794 826 vero
825 771 1033 842 synodo
1067 781 1196 823 tunc
1246 769 1428 822 habita
1465 770 1803 830 damnatum,
1834 767 1901 821 ab
1932 767 2031 820 im-

460 876 711 934 peratore
737 868 937 920 frustra
975 863 1065 918 diu
1104 871 1300 916 conato
1326 876 1446 914 cum
1482 860 1546 912 ad
1582 872 1761 929 partes
1788 859 2029 925 trahere,

461 961 517 1014 in
557 960 859 1013 custodiam
901 958 1041 1011 arcis
1097 973 1125 1010 a
1190 968 1384 1009 sancto
1423 953 1684 1021 Gregorio
1739 952 2030 1008 nominata:

464 1053 743 1118 traditum,
781 1053 920 1120 quod
952 1052 1052 1104 sub
1085 1051 1242 1103 linem
1274 1066 1322 1103 c.
1356 1047 1426 1102 35
1453 1048 1612 1102 docet
1644 1046 2026 1116 Pacltytnet‘es.

465 1146 584 1200 llaec
613 1145 814 1200 faciunt
841 1159 909 1198 ne
944 1143 1197 1198 assentiri
1226 1141 1424 1211 possim
1454 1139 1686 1196 Henrico
1715 1139 2030 1208 Spondauo.

461 1241 588 1292 dunt
647 1238 800 1292 Vecci
837 1237 1261 1296 damnationem,
1319 1235 1420 1287 sub
1472 1248 1631 1298 quam
1693 1231 2031 1302 mancipatus

461 1346 542 1388 est
573 1332 812 1398 carceri,
850 1346 991 1386 anno
1023 1329 1224 1385 Christi
1260 1329 1398 1383 1285
1433 1328 1640 1382 tribuit.

536 1427 600 1482 V.
639 1424 884 1478 Perstitit
927 1423 1140 1492 quidem
1177 1420 1384 1477 Veecus
1416 1437 1584 1492 usque
1615 1420 1681 1474 ad
1715 1430 1942 1476 mortem
1973 1420 2028 1475 in

462 1535 527 1574 ea
579 1520 724 1574 arcis
757 1514 1259 1585 San-Gregorianz
1288 1515 1560 1576 custodia,
1594 1514 1686 1567 sed
1718 1511 2031 1567 conditione

465 1627 570 1665 non
622 1625 836 1678 semper
868 1611 1078 1664 eadem.
1123 1607 1256 1662 Nam
1299 1607 1455 1661 initio
1486 1607 1777 1661 durissime
1811 1605 2030 1661 habitus

464 1712 550 1758 est
592 1703 646 1758 itt
691 1718 900 1756 summa
941 1701 1149 1772 inepia,
1181 1701 1298 1756 sine
1353 1700 1456 1754 ulla
1495 1699 1803 1768 provisione
1840 1715 2031 1753 neces-

465 1799 736 1853 sariorum
762 1796 828 1850 ad
879 1795 1099 1850 victum.
1140 1793 1272 1860 Ejus
1302 1791 1625 1846 incommodi
1654 1793 2025 1847 laxamentum

465 1891 678 1959 aliqum!
706 1890 922 1959 quando
957 1897 1008 1941 et
1032 1887 1302 1956 quoinodo
1339 1886 1629 1954 acceperit,
1673 1887 1876 1940 indicat
1908 1887 2028 1938 obi-

467 1994 549 2039 ter
581 1983 700 2037 loco
752 1996 858 2034 non
906 1994 1008 2035 suo
1069 1977 1448 2049 Paeliymeres,
1499 1979 1564 2029 ad
1615 1977 1818 2032 calcem
1869 1979 2028 2032 modo

466 2071 748 2127 memorati
798 2086 848 2126 c.
893 2070 983 2134 35,
1012 2087 1132 2126 cum
1165 2070 1240 2123 ait
1273 2086 1300 2122 a
1352 2068 1727 2139 proﬁciscente
1756 2071 1807 2124 in
1835 2068 2031 2124 Orfeu-

465 2179 572 2220 tem
613 2164 907 2220 Athanasio
933 2163 1043 2235 jam
1077 2173 1262 2219 creato
1298 2164 1628 2232 patriarcha.
1651 2174 1705 2217 et
1733 2162 1928 2218 fretum
1961 2164 2028 2218 ad

466 2257 845 2326 lleleuopolim
896 2254 1226 2323 trajiciente,
1260 2254 1482 2308 missum
1516 2268 1580 2307 ex
1615 2253 1809 2309 itinere
1856 2255 1906 2308 iu
1936 2270 2030 2308 ar-

467 2366 583 2404 cem
617 2351 675 2404 S.
709 2348 952 2418 Gregorii
996 2363 1248 2417 magnum
1315 2346 1664 2416 logothetam,
1727 2345 1817 2415 qui
1853 2345 2030 2401 Vecco

465 2454 682 2500 centum
724 2458 936 2506 aureos,
992 2440 1332 2496 Meliteniotze
1367 2441 1756 2510 quinquaginta
1791 2441 2028 2495 donare.

469 2535 562 2598 rit,
605 2533 896 2606 Metochita
954 2533 1223 2588 sociorqu
1263 2531 1418 2586 Vccci
1468 2531 1640 2585 altero
1695 2533 1804 2601 jam
1871 2543 2031 2584 antea

466 2637 686 2696 propter
723 2625 972 2680 morbum
1017 2623 1072 2678 in
1104 2625 1321 2678 domum
1364 2625 1632 2692 propriam
1672 2623 1864 2679 relato.
1894 2624 2037 2678 luve-

465 2721 747 2789 stigemus,
792 2718 837 2772 si
878 2734 981 2788 qua
1034 2733 1341 2787 possumus,
1373 2718 1534 2772 istius
1582 2727 1751 2788 μεμε
1783 2718 1859 2770 rei
1893 2727 2031 2772 tetu.

395 2833 398 2836 λ
464 2828 591 2883 pus.
625 2809 901 2866 Successit
933 2807 1192 2878 Gregorio
1221 2807 1420 2880 Cyprio
1472 2809 1525 2863 in
1574 2808 2034 2878 Constantinopo-

467 2904 635 2958 litano
658 2899 1035 2971 patriarcbatu
1070 2899 1421 2959 Athanasius.
1450 2915 1548 2955 nec
1578 2902 1758 2954 statim
1793 2916 1855 2956 ac
1892 2902 2035 2953 nullo

477 2997 791 3064 interregno
840 2993 1019 3047 medio
1066 2992 1352 3048 successit.
1390 2991 1624 3046 Primum
1661 2991 1822 3058 igitur
1849 2994 2035 3048 viden-

471 3090 599 3143 dum
636 3085 878 3156 quandiu
929 3084 1224 3153 Gregorius
1270 3085 1323 3139 in
1375 3085 1502 3139 sede
1558 3085 1876 3156 perstiterit.
1922 3097 2033 3140 tum

2131 604 2260 658 ergo
2293 590 2442 655 prior
2476 589 2878 658 patriarchatus
2910 587 3190 642 Athanasii
3220 603 3246 640 a
3290 586 3468 655 pridie
3509 587 3690 643 Iduum

2130 681 2377 736 Octobris
2423 681 2550 734 anni
2593 695 2714 732 :erre
2753 679 2950 732 Christi
2987 677 3219 746 vulg-tris
3252 675 3414 731 1289.

2203 774 2292 828 γι.
2324 772 2493 828 Paulo
2519 782 2643 827 ante
2670 783 3025 826 memoratam
3059 771 3338 826 Athanasii
3373 769 3695 842 patriarchae

2133 865 2597 921 trausmissiouem
2633 865 2756 920 l'reti
2791 865 2855 920 ad
2897 863 3263 933 Helenopolim
3311 873 3362 918 et
3403 862 3695 933 profecdo—

2133 976 2254 1015 nem
2305 959 2357 1014 in
2407 957 2686 1014 Orientem
2741 972 3083 1012 communem
3119 956 3197 1011 illi
3228 955 3396 1010 fuisse
3429 970 3553 1007 cum
3586 954 3698 1006 An-

2134 1053 2357 1108 dronico
2390 1052 2718 1119 imperatore
2744 1051 2902 1105 docet
2935 1060 3120 1104 uoster
3146 1049 3249 1103 hoc
3275 1048 3415 1103 libro
3438 1062 3498 1107 ιι.
3527 1060 3578 1100 c.
3608 1044 3698 1105 18.

2133 1148 2259 1202 dum
2281 1145 2661 1215 imperatorem
2689 1159 2749 1198 se
2779 1144 3075 1198 contulisse
3113 1139 3463 1215 Nymphaeum
3493 1145 3698 1201 narrat,

2131 1251 2186 1295 et
2217 1255 2282 1294 eo
2313 1240 2504 1293 itinere
2537 1249 2719 1307 partes
2761 1236 3025 1307 Bithynia:
3054 1244 3456 1303 transgressum
3484 1230 3555 1286 ibi
3581 1230 3702 1284 obi~

2132 1345 2216 1386 ter
2247 1331 2424 1403 egisse
2467 1331 2616 1386 circa
2649 1328 2970 1385 Veccum'et
3011 1327 3131 1398 ejus
3159 1325 3362 1389 socios,
3389 1337 3510 1394 qua:
3539 1322 3700 1392 paulo

2132 1435 2258 1480 ante
2289 1424 2569 1497 (nimirum
2602 1439 2652 1478 e.
2685 1421 2778 1487 35.
2819 1421 2855 1475 ι.
2885 1421 2922 1491 ι)
2957 1435 3018 1475 se
3074 1430 3408 1474 memorasse
3438 1416 3534 1470 ait.
3568 1414 3700 1480 Qui-

2134 1520 2234 1572 lins
2290 1518 2469 1574 verbis
2535 1514 2715 1571 innuit
2772 1514 3050 1571 Athanasii
3101 1513 3319 1584 quidem
3375 1511 3700 1582 patriarcha:

2134 1613 2370 1678 nomine,
2395 1612 2780 1682 imperatorem
2811 1607 3179 1664 Andronicum
3209 1605 3546 1666 comitantis,
3571 1605 3700 1657 tuis-

2133 1725 2250 1762 sttm
2293 1721 2545 1776 magnum
2603 1703 2689 1777 [Ρ.
2737 1701 2862 1774 566]
2913 1701 3244 1770 logothetam
3293 1701 3358 1753 ad
3409 1696 3639 1752 Veccutn
3680 1713 3694 1752 :

2132 1811 2384 1854 ca-terum
2440 1798 2491 1853 id
2540 1807 2709 1852 totum
2745 1811 2865 1850 esse
2916 1804 3098 1849 actum
3134 1794 3392 1847 instinctu
3445 1801 3499 1845 et
3542 1789 3698 1859 jussu

2135 1893 2500 1962 imperatoris.
2532 1891 2640 1946 Nec
2664 1891 2807 1945 enim
2839 1899 2956 1943 erat
2986 1887 3280 1941 verisimile
3311 1884 3700 1955 palt‘iarchatn,

2130 1997 2406 2040 austerum
2436 1984 2708 2038 hominem
2758 1999 2821 2036 ac
2867 1980 3060 2047 (erum,
3087 1990 3279 2044 sponte
3315 1979 3576 2034 initurum
3604 1991 3701 2030 co-

2132 2080 2449 2150 gitationem
2480 2076 2641 2132 Vecci
2701 2086 2756 2132 et
2813 2077 3084 2131 sociorum
3127 2074 3266 2141 ejus,
3299 2087 3438 2142 quos
3468 2071 3702 2140 pessime

2133 2173 2324 2227 oderat
2357 2172 2516 2227 homo
2554 2168 2832 2225 schismati
2867 2168 3294 2230 addictissimus,
3326 2163 3695 2220 sublevando-

2135 2283 2276 2320 rum.
2311 2264 2487 2320 Unum
2533 2266 2619 2318 hic
2667 2263 2963 2333 quamdam
2996 2259 3134 2315 male
3162 2255 3487 2314 coliterentis
3519 2265 3574 2308 ct
3613 2270 3702 2309 sev

2133 2373 2256 2409 cum
2306 2360 2420 2425 ipsa
2479 2354 2679 2408 collisa:
2736 2350 3066 2407 narrationis
3114 2349 3351 2420 speciem
3412 2345 3596 2408 habet,
3630 2344 3704 2396 si-

2134 2454 2351 2520 quidem
2385 2449 2478 2504 iilo
2509 2448 2677 2517 priori
2721 2449 2859 2511 loco,
2892 2461 2944 2513 p.
2985 2445 3107 2508 105,
3135 2444 3366 2498 aliirmat
3409 2440 3702 2496 historicus

2137 2561 2389 2614 tttagnnm
2422 2544 2777 2614 logotltctam,
2809 2541 2896 2609 qui
2931 2539 2992 2594 ad
3033 2538 3261 2594 Veccum
3302 2536 3370 2591 ab
3405 2534 3703 2590 Athanasio

2136 2640 2336 2694 missus
2369 2647 2474 2701 est,
2517 2639 2752 2693 nondum
2791 2638 2954 2690 fuisse
2988 2632 3481 2704 proterestiarium,
3518 2645 3570 2697 p.
3602 2643 3701 2682 au-

2137 2744 2243 2787 tem
2282 2733 2403 2795 iiii”.
2430 2731 2632 2786 diserte
2665 2732 2850 2786 scribit
2883 2727 3251 2784 Andronicum
3292 2726 3699 2796 imperatorem.

2136 2828 2203 2883 iis
2247 2829 2420 2882 ohiter
2471 2842 2591 2881 cum
2655 2824 2832 2881 Vecco
2873 2825 3168 2879 transactis
3201 2836 3318 2892 qua:
3369 2819 3531 2892 paulo
3578 2829 3702 2871 ante

2135 2919 2395 2982 diximus,
2437 2919 2787 2989 Nymphaeum
2822 2919 3129 2988 pervenisse
3165 2917 3363 2972 comite
3394 2931 3578 2969 secum
3609 2915 3701 2966 du-

2136 3026 2222 3072 cto
2257 3015 2555 3078 .iluzalone,
2585 3029 2748 3082 super
2777 3013 3055 3080 antiquum
3098 3011 3354 3065 honorem
3403 3007 3580 3078 magni
3623 3006 3700 3060 Io-

2139 3112 2373 3178 gothetze
2402 3122 2539 3163 non
2570 3106 2973 3178 protovestiarii
3007 3105 3268 3175 dignitate
3293 3103 3567 3158 decorato.
3600 3101 3703 3155 Sed

468 3195 577 3248 quo
612 3177 740 3232 inde
791 3175 1079 3230 intervallo
1133 3174 1394 3232 snﬂectns
1435 3177 1532 3245 ipsi
1594 3176 1759 3232 fuerit
1791 3177 2031 3232 Athana-

2142 3205 2254 3257 haec
2290 3201 2502 3255 facilem
2538 3199 2979 3256 conciliationem
3020 3197 3240 3260 habent,
3271 3195 3315 3250 si
3349 3196 3562 3248 dicatur
3597 3202 3704 3247 sta-

467 3271 580 3326 sius
617 3309 635 3336 ,
692 3279 966 3339 postremo
1018 3267 1376 3339 profectionis
1435 3269 1595 3338 hujus
1644 3270 1700 3324 in
1755 3269 2031 3326 Orientem

469 3374 706 3435 tempus.
737 3361 977 3418 Primum
1031 3363 1172 3432 quod
1205 3364 1421 3428 attinet,
1467 3363 1759 3434 Gregorius
1792 3365 1847 3420 in
1883 3366 2037 3421 abdi-

466 3460 685 3513 catione
718 3455 896 3513 throni
953 3457 1158 3526 scripto
1211 3473 1489 3526 expressa,
1525 3474 1641 3526 quae
1673 3461 1931 3512 recitatur
1979 3476 2032 3530 p.

470 3551 593 3610 150.
622 3548 698 3604 ait
727 3564 786 3604 se
820 3564 991 3604 annos
1034 3563 1130 3604 Sex
1162 3558 1216 3604 et
1269 3553 1412 3619 quod
1464 3550 1706 3607 excurrit
1744 3553 1793 3606 in
1826 3567 2042 3621 posses-

467 3646 620 3698 sione
678 3643 1084 3713 patriarcltatus
1127 3643 1470 3711 perduraSsc.
1518 3641 1734 3698 Creatio
1772 3645 1931 3713 hujus
1981 3657 2037 3704 et

470 3737 838 3804 inauguratio.
897 3735 1166 3804 capitibus
1214 3736 1337 3789 libri
1394 3737 1591 3805 prioris
1625 3738 1690 3794 14
1726 3747 1778 3792 et
1809 3737 1877 3794 it”:
1906 3756 2037 3793 nar-

471 3840 611 3891 rata,
652 3829 898 3899 contigit,
931 3840 987 3883 ut
1019 3829 1129 3884 illic
1158 3827 1428 3892 innititur,
1458 3831 1614 3901 paulo
1650 3841 1769 3902 pust
1804 3832 2030 3903 Josephi

472 3932 699 3977 mortem
729 3961 744 3986 ,
791 3937 954 3990 quam
1009 3923 1275 3991 superiori
1321 3925 1496 3994 capite
1543 3925 2038 3980 demonstravimus

469 4013 570 4066 sub
617 4011 826 4066 initium
893 4011 1070 4065 Martii
1136 4027 1278 4067 anno
1332 4015 1534 4068 Christi
1589 4015 1727 4070 1283
1762 4021 2034 4074 evenisse.

473 4105 674 4157 Initum
725 4121 887 4174 porro
942 4120 968 4157 a
1002 4105 1261 4172 Gregorio
1304 4107 1727 4176 patriarcharum
1764 4118 1888 4162 ante
1921 4124 2036 4163 me-

469 4199 616 4251 dium
653 4199 893 4267 Aprilis,
942 4199 1088 4265 cogit
1116 4197 1410 4263 aﬂirmare,
1461 4199 1608 4268 quod
1659 4200 2035 4271 historicusp.

470 4292 539 4345 48
571 4301 856 4356 meruerat,
903 4290 1037 4344 feria
1066 4291 1175 4360 jam
1211 4301 1324 4344 tmn
1381 4295 1616 4345 secunda
1652 4293 1872 4363 majoris
1906 4298 2038 4350 hebo

469 4385 714 4439 domada:
744 4383 912 4438 fuisse
962 4385 1218 4454 Cyprium
1269 4384 1520 4456 inplena
1568 4387 1909 4456 possessione
1941 4404 2038 4456 pa-

471 4475 779 4531 triarcbalis
808 4477 970 4546 782
993 4479 1296 4545 potestatis.
1325 4478 1445 4531 Fuit
1473 4480 1616 4532 enim
1662 4479 1750 4533 illo
1779 4496 1946 4546 anno,
1977 4493 2034 4534 ιιι

2141 3297 2261 3358 tim,
2319 3308 2605 3364 pOStqnam
2659 3309 2687 3347 a
2729 3293 3042 3361 prtescripta
3090 3292 3191 3346 sibi
3238 3289 3577 3359 profet‘tione
3637 3286 3702 3340 ad

2141 3388 2372 3442 Veceum
2428 3387 2638 3443 Muzalo
2671 3387 2887 3444 rediens
2936 3386 3284 3456 imperatOrio
3331 3385 3613 3441 comitatui
3647 3399 3704 3439 se

2134 3487 2328 3539 iterum
2361 3484 2633 3554 adjunxit,
2661 3487 2728 3539 ab
2769 3485 3011 3553 Augusto
3051 3484 3102 3537 in
3141 3484 3255 3549 ipso
3295 3483 3510 3546 itinere,
3553 3481 3703 3551 prius

2136 3593 2297 3646 quam
2338 3576 2690 3648 Nymphteum
2748 3577 3079 3647 perveniret,
3131 3575 3298 3631 inisse
3343 3575 3694 3642 protei-estia-

2138 3667 2278 3722 rium
2330 3667 2659 3722 declaratus.
2717 3665 2861 3721 Nihil
2896 3684 3024 3736 ergo
3064 3683 3255 3722 causa:
3293 3673 3383 3736 est~
3429 3681 3529 3719 cur
3561 3664 3702 3719 istud

2136 3762 2506 3817 laxamentum
2547 3777 2910 3816 aerumnarum
2961 3760 3118 3816 Vecci
3165 3776 3267 3814 non
3317 3760 3382 3813 ad
3414 3757 3546 3813 illud
3582 3773 3704 3825 per-

2140 3853 2310 3909 tinere
2342 3853 2670 3909 aﬂirmemus
2704 3864 2918 3924 tempus
2950 3868 3055 3922 quo
3093 3852 3440 3907 Andronicus
3467 3866 3534 3905 ex
3573 3851 3703 3905 urbe

2137 3948 2282 4017 regia
2321 3946 2672 4018 Nymphaeum
2732 3963 2789 4001 se
2820 3947 3090 4012 contulit,
3122 3955 3282 4015 prout
3337 3945 3373 4000 Ι.
3429 3960 3488 4008 tt,
3545 3959 3600 4001 c.
3637 3931 3712 3997 18.

2080 4072 2083 4074 -
2138 4048 2490 4096 memoratur.
2529 4039 2930 4108 Explorandum
2982 4054 3109 4108 ergo
3152 4038 3306 4093 nonis
3351 4052 3434 4092 εει
3480 4035 3702 4106 quando

2139 4133 2426 4202 contigerit
2477 4133 2576 4185 ista
2634 4131 2917 4202 proiectio.
2967 4131 3163 4185 Narrat
3205 4130 3384 4200 capite
3431 4129 3702 4198 superiori

2135 4237 2324 4280 noster
2372 4227 2663 4280 historicus
2709 4232 2935 4280 mortem
2991 4222 3379 4294 expatriarchte
3427 4221 3608 4293 Cyprii
3651 4229 3705 4275 et

2137 4319 2283 4372 circa
2339 4319 2458 4388 ejus
2516 4319 2806 4388 sepultura-
2861 4318 3086 4370 formam
3139 4318 3582 4388 praescriptiones
3638 4315 3705 4368 ah

2139 4410 2253 4480 ipso
2298 4412 2536 4480 Augusto
2583 4411 2644 4463 ad
2703 4409 2907 4463 funeris
2950 4411 3110 4480 783
3157 4422 3437 4464 curatores
3486 4412 3704 4472 missas,

2136 4517 2255 4574 quae
2285 4507 2421 4558 satis
2447 4503 2689 4558 indicant
2724 4520 2827 4558 non
2861 4506 3099 4559 abfuisse
3121 4515 3247 4558 tunc
3280 4505 3425 4557 illttm
3454 4504 3520 4558 ab
3547 4505 3700 4569 urbe;

466 4573 644 4639 Capite
677 4572 939 4638 superiori
969 4572 1327 4633 oSIcndimus.
1354 4571 1559 4627 Pascha
1587 4573 1675 4628 die
1702 4575 1900 4642 Aprilis
1935 4574 2030 4637 i8;
2067 4603 2115 4663 Β
2146 4571 2264 4648 {mm
2314 4595 2356 4646 si
2384 4595 2493 4664 iam
2560 4603 2688 4648 “me
2744 4596 3202 4665 pvwglinarewr’
3266 4611 3369 4648 non
3436 4605 3542 4649 um
3595 4595 3704 4647 ei",

470 4663 612 4717 unde
639 4663 858 4731 majoris
886 4663 1232 4716 hebdomadas
1262 4663 1394 4716 feria
1421 4667 1660 4719 secunda
1704 4667 1841 4718 dietn
1877 4667 2036 4733 Apri-

471 4757 535 4810 lis
577 4757 643 4811 12
691 4757 973 4811 insederit.
1032 4757 1149 4823 Quo
1193 4759 1522 4812 anteriorem
1569 4759 2033 4828 inaugurationem

471 4850 721 4920 Gregorii
777 4851 934 4904 fateri
991 4866 1218 4906 necesse
1257 4852 1326 4905 sit
1363 4865 1378 4904 :
1417 4869 1482 4906 ex
1513 4865 1619 4922 qua
1677 4854 1720 4908 si
1775 4868 1867 4908 sex
1910 4853 2065 4907 anni

471 4944 614 5013 pleni
662 4953 718 4999 et
750 4944 950 5013 aliquid
986 4955 1243 5014 praeterea
1278 4945 1616 4999 cxcurrentis
1651 4947 1908 5012 temporis
1940 4963 2037 4999 nu-

472 5028 771 5098 merentur.
808 5038 1140 5105 reperiemus
1171 5036 1286 5104 ejus
1320 5039 1717 5092 abdicationem
1754 5040 1803 5093 in
1835 5056 2034 5093 annum

469 5128 674 5184 Christi
719 5128 855 5182 1289
885 5137 1005 5196 post
1058 5130 1294 5182 medium
1340 5131 1579 5197 Aprilem
1613 5132 1846 5186 conferri
1880 5149 2038 5201 Opor-

472 5231 605 5274 tere.
662 5217 936 5272 Pouamus
977 5235 1108 5289 ergo
1143 5221 1269 5275 licet
1301 5223 1694 5277 abdicationem
1747 5225 1927 5296 Cyprii
1983 5238 2038 5280 et

471 5327 745 5367 secessum
779 5313 896 5382 ejus
927 5314 979 5366 in
1013 5315 1398 5369 monasterium
1441 5318 1688 5371 Aristium
1721 5335 1770 5375 c.
1820 5320 1905 5384 10,
1934 5321 1966 5374 Ι.
2000 5338 2038 5376 ιι

471 5416 773 5471 narratum,
829 5422 1012 5462 mense
1059 5407 1200 5462 Maio
1229 5419 1321 5462 aut
1378 5408 1538 5464 Juttio
1590 5414 1715 5467 anni
1749 5416 1906 5468 modo
1935 5430 2040 5469 me-

474 5497 667 5551 morati
718 5513 745 5552 a
794 5496 1018 5554 Christo
1079 5511 1205 5555 nato
1264 5501 1403 5558 1289
1451 5506 1739 5560 accidisse.
1771 5506 1905 5563 Hine
1933 5512 2037 5563 duo

472 5598 649 5645 tresve
709 5607 920 5648 menses
972 5593 1224 5650 ﬂitxerint
1275 5597 1326 5650 in
1357 5597 1803 5656 altercationibus
1843 5611 1896 5655 et
1922 5603 2038 5657 dis-

472 5684 856 5751 quisitionibus
915 5702 944 5741 a
987 5701 1177 5743 nostro
1213 5690 1474 5746 biswrico
1544 5693 1725 5746 relatis
1773 5709 1803 5748 ιι
1858 5698 2039 5765 capite

475 5776 534 5831 11
573 5777 694 5833 libri
717 5795 754 5835 tt
784 5781 850 5837 ad
884 5782 968 5847 15,
1001 5797 1110 5853 quo
1138 5786 1353 5839 tandem
1399 5787 1657 5842 scribitur
1685 5790 2034 5846 Athanasium

471 5868 585 5941 jam
632 5882 792 5928 antea
839 5874 1069 5930 electum
1126 5877 1486 5946 patriarcham
1517 5924 1530 5948 ,
1588 5883 1670 5936 die
1711 5881 1776 5938 11
1837 5887 2039 5942 mensis

2141 4685 2361 4754 perferri
2395 4688 2604 4739 adeum
2631 4689 2802 4740 nuntii
2838 4691 3024 4740 mortis
3073 4687 3253 4758 Cyprii
3293 4690 3612 4756 potuissent.
3647 4699 3706 4742 ut

2137 4775 2332 4844 exiguo
2359 4777 2447 4830 illo
2483 4780 2678 4845 spatio,
2717 4780 2855 4844 quod
2889 4779 2953 4830 ah
2983 4781 3128 4831 obitu
3162 4779 3229 4832 ad
3268 4780 3428 4832 {unus
3454 4783 3700 4844 interest,

2138 4882 2233 4936 per
2259 4870 2476 4921 crebros
2506 4871 2730 4923 subinde
2767 4871 2960 4923 missos
3020 4882 3125 4923 tam
3179 4870 3427 4926 distinete
3488 4885 3704 4926 caveret

2139 4973 2204 5012 ue
2241 4961 2434 5013 modus
2463 4963 2814 5015 excederetur
2843 4963 3221 5029 sepulcralinm
3253 4963 3448 5033 privati
3473 4965 3705 5017 hominis

2141 5052 2427 5107 honorum.
2465 5053 2593 5106 Erat
2639 5071 2768 5124 ergo
2822 5057 3286 5125 Constantinopoli
3328 5061 3700 5121 Andronicus,

2140 5145 2357 5210 quando
2383 5161 2624 5201 mortuus
2654 5159 2702 5201 et
2733 5150 2976 5217 sepultus
3009 5161 3087 5203 est
3123 5151 3379 5221 Cyprius;
3417 5165 3468 5207 et
3500 5157 3702 5222 primus

2142 5249 2255 5304 post
2282 5239 2438 5292 istum
2467 5242 2719 5294 notabilis
2747 5254 2974 5294 eventus
3007 5241 3167 5295 fuerit
3215 5245 3487 5300 discessus
3535 5249 3702 5312 impe-

2143 5330 2340 5382 ratoris
2373 5329 2611 5398 ejusdem
2645 5347 2708 5385 ex
2743 5334 2899 5398 urbe,
2953 5345 3236 5403 propterea
3297 5338 3540 5406 sequenti
3579 5353 3698 5393 mox

2138 5422 2315 5490 capite
2338 5437 2366 5475 a
2394 5423 2722 5493 Pachymere
2755 5438 3028 5480 narratus.
3063 5425 3318 5481 Cesserat
3375 5429 3701 5496 patriarchio

2138 5516 2370 5585 Cyprius
2397 5517 2548 5583 juxta
2575 5518 2946 5573 verisimiliter
2990 5536 3016 5570 a
3051 5521 3205 5574 nobis
3250 5523 3410 5590 paulo
3456 5526 3701 5590 Superius

2141 5620 2342 5664 statuta
2395 5611 2537 5664 circa
2574 5627 2810 5665 mensem
2865 5611 3082 5665 Junium
3129 5616 3254 5668 anni
3301 5614 3502 5669 Chrisri
3547 5616 3698 5672 1239.

2141 5703 2264 5758 Post
2302 5713 2408 5758 tres
2434 5717 2528 5758 aut
2559 5706 2718 5773 paulo
2759 5705 2878 5775 plus
2907 5723 3146 5775 menses,
3180 5709 3350 5778 pridie
3398 5711 3521 5764 ldus
3547 5711 3694 5765 Octo-

2142 5797 2254 5850 bris
2280 5797 2605 5853 Athanasius
2637 5800 2686 5853 in
2720 5804 2968 5854 thronum
2999 5813 3221 5857 evectus
3252 5813 3357 5857 est.
3394 5801 3702 5865 Noi'etnbri,

2147 5888 2469 5955 Decembri.
2531 5888 2790 5946 Januario
2868 5892 3279 5964 insequentibus
3347 5897 3704 5952 rerisitniiiter
