4058 6298
272 386 380 454 8H

1566 375 2235 442 CHRONOLOGICUS.

3417 368 3524 437 812

276 500 576 567 acciderit,
628 497 773 571 quod
828 495 1004 567 capite
1049 494 1171 550 libri
1216 494 1305 559 il,
1364 507 1414 547 c.
1442 469 1554 557 'l‘l,
1607 488 1934 569 reiertur,A
1965 486 2193 555 praecise
2220 485 2379 557 spatii
2418 485 2839 543 intercesserita
2886 482 3047 539 modo
3080 492 3371 539 memorata
3434 499 3523 559 re-

276 610 477 666 nempe
514 594 770 666 Cyprium
809 590 994 661 gloriae
1031 587 1248 644 avidum
1281 586 1580 647 hominem,
1618 597 1748 638 cum
1790 592 1851 635 se

279 700 393 743 tam
422 687 512 741 diu
546 683 847 755 neglectum
871 681 929 737 in
955 694 1171 737 secessu
1204 693 1269 733 ac
1307 676 1599 732 solitudine
1624 673 1850 735 doleret,

280 781 425 850 ringi
460 791 525 834 ac
566 775 759 833 contici
790 772 1109 843 egritudine
1137 770 1403 841 cmpisse;
1435 783 1501 824 ex
1548 782 1658 837 quo
1682 763 1733 818 ei
1764 772 1855 817 tae-

278 873 375 928 dio
410 869 768 941 languorsille
805 867 1095 923 multorum
1132 854 1342 939 dierum
1388 861 1684 924 exstiterit,
1744 871 1854 927 quo

278 950 641 1034 consumptus
660 964 880 1037 demum
938 969 1022 1016 est
1063 957 1282 1013 circiter
1333 970 1600 1019 mensem,
1647 960 1710 1007 ut
1754 965 1857 1019 ap-

281 1067 465 1129 paret,
489 1056 763 1111 Martium.
796 1053 967 1124 Aprili
1006 1066 1133 1107 mox
1172 1050 1508 1117 insequente,
1542 1053 1665 1114 apta
1686 1040 1859 1112 regiis

282 1148 725 1220 expeditionibus
784 1135 1126 1218 tempestate,
1184 1142 1530 1196 Andronicus
1581 1135 1861 1204 Augustus

281 1259 350 1299 ex
382 1229 515 1299 urbe
549 1255 793 1303 movens,
831 1252 1059 1294 smmum
1087 1250 1153 1291 ac
1184 1232 1567 1291 circumductae
1612 1226 1858 1299 pcregri-

286 1336 529 1391 natiouis
558 1341 732 1389 metas
762 1329 1043 1403 Nymphaei
1077 1328 1315 1409 denique
1343 1323 1611 1387 detixerit,
1645 1335 1710 1375 eo
1741 1333 1864 1389 per—

282 1429 516 1483 veniens
536 1428 638 1491 sub
671 1440 912 1480 mensem
954 1422 1200 1479 Junium.
1250 1419 1407 1477 Circa
1435 1417 1637 1472 Maium
1697 1412 1865 1483 igitur

284 1519 658 1576 anniCbristi
714 1517 856 1575 1290
914 1516 1097 1570 laxata
1151 1511 1397 1570 custodia
1453 1511 1643 1565 Vecco‘
1681 1504 1864 1570 fuerit,

286 1625 577 1684 postquam
604 1612 864 1683 egestatis
904 1625 1025 1665 cum
1060 1608 1383 1677 captivitate
1403 1604 1623 1673 juncta
1657 1598 1868 1654 incom‘

290 1703 450 1756 modo
483 1702 765 1757 tolerasset
804 1702 961 1755 annis
1014 1713 1110 1755 sex
1146 1695 1393 1768 integris,
1437 1708 1470 1748 a
1496 1702 1679 1746 mense
1720 1686 1868 1740 vide-

289 1792 423 1848 licet
451 1792 593 1848 Maio
625 1803 717 1847 aut
741 1789 905 1846 Junio
931 1791 1056 1845 anni
1081 1789 1283 1845 Christi
1329 1785 1469 1843 1284
1514 1784 1671 1856 juxta
1716 1780 1867 1851 prius

290 1884 516 1939 deﬁnita
559 1899 615 1939 ιι.
646 1881 682 1938 5
715 1883 876 1953 hujus
898 1880 1116 1950 capitis.

373 1976 485 2031 \‘ll.
521 1976 638 2031 Hac
665 1976 857 2030 eadem
886 1975 940 2028 in
969 1972 1286 2040 Orientales
1323 1982 1531 2027 tractus
1557 1969 1875 2041 peregrina-

298 2070 449 2125 tione
471 2068 767 2125 Andronici
804 2065 1100 2137 contigisse
1144 2075 1406 2136 praeterea
1434 2064 1672 2133 oportuit
1695 2076 1881 2118 acces-

297 2175 423 2217 sum
463 2160 581 2229 ejus
616 2158 944 2228 Dacibyzam
968 2200 985 2222 ,
1016 2156 1104 2211 ubi
1163 2159 1264 2211 sub
1308 2157 1553 2212 custodia
1597 2155 1883 2209 tenebatur

298 2251 564 2317 Joannes,
586 2250 854 2307 Theodori
876 2248 1129 2305 Lascaris
1148 2248 1314 2310 illius,
1334 2263 1496 2318 quem
1529 2248 1882 2303 Micbat-lAn-

300 2346 511 2403 dronici
542 2355 697 2414 pater
725 2344 950 2398 immani
978 2340 1172 2397 fraude
1196 2341 1675 2411 circumscriptum
1718 2340 1886 2406 impe-

280 2464 283 2465 ν
304 2440 395 2495 rio
416 2439 619 2509 deiecit
644 2447 699 2493 et
714 2436 1031 2492 excaecavil.
1055 2434 1169 2490 Huc
1187 2432 1486 2505 proiectum
1512 2432 1882 2495 Andronicum

301 2541 498 2589 narrat
550 2531 937 2602 Pachynteres,
972 2529 1013 2583 l.
1044 2543 1086 2595 ι,
1119 2543 1172 2583 c.
1202 2527 1296 2593 56,
1336 2526 1563 2597 petiisse
1610 2541 1638 2581 a
1667 2524 1880 2581 Joanne

294 2642 451 2684 caeco
482 2626 696 2681 veniam
729 2622 941 2692 injuria
978 2624 1081 2692 ipsi
1105 2638 1132 2675 a
1162 2620 1437 2676 Michaele
1465 2631 1619 2690 patre
1647 2632 1747 2675 suo
1771 2617 1888 2672 illa-

304 2729 397 2785 te,
426 2728 482 2774 et
519 2717 705 2773 multis
753 2715 1147 2771 benevolentiae
1176 2711 1667 2782 signiﬁcationibus
1695 2725 1759 2766 ac
1786 2711 1886 2767 d0-

299 2814 396 2868 nis
432 2809 765 2867 eblanditqu
793 2811 861 2866 ah
885 2824 952 2864 eo
986 2807 1155 2863 fuisse
1187 2806 1487 2877 cessionem
1514 2803 1651 2873 juris
1687 2802 1753 2857 ad
1782 2794 1893 2856 im-‘

306 2905 525 2975 perium
551 2903 655 2959 sui.
694 2902 879 2967 Ratio,
905 2916 1024 2969 qua:
1059 2899 1207 2970 cogit
1233 2898 1417 2953 dicere
1446 2906 1573 2952 tunc
1604 2893 1655 2950 id
1680 2901 1883 2956 actum,

302 2998 426 3055 haec
444 3007 551 3052 est.
580 2994 778 3052 Noster
805 2996 897 3049 illo
923 2993 1106 3064 capite
1130 2994 1337 3059 diserte
1374 2990 1572 3045 asserit
1608 2997 1731 3057 post
1758 3000 1889 3042 con-

309 3101 534 3146 ventum
568 3090 637 3144 ab
666 3086 979 3143 Andronico
1026 3083 1301 3141 Joannem
1333 3082 1556 3138 missum
1610 3081 1778 3135 fuisse
1819 3086 1887 3134 ab

305 3184 613 3239 Athanasio
645 3182 757 3252 iam
797 3179 1107 3251 patriarcha
1146 3168 1621 3247 protoveatiarium
1669 3174 1733 3229 ad
1754 3171 1889 3229 Vec-

307 3292 435 3332 cunt
453 3293 469 3342 ;
490 3275 632 3346 quod
666 3274 808 3330 idem
834 3273 962 3327 alibi
987 3270 1186 3326 factum
1204 3270 1440 3324 adirmat
1466 3261 1534 3324 eo
1561 3266 1755 3321 itinere
1781 3280 1888 3335 quo

306 3363 663 3443 Nympharum
712 3381 775 3422 se
818 3366 1091 3434 denique,
1125 3362 1237 3419 illic
1280 3364 1370 3419 diu
1435 3369 1885 3423 commoraturus.

312 3464 619 3531 imperator
646 3461 902 3516 contulit.
920 3459 1091 3531 igitur
1119 3468 1176 3513 et
1199 3459 1314 3513 haec
1332 3458 1521 3512 eadem
1557 3444 1758 3521 viaper
1786 3452 1887 3506 Da-

310 3555 558 3627 cibyzstn
580 3553 895 3608 Andronico
916 3551 1077 3607 ducta
1103 3560 1206 3606 est.
1229 3549 1345 3605 Non
1374 3550 1518 3602 enim
1544 3546 1632 3603 bis
1661 3547 1890 3616 patriar-

309 3649 415 3705 cha
437 3646 766 3704 Athanasius
793 3646 1266 3717 protovestiarium
1287 3641 1370 3715 [Ρ.
1394 3638 1531 3712 567]
1560 3640 1629 3695 ad
1657 3639 1884 3693 Vecoum

312 3740 485 3797 misit.
518 3738 684 3795 Recte
715 3740 899 3809 itaque
923 3738 1181 3793 admonet
1217 3736 1320 3793 sub
1358 3733 1518 3787 linem
1564 3731 1757 3799 capitis
1804 3729 1888 3784 hi-

306 3833 551 3890 storicus
574 3832 687 3886 huc
706 3846 767 3887 se
786 3830 845 3885 in
867 3840 1213 3885 antecessum
1240 3828 1344 3883 hoc
1366 3827 1483 3881 loco
1512 3841 1579 3879 ex
1609 3824 1772 3879 multo
1795 3838 1890 3895 po-

300 3925 528 3982 steriori
566 3923 824 3979 memoria
863 3922 1191 3991 praelibassc.
1238 3922 1385 3975 Dicet
1424 3919 1624 3990 aliquis
1657 3936 1671 3971 :
1708 3916 1888 3983 Quare

306 4015 479 4085 igitur
503 4014 871 4081 Pachymeres
892 4010 1010 4080 ipso
1040 4002 1199 4062 initio
1224 4006 1391 4063 istius
1419 4005 1638 4075 capitis,
1674 4022 1741 4076 p.
1764 4003 1885 4070 l05,

310 4108 393 4163 sic
419 4105 696 4176 loquitur:
734 4100 838 4158 Sed
867 4117 946 4157 me
975 4102 1308 4171 prazterierat
1351 4100 1491 4169 quod
1536 4097 1697 4170 paulo
1736 4098 1887 4164 prius

314 4199 561 4269 contigit,
596 4199 965 4266 imperatorem
990 4195 1230 4249 videlicet
1266 4210 1330 4249 ex
1365 4193 1493 4247 urbe
1527 4210 1582 4247 se
1608 4191 1890 4246 contulisse

317 4293 639 4363 Dacibyzam
661 4292 685 4345 2
711 4298 816 4346 etc.
856 4288 1359 4360 784ltespondeo
1386 4305 1399 4341 :
1429 4283 1548 4340 Non
1594 4286 1706 4339 bare
1751 4282 1892 4339 rele-

313 4385 483 4443 renda
512 4390 643 4438 sunt
673 4381 739 4435 ad
796 4366 1123 4448 colloquium
1183 4377 1341 4433 Vecci
1390 4393 1512 4433 cum
1577 4376 1887 4446 patriarcha

311 4476 577 4548 Gregorio
607 4473 1021 4537 habitum,toto
1066 4469 1389 4539 praecedenti
1448 4470 1626 4537 capite
1672 4467 1742 4523 55
1796 4468 1891 4522 de-

1958 578 2229 635 laxationc
2256 579 2570 636 acerbitatis
2610 579 2662 633 in
2689 576 2847 634 Vecci
2882 593 3103 633 carcere
3131 576 3196 631 ad
3229 576 3526 647 periettnut

1959 673 2099 742 ejus,
2130 689 2251 742 quae
2278 673 2416 728 felici
2443 673 2656 728 demum
2682 671 2917 728 obitusci
2976 671 3186 743 obtigit,
3254 671 3520 724 liberatio-

1959 781 2084 820 nem
2126 767 2193 820 ah
2249 768 2505 823 aerumnis
2550 767 2826 823 omnibus.
2899 766 3136 820 Primum
3192 773 3399 819 certum
3447 773 3528 817 est

1959 860 2328 920 Andronicum
2350 864 2724 935 imperatorem
2742 864 3018 937 Nymphaei
3038 866 3334 933 perstitisse
3355 866 3529 931 spatio

1963 958 2085 1027 plus
2107 974 2307 1014 annuo.
2335 959 2523 1014 Refert
2550 960 2694 1015 enim
2729 974 2935 1024 noster,
2972 977 3023 1027 p.
3058 961 3179 1021 151,
3215 960 3381 1013 fuisse
3406 973 3527 1010 t‘lllli

1964 1050 2075 1106 iIlic
2107 1050 2508 1106 undetricesimo
2542 1055 2734 1106 mensis
2764 1050 2915 1106 Junii
2966 1054 3048 1104 die
3090 1069 3190 1122 quo
3225 1062 3533 1104 sanctorum

1966 1143 2331 1213 apostolorum
2379 1144 2572 1217 (Petri
2613 1162 2806 1217 nempe
2841 1158 2895 1201 et
2924 1146 3122 1216 Pauli)
3164 1144 3353 1215 festum
3399 1146 3535 1200 cele-

1969 1238 2172 1299 bratur,
2206 1237 2373 1292 a'ttero
2414 1248 2654 1292 currente
2708 1256 2845 1293 anno
2878 1254 2943 1293 ea:
2973 1255 3071 1308 quo
3128 1239 3415 1307 imperator
3446 1253 3536 1291 ca-

1967 1328 2223 1383 stra-iiiis
2261 1330 2485 1384 habebat
2527 1330 2821 1393 εΔιετείας
2868 1330 3168 1400 τρεχούσης
3211 1332 3543 1398 ἐστρατοπε-

1968 1416 2212 1489 δευμένῳ
2244 1418 2320 1490 τῷ
2355 1420 2585 1491 βασιλεῖ.
2638 1421 2772 1475 Cutn
2827 1436 2956 1488 ergo
3004 1435 3227 1475 numero
3274 1418 3539 1487 superiori

1969 1511 2336 1566 verisimiliter
2404 1513 2757 1567 statuerimus
2815 1511 3188 1567 Andronicum
3245 1514 3543 1579 Augustum

1971 1606 2288 1675 pervenisse
2340 1604 2691 1679 Nymphaeum
2728 1606 2902 1662 circa
2946 1606 3157 1659 initium
3211 1602 3354 1660 Junii
3401 1620 3545 1659 anno

1972 1694 2175 1771 Christi
2243 1696 2421 1761 1290,
2474 1698 2616 1767 quod
2668 1698 2758 1752 illo
2817 1712 2867 1754 c.
2925 1699 2960 1754 9
3015 1696 3373 1767 Pacbymercs
3433 1711 3537 1751 mc-

1979 1797 2154 1845 tnorat
2173 1790 2451 1846 dissitlium
2476 1790 2782 1862 principum
2812 1804 3179 1846 rnatronarum
3207 1800 3544 1845 contractum

1981 1884 2268 1939 occasione
2298 1884 2585 1956 panegyris
2617 1884 3016 1954 apostolorum,
3049 1884 3337 1951 contigerit
3367 1882 3434 1936 i9
3462 1881 3548 1936 die

1978 1976 2125 2035 Junii
2165 1976 2293 2033 anni
2321 1975 2522 2032 Christi
2553 1976 2712 2043 129i,
2744 1978 2960 2046 quando
3006 1978 3117 2044 jam
3162 1991 3361 2029 artuum
3415 1976 3551 2028 alic-

1983 2070 2101 2124 ru'm
2135 2085 2246 2126 sua:
2284 2069 2423 2138 apud
2444 2066 2804 2140 Nymphazum
2859 2068 3301 2124 commorationis
3344 2067 3560 2120 Andro-'

1983 2164 2137 2218 uicus
2194 2152 2566 2218 inchoaverat.
2636 2162 2863 2218 Reditns
2913 2164 3029 2230 ejus
3072 2162 3193 2215 inde
3252 2160 3301 2212 in
3362 2159 3549 2213 urbem

1983 2263 2204 2310 notatur
2238 2254 2448 2324 p.165,
2489 2264 2544 2309 et
2571 2255 2876 2325 assignatur
2927 2254 3028 2307 dici
3087 2254 3553 2306 duodetricesims:

1983 2345 2152 2410 Junii,
2190 2346 2318 2401 anni
2361 2346 2615 2402 videlicet
2645 2348 2829 2402 statim
2876 2344 3155 2414 sequentis
3198 2362 3317 2398 atra:
3350 2344 3554 2399 Christi

1985 2439 2225 2509 vulgaris
2254 2438 2412 2503 I295,
2453 2453 2573 2493 cum
2614 2436 2727 2507 jam
2784 2448 3029 2507 rcparata
3081 2438 3307 2491 luisscnt
3358 2440 3552 2491 damna
3619 2485 3626 2493 .

1987 2531 2267 2597 incendii,
2319 2546 2425 2601 quo
2474 2530 2692 2585 biennio
2740 2539 2863 2583 ante
2921 2530 3307 2584 abdicatioiiem
3390 2532 3557 2585 Atba-

1988 2623 2145 2689 nasii,
2191 2634 2247 2677 ut
2281 2624 2480 2678 diserte
2514 2624 2745 2679 traditur
2800 2622 3010 2694 p.178,
3064 2623 3257 2677 Forum
3301 2640 3555 2695 magnum

1986 2713 2437 2781 conﬂagraverat.

2062 2802 2157 2861 IX.
2212 2806 2584 2861 Ahdicationis
2643 2822 2804 2877 porro
2838 2808 2994 2861 modo
3047 2818 3355 2864 memoratae
3386 2809 3556 2864 Αιιιτι-

1988 2898 2127 2953 nasii
2159 2908 2370 2967 tempus
2412 2900 2547 2954 satis
2591 2899 2795 2955 diserte
2856 2898 3219 2972 Pacliy:ue:-es
3279 2902 3465 2969 expriu
3492 2900 3553 2962 il,

1988 2991 2115 3046 dum
2146 3008 2200 3063 ι).
2235 2992 2340 3047 1⁸17
2387 2993 2574 3061 scribit
2602 2993 2774 3063 ipsum
2806 3004 2990 3048 exacte
3040 2996 3444 3064 quadriennium
3496 2998 3549 3049 in

1986 3085 2347 3153 patriarchatu
2374 3086 2680 3157 explevisse,
2728 3088 2800 3141 ita
2858 3096 2913 3139 ut
2946 3088 3065 3139 initi
3107 3088 3375 3158 relictique
3417 3090 3560 3158 regiv

1915 3206 1957 3264 ο
1992 3182 2149 3235 minis
2207 3179 2455 3238 Ecclesia
2499 3183 2736 3243 eamdem
2788 3182 2953 3253 [crine
3009 3187 3357 3239 numeraverit
3419 3186 3561 3238 dicm

1991 3282 2195 3327 sextam
2227 3274 2486 3328 decimam
2522 3272 2785 3349 Octobris.
2845 3274 3103 3329 Alludunt
3144 3274 3259 3330 haec
3314 3277 3377 3331 ad
3413 3278 3561 3348 prius

1991 3366 2193 3436 scripta
2234 3382 2289 3437 p.
2325 3364 2450 3432 H6,
2485 3367 2574 3422 ubi
2604 3360 2802 3422 dicitur
2826 3377 3072 3437 quartam
3103 3369 3362 3421 decimam
3396 3369 3564 3424 Octo.

1990 3455 2104 3511 bris
2160 3456 2304 3512 diem
2371 3458 2600 3527 primam
2648 3458 2942 3513 Athanasio
2989 3458 3388 3528 putriarcbatns
3434 3456 3556 3518 initi

1990 3548 2177 3607 fuisse.
2218 3550 2460 3606 Pertlnet
2510 3552 2634 3618 hoc,
2688 3562 2748 3605 ut
2796 3552 2905 3605 dixi
2948 3568 3106 3605 'num.
3146 3552 3200 3613 5,
3242 3554 3308 3606 ad
3358 3562 3563 3613 annum

1989 3644 2191 3702 Christi
2246 3644 2406 3708 1289.
2466 3660 2532 3700 ex
2575 3660 2685 3715 quo
2730 3646 2853 3699 anni
2905 3655 3174 3701 vertentes
3224 3656 3457 3715 quatuor
3506 3647 3561 3704 in

1990 3738 2135 3793 diem
2189 3736 2254 3792 14
2308 3737 2505 3793 Octob.
2560 3737 2691 3792 anni
2736 3736 2870 3793 I993
2923 3738 3153 3792 desiero.
3232 3738 3400 3794 Biduo
3441 3748 3566 3808 post

1994 3830 2187 3885 throno
2216 3830 2382 3886 cessit
2411 3829 2768 3894 Athanasius,
2814 3840 2965 3901 gesta
3002 3832 3352 3901 patriarcbali
3380 3831 3560 3902 digni-

1993 3933 2102 3980 tate
2141 3923 2298 3979 annis
2342 3924 2567 3980 omnino
2624 3934 2856 3994 quatuor
2910 3933 2958 3980 et
3038 3925 3243 3979 duobus
3300 3936 3559 3994 prmtcrca

1989 4016 2200 4073 diebus.
2240 4015 2548 4071 Incendium
2577 4030 2704 4087 ergo
2738 4016 2915 4086 magni
2944 4015 3065 4070 Fori
3101 4031 3243 4071 anno
3288 4016 3416 4073 1291
3454 4019 3561 4071 sub

1989 4110 2227 4165 medium
2275 4107 2631 4166 Norembrem
2680 4111 2898 4178 creuit,
2956 4110 3112 4179 cujus
3166 4112 3331 4164 ruina:
3383 4112 3559 4181 spatio

1992 4202 2257 4257 mensium
2282 4202 2392 4257 iere
2419 4200 2585 4273 785
2615 4213 2740 4257 octo
2768 4203 2904 4258 adeo
2928 4214 3146 4259 strenue
3180 4220 3206 4257 ,ι
3236 4203 3443 4258 civibus
3481 4218 3562 4257 re-

1992 4304 2199 4363 paratas
2247 4304 2393 4359 sunt,
2444 4304 2504 4347 ut
2557 4294 2773 4349 rediens
2830 4294 2881 4348 in
2928 4294 3111 4350 urbem
3148 4297 3442 4365 imperator
3465 4310 3563 4350 ex-

1990 4390 2163 4435 tremo
2188 4381 2348 4437 Junio
2371 4380 2497 4435 anui
2524 4381 2667 4437 1292
2690 4382 3081 4451 gratularetur,
3108 4385 3246 4448 quod
3271 4382 3564 4437 historicus

1991 4473 2065 4526 ait
2102 4487 2155 4541 p.
2190 4471 2314 4536 180,
2340 4474 2462 4527 solo
2505 4473 2606 4526 sibi
2651 4475 2861 4526 aurium
2940 4475 3132 4527 indicio
3186 4489 3420 4529 constare
3467 4491 3564 4530 no-

306 4570 601 4637 κτὶριιηιιο
633 4566 730 4620 sed
760 4564 829 4618 ad
858 4562 1032 4617 Obiter
1089 4569 1351 4633 attextam
1419 4559 1482 4614 ad
1512 4558 1712 4613 calcem
1745 4558 1888 4613 illius
1915 4554 1970 4615 D
1998 4564 2173 4617 titiam
2202 4564 2455 4628 incendii,
2490 4564 2636 4618 nullo
2662 4565 2779 4635 jam
2802 4566 2962 4618 oculis
2990 4567 3265 4632 superstite
3294 4568 3376 4622 sui
3406 4570 3565 4623 vesti-

312 4660 511 4731 capitis
546 4657 876 4713 mentionem
938 4655 1132 4710 laxatae
1186 4655 1358 4709 multo
1406 4653 1679 4722 postcrius
1726 4649 1885 4707 Vecci

314 4752 602 4815 custodiae,
636 4751 688 4804 in
720 4764 881 4819 quam
920 4756 1063 4819 post
1088 4746 1139 4802 id
1170 4747 1498 4816 colloquiqu
1562 4754 1646 4800 est
1701 4744 1888 4813 conje-

312 4855 458 4902 ctus.
490 4841 548 4897 Id
583 4826 711 4910 ergo
738 4816 965 4893 tantum
997 4816 1087 4891 illa
1136 4836 1336 4907 capitis
1385 4834 1454 4889 56
1503 4835 1674 4904 prima
1726 4833 1887 4887 verba

312 4933 841 5010 signiﬁcant,apaulo
878 4941 1003 4986 ante
1028 4947 1188 5000 quam
1250 4931 1303 4983 in
1356 4929 1555 4995 saepius
1592 4937 1887 4982 memorata

314 5027 661 5101 imperatoris
708 5023 1004 5080 Andronici
1080 5023 1417 5092 proieCtionc
1473 5021 1525 5073 in
1584 5018 1887 5085 Orientem,

315 5138 410 5193 per
445 5126 671 5177 missum
701 5121 755 5174 in
788 5134 967 5174 arcem
1002 5116 1061 5172 S.
1092 5116 1343 5187 Gregorii
1393 5115 1887 5189 protovestiarium,

312 5212 603 5270 Vcecusin
646 5211 805 5283 paulo
858 5209 1272 5264 tolerabiliorem
1300 5207 1659 5262 comli:ionem
1709 5218 1889 5261 trans-

316 5307 574 5369 iet-retur,
634 5305 836 5359 aditum
874 5303 1155 5371 Dacibyzae
1184 5301 1253 5355 ab
1290 5298 1599 5353 Andronico
1625 5296 1885 5352 Joannem

310 5396 582 5453 'I‘beodori
614 5394 863 5451 Lascaris
897 5392 1117 5465 Augusti
1148 5392 1347 5465 lilium.

390 5472 532 5544 VIII.
572 5486 714 5541 Mors
743 5485 870 5540 inde
894 5483 1061 5541 Vecci
1089 5492 1345 5538 narratur
1384 5497 1436 5554 p.
1474 5481 1605 5549 270,
1647 5496 1739 5537 sco
1781 5495 1890 5551 quo

315 5599 463 5640 anno
492 5579 785 5652 contigerit
818 5576 1229 5647 disquireudnm
1264 5577 1419 5631 nobis
1457 5575 1748 5629 historicus
1808 5588 1891 5628 ro-

316 5678 536 5746 linquit.
562 5673 925 5745 Experiamur
956 5687 1089 5742 ergo
1128 5670 1349 5741 ecquid,
1393 5671 1683 5740 sequennis
1724 5668 1891 5724 resti-

318 5771 423 5843 giis
450 5785 631 5824 rerum
662 5769 729 5822 ab
755 5767 844 5821 illo
884 5767 1024 5822 serie
1064 5765 1347 5835 continua,
1382 5779 1483 5833 qua
1542 5774 1706 5832 gestae
1741 5770 1887 5829 sunt,

316 5869 688 5920 narratarum,
718 5855 988 5926 possimus
1018 5864 1169 5910 certo
1195 5852 1600 5924 dppreltendcre
1628 5863 1886 5923 quantum

635 5954 911 6016 Panos.
953 5953 1071 6018 Cn.
1104 5951 1279 6016 CXLI
1292 5951 1368 6017 ι’.

1999 4655 2083 4723 gio
2129 4656 2385 4711 sensibili.
2422 4655 2503 4709 Ab
2529 4657 2632 4710 boc
2686 4656 2804 4711 loco
2840 4672 2957 4724 qua:
2992 4668 3280 4709 narrantur
3309 4673 3335 4709 a
3380 4669 3568 4711 nostro

1998 4749 2259 4803 historico
2289 4748 2429 4803 serie
2468 4749 2751 4812 continua,
2795 4764 2881 4801 res
2918 4758 3074 4817 prout
3105 4761 3330 4802 erencrc
3382 4747 3565 4803 decla-

1996 4852 2171 4905 rante,
2202 4857 2372 4910 usque
2403 4841 2472 4895 ad
2504 4856 2551 4895 c.
2590 4839 2683 4904 29,
2709 4840 2748 4894 l.
2773 4839 2861 4902 lIl,
2895 4841 3135 4909 quinque
3164 4839 3274 4893 fere
3303 4855 3565 4894 annorum

1995 4934 2218 5003 explent
2296 4933 2550 5004 spatium.
2617 4930 2777 4987 Unde
2824 4931 2987 4997 quod.
3027 4932 3283 4986 scribitur
3335 4947 3387 5000 p.
3434 4932 3566 4999 270,

1997 5035 2264 5079 mortuum
2289 5039 2412 5080 esse
2442 5023 2673 5080 Veccum
2708 5025 2809 5078 sub
2838 5027 2993 5077 linem
3026 5024 3229 5090 Martii,
3267 5025 3331 5077 ad
3366 5040 3567 5080 annum

1994 5116 2113 5171 sine
2135 5116 2296 5171 dubio
2321 5118 2557 5185 pertinet
2581 5115 2785 5171 Christi
2824 5116 2983 5171 1298.
3044 5116 3181 5171 Octo
3215 5118 3379 5185 igitur
3408 5117 3568 5173 annis

1997 5216 2118 5277 post
2143 5208 2377 5262 laxatam
2410 5208 2801 5277 aliquantulum
2829 5208 3155 5273 custodiam,
3198 5219 3445 5277 pcrsmns
3485 5210 3573 5264 ni-

1995 5300 2290 5357 hilominus
2312 5298 2552 5355 Joannes
2587 5298 2793 5355 Veccus
2819 5302 2872 5355 in
2905 5314 3147 5366 carcere,
3178 5303 3438 5371 quoniam
3465 5301 3566 5355 lm—

1994 5393 2235 5461 pcratori
2279 5391 2531 5447 assentiri
2565 5392 2628 5445 ad
2655 5390 2893 5446 schisma
2932 5392 3204 5446 ret-oranti
3240 5393 3569 5447 constantis-

1986 5487 2134 5541 sime
2158 5499 2374 5555 semper
2402 5484 2597 5547 renuit,
2651 5485 2714 5537 ad
2750 5499 2994 5551 suorum,
3046 5496 3103 5539 ut
3147 5502 3367 5559 sperare
3418 5485 3566 5551 licet,

1992 5576 2218 5646 praemia
2255 5575 2500 5630 laborum
2538 5590 2565 5628 a
2606 5574 2716 5629 Deo
2763 5585 2981 5631 vocatus
3024 5576 3077 5631 in
3130 5579 3325 5633 ctelum
3361 5587 3464 5632 est.
3498 5577 3572 5631 At

1997 5667 2376 5733 Melzteniotes,
2407 5665 2543 5722 alter
2566 5666 2682 5736 ejus
2708 5666 3004 5729 sociorum,
3064 5680 3169 5720 non
3201 5668 3352 5736 prius
3405 5681 3566 5734 quam

1995 5770 2118 5832 post
2148 5762 2334 5814 decem
2399 5758 2646 5813 evolutos
2696 5757 2820 5813 inde
2871 5772 3063 5821 annos,
3117 5756 3223 5829 [Ρ.
3253 5755 3395 5835 568]
3452 5758 3571 5827 pari

1994 5854 2159 5909 laude
2190 5852 2599 5908 commendatus
2624 5850 2836 5906 invictae
2891 5850 2943 5904 in
2991 5850 3094 5904 lide
3139 5851 3377 5904 Romana
3432 5864 3569 5905 cou-

3056 5945 3130 6009 27
