4058 6298
561 342 667 412 84⁸1

1444 350 1517 415 Ῥο
1547 350 1855 414 POSSlNI
1892 350 2539 424 OBSEBS'ATIONUM
2581 353 2727 416 LlB.
2769 353 2883 416 ΙΙΙ.

3689 354 3797 421 848

537 447 686 520 "sum
729 461 885 538 lateri
912 464 1167 521 litteram.
1207 463 1257 519 ’Β
1294 463 1463 520 habet
1512 465 1567 521 in
1627 456 1834 537 vulgari
1866 465 2132 523 Kalenda-
2167 473 2209 528 Α
2241 481 2270 520 a
2292 465 2501 522 Joanne
2528 467 2724 524 Cosma
2760 483 2945 524 coram
2977 468 3028 523 in
3047 483 3107 522 os
3131 469 3441 526 Andronico
3463 469 3802 541 Augustoin.

562 559 665 620 riu,
701 564 1199 628 proutoportuerat
1226 568 1282 611 ut
1308 557 1440 612 feria
1478 570 1632 615 sexta
1683 561 1894 616 censeri
1931 571 2133 630 posset,

561 653 655 725 sed
684 651 924 706 litteram
965 650 1027 717 F,
1061 649 1211 716 ferige
1246 653 1414 708 tertiae
1466 653 1696 709 indicem
1723 656 1942 724 quando
1979 653 2019 708 Ι)
2053 654 2134 710 fe-

563 743 699 796 riam
783 743 1194 812 primam'sive
1247 745 1389 798 diem
1451 745 1784 803 Dominicam
1861 746 2130 817 designat.

562 837 801 892 Omnino
829 853 970 892 unus
999 838 1051 891 in
1105 847 1218 896 toto
1262 856 1405 895 anno
1447 850 1531 895 est
1575 841 1778 895 mensis
1836 842 2131 911 Augustus,

562 929 718 996 cujus
747 930 852 985 diei
892 933 1163 988 vicesima:
1192 934 1380 1003 prima.I
1409 933 1589 988 littera
1643 933 1683 987 Β
1729 948 1872 990 anno
1908 935 1998 990 tali
2058 935 2136 990 fe-

565 1024 701 1077 riam
754 1033 966 1078 sextam
1001 1025 1248 1080 indicans
1291 1027 1358 1081 ad
1415 1026 1556 1082 latus
1615 1028 1828 1098 appicta
1866 1032 2132 1085 cernitur.

565 1115 681 1171 Hoc
711 1117 875 1188 igitur
917 1119 1033 1186 ipso
1065 1133 1248 1173 mense
1297 1118 1592 1190 contigisse
1639 1122 1878 1190 Oportuit
1929 1138 2135 1178 memo-

563 1218 768 1275 ratam,
793 1225 845 1281 p.
875 1209 999 1276 584,
1039 1225 1066 1262 a
1100 1211 1436 1282 Pachymere
1470 1215 1866 1283 promotionem
1893 1215 2138 1270 Athana-

563 1301 651 1356 sii.
684 1302 756 1356 Ac
783 1317 914 1356 sane
949 1303 1140 1358 suadet
1189 1303 1328 1358 idem
1359 1303 1449 1359 ille
1502 1306 1796 1362 vehemens
1855 1308 1984 1364 solis
2033 1308 2135 1363 ila-

565 1395 774 1464 grantis
787 1403 971 1462 aestus,
988 1411 1094 1465 quo
1113 1406 1394 1452 excoctum
1421 1396 1595 1455 fuisse
1622 1400 1987 1456 Andronicum
2009 1403 2134 1457 dum

563 1486 671 1541 hoc
701 1499 889 1557 ageret
916 1487 1288 1560 Pachymeres
1326 1490 1501 1545 innuit
1527 1491 1710 1546 verbis
1733 1491 1864 1560 illis,
1888 1492 1980 1548 ὑπ’
2010 1494 2134 1564 ἀέρι

565 1580 680 1651 πῦρ
725 1580 939 1634 πνέοντι
975 1582 1070 1636 καὶ
1109 1582 1349 1653 καιρικῷ
1409 1582 1612 1652 πνίγει,
1647 1584 1743 1639 sub
1782 1603 1903 1658 aere
1965 1587 2133 1658 ignem

562 1673 824 1740 spirante,
849 1690 910 1727 ac
959 1683 1115 1742 prout
1161 1675 1257 1728 (ali
1311 1683 1613 1746 tempestate
1653 1678 1784 1732 solet
1832 1680 1969 1747 ﬁeri,
2008 1696 2138 1748 pene

562 1763 858 1833 stt/Iocatus
886 1766 1151 1819 trahentes
1181 1765 1428 1819 halitum.
1463 1765 1594 1832 Quae
1642 1783 1802 1822 nemo
1843 1786 1947 1823 non
1999 1771 2135 1827 fate-

563 1858 712 1913 bitur
733 1856 927 1913 Sestili
969 1861 1084 1915 sive
1104 1860 1348 1928 Augusto
1378 1862 1579 1923 mensi,
1603 1860 1704 1917 sub
1757 1861 1954 1918 Leonis
1981 1866 2135 1936 signo
2172 1856 2182 1883 "

564 1963 619 2005 et
649 1950 925 2006 Canicula:
972 1951 1154 2007 sidere
1209 1951 1366 2022 longe
1421 1953 1664 2008 omnium
1731 1957 2135 2021 ardentissimo,

564 2041 766 2096 eximie
798 2048 1106 2099 convenire.

638 2134 728 2190 Vl.
764 2135 910 2192 ldem
945 2138 1144 2192 astruit
1174 2138 1308 2195 ordo
1331 2148 1605 2208 gestarum
1648 2148 1704 2196 et
1737 2157 1775 2196 a
1797 2141 2138 2215 Pachymere

567 2239 995 2286 memoratarum
1037 2245 1242 2296 rerum,
1277 2247 1398 2300 quae
1431 2241 1624 2292 exacte
1681 2241 1851 2290 totttm
1905 2237 2137 2304 spatium

565 2325 713 2379 inter
747 2324 887 2378 diem
936 2323 996 2377 I9
1039 2321 1288 2378 Januarii
1328 2333 1382 2379 et
1423 2326 1622 2380 mensis
1648 2325 2140 2398 Augustiﬁlcom—

565 2420 737 2486 plent,
792 2425 850 2471 ut
915 2416 1155 2470 breviter
1209 2417 1547 2473 demonstro.
1590 2417 1777 2474 Refert
1824 2418 2138 2488 historicus,

566 2511 597 2564 l.
637 2525 689 2573 ν,
720 2524 770 2564 c.
799 2510 856 2574 2,
890 2509 1073 2564 statim
1105 2524 1131 2562 a
1163 2508 1484 2580 refrigerato
1541 2510 1720 2580 primo
1748 2511 1869 2569 .illo
1917 2512 2138 2578 ardore,

565 2619 676 2670 quo
696 2602 750 2657 in
778 2601 1470 2670 Athanasiirepositionem
1493 2600 1548 2654 itt
1584 2601 1712 2657 sede
1737 2601 1824 2657 dle
1850 2601 1917 2659 i9
1943 2598 2142 2657 Janua-

568 2697 631 2749 rii
656 2693 859 2765 passim
884 2707 1074 2749 omnes
1100 2693 1309 2762 abrepti
1337 2692 1575 2759 fuerant,
1605 2709 1710 2749 non
1745 2708 1950 2764 paucos
1997 2695 2143 2751 anti-

567 2792 754 2844 stitum
813 2786 1042 2842 adversa
1089 2785 1135 2841 ei
1183 2786 1510 2854 promotioui
1551 2787 1726 2841 studia
1783 2797 2136 2844 monstrasse.

568 2879 700 2945 Qua.
731 2876 1078 2938 contentione
1104 2875 1356 2938 durante,
1418 2876 1567 2927 addit
1615 2873 1975 2946 Pachymeres
2016 2893 2138 2932 mox

569 2989 624 3042 β.
655 2970 781 3036 576,
811 2969 1401 3025 Andronicnmdiehus
1441 2966 1822 3042 Tyropbagiaz,
1875 2971 1968 3042 qui
2014 2987 2140 3040 pro.

568 3065 711 3121 xime
743 3063 1237 3134 quadragenarium
1264 3058 1530 3130 jejunium
1563 3068 1896 3131 pracedunt,
1937 3063 2140 3118 adiisse

2238 561 2761 631 tentatam;quihns
2829 561 3171 631 absumptum
3212 562 3407 617 Maium
3461 578 3696 617 mensem
3749 576 3803 618 et

2236 649 2458 708 Junium
2502 668 2606 710 non
2654 665 2856 710 temere
2884 657 3121 722 prudens
3168 656 3472 710 mstitnator
3525 671 3594 711 ex
3633 653 3806 712 histo-

2239 747 2338 801 rici
2371 746 2550 802 verbis
2585 750 2974 814 autumaverit,
3007 751 3178 805 donec
3225 749 3411 805 mense
3458 748 3623 816 Julio,
3670 750 3803 804 nihil

2235 839 2305 893 ab
2368 840 2436 894 iis
2511 841 2613 895 sibi
2676 845 3003 907 speran-lum
3065 842 3409 898 Andronicus
3471 843 3664 899 videns
3738 844 3805 899 ad

2237 930 2634 1000 exemptionem
2663 934 2904 1002 scrupuli
2937 949 3096 1002 quem
3145 934 3261 1001 ejus
3307 937 3490 989 animo
3541 936 3804 1003 injeceral

2236 1022 2682 1079 molestissimum
2707 1027 2982 1096 inopinata
3009 1026 3095 1082 illa
3114 1024 3342 1082 Joannis
3404 1028 3616 1083 Cosmas
3656 1044 3806 1083 COIII-

2240 1115 2468 1169 minatio
2501 1117 3104 1183 excommunicationis,
3137 1134 3197 1174 se
3247 1130 3462 1176 vertere
3504 1121 3717 1185 statuit,
3757 1131 3809 1172 et

2237 1207 2398 1279 longo
2429 1217 2674 1279 tempore
2704 1225 2800 1280 per
2833 1210 3030 1266 missos
3049 1209 3231 1268 varios
3249 1212 3514 1277 eblandiri
3539 1230 3566 1264 a
3598 1210 3808 1266 Joanne

2240 1297 2358 1366 ipso
2387 1303 2619 1354 conatus
2637 1309 2721 1354 est
2773 1303 3172 1357 revocationem
3206 1304 3570 1358 anathematis
3621 1305 3762 1358 illius
3795 1324 3810 1370 ;

2239 1389 2394 1458 cujus
2429 1389 2640 1444 tandem
2688 1391 2801 1446 voti.
2829 1407 3048 1460 compos
3094 1394 3175 1449 est
3236 1393 3431 1456 factus.
3483 1394 3534 1448 in
3571 1403 3811 1461 optatam

2239 1481 2340 1551 ipsi
2382 1484 2708 1538 sententiam
2741 1483 2829 1557 1P.
2851 1483 2978 1557 572]
3021 1485 3166 1541 edita
3201 1488 3567 1543 declaratione
3619 1488 3811 1542 remis-

2238 1572 2408 1626 sionis
2445 1573 2514 1628 ab
2544 1574 2734 1630 eodem
2793 1575 3095 1643 impetratae
3135 1575 3348 1634 Joanne
3385 1577 3616 1644 Cosma;
3649 1593 3812 1648 quam

2239 1667 2564 1735 scripturam
2610 1667 2910 1736 imperator
2933 1670 3141 1738 accepit
3171 1670 3321 1725 'feria
3376 1669 3466 1725 illa
3494 1679 3650 1726 sexta
3714 1685 3810 1727 ea-

2239 1763 2471 1829 demque
2506 1761 2594 1815 die
2638 1761 2897 1817 vicesima
2929 1764 3107 1833 prima
3161 1765 3368 1821 mensis
3413 1763 3666 1836 Augusti,
3723 1782 3818 1822 su—

2243 1872 2336 1926 pra
2386 1868 2681 1911 memorata
2714 1855 3128 1926 saepius.'Unde
3149 1859 3329 1914 triduo
3357 1869 3505 1927 post,
3548 1859 3641 1915 die
3664 1873 3817 1913 men-

2241 1949 2317 2003 sis
2347 1948 2588 2017 ejusdem
2626 1951 2882 2005 vicesima
2941 1951 3098 2005 tertia
3143 1951 3501 2007 Athanasium
3553 1952 3608 2006 in
3643 1952 3816 2028 sedis

2240 2042 2622 2110 patriarchalis
2657 2043 2903 2096 iteratam
2935 2045 3334 2109 possessionem
3389 2045 3694 2116 imperator
3729 2046 3814 2098 in-

2241 2135 2412 2190 duxit.
2452 2135 2527 2189 En
2564 2147 2615 2189 ut
2649 2138 2925 2191 successio
2976 2147 3030 2192 et
3056 2145 3348 2195 contextus
3379 2147 3626 2195 actorum
3669 2138 3815 2194 illius

2242 2229 2370 2282 anui
2396 2229 2644 2284 eumdem
2671 2244 2771 2286 nos
2796 2231 2848 2284 in
2876 2230 3052 2296 locum
3085 2231 3414 2300 pedetentim
3445 2232 3615 2298 ducit,
3645 2247 3812 2301 quem

2243 2323 2432 2392 procul
2463 2325 2622 2394 quasi
2648 2324 3062 2394 signaveramus
3121 2325 3326 2381 indicio
3378 2326 3488 2381 alte
3528 2341 3588 2381 se
3629 2335 3818 2382 osten-

2245 2417 2410 2473 tantis
2460 2416 2799 2474 cbaracteris
2845 2418 3244 2489 ehronologici,’
3295 2419 3399 2474 hoc
3451 2427 3537 2474 est
3585 2419 3818 2485 conjun-

2243 2510 2441 2564 ctionis
2476 2506 2627 2565 feriae
2661 2521 2834 2563 sextae
2874 2525 2995 2565 cum
3024 2511 3110 2566 die
3152 2510 3381 2582 Augusti
3405 2510 3467 2565 2i
3495 2528 3510 2574 ;
3538 2525 3662 2581 quae
3689 2527 3814 2564 con-

2237 2597 2450 2669 junctio
2478 2612 2599 2653 eum
2627 2612 2827 2653 annum
2853 2600 3034 2670 exigat
3074 2598 3228 2669 cyclu
3290 2599 3422 2653 stilis
3452 2598 3523 2652 25
3582 2597 3818 2669 insigni-

2245 2701 2382 2757 tum,
2417 2690 2596 2761 qualis
2628 2692 2808 2746 nttllus
2840 2692 2941 2746 isto
2976 2703 3279 2760 temporum
3333 2700 3510 2745 tracnt
3552 2691 3696 2745 alius
3732 2705 3764 2746 e
3799 2700 3818 2742 t

2242 2785 2310 2840 ab
2347 2799 2489 2840 anno
2543 2784 2655 2854 qui
2687 2786 2739 2838 in
2776 2799 2887 2837 utra
2936 2781 3253 2839 Christiana
3296 2794 3614 2838 numeratur
3650 2798 3817 2851 quar-

2246 2889 2334 2932 tus
2363 2892 2522 2946 supra
2559 2876 3005 2932 trecentesimum
3040 2886 3096 2930 et
3125 2875 3493 2939 millesimmn,
3531 2885 3703 2930 restat
3726 2877 3818 2928 de-

2245 2980 2603 3026 monstratum
2661 2985 2806 3023 anno
2857 2968 3057 3023 Christi
3100 2967 3259 3034 i304,
3309 2968 3396 3021 die
3438 2966 3509 3022 25
3557 2968 3815 3039 AuguSti,

2243 3063 2473 3119 desiisse
2525 3061 2960 3132 patriarchatum
3013 3059 3244 3116 Joannis
3283 3060 3515 3126 Cosme,
3568 3063 3820 3116 Athana-

565 3157 828 3222 Joannem
879 3154 1153 3221 Casinam.
1203 3149 1329 3205 Fuit
1398 3151 1490 3208 illo
1561 3167 1704 3209 anno
1760 3151 1894 3208 feria
1947 3163 2208 3233 quartac
2243 3155 2382 3210 sium
2436 3163 2615 3211 autem
2654 3154 3270 3224 Constantinopolitana:
3320 3153 3576 3210 Ecclesiae
3629 3155 3822 3225 pra-si-

566 3250 825 3304 Cinerum
865 3247 978 3302 dies
1011 3244 1290 3301 undecima
1319 3241 1642 3310 Februarii;
1682 3245 1821 3300 unde
1873 3245 1962 3300 illa
2007 3261 2135 3317 pro-

567 3341 732 3397 fectio
758 3340 1106 3409 imperatoris
1136 3340 1203 3391 ad
1238 3334 1504 3392 Joannem
1536 3337 1721 3406 aliquo
1752 3346 1955 3408 septeni
2015 3339 2138 3395 die-

557 3450 687 3489 rum
713 3433 1052 3490 ntidecimam
1100 3428 1383 3486 Februarii
1411 3430 1552 3485 diem
1581 3431 1802 3500 ἀμέσως
1827 3431 2153 3500 praeceden-.

569 3528 704 3580 tium
740 3524 1036 3593 contigisse
1088 3523 1296 3579 debuit.
1358 3523 1554 3578 Narrat
1617 3533 1803 3593 postea
1847 3523 2140 3580 historicus

570 3620 878 3692 perculsum
909 3617 1280 3673 Andronicum
1309 3618 1877 3673 excommunicatione
1907 3633 1934 3671 a
1969 3617 2138 3675 Joan-

571 3733 660 3780 ne,
685 3721 969 3786 postquam
1000 3711 1150 3765 illum
1184 3713 1300 3780 ipse
1327 3725 1512 3765 rerum
1542 3711 1723 3767 adhuc
1768 3711 2137 3781 patriarcham

571 3815 889 3880 agnoverat,
909 3805 961 3858 itt
983 3819 1076 3859 eos
1097 3804 1363 3858 intentata
1386 3803 1475 3872 qui
1500 3805 1858 3859 Athanasium
1881 3819 2142 3877 reponere

569 3903 624 3956 in
665 3901 793 3971 sede
815 3898 1157 3969 molirentur,
1191 3899 1423 3950 multum
1454 3895 1733 3951 remisisse
1776 3899 1840 3952 de
1873 3899 2051 3954 studio
2087 3901 2138 3954 in

564 4010 687 4050 eam
724 3991 1118 4049 restitutionem
1165 4005 1284 4052 suo.
1334 3987 1657 4056 Supervenit
1710 3987 1796 4044 his
1828 3991 2047 4046 morbus
2089 4000 2140 4046 et

571 4103 719 4140 mors
747 4085 1047 4138 Theodorm
1081 4082 1337 4152 AuguSla:
1391 4080 1578 4135 matris
1609 4079 1929 4145 Andronici,
1981 4084 2142 4138 rebus

569 4178 828 4234 humanis
867 4174 1030 4246 790
1076 4173 1371 4229 subtracta:
1419 4170 1553 4228 feria
1607 4177 1841 4231 secunda
1895 4177 2144 4231 secundae

561 4271 896 4343 ieiuniorum
931 4268 1307 4328 hebdomadze,
1337 4265 1443 4321 hoc
1473 4277 1557 4321 est
1585 4267 1674 4321 die
1725 4267 2002 4322 Februar.“
2055 4269 2144 4324 (ιθ,

563 4364 706 4417 cima
737 4363 910 4424 sexta,
944 4367 999 4412 ut
1053 4373 1106 4427 p.
1139 4355 1244 4410 577
1283 4356 1548 4423 refertur;
1574 4359 2146 4429 significaturqueibi-

568 4461 689 4526 deni
712 4466 874 4507 curas
909 4452 1187 4504 universas
1218 4449 1559 4519 imperatoris
1586 4452 1650 4502 ad
1681 4451 1997 4514 curandam,
2017 4451 2140 4504 dmn

2240 3250 2366 3304 dere
2397 3249 2594 3302 lterum
2621 3248 2882 3317 coepisse.
2919 3247 3074 3304 Unde
3125 3249 3488 3316 consequitur
3547 3247 3816 3303 Joannem

2238 3341 2492 3396 Cosmam
2522 3354 2551 3392 a
2578 3339 2842 3394 Kalendis
2896 3338 3176 3394 Januariis
3219 3341 3347 3392 anni
3387 3339 3590 3394 Christi
3655 3341 3814 3406 1294,

2239 3428 2304 3481 ad
2329 3427 2471 3481 diem
2495 3426 2566 3481 25
2593 3427 2818 3497 Augusti
2843 3428 2967 3482 anni
2998 3427 3199 3483 Christi
3222 3428 3382 3490 13M.
3401 3429 3561 3484 annis
3593 3447 3813 3495 novem,

2239 3531 2449 3588 septem
2488 3520 2766 3575 mensibus
2787 3531 2840 3576 et
2885 3519 2956 3574 22
3003 3532 3268 3591 praeterea
3322 3521 3536 3590 diebus,
3581 3525 3816 3592 patriar-

2242 3613 2462 3666 chatum
2496 3614 2757 3668 tenuisse.

2285 3703 2427 3763 .Vll.
2464 3704 2650 3760 Restat
2679 3707 2767 3761 hic
2793 3705 3135 3762 definiendus
3167 3723 3346 3763 annus
3368 3707 3543 3763 eventi
3597 3710 3814 3764 notabi-

2243 3799 2312 3853 lis
2345 3814 2373 3852 a
2403 3810 2592 3853 nostro
2633 3800 2893 3854 historico
2921 3801 3074 3854 relati
3106 3800 3140 3854 l.
3174 3815 3256 3864 ιιι,
3284 3815 3333 3856 c.
3375 3801 3468 3864 25,
3505 3803 3650 3868 quod
3697 3803 3814 3857 sine

2243 3892 2406 3946 dubio
2432 3892 2500 3947 ad
2533 3893 2962 3962 patriarcbatum
2991 3894 3218 3948 Joannis
3255 3893 3460 3948 Cosme:
3512 3893 3602 3949 hic
3633 3910 3662 3947 a
3691 3893 3696 3896 ”
3724 3909 3816 3948 no-

2245 3985 2325 4039 bis
2362 3985 2744 4056 chronologica
2765 3988 2976 4040 ratione
3006 3986 3286 4040 definitum
3321 3988 3577 4054 pertinet.
3623 3984 3812 4043 Refert

2245 4070 2363 4128 loco
2412 4072 2630 4128 laudato
2684 4073 3048 4145 Pachymeres
3113 4090 3307 4142 pueros
3341 4077 3629 4147 quosdam,
3687 4079 3812 4134 dum

2245 4179 2436 4219 mense
2467 4164 2774 4235 Septembri
2809 4167 2964 4222 nidos
3007 4166 3378 4221 columbarum
3440 4172 3492 4223 in
3556 4171 3814 4228 catechu-

2246 4261 2450 4312 tneneis
2471 4271 2868 4323 scrutarentur,
2920 4267 3088 4314 testas
3148 4259 3304 4331 791
3365 4265 3631 4331 reperisse
3671 4265 3811 4320 intra

2245 4366 2378 4420 quas
2435 4351 2770 4406 Athanasius
2829 4353 3165 4422 patriarchio
3236 4370 3562 4411 excessurus
3611 4361 3809 4427 scripta

2248 4445 2493 4512 quadam
2532 4446 2848 4510 incluserat,
2889 4455 3052 4516 prout
3106 4448 3244 4500 idem
3279 4459 3622 4515 narraverat,
3661 4466 3715 4508 c.
3742 4449 3812 4504 ίὶῖ

567 4521 1257 4617 :egrhtavitmtpostquam
1308 4538 1423 4595 fato
1483 4539 1666 4595 functa
1708 4548 1811 4604 est,
1859 4542 2141 4610 magniﬁco
2173 4520 2221 4578 D
2252 4537 2484 4604 (193,1.
2519 4553 2580 4592 tt.
2636 4537 2828 4594 liissic
2873 4541 3102 4607 prolatis
3139 4540 3348 4596 chartis
3403 4544 3676 4598 turbatum
3727 4558 3809 4598 ve-

566 4657 632 4694 ac
663 4640 808 4708 regio
839 4636 1026 4690 funere
1067 4633 1449 4690 honorandam
1499 4641 1725 4687 matrem
1761 4648 1885 4688 esse
1917 4650 2140 4688 conver-

568 4749 676 4787 sas.
719 4731 848 4785 Post
880 4729 1176 4785 Paschales
1219 4744 1322 4783 non
1352 4743 1549 4800 magno
1578 4726 1705 4783 inde
1739 4727 2025 4781 intervano
2058 4743 2141 4781 sr-

569 4839 723 4880 rmas
756 4825 923 4878 ferias
952 4823 1070 4876 alia:
1105 4831 1359 4891 urgentes
1394 4821 1816 4876 domesticorum
1849 4821 2138 4890 affectuum

568 4919 963 4976 sollicitudines
1012 4914 1304 4968 Andronici
1362 4917 1601 4968 animum
1641 4931 1668 4967 a
1726 4914 2012 4986 cogitando
2077 4915 2143 4969 do

569 5011 872 5068 Athanasio
927 5018 1263 5071 averterunt,
1312 5022 1442 5060 cura
1504 5007 1756 5059 nimirum
1816 5007 2142 5061 adornanda!

569 5104 922 5177 profectionis
977 5101 1159 5154 lrenes
1219 5115 1329 5154 suae
1389 5099 1633 5169 conjugis
1697 5098 2139 5152 Thessalonicam

568 5198 956 5269 cogitantis,ct
985 5195 1298 5263 nuptiarum
1327 5191 1554 5244 Joannis
1605 5195 1842 5260 despotze
1897 5193 1979 5244 sui
2045 5194 2139 5244 lilii

570 5309 690 5346 cum
728 5291 834 5344 lilia
887 5287 1123 5344 Chnmni
1153 5286 1233 5339 sui
1269 5286 1508 5353 primarii
1575 5285 1806 5339 ministri
1861 5285 2143 5339 celebran-

569 5386 798 5447 derum;
836 5396 956 5450 quae
986 5379 1164 5446 capite
1206 5377 1398 5445 quinto
1449 5385 1840 5438 memorantur,
1896 5387 1948 5429 et
1986 5375 2145 5428 facili:

574 5479 687 5531 dies
720 5491 749 5528 a
800 5471 1008 5527 Pascha
1045 5471 1355 5541 quindecim
1407 5470 1761 5539 expleverint.
1806 5468 1999 5521 Incidit
2045 5485 2142 5520 auo

572 5583 677 5625 tem
723 5568 813 5621 illo
849 5583 991 5621 anno
1039 5567 1239 5620 l'ascha
1292 5565 1342 5617 in
1388 5563 1528 5617 diem
1567 5562 1634 5617 29
1698 5563 1894 5616 Martii.
1951 5561 2142 5616 Adnito

569 5660 866 5732 igitnrjam
922 5659 1105 5727 Aprile
1159 5667 1490 5725 resumptum
1552 5655 1805 5709 Ecclesiae
1866 5655 2140 5723 negotium

571 5766 683 5816 est;
717 5764 771 5807 et
804 5753 970 5817 longa»,
1006 5753 1107 5802 ille
1142 5768 1187 5804 r.
1237 5751 1268 5804 6
1301 5749 1551 5803 iudicatae
1592 5747 1801 5802 institui
1827 5747 1894 5800 ab
1933 5747 2143 5813 episco-

571 5845 655 5914 pis
685 5843 1096 5899 deliberationes
1125 5854 1313 5912 coaptat
1353 5843 1496 5898 circa
1526 5839 2136 5896 exconnnunicationem

2245 4631 2527 4685 hemenler
2575 4632 2941 4687 Andronicum
2973 4631 3143 4688 fuisse
3181 4645 3396 4703 propter
3455 4646 3812 4692 memoratum

2247 4725 2355 4778 illic
2391 4726 2679 4779 anathema
2706 4723 2773 4778 ab
2795 4714 3096 4782 Athanasio
3140 4730 3397 4782 intortum
3429 4731 3481 4784 in
3515 4734 3812 4784 advel-sano

2248 4828 2327 4871 tes
2364 4818 2484 4870 sibi.
2529 4819 2715 4883 linque
2774 4818 3037 4887 alleg-isse
3070 4831 3246 4875 certos
3275 4821 3524 4876 homines
3559 4823 3623 4877 ad
3644 4825 3812 4877 Allia-

2245 4906 2458 4958 nasium
2492 4906 2747 4978 privatim
2783 4908 2836 4960 in
2869 4910 3201 4964 monasterio
3235 4913 3540 4982 degentem,
3597 4914 3687 4979 qui
3750 4929 3810 4966 es

2245 5013 2310 5050 eo
2339 4999 2602 5052 rescirent
2629 5013 2698 5051 an
2731 5009 2783 5052 et
2833 5016 2941 5068 quo
2966 5001 3150 5056 animo
3176 5001 3276 5056 ista
3337 5003 3666 5072 scripsisset.
3721 5003 3810 5058 llis

2246 5109 2364 5146 cum
2393 5091 2685 5146 tradidisse
2727 5093 3014 5162 scriptum,
3068 5110 3172 5164 quo
3222 5096 3600 5165 imperatorem
3661 5099 3806 5154 cunni

2246 5188 2473 5240 exsolvit
2537 5189 2811 5257 scrupulo.
2879 5187 3151 5258 Scriptum
3214 5199 3391 5244 autem
3443 5191 3582 5244 istud
3647 5191 3810 5246 fuisse

2245 5283 2623 5351 eousiguatum
2686 5294 2810 5336 nota
2880 5285 3146 5352 temporis
3209 5283 3314 5349 ait,
3357 5284 3559 5339 mensis
3608 5289 3800 5353 Aprilis.

2246 5384 2298 5428 cl
2368 5374 2684 5430 indictionis
2736 5376 2795 5430 ll
2859 5377 3116 5447 (p.256).
3179 5375 3346 5446 Igitur
3409 5377 3460 5432 id
3526 5379 3807 5447 contigerit

2247 5485 2389 5520 anno
2421 5467 2623 5522 Christi
2667 5468 2822 5532 1298,
2881 5485 2985 5540 quo
3028 5471 3392 5524 certissimum
3449 5483 3530 5523 est
3559 5471 3802 5526 indictio-

2246 5574 2367 5613 nein
2401 5558 2460 5611 ll
2501 5557 2669 5612 fuisse
2690 5569 3028 5614 numeratam
3063 5561 3273 5616 Graecis
3300 5577 3328 5613 a
3361 5561 3663 5630 Srptembri
3685 5559 3801 5613 anni

2246 5652 2622 5720 praecedentis,
2683 5653 2888 5708 Latinis
2939 5670 2965 5708 θ
3001 5655 3265 5708 Kalendis
3315 5653 3606 5709 Januariis.
3678 5654 3801 5708 illud

2247 5744 2337 5797 hic.
2381 5746 2622 5798 occurrit
2649 5745 3077 5811 incommodum,
3106 5747 3250 5815 quod
3286 5745 3479 5801 litterae
3511 5747 3802 5801 istteAtha-

2249 5839 2388 5895 nasii
2437 5838 2826 5895 derlaratrices
2909 5840 3105 5897 mentis
3183 5841 3301 5910 ejus
3366 5856 3553 5895 mense
3602 5842 3802 5896 domum
