4058 6298
538 428 646 492 855
924 442 929 449 '
1431 436 1495 502 P.
1542 437 1845 502 POSSINI
1884 437 2113 500 OBSEF

2215 437 2545 503 tTIONUM
2580 441 2725 505 ιλιι.
2766 439 2888 503 III.
3670 422 3789 491 855

529 550 736 605 diserte
795 550 1064 622 siquidem
1123 562 1411 612 attestatur
1457 557 1825 630 Pachymeres
1871 574 1928 632 ρ.
1979 557 2111 623 595,
2140 563 2183 619 Α
2216 568 2378 628 strat,
2414 562 2543 618 dum
2565 559 2822 616 continue
2848 552 3157 629 subiungit,
3185 546 3553 608 Andronicum
3576 545 3797 616 experi-

524 644 771 699 insocuto
814 660 937 700 mox
988 646 1321 719 Septembri,
1364 659 1489 721 post
1518 665 1759 707 mensem
1807 652 2107 722 Augustum
2216 656 2411 715 mentis
2447 653 2790 710 evidentibus
2861 663 3201 720 persuasum,
3264 645 3409 700 vinci
3463 657 3570 697 non
3628 653 3794 711 pisse

526 737 685 802 cujus
743 738 829 793 die
877 748 1072 796 octavo
1135 750 1293 798 terrae
1346 752 1524 799 motus
1570 743 1773 814 incepit
1827 760 1938 816 quo
1984 747 2115 801 sub-
2213 745 2387 806 Marte
2419 758 2607 817 aperto
2633 761 2857 804 suorum
2888 744 3058 799 armis
3086 740 3393 802 Catelauos,
3430 736 3571 793 alias
3595 745 3791 789 eorum

526 845 687 885 versa
726 842 807 886 est
839 832 1086 900 Rhodus,
1112 835 1384 903 appulisse
1410 835 1765 893 Rontzerinm
1791 836 2110 893 Constami~
2142 894 2145 897 ,
2211 824 2665 895 debilitandorum
2705 847 2801 893 aut
2841 834 3250 891 allieiendorum
3298 833 3365 886 ad
3398 828 3795 885 conventionea

526 924 763 992 Wpttlim
810 942 929 980 cum
970 938 1141 984 casse
1175 930 1450 995 auxiliari,
1505 929 1804 986 indictione
1850 932 2109 987 secunda.

526 1014 699 1067 Verba
733 1016 849 1085 cjns
873 1029 999 1072 sunt
1037 1034 1052 1072 :
1095 1020 1250 1074 Κατά
1280 1021 1372 1073 τὸν
1406 1021 1507 1075 ἐπὶ
1548 1019 1727 1093 τούτῳ
1755 1018 2091 1093 Γαμηλιῶνα

524 1107 790 1175 δευτέρας
844 1112 1231 1183 ὲπινεμήσεως
1264 1111 1409 1168 εἶδεν
1466 1117 1496 1185 ἡ
1551 1115 1973 1169 κωνσταντίνου
2014 1115 2111 1169 καὶ

524 1200 619 1252 τὸν
677 1204 904 1257 Λατῖνον
946 1204 1303 1277 Ῥοντζέριον.
1352 1208 1659 1275 Gamelion,
1722 1210 1824 1264 hoc
1866 1220 1971 1275 cst,
2006 1225 2110 1265 usu

528 1307 790 1363 perpetuo
838 1295 1223 1367 Pachymeris,
1258 1300 1603 1370 beptember,
1663 1300 1975 1358 indictiouis
2027 1317 2116 1359 se-

527 1387 737 1448 cunlze,
772 1399 853 1441 est
901 1390 1018 1443 sine
1072 1392 1179 1445 ullo
1212 1393 1375 1447 dubio
1409 1393 1732 1461 September
1759 1410 1789 1448 a
1822 1410 1928 1465 quo
1965 1395 2115 1450 ince-

530 1477 606 1544 pit
641 1495 788 1534 more
840 1479 1153 1537 Grmcorum
1215 1488 1489 1540 numerari
1565 1485 1790 1541 indictio
1850 1490 2108 1544 secunda.

530 1572 863 1631 lndictiones
914 1591 1115 1641 autem,
1178 1595 1314 1648 quas
1347 1581 1528 1636 Latini
1564 1598 1592 1635 a
1622 1582 1885 1639 Kalendis
1910 1582 2114 1639 Janua-

530 1666 629 1720 riis
662 1682 948 1724 numerare
1000 1672 1313 1740 incipiamus,
1363 1674 1539 1729 Graeci
1590 1691 1804 1746 semper
1849 1691 1879 1731 a
1914 1685 2112 1747 quarto

529 1768 677 1812 retro
710 1776 894 1816 mense
926 1763 1210 1828 inchoent,
1242 1768 1382 1821 unde
1418 1777 1468 1821 et
1510 1767 1726 1823 initium
1762 1771 1967 1824 ducunt
2015 1784 2114 1823 au-

530 1864 717 1902 norum
751 1867 871 1906 nam:
903 1870 1013 1908 sua:
1065 1874 1093 1909 ιλ
1134 1859 1317 1911 mundi
1350 1860 1615 1931 principio
1653 1862 1809 1931 juxta
1872 1861 2108 1919 calculos

530 1943 796 2007 ipsorum.
835 1944 988 2002 Unde.
1017 1964 1135 2003 cum
1168 1952 1465 2008 viderimus
1495 1957 1773 2025 superius.
1816 1974 1871 2011 η.
1904 1956 1959 2022 5,
1984 1955 2105 2012 Fri-
2135 1923 2183 1984 Β

530 2034 772 2088 dericum
828 2036 1043 2093 litteras
1070 2042 1341 2112 publicas,
1370 2047 1568 2116 quibus
1600 2063 1791 2116 pacem
1832 2064 1860 2101 a
1895 2063 1956 2104 se
1984 2064 2103 2103 cum

528 2126 724 2183 Carolo
789 2146 910 2202 rege
960 2131 1214 2201 Neapolis
1271 2137 1460 2193 initam
1489 2139 1871 2210 promulgavit,
1928 2140 2112 2196 consi-

528 2233 726 2286 gnasse
774 2239 915 2279 anno
948 2224 1150 2282 Christi
1201 2230 1361 2294 1302,
1420 2231 1505 2287 die
1560 2232 1625 2290 t9
1677 2234 1933 2303 Augusti,
1964 2236 2108 2292 indi-

528 2310 711 2364 ctione
757 2313 844 2379 15,
888 2314 1193 2389 intelligere
1217 2320 1476 2377 debemus
1507 2322 1673 2380 fuisse
1722 2324 1868 2379 illum
1904 2342 2105 2383 annum

528 2402 780 2461 ultimum
807 2410 941 2480 cycii
964 2410 1276 2468 indictionis
1306 2414 1723 2485 complectentis
1753 2433 1924 2476 annos
1948 2420 2108 2490 qutu-

529 2495 727 2563 decim,
763 2500 833 2554 ita
865 2503 1252 2574 utSeptembri
1284 2514 1403 2576 post
1452 2507 1603 2562 illum
1630 2509 1934 2578 Augustum
1983 2528 2105 2569 mox

529 2605 719 2647 secuto
756 2589 925 2648 Graeci
958 2611 1246 2653 numerare
1281 2600 1508 2669 primam
1547 2602 1900 2659 indictionem
1928 2620 2110 2675 caepe-

529 2686 663 2749 rint,
714 2684 890 2739 Latini
939 2703 1066 2744 vero
1119 2690 1172 2745 id
1226 2690 1407 2750 facere
1452 2693 1762 2749 distulerint
1823 2712 1997 2765 usque
2040 2698 2108 2754 ad

530 2778 767 2847 primum
806 2780 944 2834 diem
979 2782 1221 2838 Januarii
1258 2789 1561 2853 sequentis,
1604 2781 1712 2860 quo
1758 2786 1960 2845 Christi
2013 2806 2109 2847 an-

531 2886 636 2926 uus
664 2872 805 2927 {505
836 2875 1043 2929 calculo
1094 2876 1330 2945 ipsorum
1364 2888 1447 2933 est
1488 2879 1676 2935 initus.
1706 2878 1916 2937 Rursus
1947 2883 2110 2955 hujus

533 2962 660 3015 anni
686 2960 891 3033 Christi
918 2963 1056 3031 1505
1078 2979 1264 3018 mense
1289 2966 1592 3033 Septembri
1611 2966 1782 3022 Graeci
1809 2969 2108 3025 secundant

534 3049 885 3125 indictioncm
914 3066 1295 3121 numerarunt,
1316 3058 1441 3112 dum
1464 3056 1672 3113 Latinis
1692 3058 1913 3117 indictio
1933 3061 2109 3117 adhuc

535 3147 709 3213 prima
745 3163 838 3215 per
868 3148 1099 3217 spatium
1124 3149 1520 3219 qtmdrimestre
1545 3161 1813 3209 curreret.
1837 3152 1946 3207 Nec
1972 3152 2109 3209 alius

2211 933 2362 999 pacis
2406 932 2650 987 rationes
2696 931 2909 985 iniisse.
2961 927 3156 983 Clades
3197 926 3383 996 igitur,
3422 933 3649 992 quarum
3686 915 3797 969 Pa-

2209 1024 2498 1095 cltymeres
2528 1025 2616 1079 hic
2637 1024 2886 1079 meminit.
2912 1020 3178 1077 Romanis
3201 1017 3469 1073 militibus
3487 1012 3789 1071 exercitus,

2212 1116 2301 1171 cui
2361 1116 2591 1173 Michael
2622 1115 2817 1173 iunior
2867 1116 3147 1183 Augustus
3203 1113 3257 1168 in
3307 1110 3549 1169 Occiduo
3607 1115 3790 1161 tractu

2210 1218 2463 1279 prteerat,
2506 1226 2537 1265 a
2571 1209 2849 1267 Catelanis
2907 1209 3206 1273 illatarum,
3263 1219 3369 1258 non
3402 1202 3524 1257 alia:
3582 1200 3795 1261 iuerint

2210 1319 2376 1373 quam
2438 1320 2574 1374 quas
2620 1305 2760 1358 idem
2794 1301 2978 1357 retulit
3027 1301 3065 1355 ι.
3093 1317 3163 1363 vt,
3202 1313 3253 1354 c.
3280 1296 3371 1360 50,
3404 1304 3457 1350 et
3497 1293 3619 1349 libri
3640 1293 3795 1360 ejus-

2212 1396 2331 1450 dem
2391 1412 2443 1454 c.
2500 1396 2590 1458 52,
2629 1409 2861 1465 quorum
2923 1395 2975 1448 in
3010 1393 3173 1463 priori
3227 1396 3411 1445 narrat
3437 1398 3789 1459 progressum

2211 1498 2401 1544 contra
2434 1489 2727 1545 Catelanos
2781 1487 3062 1556 aliquanto
3113 1494 3233 1550 post
3283 1496 3471 1537 necem
3504 1476 3791 1532 Rontzorii

2210 1582 2464 1646 Caesaris,
2527 1580 2876 1649 Adrianopoli
2927 1577 3279 1649 Pamphylum
3326 1589 3515 1646 usque,
3548 1573 3793 1627 Mishacc

2215 1675 2321 1730 lem
2356 1672 2997 1745 AugustumJuniorem,
3028 1687 3149 1727 cum
3200 1679 3311 1725 toto
3344 1670 3589 1724 Romano
3629 1679 3793 1720 exer-

2212 1767 2349 1831 citu,
2374 1776 2581 1837 partem
2616 1768 2777 1837 hujus
2816 1766 2919 1821 sub
2955 1768 3131 1821 tribus
3160 1765 3411 1827 ducibus,
3442 1761 3609 1824 Duca,
3652 1760 3794 1815 Um-

2212 1859 2501 1930 pertopulo
2529 1870 2585 1915 et
2647 1859 2877 1927 Bessila,
2932 1868 3121 1915 contra
3174 1855 3510 1923 Calliopolim
3546 1852 3792 1915 misisse.

2212 1953 2301 2008 ubi
2335 1951 2579 2008 Catelaui
2625 1961 2681 2007 et
2726 1951 3061 2021 Amogabari
3086 1964 3216 2006 suas
3247 1948 3435 2020 copias
3462 1944 3739 2002 habebant
3773 1960 3790 1999 :

2210 2046 2304 2101 sed
2338 2046 2393 2101 hi
2437 2044 2647 2115 objecta
2684 2045 2946 2099 Romanis
2976 2054 3351 2101 armentorum
3408 2041 3609 2112 praeda,
3665 2052 3791 2099 cum

2210 2142 2293 2198 sic
2320 2156 2507 2196 eorum
2560 2141 2784 2197 ordines
2832 2139 3156 2203 solvissent,
3191 2138 3439 2193 immisso
3474 2136 3529 2189 in
3580 2133 3796 2188 discur-

2208 2244 2392 2290 santes
2422 2232 2729 2288 inordinate
2775 2233 3018 2301 equitatu
3072 2230 3335 2286 fuderunt
3364 2243 3459 2284 eos
3502 2224 3800 2296 fugarunt:-

2210 2342 2337 2394 que,
2372 2326 2626 2381 ducentis
2675 2323 3004 2391 interfectis,
3040 2324 3337 2379 vulneratis
3372 2321 3502 2391 ipsis
3535 2317 3793 2374 ducibus.

2210 2415 2507 2471 Posteriori
2562 2428 2744 2471 autem
2806 2415 2945 2482 loco,
2982 2429 3176 2484 nempe
3226 2412 3264 2467 Ι.
3294 2428 3372 2477 vt,
3425 2425 3478 2466 c.
3518 2408 3612 2474 52,
3646 2407 3793 2461 idem

2208 2507 2502 2563 historicus
2534 2506 2653 2561 fuse
2683 2506 2945 2563 describit
2992 2504 3348 2563 commissum
3408 2510 3597 2575 postea
3628 2515 3662 2555 ει
3692 2497 3799 2554 Μία

2207 2599 2400 2656 chaele
2436 2602 2702 2672 Angusto,
2728 2600 2951 2671 digestis
2980 2598 3037 2653 in
3069 2599 3246 2656 aciem
3275 2597 3551 2653 universis
3594 2594 3798 2650 Roma-

2210 2694 2296 2748 nis
2320 2693 2523 2764 copiis.
2544 2696 2808 2748 adversus
2835 2692 3124 2748 Catelanos
3149 2692 3421 2761 praelium,
3445 2704 3514 2744 eo
3531 2701 3796 2745 successu

2211 2796 2269 2841 ut
2312 2786 2589 2842 Romanus
2637 2786 2857 2856 quidem
2893 2785 3169 2840 exercitus
3217 2774 3461 2855 fugatus,
3509 2782 3628 2852 ipse
3664 2793 3797 2835 vero

2210 2877 2438 2935 Michael
2466 2877 2684 2934 fortiter
2710 2893 2962 2951 pugnans
2989 2877 3329 2946 periclitatus
3352 2877 3422 2932 de
3465 2876 3579 2930 vita
3608 2870 3796 2939 fuerit,

2209 2982 2265 3027 et
2298 2972 2389 3027 vix
2420 2971 2654 3044 denique
2688 2970 2811 3043 iuga
2845 2972 2962 3042 ipse
2994 2980 3488 3044 quoqueservatus
3514 2966 3795 3037 Pamphy-

2208 3064 2319 3120 lum
2356 3066 2589 3135 primum
2643 3080 2703 3119 se
2729 3065 3041 3135 receperit,
3087 3064 3251 3136 paulo
3301 3077 3431 3118 vero
3468 3059 3795 3131 post,juxta

2210 3174 2272 3213 ea
2305 3140 2427 3229 ειυεέ
2456 3157 2656 3220 deinde
2684 3173 2738 3218 c.
2767 3159 2821 3223 1,
2848 3157 2889 3213 ι.
2920 3173 3018 3223 vn,
3068 3166 3255 3212 noster
3283 3155 3426 3211 idem
3466 3163 3663 3209 auctor
3689 3164 3801 3207 tra-

537 3242 603 3311 ah
632 3240 733 3295 hoc
765 3241 1085 3309 September
1132 3242 1431 3298 indictione
1463 3248 1696 3299 secunda
1718 3242 1939 3301 Graecis
1970 3245 2105 3300 insi-
2134 3273 2177 3330 ο
2209 3252 2310 3315 dit,
2340 3250 2775 3322 Didymotichum
2820 3264 2880 3306 se
2914 3250 3280 3312 transtulerit,
3316 3246 3407 3317 ubi
3452 3246 3796 3301 exanimatas

538 3333 660 3401 guis
690 3334 917 3400 reperiri
952 3336 1053 3389 hoc
1086 3345 1260 3390 tractu
1297 3346 1600 3405 temporum
1629 3346 1822 3407 potest,
1856 3341 1959 3393 nisi
1986 3340 2107 3408 quis

538 3427 849 3480 retrocedat
880 3427 1035 3483 annis
1064 3429 1372 3497 quindecim
1398 3431 1463 3483 ad
1492 3445 1690 3485 annum
1722 3430 1925 3487 Christi
1950 3431 2107 3497 {288,

540 3528 631 3570 aut
658 3516 747 3588 [Ρ.
783 3516 921 3590 579]
960 3522 1341 3590 progrediatur
1370 3521 1483 3589 pari
1515 3522 1689 3591 spatio
1718 3520 2107 3592 consequentis

543 3610 802 3678 trniperis
837 3614 1007 3683 us‘que
1072 3616 1136 3667 ad
1172 3629 1371 3668 annum
1422 3629 1543 3668 tera:
1574 3614 1900 3671 Christianae
1947 3614 2108 3682 i3l8,

540 3720 770 3774 quorum
816 3706 943 3760 item
998 3722 1265 3762 annorum
1331 3706 1753 3778 799duorum
1788 3723 1970 3762 mense
2013 3707 2112 3763 Sc-

540 3798 771 3865 ptembri
807 3803 947 3870 apud
985 3799 1199 3856 Grzecos
1234 3801 1463 3873 δευτέρα
1516 3803 1849 3872 ἐπινέμησις
1872 3804 2108 3857 secunda

541 3891 761 3945 indictio
791 3894 1063 3949 numerari
1090 3903 1262 3964 empta
1298 3903 1407 3950 est.
1444 3892 1621 3960 Quam
1652 3908 1779 3950 vero
1823 3904 1908 3949 est
1936 3891 2111 3946 mani-

540 3985 745 4039 festum
780 3986 843 4037 ad
880 3995 1130 4042 neutrum
1164 3986 1379 4041 illorum
1420 4000 1683 4040 annorum
1710 3986 1989 4057 pertinere
2018 4000 2113 4054 po-

544 4082 717 4136 tuisse
748 4079 1033 4150 appnlsum
1066 4078 1445 4136 Bontzerianz
1498 4079 1689 4135 classis
1731 4077 2115 4135 Constantino.

539 4171 726 4243 polim,
753 4182 858 4225 tam
883 4183 1090 4227 certum
1119 4172 1304 4225 haberi
1333 4172 1492 4227 debet
1517 4172 1663 4226 illum
1688 4186 1808 4228 esse
1832 4172 2113 4243 assignan-

542 4269 670 4320 dum
705 4267 872 4320 mensi
910 4265 1214 4335 Septembri
1250 4265 1378 4319 anni
1410 4265 1611 4319 (Ihristi
1644 4265 1801 4321 1305.

616 4358 679 4412 V.
712 4360 779 4412 At
803 4373 930 4415 ecce
959 4362 1061 4413 hoc
1093 4371 1361 4413 assertum
1396 4364 1504 4411 tam
1537 4358 1735 4412 diserta
1758 4356 2113 4428 Pachymeris

545 4456 904 4511 allirmatione
944 4454 1295 4509 constitutum
1330 4454 1610 4509 contrario
1659 4452 1902 4523 ejusdem
1963 4456 2117 4510 testi-

547 4550 727 4604 monia
782 4548 1067 4604 evertitur.
1103 4546 1303 4601 Scrihit
1351 4548 1439 4601 ille
1496 4547 1548 4601 in
1609 4549 1754 4603 hunc
1802 4547 2018 4602 modum
2059 4565 2110 4617 p.

2220 3351 2367 3400 metu
2407 3358 2474 3399 ex
2526 3344 2773 3399 cladibus
2825 3343 3065 3412 acceptis
3097 3340 3377 3396 Romanas
3413 3339 3601 3407 copias
3650 3337 3799 3391 intra

2216 3451 2401 3492 muros
2433 3436 2657 3492 munitae
2702 3435 2846 3491 arcis
2884 3436 3167 3492 continere
3194 3434 3511 3505 cogebatur.
3540 3429 3600 3486 id
3627 3444 3800 3501 porro

2216 3531 2264 3584 si
2300 3529 2531 3599 contigit
2562 3531 2781 3600 quando
2810 3527 3163 3585 evolvebatur
3210 3536 3305 3583 aut
3334 3525 3511 3598 potius
3540 3525 3801 3579 evolutus

2212 3621 2322 3691 iam
2347 3632 2466 3677 erat
2489 3634 2667 3678 annus
2697 3620 2914 3691 imperii
2929 3619 3224 3677 Andronici
3254 3619 3549 3675 vicesimus
3575 3617 3799 3681 tertius,

2218 3714 2494 3771 Michaelis
2522 3715 2892 3778 duodecimus,
2940 3714 3181 3781 oportuit
3227 3712 3352 3767 sine
3378 3709 3545 3764 dubio
3578 3708 3800 3762 contin-

2217 3823 2345 3880 gere
2374 3822 2518 3863 anno
2559 3806 2762 3862 Christi
2796 3802 2934 3860 1506
2955 3821 2974 3859 :
3008 3812 3136 3861 tunc
3168 3803 3334 3875 800
3385 3802 3531 3856 enim
3571 3801 3795 3855 Andro-

2219 3905 2394 3966 nicus,
2432 3902 2518 3955 cui
2570 3905 2779 3971 primus
2815 3916 2844 3955 a
2901 3898 3073 3970 patris
3116 3906 3289 3953 morte
3342 3895 3554 3965 imperii
3612 3908 3799 3949 annus

2218 3993 2321 4049 fuit
2370 3992 2528 4055 1285,
2577 3993 2894 4048 vicesimum
2922 3991 3145 4047 tertium
3200 3990 3543 4062 principatus
3587 4002 3796 4042 annum

2220 4086 2526 4143 absolverat
2551 4097 2602 4141 et
2633 4086 2952 4141 vicesimum
2988 4094 3242 4155 quartum
3279 4084 3655 4145 inchoaverat,
3689 4079 3794 4146 Ili-

2219 4178 2373 4234 chael
2398 4193 2554 4243 vero,
2582 4180 2738 4248 cujus
2768 4179 2977 4246 primus
3013 4192 3189 4232 annus
3216 4174 3426 4245 imperii
3454 4189 3591 4253 cum
3619 4173 3796 4243 patria

2220 4269 2507 4325 undecimo
2538 4268 2740 4325 Christi
2772 4266 2910 4323 1295
2938 4267 3237 4328 concurrit.
3283 4266 3626 4338 principatus
3656 4265 3797 4321 duo-

2221 4364 2499 4418 decimum
2526 4378 2725 4418 annum
2775 4365 3073 4429 evolverat,
3123 4360 3391 4417 decimum
3422 4360 3641 4415 tertium
3688 4359 3797 4415 into

2223 4467 2394 4513 verat.

2291 4548 2382 4607 Vl.
2410 4551 2572 4619 Atqui
2595 4564 2720 4605 eum
2752 4550 2856 4605 hoc
2886 4550 3101 4621 quidem
3147 4558 3402 4606 constare
3431 4546 3618 4619 nequit
3644 4544 3789 4617 quod

547 4642 642 4699 561
674 4656 692 4696 :
725 4641 987 4696 Ambobus
1028 4639 1144 4710 jam
1199 4640 1620 4710 imperatoribus,
1668 4642 1864 4695 seniori
1907 4641 2115 4711 quidem
2149 4645 2192 4699 ι)
2222 4643 2590 4715 Pachymeres
2623 4659 2689 4698 ex
2714 4641 2942 4713 publica:
2977 4644 3253 4698 memoriae
3282 4641 3642 4705 conscientia,
3670 4648 3788 4693 tan-

547 4736 759 4790 tertinm
811 4746 856 4788 et
914 4734 1236 4799 vicesimum,
1275 4732 1479 4802 juniori
1533 4741 1710 4787 autent
1744 4733 2114 4788 duodecimum

548 4844 750 4882 annum
775 4826 983 4895 imperii
1016 4824 1178 4881 evolvi
1228 4825 1469 4896 contigit,
1506 4826 1741 4894 quando,
1774 4837 1879 4880 etc.
1910 4825 2114 4880 Eventu

468 4902 477 4911 ’
548 4923 699 4977 varia
753 4930 1021 4975 memorat
1055 4934 1171 4989 quae
1202 4919 1255 4973 in
1291 4920 1437 4974 illum
1486 4919 1799 4973 inciderunt
1829 4906 2117 4973 articulum

528 5014 832 5089 temporis,
863 5028 968 5082 quo
994 5010 1291 5067 Andronici
1320 5024 1495 5065 annus
1522 5010 1734 5081 imperii
1766 5009 1859 5078 23,
1882 5008 2117 5065 Blichaeo

549 5106 619 5159 iis
660 5114 839 5159 autem
889 5105 1007 5174 ejus
1042 5104 1135 5158 lilii
1170 5102 1235 5157 12
1279 5101 1480 5157 evoluti
1521 5115 1700 5169 erant,
1733 5102 1837 5157 hoc
1863 5114 1965 5166 est,
2020 5117 2119 5157 ex-

549 5198 681 5270 pleti
730 5199 1199 5261 numerabantur,
1247 5194 1599 5263 sequentibus
1647 5192 1760 5265 jam
1828 5192 2141 5249 inchoatis..

550 5290 697 5344 Inter
722 5288 824 5343 alia
861 5304 986 5343 vero
1016 5288 1171 5341 istius
1204 5286 1417 5355 generis
1458 5295 1649 5343 eventa
1689 5286 1846 5355 paulo
1877 5295 1996 5356 post
2036 5300 2122 5340 re-

552 5390 740 5436 censet
768 5380 1121 5434 inclusionem
1157 5377 1434 5433 Michaelis
1464 5379 1687 5447 Augusti
1708 5376 1948 5433 Junloris
1977 5378 2118 5433 intra

552 5473 615 5529 Di
640 5473 1009 5545 lymotichnm,
1040 5474 1297 5527 munitam
1333 5487 1535 5537 arcem,
1561 5473 1617 5527 in
1641 5486 1744 5541 qua
1780 5486 1841 5527 ac
1868 5488 2123 5529 necessa-

556 5568 635 5623 rio
658 5567 994 5634 continebat,
1036 5568 1177 5634 quod
1210 5565 1410 5619 milites
1463 5562 1720 5629 Romani,
1755 5564 1954 5635 quibus
1983 5582 2123 5637 prte-

552 5670 695 5724 erat,
719 5657 877 5713 fracti
910 5658 1103 5711 animis
1123 5658 1190 5711 ob
1226 5667 1476 5729 acceptas
1499 5657 1700 5722 clades,
1725 5656 1849 5713 inde
1872 5659 2120 5730 progredi

554 5766 609 5810 et
631 5770 690 5809 os
722 5753 970 5809 hostibus
1004 5753 1289 5806 obvertere
1349 5765 1455 5805 non
1488 5748 1771 5805 auderent.
1808 5748 2001 5805 Hostes
2032 5751 2121 5805 hic

557 5861 663 5902 non
724 5846 861 5901 alios
926 5844 1228 5915 intelligere
1275 5842 1569 5899 historicus
1615 5857 1778 5914 quam
1831 5840 2121 5898 Catelanos

560 5948 761 6013 potest.
795 5939 859 5995 Et
888 5939 1004 6011 ipse
1026 5938 1211 5995 statim
1242 5936 1387 5993 clare
1430 5936 1495 5992 de
1523 5936 1589 5996 iis
1618 5951 1680 5995 sc
1713 5935 1861 6009 loqui
1891 5936 2117 5994 demou-

2222 4753 2379 4808 quam
2418 4737 2786 4791 certissimum
2812 4746 2865 4792 et
2901 4751 2930 4791 a
2980 4749 3039 4791 se
3068 4735 3263 4800 visum,
3309 4744 3615 4799 asseverat,
3642 4730 3790 4785 Bono

2224 4831 2445 4886 tzerium
2473 4845 2659 4885 mense
2686 4830 2993 4901 Septembri
3021 4827 3269 4885 secunda
3289 4826 3600 4881 indictiouis
3622 4840 3791 4895 appu-

2220 4919 2351 4977 lisse
2408 4920 2959 4991 Constantinopolim.
3020 4919 3135 4976 Hoc
3180 4932 3330 4975 nunc
3382 4917 3787 4973 demonstratur

2219 5029 2285 5070 ea
2315 5014 2458 5070 serie
2496 5027 2561 5068 ac
2614 5029 2753 5069 nexu
2800 5028 2982 5069 rerum
3036 5010 3446 5079 intervalllaque
3482 5016 3803 5077 temporum

2221 5106 2424 5162 diserte
2472 5106 2790 5161 memoratis
2857 5120 2887 5160 a
2939 5105 3293 5175 Pachymere.
3336 5098 3662 5157 Rontserius
3693 5096 3790 5152 Se-

2222 5200 2451 5269 ptembri
2478 5196 2731 5254 secundae
2761 5197 3093 5265 indictiouis,
3125 5198 3229 5251 hoc
3242 5206 3325 5252 est
3351 5210 3439 5249 an.
3464 5195 3600 5249 Chr.
3627 5190 3785 5255 1305,

2222 5288 2277 5341 in
2309 5288 2495 5342 urbem
2537 5286 2898 5358 appulsus,ab
2938 5287 3253 5341 Andronico
3286 5282 3567 5351 magniﬁce
3590 5280 3790 5350 excipi-

2224 5391 2337 5446 tur,
2377 5395 2606 5449 magnus
2640 5381 2746 5437 dux
2777 5388 3016 5446 creatur,
3057 5394 3279 5435 uxorem
3306 5378 3457 5434 ducit
3497 5376 3789 5448 imperato-

2224 5475 2300 5531 ris
2331 5483 2564 5543 neptem,
2585 5470 2841 5543 Cyzicum
2880 5476 2931 5526 in
2966 5475 3188 5527 hiberna
3221 5471 3422 5526 missus
3450 5469 3503 5523 in
3543 5468 3785 5536 digressu

2224 5568 2291 5622 ab
2320 5568 2455 5620 urbe
2497 5579 2525 5617 a
2567 5562 2954 5619 Genuensibus
2992 5572 3359 5633 oppugnatur.
3390 5558 3477 5634 [Ρ.
3500 5556 3627 5633 580]
3668 5556 3789 5612 ηπ

2225 5669 2441 5713 narrata
2489 5656 2527 5711 l.
2569 5672 2623 5718 ν,
2681 5672 2733 5711 c.
2776 5656 2858 5720 14.
2924 5653 3083 5710 facile
3136 5653 3402 5723 reliquum
3463 5650 3591 5707 anui
3648 5650 3786 5705 i303

2222 5746 2572 5820 expleverint.
2612 5748 2779 5819 Igitur
2818 5749 2963 5803 circa
2999 5748 3213 5804 initium
3247 5745 3373 5801 anui
3413 5743 3617 5802 Christi
3652 5741 3787 5799 1304

2224 5840 2433 5907 excepti
2496 5854 2525 5893 a
2593 5838 2879 5907 Cyzicenis
2938 5839 3181 5895 Catelaui
3237 5838 3388 5896 uberi
3449 5848 3503 5894 et
3562 5838 3785 5906 cepioso

2224 5932 2483 6004 hospitio,
2526 5932 2659 5987 nihil
2706 5932 2883 5989 minus
2910 5933 3213 6003 cogitarunt
3241 5946 3402 6003 quam
3435 5930 3587 6005 cujus
3623 5946 3781 6001 causa
