4058 6298
345 455 458 522 857

1651 470 2318 538 CHRONOLOGIGUS.

3511 474 3620 543 858

351 577 505 630 missi
533 583 714 646 erant,
745 577 944 638 Persas
975 581 1331 642 ulterioribus
1374 585 1587 658 imperii
1633 589 1934 657 provinciis
1965 593 2008 648 Α
2041 589 2242 645 l'rustra
2276 605 2373 658 per
2404 589 2605 647 missos
2632 600 2682 645 et
2711 589 2926 644 litteras
2963 596 3224 658 expertus
3275 587 3492 644 duobus
3523 589 3636 661 pri-

352 668 583 750 inl’cstos
615 685 981 741 oppugnatum
1017 676 1118 732 ire.
1150 677 1336 746 Itaque
1362 680 1726 750 perstiterunt
1761 699 1792 735 a
1827 697 1944 736 uere

350 748 464 813 illic
491 768 558 815 ad
588 763 893 834 Arcturum,
918 777 977 824 ut
997 770 1187 826 scribit
1207 748 1589 845 Pachvmeres,
1633 777 1735 830 hoc
1763 786 1847 831 est
1874 780 1942 833 ab

348 855 526 921 Aprili
567 857 630 909 ad
667 857 1068 926 Septembrem,
1094 879 1202 931 quo
1233 882 1422 922 mense
1465 869 1644 922 oritur
1668 869 1934 925 Arcturus

350 948 509 1001 stella
565 952 804 1004 undecim
851 953 1038 1008 diebus
1075 967 1196 1012 ante
1247 959 1623 1028 aequinoctium
1669 964 1934 1018 autumni.

349 1041 527 1097 Verba
562 1055 686 1096 sunt
721 1043 882 1100 Plinii
941 1047 977 1102 l.
1007 1064 1068 1113 ιι,
1110 1064 1158 1106 c.
1211 1051 1301 1108 47.
1336 1051 1403 1107 lis
1444 1055 1624 1107 verbis
1660 1054 1938 1125 signiﬁcat

348 1133 646 1192 historicus
674 1142 986 1198 universam
1017 1158 1111 1198 eos
1151 1156 1533 1215 tempestatem
1555 1161 1737 1223 aptam
1773 1168 1932 1221 expe-

348 1228 652 1284 ditionibus
680 1230 730 1284 in
780 1235 994 1290 stativis
1033 1241 1466 1308 consumpsisse,
1500 1257 1606 1298 non
1655 1251 1762 1297 tam
1789 1244 1935 1300 desio

346 1321 550 1387 dendo,
597 1329 736 1389 qttod
764 1317 946 1394 ipsum
978 1342 1123 1386 esset
1154 1333 1508 1403 ﬂagitiosum,
1536 1350 1696 1404 quam
1728 1337 1936 1404 depra-

351 1417 696 1484 dationibus,
721 1420 1101 1489 ebrietatibus,
1143 1428 1567 1496 extorsionibus,
1604 1430 1808 1498 stupris
1881 1439 1935 1483 et

353 1511 506 1564 nullo
548 1528 654 1566 non
695 1513 1014 1580 iniuriarum
1059 1507 1302 1573 maxime
1361 1520 1783 1576 intolerabilium
1843 1537 1942 1590 ge-

344 1619 482 1658 nere
528 1604 865 1662 miserrimos
943 1609 1184 1678 hospites
1223 1613 1493 1669 vexando.
1549 1614 1681 1680 Qum
1726 1619 1930 1673 scelera

348 1712 460 1750 non
496 1696 676 1752 ferens
706 1697 989 1755 Pharenda
1014 1702 1251 1766 Taimes,
1286 1721 1426 1761 unus
1467 1721 1498 1760 e
1535 1705 1748 1762 Latinis
1781 1713 1935 1765 duci-

347 1791 474 1855 lms,
513 1805 636 1858 pars
676 1792 878 1847 militiae
909 1795 1086 1853 istius.
1129 1797 1222 1851 sed
1259 1813 1364 1851 non
1390 1799 1665 1867 subjectus
1699 1800 1934 1858 Belitae-

345 1885 454 1947 rio,
497 1895 549 1934 at
579 1886 681 1938 sibi
715 1889 932 1954 pmprie
966 1900 1283 1946 auctoratos
1315 1892 1513 1950 milites
1547 1895 1797 1962 ductans,
1826 1914 1929 1952 una

345 1989 472 2027 c-tm
511 1975 576 2030 iis
603 1980 828 2032 recessit
863 1982 1096 2046 patriam
1133 1993 1406 2052 repetens,
1443 1997 1499 2040 ιιι
1534 1989 1692 2042 tradit
1724 1987 1935 2060 Pachy-

345 2080 529 2122 meres
570 2068 606 2120 l.
654 2086 700 2136 ι’,
759 2087 811 2128 c.
849 2073 938 2127 ιι.
985 2073 1054 2128 Ea
1101 2085 1295 2132 aestate
1344 2094 1441 2147 per
1504 2090 1673 2133 totam
1730 2085 1931 2150 passim

345 2157 681 2218 Orientalem
721 2165 934 2235 imperii
995 2169 1262 2223 ditionem
1327 2170 1696 2230 licentissime
1752 2175 1933 2235 Persae

345 2252 571 2309 barbari
636 2257 874 2327 agebant
924 2259 1278 2332 ferebantque
1341 2277 1577 2332 cuncta;
1617 2271 1761 2338 quod
1813 2270 1936 2327 fuse

345 2345 680 2401 describitur
727 2364 757 2403 a
799 2363 987 2408 nostro
1039 2353 1076 2408 l.
1111 2368 1164 2419 v,
1199 2371 1246 2410 c.
1303 2355 1396 2412 21.
1425 2357 1615 2424 Quare
1654 2362 1934 2420 sollicitati

350 2438 729 2507 lieutzeriani,
791 2452 850 2499 ut
905 2449 1186 2518 suppetias
1239 2454 1517 2521 Oppressis
1556 2467 1935 2527 tit-currerent,

342 2546 472 2584 cum
511 2533 579 2588 ab
606 2532 730 2614 aliis
761 2544 875 2590 tum
929 2552 958 2592 a
1009 2537 1219 2596 Marule
1259 2542 1612 2613 imperatorio
1643 2549 1797 2614 duee,
1839 2551 1930 2621 qui

343 2640 474 2678 eum
502 2626 774 2694 aliquibus
829 2629 1086 2688 Romanis
1126 2634 1300 2705 cepiis
1339 2636 1606 2692 admistus
1657 2639 1932 2700 Catelanis

341 2715 529 2788 Cynici
563 2719 813 2789 degebat,
849 2725 1014 2779 variis
1064 2741 1283 2797 semper
1344 2731 1698 2797 pra-testibus
1743 2733 1933 2803 proie-

343 2813 584 2866 ctionem
615 2812 963 2871 diderebant.
989 2816 1199 2873 Etcum
1227 2821 1342 2889 ipse
1378 2821 1616 2880 Marules
1645 2841 1766 2880 cum
1792 2828 1929 2892 suis.

341 2899 548 2959 frustra
589 2907 819 2963 invitato
857 2910 1172 2977 Routzerio,
1223 2913 1487 2970 adversus
1545 2929 1835 2987 provectos
1877 2923 1928 2975 in

343 2999 600 3055 viciniam
632 3002 818 3058 hostes
845 3021 1067 3060 movens
1089 3023 1348 3077 prospere
1381 3023 1702 3080 pugnasset,
1749 3015 1928 3083 praeda

343 3108 507 3161 quam
561 3095 630 3150 de
685 3095 868 3153 Persis
928 3099 1045 3170 ipse
1072 3109 1128 3156 et
1158 3102 1276 3170 ejus
1318 3103 1519 3159 milites
1555 3105 1809 3172 tulerant,
1843 3125 1928 3164 re-

342 3189 530 3243 deunti
565 3204 594 3241 a
640 3189 916 3248 Catelanis
950 3200 1034 3247 est
1095 3204 1332 3250 extorta.
1403 3195 1537 3249 Cum
1569 3208 1786 3266 propter
1811 3200 1926 3256 haec

341 3292 392 3336 et
430 3281 599 3336 multa
637 3282 762 3337 talia
792 3283 847 3337 in
897 3284 1020 3340 aula
1075 3290 1326 3343 nuntiata
1361 3295 1510 3361 gravi
1574 3293 1924 3348 [inuitaeriani
1953 3313 1997 3371 ο

343 3373 564 3429 infamia
591 3377 733 3444 apud
775 3377 1157 3446 imperatorem
1188 3382 1517 3446 laborarent.
1553 3384 1833 3456 profectus
1871 3387 1924 3441 in

345 3465 536 3522 urbem
569 3469 672 3523 sub
705 3470 850 3524 anui
889 3470 1074 3536 linem,
1114 3480 1173 3526 ut
1204 3474 1442 3543 videtur,
1477 3477 1806 3535 Ronlzerius
1847 3478 1929 3532 ia-

346 3557 452 3614 cile
475 3561 658 3616 omnia
689 3562 911 3617 credulo
943 3573 997 3617 et
1035 3564 1138 3620 sibi
1166 3567 1386 3626 addicto
1434 3571 1748 3627 Andronico
1794 3588 1928 3642 pur-

341 3651 489 3721 gavit
517 3665 533 3718 ;
563 3652 935 3723 grandemque
961 3654 1031 3709 ab
1065 3661 1129 3711 eo
1163 3660 1455 3728 pecuniam
1493 3665 1706 3732 accepit
1747 3665 1797 3719 in
1833 3665 1931 3721 sti-

343 3745 566 3823 pendia,
595 3754 655 3800 ut
690 3745 892 3812 aiebat,
927 3747 1251 3812 Alanorum,
1289 3767 1424 3822 quo
1470 3753 1636 3808 etiam
1666 3757 1929 3813 admistes

343 3837 462 3894 suis
507 3834 692 3910 Cynici
750 3839 1010 3907 habebat,
1067 3845 1516 3915 eapendendam:
1561 3857 1616 3904 et
1662 3852 1928 3921 promissa

344 3931 585 4002 ingentis
619 3934 846 3990 alterius
881 3951 1110 3994 summa
1149 3954 1214 3995 ex
1249 3940 1539 4000 collatione
1595 3946 1923 4000 tributorum

345 4027 486 4083 intra
515 4029 992 4098 quadragesimum
1029 4031 1154 4088 inde
1191 4034 1332 4088 diem
1356 4039 1727 4105 numeranda,
1759 4039 1922 4111 80],

345 4127 506 4186 prout
539 4133 607 4174 ex
651 4119 756 4175 [ide
783 4119 983 4177 factum
1013 4131 1118 4178 est.
1149 4121 1349 4194 Sicque
1387 4141 1616 4185 onustus
1655 4129 1928 4188 thesauris

345 4209 675 4268 itontzerius
710 4213 777 4267 ad
823 4229 954 4270 suos
1003 4218 1164 4271 rediit
1202 4217 1350 4273 circa
1388 4221 1604 4276 initium
1650 4225 1795 4279 seris
1834 4239 1925 4278 an.

344 4303 508 4371 1305,
539 4314 596 4359 ut
626 4313 871 4375 apparet,
907 4323 1029 4361 mox
1061 4308 1330 4374 videlicet,
1369 4312 1447 4366 uti
1476 4313 1729 4382 sperabat
1758 4317 1931 4387 impe-

347 4405 516 4463 rator,
551 4412 648 4453 eos
687 4407 878 4453 contra
913 4398 1112 4456 Persas
1143 4403 1428 4459 ducturus.
1464 4401 1664 4462 Verum
1707 4397 1926 4464 interim

347 4507 454 4548 non
495 4491 652 4562 pauci
698 4505 730 4545 ο
760 4491 1062 4560 Catelanis,
1097 4505 1388 4550 convasata
1429 4499 1482 4552 in
1533 4515 1699 4554 naves
1747 4504 1928 4573 praeda

347 4599 510 4654 quam
543 4584 724 4657 Cyzici
768 4595 824 4642 et
874 4587 1007 4642 locis
1032 4587 1439 4644 circumvicinis
1481 4591 1755 4650 Romanos
1797 4596 1932 4651 diri-

2052 685 2152 739 mis
2198 685 2477 741 mensibus
2533 684 2746 741 emoliri
2801 685 2998 759 Cyzico
3036 683 3630 751 Rontzerium,mense

2048 778 2208 834 tertio
2238 795 2454 834 socrum
2500 778 2618 850 ejus
2647 778 2863 843 lrenen,
2894 777 3091 834 Asanis
3117 778 3356 840 viduam,
3380 791 3628 841 sororem

2045 886 2222 934 suam,
2249 872 2314 925 ad
2347 887 2468 926 eum
2499 871 2748 942 allegavit
2771 885 2913 944 nave
2939 870 3126 935 celeri,
3153 870 3295 939 quod
3318 868 3522 924 factum
3549 869 3630 947 ait

2045 963 2404 1034 Pachymeres
2461 979 2514 1033 p.
2549 963 2676 1027 42!,
2717 975 2884 1029 empta
2903 963 3023 1033 jam
3060 959 3392 1016 hebdomade
3420 975 3634 1037 major:

2044 1055 2139 1111 sub
2168 1055 2325 1124 ﬁnem
2359 1052 2568 1120 Martii,
2616 1056 2717 1122 τῆς
2755 1053 3000 1124 μεγάλης
3048 1051 3351 1122 ἑϐδομάδος
3382 1051 3630 1108 καταλα-

2043 1150 2266 1216 δούσης,
2300 1149 2537 1219 Κρονίου
2567 1148 2734 1220 μηνὸς
2764 1150 3050 1219 λήγοντος.
3090 1145 3216 1202 Haec
3245 1146 3626 1202 characterem

2041 1247 2252 1294 eertum
2285 1240 2482 1295 habrnt
2520 1241 2677 1310 hujus
2707 1243 2828 1293 anni
2863 1240 3065 1295 Christi
3093 1237 3256 1302 i306,
3283 1253 3390 1309 quo
3413 1235 3626 1295 Pascha

2042 1331 2233 1386 incidit
2275 1334 2322 1385 in
2362 1333 2504 1386 diem
2540 1335 2572 1386 5
2619 1332 2848 1400 Aprilis;
2886 1347 2984 1386 nec
3019 1330 3320 1386 convenire
3350 1329 3628 1398 superiori

2038 1436 2286 1495 possunt,
2341 1426 2432 1494 qui
2489 1423 2690 1480 Pascha
2749 1425 2935 1478 habuit
2995 1424 3087 1477 die
3145 1422 3349 1493 Aprilis
3405 1420 3644 1479 decima-

2037 1529 2252 1585 qnarta.
2288 1520 2429 1572 unde
2482 1518 2607 1572 linis
2674 1517 2853 1572 Martii
2917 1516 3312 1573 hebdomadam
3356 1516 3624 1587 majorem

2034 1610 2283 1680 nequivit
2315 1611 2605 1679 attingere.
2656 1610 2798 1666 Nihil
2851 1612 3039 1666 omisit
3089 1611 3220 1665 artis
3248 1619 3306 1666 et
3339 1609 3628 1665 industria

2036 1702 2194 1757 irene
2229 1705 2294 1755 ad
2329 1705 2766 1774 persuadendum
2805 1704 3100 1757 Rontzerio
3128 1713 3185 1756 ιιι
3210 1711 3398 1757 contra
3426 1700 3626 1758 Persas

2039 1798 2306 1852 tenderet.
2366 1795 2472 1850 Sed
2533 1796 2777 1852 Catelani
2835 1805 3130 1866 pmtextus
3161 1795 3474 1863 quaerebant
3509 1794 3622 1848 hae-

2037 1887 2189 1941 rendi
2225 1888 2347 1940 loco
2379 1887 2478 1940 sibi
2515 1900 2703 1958 grato;
2739 1889 3071 1955 interimque
3117 1886 3509 1956 superbissime
3536 1885 3624 1940 inv

2042 1981 2307 2034 sultantes
2339 1980 2545 2042 Alanis,
2577 1980 2628 2032 in
2665 1981 2811 2050 ipsos
2843 1997 2936 2050 per
2964 1981 3141 2050 jurgia
3178 1980 3438 2041 minutos,
3465 1994 3620 2050 gras-

2038 2076 2253 2128 satione
2278 2087 2550 2129 noeturua
2602 2073 2855 2140 irruunt;
2909 2075 3052 2128 unde
3104 2073 3276 2127 atroci
3324 2071 3619 2126 commissa

2036 2182 2218 2235 pugna
2255 2167 2550 2221 vincuntur
2583 2165 2761 2232 Alani,
2797 2165 2909 2218 lilio
2940 2164 3095 2220 ducis
3124 2166 3371 2234 ipsorqu
3419 2162 3621 2236 Georgi

2009 2261 2244 2318 .occiso.
2281 2257 2390 2315 Sed
2435 2259 2721 2330 postridie.
2751 2275 2871 2330 qua!
2907 2258 3013 2314 l'uit
3063 2260 3181 2314 dies
3215 2257 3420 2327 Aprilis
3455 2272 3622 2319 nona,

2034 2353 2276 2408 vicissim
2311 2354 2658 2422 insurgentes
2701 2351 2853 2407 Alani
2887 2351 3107 2406 circiter
3146 2357 3421 2406 trecentos
3450 2364 3482 2404 e
3508 2348 3619 2405 Cu-

2037 2445 2232 2500 lelanis
2297 2455 2667 2516 peremerunt.
2734 2443 2975 2499 Piacutis
3065 2451 3344 2512 utcunque
3412 2440 3618 2507 Alanis,

2035 2538 2141 2612 [Ρ.
2182 2538 2334 2613 581]
2394 2555 2584 2596 mense
2641 2540 2858 2594 tandem
2910 2537 3055 2594 Maio
3099 2540 3393 2607 procedere
3451 2539 3620 2607 erepit

2036 2632 2434 2688 Rontzerianus
2460 2631 2732 2688 exercitus
2753 2649 2782 2688 e
2806 2631 3087 2693 Romanis,
3107 2632 3408 2695 Catelanis.
3430 2629 3621 2685 Alanis

2034 2735 2317 2781 constans.
2367 2723 2492 2781 Haec
2544 2741 2610 2780 ex
2663 2725 3000 2798 Pacbymere
3047 2733 3302 2781 constant
3354 2724 3390 2778 I.
3448 2739 3524 2790 tv,
3562 2739 3614 2780 c.

2031 2816 2094 2878 2i
2121 2835 2139 2886 ;
2171 2834 2221 2873 c.
2259 2833 2387 2874 vero
2424 2819 2496 2873 25
2547 2819 2688 2874 idem
2749 2826 3016 2873 memorat
3063 2818 3292 2872 solutam
3335 2817 3614 2872 Romzerii

2033 2911 2270 2963 adventu
2329 2907 2712 2980 Philadelphia:
2773 2911 3137 2975 obsidionem,
3195 2913 3493 2967 commisso
3543 2913 3613 2968 a'i

2030 3001 2292 3056 Aulacem
2325 3001 2533 3072 petelio,
2562 3017 2628 3058 ea
2673 3018 2781 3072 quo
2812 2985 3148 3060 'vulueratns
3181 3006 3287 3060 dua
3321 3004 3612 3061 Persarum

2031 3101 2086 3148 et
2115 3096 2512 3172 Carmanorum
2569 3093 2816 3166 Alisyras
2865 3105 3076 3150 matura
3115 3096 3223 3152 sibi
3256 3098 3378 3168 fuga
3408 3112 3616 3155 consu-

2032 3186 2153 3253 luit,
2186 3186 2392 3242 Amurii
2431 3203 2656 3244 suarum
2692 3193 2926 3258 partium
2978 3191 3132 3245 ducis
3164 3193 3362 3247 castris
3395 3207 3453 3247 se
3504 3193 3607 3248 ad-

2032 3294 2276 3334 movens.
2307 3278 2384 3333 Ex
2418 3283 2519 3335 hoc
2554 3298 2812 3338 successu
2851 3284 2956 3337 late
2988 3283 3228 3354 inclytus
3282 3284 3611 3340 Rontzerius

2031 3373 2356 3428 avariSsime
2389 3377 2647 3444 pecunias
2684 3392 2712 3430 a
2748 3375 3024 3433 Romanis
3057 3391 3372 3448 extorquet,
3399 3379 3434 3434 Ι.
3465 3395 3519 3441 v,
3551 3394 3608 3434 c.

2027 3464 2118 3528 εδ,
2161 3477 2368 3535 partem
2420 3468 2618 3539 praedae
2665 3470 2941 3536 deponens
2993 3471 3134 3541 apud
3169 3473 3328 3527 lidam
3365 3472 3490 3538 sibi,
3546 3483 3610 3528 ιιι

2028 3561 2276 3629 putabat,
2299 3545 2658 3630 Magnesiam,
2679 3564 2837 3634 cujus
2859 3574 3248 3636 occupatorem
3279 3566 3608 3622 Attalemam

2029 3651 2345 3720 imperatori
2405 3656 2876 3711 recouciliaverat.
2907 3656 3015 3711 Sed
3069 3659 3168 3714 hoc
3200 3659 3320 3728 ipso
3384 3669 3614 3716 auctore

2029 3742 2435 3814 Magneaienses
2469 3748 2520 3801 iu
2565 3749 2911 3804 ltoutzcrium
2971 3750 3254 3816 rebellant,
3306 3761 3360 3807 et
3409 3754 3479 3807 ab
3538 3771 3614 3808 eo

2031 3837 2159 3891 totis
2205 3837 2411 3893 viribus
2460 3841 2822 3910 nequidquam
2872 3855 3280 3914 oppugnantur.
3337 3844 3497 3902 Alani
3537 3860 3608 3901 ea

2029 3935 2148 4007 ejus
2176 3935 2374 3992 castris
2420 3936 2658 4008 fugiunt,
2701 3937 2738 3993 Ι.
2775 3954 2825 4004 v,
2857 3954 2908 3993 c.
2965 3939 3056 3998 Si.
3087 3941 3432 3997 Andronicus
3469 3942 3610 3997 mul-

2027 4028 2100 4084 tis
2133 4028 2319 4084 missis
2371 4038 2428 4082 et
2463 4028 2659 4082 litteris
2707 4028 2912 4084 frustra
2967 4031 3060 4085 ditt
3096 4042 3328 4087 conatus
3365 4031 3604 4086 Rontze-
3643 4057 3646 4059 >

2033 4121 2170 4176 rium
2229 4137 2260 4175 a
2323 4121 2611 4191 Magnesiae
2664 4123 3068 4194 oppugnatione
3122 4125 3288 4197 802
3350 4125 3607 4189 aVellerc,

2033 4215 2249 4268 tandem
2300 4215 2350 4268 ei
2391 4216 2683 4283 persuadet
2731 4216 3014 4287 trajectum
3069 4217 3124 4272 iu
3167 4218 3464 4276 Occiditum
3497 4228 3615 4274 tra-

2027 4318 2197 4370 ctum,
2229 4319 2288 4362 ut
2313 4308 2385 4364 ibi
2415 4312 2603 4379 copias
2636 4325 2758 4364 cum
2787 4312 2939 4380 prius
2968 4326 3034 4366 eo
3065 4314 3312 4379 profecto
3337 4309 3612 4368 Micltaele

2027 4402 2274 4472 Augusto
2302 4401 2525 4458 iuniore
2549 4407 2928 4473 conjungeret.
2966 4403 3104 4474 Ergo
3139 4403 3231 4459 ille
3253 4407 3470 4460 cunctis
3499 4403 3613 4462 Ro-

2033 4495 2210 4550 manis
2270 4496 2582 4566 regionibus
2613 4511 2827 4564 quaqua
2874 4497 3094 4551 transiit
3145 4498 3388 4562 vastatis,
3422 4498 3616 4567 copias

2032 4586 2268 4654 denique
2296 4586 2533 4641 traducit
2564 4587 2756 4656 partim
2791 4586 3043 4658 Mitylene
3075 4591 3270 4657 partim
3304 4586 3615 4657 Lampsaco-

349 4677 549 4744 piemlo
586 4689 957 4744 corraserant,
1010 4679 1202 4736 domos
1250 4684 1497 4752 praprias
1535 4684 1741 4752 iujussu
1783 4704 1931 4759 repe.
1961 4668 2004 4722 Ι)
2033 4677 2394 4749 Madytum'et
2423 4680 2475 4734 in
2520 4679 2622 4731 alia
2669 4680 2998 4732 continentis
3042 4678 3297 4735 Ot'cidute
3345 4681 3483 4746 loca,
3514 4682 3607 4735 ubi

345 4772 568 4825 tierunt.
603 4768 730 4824 lude
777 4778 964 4826 secuta
1001 4773 1400 4842 stipendiorum
1445 4790 1538 4844 per
1570 4776 1924 4837 itoutzerium

350 4863 535 4935 iniqua
566 4864 758 4918 divisio
795 4872 901 4931 est,
934 4864 1080 4920 italis
1126 4866 1272 4937 large
1306 4868 1542 4933 donatis,
1571 4871 1763 4927 Alanis
1813 4891 1930 4926 ma-

347 4957 494 5028 ligne
529 4957 767 5026 aspersis
812 4957 1158 5026 imperatoria
1195 4962 1449 5030 pecunia.
1491 4961 1628 5019 ilinc
1651 4967 1793 5020 inter
1829 4969 1927 5022 hos

346 5062 404 5109 et
432 5052 552 5108 illos
590 5063 725 5108 orta!
757 5053 1062 5109 simultates
1101 5055 1192 5109 diu
1237 5057 1639 5124 suspicionibus
1678 5047 1927 5130 odiisque

351 5147 594 5215 rixisque
634 5146 776 5201 inter
799 5146 945 5215 ipsos
981 5149 1183 5203 mutuis
1208 5151 1465 5206 exercitae
1497 5159 1642 5207 sunt.
1675 5151 1778 5208 Per
1812 5155 1927 5209 haec

346 5237 645 5295 detrectat:
675 5239 843 5294 variis
874 5240 1210 5295 elusionibus
1260 5243 1312 5296 in
1348 5243 1505 5310 hujus
1548 5261 1766 5316 quoque
1796 5248 1923 5302 anni

347 5342 590 5387 azstatem
625 5333 895 5396 expeditio
925 5333 978 5386 in
1031 5332 1228 5390 Persas
1271 5347 1376 5403 est,
1404 5335 1682 5394 Catelanis
1727 5340 1922 5394 stativa

346 5426 630 5480 commoda
648 5425 957 5493 relinquere
973 5425 1302 5492 uolentibus,
1337 5435 1682 5498 quantumvis
1699 5444 1926 5502 urgente

346 5515 712 5582 imperatore;
750 5527 908 5583 quem
937 5517 1173 5572 maxime
1214 5520 1495 5586 premebat
1521 5522 1758 5577 obsideri
1814 5525 1928 5579 cm-

349 5616 464 5674 pta,
514 5605 739 5674 Alisyrte
776 5604 954 5660 Persa:
1014 5618 1249 5676 satrapae
1296 5610 1492 5665 validis
1523 5613 1714 5679 copiis,
1744 5614 1924 5669 Phila-

349 5695 595 5767 delphia;
657 5697 804 5768 quod
859 5699 962 5755 sub
1011 5706 1331 5756 autumnum
1381 5705 1642 5761 an.1505
1671 5709 1923 5765 evenisse

347 5787 694 5844 crediderim.

417 5879 524 5936 Vll.
559 5881 683 5936 lniit
731 5896 908 5938 annus
938 5884 1143 5941 Christi
1197 5885 1356 5950 l306.
1395 5889 1616 5957 quando
1658 5891 1922 5945 sollicitus

348 5974 643 6045 imperator
669 5992 766 6048 pro
794 5978 1158 6050 Philadelphia
1174 5981 1286 6052 jam
1318 5982 1429 6038 acri
1450 5982 1591 6038 fatue
1615 5984 1918 6050 laborante,

2033 4770 2309 4826 Roiuauos
2336 4770 2607 4826 hostiliter
2630 4771 2872 4827 Catelaui
2904 4772 3195 4844 deprmdati
3223 4787 3373 4833 sunt.
3411 4777 3607 4832 Narrat

2030 4864 2143 4918 haec
2177 4863 2540 4937 Paebymeres
2587 4864 2625 4920 l.
2657 4881 2727 4928 vr,
2771 4881 2818 4920 e.
2851 4866 2906 4933 3,
2948 4881 3069 4936 quae
3100 4868 3215 4922 sine
3241 4869 3402 4924 dubio
3434 4871 3604 4936 perti-

2030 4968 2157 5013 nent
2189 4958 2253 5012 ad
2288 4956 2578 5014 Octobrem
2613 4967 2705 5015 aut
2739 4957 3099 5015 Norembrem
3124 4961 3249 5014 anni
3273 4961 3405 5020 Chr.
3442 4963 3608 5027 i306,

2027 5055 2246 5122 quando
2283 5056 2517 5107 nondum
2546 5054 2886 5108 Andronicus
2926 5053 3015 5117 24.
3073 5054 3304 5110 Michael
3338 5057 3403 5112 l5
3433 5057 3604 5126 impe-

2029 5144 2096 5199 rii
2123 5158 2338 5198 annum
2377 5145 2746 5214 expleverant.
2788 5145 2938 5201 Unde
2992 5148 3241 5202 ultimum
3287 5148 3341 5203 id
3388 5160 3609 5220 tempus

2027 5247 2111 5292 est
2137 5254 2245 5308 quo
2280 5253 2464 5292 verum
2501 5256 2622 5295 esse
2652 5245 2823 5308 potuit
2856 5240 2984 5294 illud
3019 5239 3162 5310 quod
3193 5241 3381 5296 scribit
3407 5254 3604 5313 noster

2026 5329 2082 5386 in
2117 5329 2294 5386 fronte
2318 5332 2438 5388 libri
2469 5335 2683 5403 septimi
2711 5353 2724 5390 :
2756 5335 3014 5388 Ambobus
3031 5336 3148 5403 jam
3171 5338 3596 5401 imperatoribus,

2025 5426 2222 5481 seniori
2248 5427 2461 5497 quidem
2493 5429 2701 5481 tertium
2755 5440 2804 5482 et
2839 5429 3161 5490 vicesimum,
3183 5430 3393 5499 juniori
3419 5444 3600 5483 autem

2024 5520 2386 5573 duodecimum
2411 5537 2606 5574 annum
2627 5522 2834 5588 imperii
2860 5522 3024 5575 evolvi
3047 5524 3290 5593 coruigit.
3323 5521 3606 5593 Progressi

2023 5611 2169 5664 enim
2211 5619 2436 5680 uterque
2485 5612 2711 5665 multum
2767 5623 2926 5667 erant
2965 5613 3016 5665 in
3054 5628 3198 5667 anno
3255 5613 3342 5667 ille
3384 5614 3478 5676 ει,
3511 5615 3600 5668 hic

2025 5703 2114 5767 i3,
2176 5705 2271 5759 seti
2325 5714 2514 5758 neuter
2549 5704 2698 5758 illum
2751 5706 3098 5761 absolverat:
3137 5705 3397 5761 desinunt
3450 5709 3598 5762 enim

2023 5798 2149 5853 anni
2179 5813 2333 5867 teque
2362 5798 2645 5852 amborum
2688 5809 2935 5853 extremo
2977 5797 3280 5854 Decembri.
3306 5798 3448 5856 Usus
3467 5818 3604 5872 ergo

2028 5891 2350 5960 repetitione
2375 5891 2612 5962 quadam
2645 5901 2729 5945 est
2759 5895 2886 5946 dum
2919 5891 3020 5946 ista
3047 5894 3264 5960 scripsit
3296 5892 3595 5966 Puehyme-

2027 6001 2137 6050 res,
2164 5996 2217 6042 et
2248 5997 2392 6042 retro
2429 6001 2492 6041 es
2530 6002 2590 6042 ea
2642 6000 2802 6056 quam
2849 5995 2962 6040 tum
3015 5988 3284 6042 tractabat
3329 5990 3599 6044 memoria
