4058 6298
352 420 457 492 861

1669 427 1763 488 Ci]
1777 426 2130 490 RONOLOG
2142 427 2314 493 ICUS

3528 422 3636 490 862

353 542 634 614 Europam
688 541 872 613 lingua
929 556 1062 599 usus
1112 544 1405 600 historicus
1448 543 1783 602 crebriorem
1831 547 1950 602 dis-
1977 556 2018 610 Α
2053 563 2175 604 eum
2209 564 2272 603 ex
2315 548 2472 604 fabro
2499 547 2730 603 ferrario
2757 548 2823 603 ad
2856 542 3144 618 imperium
3165 555 3435 600 evectum.
3492 543 3632 597 Tum

358 636 779 706 tinctioremque
849 639 962 692 suis
1034 637 1253 707 scriptis
1329 639 1660 695 mentionem
1716 642 1950 696 inseruit

359 745 526 800 quam
555 728 918 799 Pachymeres
951 730 1038 786 hic
1072 741 1277 786 noster.
1310 730 1409 786 Cui
1473 745 1762 802 pmpterea
1825 735 1952 789 illn-

359 825 592 877 su'ando
625 824 892 877 addictam
923 824 1121 878 dudmn
1146 825 1352 880 habens
1373 839 1616 894 operam,
1636 827 1820 897 lugere
1845 831 1952 885 sal-

358 933 429 972 vo
473 912 647 972 ollicio
694 933 800 972 non
850 918 1024 988 potui,
1079 919 1209 990 quin
1257 921 1465 992 illigare
1527 932 1675 977 certa
1739 915 1953 981 ratiune

360 1009 745 1080 chronologica
772 1024 1002 1065 conarer
1026 1026 1146 1080 quae
1176 1011 1327 1066 varie
1356 1012 1447 1066 ille
1471 1027 1536 1066 ac
1566 1013 1794 1068 confuse
1814 1013 1953 1068 indi-

362 1117 499 1156 cans
516 1105 712 1170 passim
737 1101 804 1157 de
836 1102 1090 1172 Mugnliis
1129 1103 1361 1173 plurima
1403 1105 1686 1173 congerit;
1714 1106 1780 1160 ad
1804 1107 1953 1176 quod

366 1212 565 1268 parum
596 1198 782 1266 utique
804 1197 1031 1252 subsidii
1065 1198 1118 1251 in
1153 1197 1356 1253 Griecis
1389 1197 1706 1265 Latinisque
1735 1200 1957 1256 histori-

366 1291 452 1347 cis
488 1293 786 1358 reperiens,
821 1291 1114 1346 consulere
1169 1305 1292 1346 sum
1343 1292 1554 1346 Arabas
1588 1303 1832 1349 coactus.
1875 1293 1954 1349 Ex

376 1396 466 1453 his
524 1393 823 1462 Gregorius
879 1390 1341 1460 Abulpbaragius,
1378 1389 1724 1444 Christianus
1766 1402 1957 1446 anetor

369 1489 614 1546 accurati
639 1485 921 1552 Chronici,
956 1499 1130 1552 nuper
1167 1499 1230 1538 ex
1263 1484 1499 1538 Arabico
1529 1482 1823 1540 Latinitate
1857 1484 1959 1539 do-

372 1583 486 1638 nati
519 1591 682 1648 atque
704 1591 935 1645 utraque
958 1575 1283 1645 conjunctim
1312 1576 1571 1631 idiomate
1594 1575 1820 1632 Londini
1844 1578 1962 1633 etii-

377 1675 413 1728 ti
469 1674 539 1726 ab
571 1670 820 1725 Eduardo
867 1669 1161 1736 Pocockin,
1218 1669 1271 1723 in
1305 1671 1408 1724 hoc
1444 1669 1512 1726 de
1577 1685 1634 1726 re
1701 1671 1958 1726 Iitteraria

373 1765 579 1833 optimc
611 1764 828 1827 merito,
855 1777 964 1825 me,
993 1762 1138 1830 quod
1161 1770 1316 1832 grate
1340 1761 1696 1829 fateor,ju\'it
1731 1762 1960 1831 insigni-

374 1866 479 1914 ter.
510 1855 660 1911 Vixit
680 1865 735 1911 et
765 1855 985 1924 scripsit
1013 1857 1057 1911 is
1081 1856 1546 1925 chronographus,
1578 1855 1963 1926 proutcoliigi-

2051 656 2243 696 eorum
2265 641 2534 706 instituta,
2569 656 2750 697 mores
2764 651 2820 696 et
2851 650 2967 696 acta
2998 640 3113 695 luse
3139 648 3424 701 memorat,
3454 636 3638 690 sedem

2050 735 2216 791 etiam
2249 737 2370 790 novi
2396 735 2789 805 hujusitnperii
2821 737 3090 798 indicans,
3149 729 3342 788 Portus
3391 728 3638 798 Caspias,

2052 835 2143 904 qui
2181 832 2331 888 locus
2363 833 2418 887 in
2464 830 2648 886 Media:
2669 849 2731 886 ac
2768 831 3002 886 Parthia:
3055 826 3304 882 conliniis
3355 826 3494 879 situs
3531 834 3637 878 est.

2125 926 2217 983 ill.
2248 928 2434 997 Pergit
2458 926 2922 997 Abulpharagius,
2963 923 3213 979 referens
3250 935 3395 974 anno
3434 917 3644 985 [legit-a2

2055 1022 2164 1079 600
2188 1033 2402 1094 captam
2440 1038 2466 1074 a
2498 1021 2710 1076 Latinis
2744 1017 3304 1087 Constantinopolim.
3341 1013 3438 1069 Est
3468 1028 3646 1066 amnis

2059 1117 2274 1189 Hegirre
2307 1116 2413 1172 600
2445 1118 2497 1171 in
2521 1133 2629 1172 atra
2665 1115 2867 1170 ChriSti
2895 1114 3058 1177 1203,
3091 1113 3186 1165 sed
3217 1127 3246 1167 a
3275 1112 3361 1164 die
3382 1109 3646 1162 duntaxat

2058 1210 2271 1266 decima
2315 1215 2524 1265 mensis
2573 1208 2917 1281 Septembris
2948 1207 3177 1269 Juliani,
3215 1220 3374 1275 quam
3412 1203 3466 1257 in
3502 1203 3643 1258 diem

2061 1304 2347 1359 neomenia
2386 1302 2702 1358 Mnharram
2736 1301 2898 1370 primi
2931 1299 3168 1354 Arabum
3200 1297 3405 1352 mensis
3432 1295 3643 1350 incidit.

2059 1397 2194 1458 Cum
2232 1408 2412 1449 autem
2446 1411 2547 1450 nos
2594 1392 3156 1448 demonSIraverimus
3192 1402 3337 1444 tomo
3367 1388 3648 1457 superiore

2063 1501 2386 1558 occupatam
2442 1506 2469 1542 a
2517 1485 2724 1544 Latinis
2771 1483 3306 1554 Constantinopolim
3360 1481 3530 1535 fuisse
3561 1480 3648 1532 die
3713 1521 3716 1525 .

2067 1583 2133 1636 l9
2167 1581 2370 1649 Aprilis
2403 1581 2534 1634 anni
2585 1580 2789 1634 Christi
2836 1579 2998 1639 i203,
3031 1593 3150 1632 eam
3184 1577 3449 1646 epocham
3501 1581 3648 1627 retro

2066 1677 2282 1730 trahere
2338 1676 2547 1744 aliquot
2592 1675 2868 1729 mensibus
2904 1672 3171 1742 cogimur,
3218 1678 3272 1724 et
3330 1670 3396 1724 ad
3431 1666 3652 1737 quadri-

2065 1784 2266 1825 mcsue
2312 1771 2562 1828 ultimum
2628 1769 2754 1823 anni
2814 1766 3024 1838 llegirte
3079 1765 3182 1822 599
3234 1763 3484 1820 conferre
3517 1801 3532 1826 ,
3595 1770 3654 1816 ut

2068 1879 2277 1933 magnae
2332 1864 2434 1917 illa:
2467 1864 2854 1918 cettvtarsiones
2890 1861 3032 1924 duae,
3093 1858 3306 1925 imperii
3350 1873 3380 1909 a
3418 1854 3651 1910 Praeste-

378 1951 708 2008 turevariis
761 1950 878 2018 ejus
917 1951 1096 2020 operis
1141 1949 1298 2015 locis,
1345 1948 1642 2017 incipiente
1694 1950 1964 2004 dominari
2000 1949 2429 2025 Bjannensibns
2490 1954 2556 2008 ad
2615 1953 2881 2025 Mugnlios
2935 1951 3186 2006 translati
3223 1959 3279 2004 et
3333 1949 3568 2002 redacta:
3597 1948 3650 2002 in

376 2042 1039 2113 Coustantinopolidomo
1065 2040 1391 2113 Palmoioga,
1457 2043 1559 2098 sub
1611 2043 1802 2112 primis
1851 2043 1968 2112 ejus

377 2138 616 2196 nominis
645 2137 1064 2208 imperatoribus
1089 2136 1351 2194 Michaele
1370 2147 1426 2194 et
1453 2137 1761 2194 Andronico
1791 2135 1968 2192 senio-

383 2247 467 2299 re,
507 2247 736 2304 quorum
763 2233 1142 2289 actaduorum
1171 2230 1613 2304 Pachymeriauae
1663 2227 1821 2298 hujus
1879 2227 1969 2284 hi-

384 2330 576 2384 storiae
624 2326 966 2382 voluminum
1033 2334 1415 2396 argumentum
1494 2333 1624 2380 sunt
1678 2341 1692 2378 :
1750 2320 1971 2393 scripsit

387 2429 570 2477 autem
634 2428 690 2475 et
730 2417 798 2475 ad
842 2433 1027 2475 rerum
1082 2419 1226 2474 vere'
1258 2425 1536 2489 gestarum
1583 2423 1834 2472 exactam
1886 2414 1972 2470 in-

383 2515 716 2574 dicationem
743 2525 796 2572 et
824 2515 890 2573 ad
920 2525 1226 2584 temporum
1255 2511 1678 2577 ordinationem,
1701 2517 1969 2580 quantum

383 2626 455 2670 ex
491 2609 780 2667 collatione
801 2622 923 2663 cum
953 2608 1175 2678 optimis
1203 2606 1509 2678 quibusque
1559 2603 1846 2673 explorare
1871 2617 1972 2675 po-

386 2705 493 2774 tui,
535 2703 868 2759 ﬁdelissime.
906 2700 1086 2768 Quare
1143 2698 1496 2756 accuratione
1539 2711 1704 2769 quam
1752 2702 1974 2767 praestat

389 2797 445 2857 in
473 2799 542 2855 iis
567 2811 690 2868 qua:
725 2803 951 2867 possunt
985 2793 1167 2848 alieno
1223 2790 1535 2846 testimonio
1592 2787 1837 2859 coargui,
1883 2785 1972 2843 di-

392 2909 535 2964 guns
560 2894 772 2948 videtur
789 2890 874 2946 cui
898 2888 1031 2946 ﬁdes
1057 2900 1250 2944 secure
1293 2885 1565 2942 habeatur
1603 2884 1658 2938 in
1711 2883 1798 2939 bis
1849 2895 1975 2953 quae

389 2988 624 3046 aﬂirmat
647 2986 821 3042 solus.

462 3079 528 3137 ll.
558 3079 655 3135 llic
681 3079 847 3149 igitur
877 3078 959 3133 sui
981 3074 1237 3133 Chronici
1267 3073 1320 3129 iu
1341 3070 1576 3128 Arabico
1597 3070 1814 3141 quidem
1838 3084 1969 3126 con-

390 3185 544 3232 texm
605 3171 902 3243 p.427,in
962 3169 1156 3224 Latina
1216 3182 1347 3222 vero
1403 3165 1854 3235 interpretatione
1920 3176 1972 3230 p.

386 3270 518 3336 280,
551 3268 628 3324 ait
663 3283 805 3322 anno
831 3265 1043 3332 Hegirm
1073 3261 1374 3333 599.cujus
1425 3259 1639 3316 initium
1697 3257 1800 3312 fuit
1858 3256 1974 3311 dies

393 3361 463 3418 20
497 3360 835 3431 Septembris
859 3359 911 3414 in
944 3372 1086 3412 anno
1121 3369 1241 3414 serae
1263 3365 1466 3410 nostra:
1490 3351 1688 3408 Christi
1731 3350 1976 3421 vulgaris

397 3455 557 3518 1202,-
588 3453 819 3524 coepisse
851 3452 1143 3520 imperium
1179 3444 1856 3522 Mogulensium,desiisse
1877 3457 1977 3500 au-

396 3557 506 3600 tem
545 3543 831 3613 imperium
853 3540 1248 3611 Praestejannis
1263 3541 1378 3596 sive
1400 3536 1701 3611 presbyteri
1727 3533 1975 3591 Joannis.

391 3637 631 3698 Joannes
657 3648 783 3695 erat
814 3649 1108 3692 commune
1143 3649 1343 3690 nomen
1373 3634 1678 3704 principum
1709 3631 1978 3686 latissime

392 3733 662 3808 quondam
679 3730 1071 3786 dominantium
1089 3725 1254 3800 805
1265 3741 1425 3794 super
1439 3725 1670 3798 Scythas
1681 3723 1978 3788 Asiaticos,

397 3826 465 3885 ad
494 3835 729 3882 montem
764 3824 993 3886 Imaum,
1023 3821 1160 3877 adeo
1185 3829 1242 3874 nt
1275 3818 1496 3889 quidam
1552 3816 1793 3873 scribunt
1839 3816 1980 3870 duos

400 3932 453 3979 et
496 3919 837 3991 septuaginta
871 3929 1026 3987 reges
1083 3915 1218 3983 ipsis
1252 3911 1540 3984 aliquando
1577 3909 1746 3967 fuisse
1810 3907 1982 3965 vecti-

399 4017 571 4088 gaios.
624 4013 989 4070 Christianam
1029 4020 1210 4065 autem
1270 4005 1613 4077 religionem,
1666 4005 1762 4060 sed
1822 3999 1980 4072 juxta

399 4106 937 4172 Nestorilbzeresim,
973 4102 1248 4167 colebant,
1302 4115 1635 4171 crucemque
1707 4097 1763 4153 in
1826 4098 1982 4154 bellis

399 4221 510 4281 pm
537 4218 598 4260 se
631 4201 899 4272 duplicem
928 4197 1197 4261 ferebant,
1223 4196 1446 4250 alteram
1478 4207 1722 4261 auream,
1752 4191 1980 4248 alteram

401 4309 723 4373 gemmeam.
762 4290 901 4348 Huic
940 4290 1167 4361 imperio
1206 4288 1298 4360 qui
1348 4285 1573 4360 ultimus
1625 4283 1865 4355 praefuit,
1925 4291 1986 4338 ut

402 4394 561 4452 docet
589 4383 1050 4457 Abulpharagius.
1071 4391 1270 4452 praeter
1309 4394 1599 4435 commune
1621 4376 1850 4433 Joannis
1879 4391 1983 4431 no-

403 4502 527 4546 men
577 4486 796 4556 prOprie
850 4479 967 4552 Ung
1005 4479 1157 4536 Citam
1207 4485 1453 4540 vocatus,
1505 4489 1627 4530 cum
1694 4471 1983 4543 quemdam

405 4579 752 4637 Tamuiinnm
786 4575 1026 4639 nomine,
1063 4585 1170 4641 quo
1199 4569 1377 4624 fuerat
1404 4583 1538 4624 usus
1570 4565 1684 4627 diu,
1727 4565 1780 4619 in
1827 4562 1988 4619 bellis

2072 2048 2394 2103 Latinorum
2434 2057 2757 2117 potestatem
2801 2045 3117 2116 metropolis
3173 2043 3385 2113 imperii
3431 2039 3655 2107 Gracu-

2072 2159 2216 2208 rum,
2275 2143 2326 2197 in
2387 2159 2551 2197 unum
2606 2141 2965 2210 eumdemquc
3028 2155 3150 2194 serae
3197 2136 3465 2202 Arabicm,
3495 2149 3653 2204 quam

2074 2238 2291 2311 Hegim
2323 2248 2540 2306 vocant,
2595 2253 2797 2291 annum
2860 2236 3464 2292 undesexceutesimum
3527 2245 3658 2286 con-

2074 2332 2342 2387 venerint.
2381 2330 2540 2385 Anno
2577 2330 2704 2384 inde
2752 2329 2857 2384 606
2893 2327 3127 2399 Hegirrr,
3165 2328 3255 2399 qui
3304 2328 3427 2381 iniit
3465 2325 3498 2379 6
3527 2321 3654 2378 .lolii
3720 2342 3726 2348 η

2073 2424 2198 2482 anni
2237 2424 2370 2480 Chr.
2402 2422 2564 2490 ηοξ),
2591 2421 2994 2491 Giugizcbanes
3026 2421 3253 2492 imperio
3297 2435 3398 2476 suo
3427 2418 3656 2487 subjun-

2071 2521 2154 2575 xit
2178 2518 2433 2592 regiones
2451 2516 2845 2582 Caracathaitc,
2874 2531 2995 2587 qua:
3029 2513 3276 2589 videntur
3305 2512 3660 2570 Tartarorum

2074 2610 2294 2668 Sinensi
2351 2625 2522 2680 regno
2568 2610 2911 2665 conlinium.‘
2946 2610 3104 2664 Anno
3151 2608 3288 2679 lieg.
3339 2607 3467 2672 6l0,
3504 2606 3663 2675 cujus

2074 2710 2161 2757 est
2192 2700 2404 2756 initium
2433 2715 2461 2751 a
2497 2697 2622 2754 Maii
2652 2698 2724 2753 23
2757 2698 2883 2753 anni
2911 2696 3114 2752 Christi
3147 2697 3308 2762 £213,
3335 2695 3662 2763 Giugizcba-

2078 2809 2175 2850 nes
2227 2792 2371 2848 bello
2416 2792 2623 2848 indicto
2678 2792 2880 2847 sultani
2915 2789 3242 2856 Hohamedi,
3299 2791 3350 2844 in
3402 2790 3661 2844 ultionem

2076 2885 2296 2954 iniustae
2359 2885 2512 2940 necis
2579 2883 2943 2955 quorumdam
3005 2893 3416 2949 mercatorum,
3474 2882 3661 2936 urbem

2077 2981 2371 3035 maximam
2396 2977 2647 3034 Otraram
2680 2978 3064 3048 postquinque
3097 2978 3367 3033 mensium
3417 2977 3663 3032 obsidio-

2079 3088 2204 3130 nem
2249 3073 2298 3127 vi
2355 3072 2498 3142 cepit
2540 3086 2662 3126 cum
2717 3073 2925 3126 infinita
2964 3072 3242 3127 hominum
3315 3072 3481 3138 crede,
3517 3076 3666 3125 utet

2079 3179 2226 3221 anno
2277 3163 2404 3229 617,
2454 3163 2609 3233 cujus
2663 3161 2921 3218 Kalendae
2972 3165 3026 3220 in
3076 3163 3111 3218 8
3153 3161 3330 3218 Martii
3391 3163 3663 3228 incidunt,

2082 3257 2386 3313 Bocharam
2441 3268 2497 3312 et
2543 3257 2973 3312 Samarkandam
3029 3257 3195 3312 urbes
3244 3256 3402 3327 longe
3440 3255 3665 3326 amplis-

2081 3351 2271 3415 simas,
2332 3365 2564 3420 quarum
2617 3351 2742 3406 huic
2803 3350 3058 3422 praesidio
3111 3348 3280 3405 fuisse
3333 3350 3584 3419 imposita
3633 3361 3666 3403 ι

2079 3443 2294 3500 snltane
2347 3443 2664 3498 Mohamede
2696 3453 2916 3498 centum
2974 3443 3161 3518 viginti
3205 3441 3452 3512 equitum
3494 3441 3661 3496 millia

2079 3536 2246 3591 tradit
2280 3535 2744 3607 Abulpharagins.
2785 3536 2893 3592 Sed
2928 3536 3013 3591 his
3051 3535 3238 3607 praelia
3280 3535 3666 3590 cruentissimo

2080 3630 2381 3702 proﬂigatis
2411 3632 2589 3687 dedita
2614 3631 2780 3702 806
2813 3642 2868 3687 et
2898 3630 3113 3701 direpta
3156 3628 3529 3685 Samarkauda
3556 3640 3664 3693 est,

2085 3727 2311 3796 triginta
2344 3727 2628 3782 hominum
2664 3725 2902 3781 millibus
2930 3723 3153 3792 occisis,
3202 3723 3428 3780 totidem
3455 3722 3511 3777 in
3541 3736 3661 3779 ser-

2082 3822 2311 3876 vitutem
2338 3821 2608 3877 abductis.

2155 3912 2244 3971 iV.
2282 3914 2435 3973 Anno
2462 3915 2594 3986 Heg.
2624 3914 2758 3980 618,
2791 3915 3012 3972 ineunte
3057 3930 3088 3972 a
3132 3913 3413 3973 Februarii
3440 3916 3514 3972 25
3536 3916 3675 3971 anui-

2083 4007 2289 4064 Cbristi
2321 4008 2476 4075 1221,
2503 4008 2723 4065 Balkam
2750 4007 3086 4067 Talaltanum
3131 4017 3190 4069 et
3221 4011 3681 4083 Albamlyanumr

2087 4103 2328 4173 reliquas
2375 4117 2406 4158 e
2450 4102 2760 4159 Chorazanl
2815 4104 3024 4159 ditione
3060 4103 3316 4160 civitates
3363 4103 3667 4175 opulentis-

2084 4194 2255 4250 simas
2303 4205 2359 4251 et
2393 4196 2815 4265 munitissimas,
2871 4199 3202 4269 expugnavit
3245 4196 3667 4268 Gingizcbanes,

2083 4299 2142 4346 et
2175 4290 2241 4345 ad
2270 4289 2524 4346 Sendiam
2562 4305 2776 4347 amnem
2796 4291 2913 4347 acie
2938 4291 3297 4348 Jalalodinum
3323 4292 3476 4361 vicit,
3507 4293 3671 4360 huius

2087 4392 2270 4439 tamen
2303 4383 2583 4439 admirans
2632 4384 3043 4455 praedicansque
3076 4385 3474 4452 fortitudinem,
3522 4387 3671 4456 quod

2087 4493 2212 4534 cum
2244 4477 2393 4534 illum
2419 4480 2598 4534 vivum
2622 4481 2689 4534 ad
2718 4495 2780 4536 se
2802 4481 3025 4549 perduci
3047 4479 3331 4551 jussisset,
3357 4481 3404 4536 is
3433 4495 3463 4537 e
3486 4491 3668 4549 strage

2088 4575 2236 4631 circa
2268 4588 2329 4629 se
2355 4588 2581 4630 suorum
2619 4573 2933 4646 intelligens
2975 4591 3146 4646 quare
3185 4576 3287 4632 sibi
3331 4571 3515 4633 hostes
3541 4591 3670 4647 par-

407 4672 730 4748 praasertim,
754 4679 975 4726 strenuo
1002 4663 1388 4721 etfelicissirno
1406 4658 1987 4725 ministro,calumniis
2017 4683 2065 4739 ῃ
2090 4674 2299 4729 carent,
2353 4679 2523 4739 eques
2585 4665 2807 4720 fluvium
2864 4668 3120 4732 tranavit,
3177 4677 3231 4724 et
3269 4682 3337 4724 ex
3386 4683 3452 4724 eo
3488 4671 3681 4725 medio.

405 4767 727 4823 aemulorum
794 4761 1027 4818 invisum
1103 4756 1208 4812 sibi
1272 4756 1474 4811 factum
1524 4750 1989 4822 comprehendere

407 4859 819 4931 aggrederetur,
842 4854 911 4908 ab
964 4869 1030 4909 eo
1087 4850 1381 4911 fortissime
1432 4858 1771 4918 repugnante
1813 4859 1988 4906 victus

403 4955 521 5024 ipse
541 4951 866 5018 occisusque
888 4954 993 5003 est.
1024 4946 1141 5012 Quo
1161 4951 1408 5013 tempore
1430 4944 1653 5013 quidam
1706 4945 1848 5000 inter
1880 4943 1994 4998 Mo-

408 5046 665 5118 gulenses
690 5055 897 5111 magna:
932 5037 1298 5101 auctoritatis,
1330 5035 1648 5107 apparuisse
1684 5038 1787 5093 sibi
1823 5035 1990 5093 Deum

408 5138 789 5204 aﬂirmans,et
827 5132 1134 5189 declarasse
1163 5131 1395 5187 electum
1451 5144 1481 5184 a
1531 5144 1594 5186 se
1643 5129 1995 5185 Tamuiiuum

407 5232 462 5287 in
486 5245 647 5302 quem
695 5228 847 5283 orbis
898 5235 1165 5281 terrarum
1218 5224 1500 5294 imperium
1555 5232 1720 5293 atque
1775 5224 1828 5277 in
1875 5221 1992 5293 ejus

405 5333 659 5398 posteros
687 5319 988 5376 transferre
1017 5318 1363 5384 decrevisset,
1400 5317 1714 5372 universam
1752 5316 1826 5371 illi
1855 5330 1991 5373 «ξοην

407 5417 617 5478 ciliavit
649 5414 1013 5487 Muguliorum
1041 5423 1292 5482 gentem;
1317 5411 1472 5482 cujus
1488 5425 1754 5467 consensu
1777 5419 1992 5465 creatus

410 5517 729 5585 imperator,
756 5526 790 5564 a
828 5509 941 5565 Deo
976 5509 1118 5580 ipso,
1150 5513 1210 5561 ut
1243 5506 1331 5561 ille
1364 5521 1526 5576 quem
1562 5505 1674 5560 dixi
1714 5503 1990 5560 fanaticus

411 5609 613 5675 aiebat,
642 5604 955 5675 impositum
983 5601 1071 5676 [P.
1103 5599 1232 5674 584]
1281 5602 1380 5671 ipsi
1421 5600 1633 5671 accepit
1667 5598 1992 5670 Gingiacha-

411 5702 493 5756 uir
517 5710 733 5755 nomen.
761 5694 1039 5751 Hactenus
1067 5692 1522 5764 Abulpharagius,
1562 5691 1663 5747 cui
1685 5693 1819 5748 satis
1855 5709 1992 5750 eon-

411 5798 670 5849 sentauee
698 5795 887 5844 noster
906 5785 1270 5855 Pacbymeres
1321 5784 1492 5856 priori
1529 5792 1676 5838 tumo
1703 5798 1753 5840 c.
1789 5783 1847 5851 ὁ,
1875 5781 1913 5838 l.
1936 5798 1990 5852 v,

411 5884 780 5958 legislaeerttrn
809 5876 1207 5945 Tocharorum,
1237 5879 1329 5952 qui
1362 5895 1422 5937 se
1451 5880 1555 5951 ipsi
1601 5879 1868 5951 Mugntios
1896 5893 1990 5934 no-

337 6034 339 6037 .
414 5975 644 6045 minam,
662 5987 859 6034 nomen
873 5975 1139 6034 habuisse
1161 5973 1521 6032 Tsiuiacania
1543 5975 1765 6042 asserit,
1787 5975 1991 6032 addens

2093 4771 2287 4816 natans
2370 4771 2666 4816 conversus
2744 4762 2995 4831 sagittam
3074 4769 3161 4818 est
3229 4762 3532 4835 ejaculatus
3612 4766 3694 4820 in-

2092 4855 2459 4928 Mogulenses.
2517 4855 2823 4925 Contigisse
2909 4857 3011 4912 hoc
3082 4857 3158 4912 ait
3232 4857 3682 4927 Abulpharagius

2092 4959 2284 5004 mense
2314 4946 2542 5010 Raicbo,
2578 4948 2668 5017 qui
2723 4947 2775 5000 in
2817 4961 2962 5002 anno
2989 4946 3225 5002 Arabico
3259 4951 3464 5002 mensis
3499 4948 3668 5015 septi-

2098 5057 2220 5096 ntus
2249 5050 2353 5106 est,
2388 5055 2454 5096 ex
2506 5040 2608 5094 hoc
2655 5039 2794 5096 miro
2852 5055 3104 5096 successu
3155 5039 3487 5094 fortitudinis
3521 5037 3696 5095 fata--

2095 5132 2264 5188 lodini
2311 5143 2500 5187 natum
2546 5145 2803 5188 asserens
2845 5134 3190 5202 proverbium
3219 5134 3534 5198 Arabicum,
3562 5149 3707 5203 quo»

2094 5225 2200 5280 dici
2247 5224 2385 5281 solet
2443 5226 2554 5279 vius
2601 5231 2670 5280 ad
2706 5223 2985 5290 Raiebarm,
3034 5236 3082 5280 et
3138 5225 3333 5281 videbis
3388 5227 3547 5284 mira.
3591 5227 3698 5282 Exi.

2092 5322 2376 5374 occasione
2422 5319 2509 5373 hic
2551 5333 2747 5388 ponam
2801 5319 3235 5388 experimentum
3287 5321 3706 5376 consensionis--

2093 5411 2483 5479 Abulpharagii
2510 5427 2633 5466 cum
2664 5411 2864 5467 nostris
2889 5411 3322 5482 cbronographis
3351 5427 3379 5466 a
3420 5426 3506 5466 me
3540 5427 3664 5466 cum
3691 5439 3700 5449 ι

2096 5503 2372 5572 voluptate
2417 5503 2786 5560 observatum.
2837 5502 2928 5558 Ait
2981 5503 3086 5559 hoc
3131 5503 3320 5559 eodem
3356 5517 3496 5558 anno
3532 5490 3699 5574 Heg.

2095 5597 2200 5652 618
2223 5599 2492 5653 sultanetn
2534 5596 2757 5671 Egypti
2809 5597 3109 5652 Damiatam
3149 5599 3218 5653 de
3249 5597 3478 5654 Francis
3507 5613 3668 5653 recn-

2094 5701 2321 5758 parasse
2372 5689 2460 5745 die
2507 5688 2787 5755 Mercurii,
2819 5688 3010 5745 Raiebi
3060 5691 3149 5758 l9,
3178 5701 3460 5761 postquam
3512 5690 3562 5744 in
3603 5706 3668 5746 ea

2093 5782 2466 5838 substitissent
2509 5781 2704 5839 Franci
2739 5797 2940 5838 annum
2996 5783 3267 5855 integrum
3316 5792 3369 5836 et
3421 5784 3701 5839 undecim~

2094 5881 2334 5933 menses.
2397 5875 2492 5931 Vis
2550 5876 2688 5934 alius
2752 5886 2981 5934 eventus
3062 5889 3143 5934 est
3198 5879 3350 5948 cujus
3399 5879 3684 5950 plureset-

2095 5973 2359 6031 certiores
2404 5990 2434 6030 e
2481 5972 2681 6030 nostris
2713 5982 2974 6044 spectata:
3010 5970 3132 6031 lidci
3181 5973 3538 6046 scriptoribus
3572 5974 3694 6029 ba.r
