4058 6298
438 457 548 545 863

1315 481 1381 544 Ρ.
1433 476 1740 541 POSSINI
1765 470 2430 535 OBSERVATIONUM
2468 472 2620 535 ΜΒ.
2659 470 2780 534 ΙΙΙ.

3590 467 3714 532 864

433 605 658 647 beamus
697 604 972 653 auctores.
1030 596 1269 659 Joannes
1328 599 1393 652 de
1430 586 1694 656 Vitriaco.
1753 594 2014 653 Santttus,
2049 594 2091 647 Α
2124 589 2247 642 talis
2269 589 2432 657 Λείας,
2459 593 2678 647 nomine
2704 589 2895 647 Chatai
2925 589 3326 659 signiticarunt.
3363 586 3528 641 Docet
3561 587 3712 639 enim

433 679 490 736 S.
526 682 859 750 Antoninus,
891 685 1215 752 Nauclerus,
1251 687 1515 752 Blondus,
1546 686 1800 742 Emilius
1833 694 1888 738 et
1923 681 2013 736 alii

437 787 649 827 summa
696 769 988 832 concordia
1044 790 1353 835 memorant
1401 795 1545 834 anno
1591 778 1794 833 Christi
1855 773 2016 836 1219,

437 864 603 920 Nonis
631 868 970 936 Novembris,
997 885 1116 944 post
1145 889 1356 929 menses
1381 875 1683 930 octodecim
1716 871 2019 928 obsidionis

436 970 649 1028 captam
686 960 854 1018 fuisse
904 964 1213 1038 Damiatam
1247 969 1314 1023 ab
1358 968 1602 1024 exercitu
1641 982 1802 1021 cruce
1835 969 2020 1031 signa-

438 1059 660 1114 ῑητηηιξ
720 1055 967 1111 eamdem
1036 1066 1216 1124 autem
1289 1060 1493 1114 sultaui
1555 1058 1820 1113 redditam
1878 1069 2022 1110 anno

440 1141 604 1208 i221,
639 1144 725 1197 die
767 1147 934 1200 natali
970 1148 1030 1202 Β.
1057 1149 1299 1222 Virginis
1335 1152 1515 1207 Maria:
1543 1161 1738 1207 octavo
1773 1152 2022 1219 Septem-

437 1233 572 1286 bris.
622 1233 784 1291 Vides
832 1253 991 1308 quam
1016 1253 1206 1297 exacte
1237 1252 1449 1312 tempus
1477 1247 1711 1300 detentze
1754 1261 1780 1299 a
1816 1243 2024 1305 Latinis

443 1323 700 1382 Damiatae
727 1332 1428 1407 defmiat‘Abulpltaragius
1455 1353 1598 1393 anno
1628 1355 1735 1393 uno
1764 1351 1814 1394 et
1850 1343 2023 1396 unde—

441 1415 545 1468 cim
576 1423 874 1479 mensibus.
895 1425 1046 1481 Nune
1067 1429 1449 1499 inquirendum
1475 1449 1541 1487 an
1562 1433 1679 1503 pari
1702 1435 1803 1489 fide
1830 1435 1853 1489 f
1884 1437 2020 1492 riam

442 1521 696 1576 quartam
732 1524 787 1568 et
818 1516 885 1571 19
921 1523 1126 1574 mensis
1159 1522 1350 1578 Raiehi
1377 1527 1516 1579 diem
1558 1528 1643 1581 isti
1687 1530 2022 1584 restitutioni

443 1602 706 1671 assignet.
741 1607 842 1661 Hic
887 1610 990 1666 618
1024 1611 1237 1685 Hegirae
1268 1634 1444 1671 annus
1477 1617 1809 1674 Multarrami
1864 1621 2021 1690 primi

444 1701 530 1754 sui
587 1703 789 1756 mensis
850 1703 1144 1770 Kalendas,
1182 1719 1240 1763 ut
1287 1711 1418 1772 dixi.
1475 1713 1665 1768 habuit
1716 1721 1903 1772 eodem
1940 1718 2028 1773 die

445 1796 571 1848 anui
605 1794 811 1851 Juliani
839 1814 961 1855 terra
990 1802 1193 1858 Christi
1251 1807 1381 1860 i221
1419 1809 1508 1876 qui
1541 1809 1838 1864 vicesimus
1870 1813 2032 1881 quiu-

449 1899 534 1941 tus
557 1887 837 1946 Februarii
890 1907 1206 1951 numeratus
1249 1908 1352 1953 est.
1399 1900 1532 1956 lliuc
1583 1912 1729 1968 patet
1759 1903 2027 1959 Kalendas

449 1979 662 2050 Raiehi,
721 1987 958 2058 septimi,
1025 1999 1082 2042 ιιι
1133 1993 1463 2057 monuimus,
1499 1996 1736 2048 Arabum
1779 1995 1862 2068 [Ρ.
1897 1996 2049 2070 585]-

451 2081 679 2142 mensis.
739 2082 791 2135 in
847 2080 989 2137 diem
1041 2083 1270 2150 Augusti
1307 2085 1621 2140 vicesimum
1663 2090 1894 2156 primum
1937 2089 2028 2143 illo

449 2188 595 2228 anno
627 2174 903 2229 incidisse.
938 2174 1015 2229 Ex
1043 2176 1130 2231 die
1161 2178 1302 2247 Aug.
1340 2177 1401 2231 2!
1441 2179 1484 2232 si
1515 2182 1884 2236 uovemdecim
1911 2181 2029 2244 dies

452 2281 727 2331 numeres,
785 2269 1070 2337 pervenies
1125 2272 1191 2328 ad
1247 2281 1497 2326 octavum
1561 2274 1918 2342 Septembris.
1953 2279 2031 2336 De

449 2372 557 2426 quo
593 2359 637 2413 si
672 2360 806 2414 velis
842 2360 987 2418 scire
1017 2372 1180 2433 quota
1214 2363 1345 2417 feria
1383 2364 1576 2429 ξιιιετὶι,
1613 2384 1794 2437 quaere
1829 2381 2029 2440 quotus

451 2447 557 2530 isto
583 2467 726 2507 anno
757 2467 1077 2510 numeratus
1107 2456 1271 2510 fuerit
1297 2459 1485 2528 cyelus
1517 2462 1670 2514 solis.
1704 2461 1824 2517 Fuit
1852 2482 2029 2520 annus

448 2539 654 2598 Christi
691 2543 823 2617 1221
867 2549 1072 2615 periodi
1098 2549 1328 2606 Julianae
1357 2553 1519 2608 5934.
1563 2554 1774 2608 Divisus
1815 2558 1904 2611 hic
1931 2575 2032 2612 uu-

452 2649 635 2691 merus
691 2651 790 2706 per
846 2637 917 2693 28
962 2640 1203 2710 reliquos
1258 2631 1390 2700 facit
1436 2646 1525 2710 26,
1575 2647 1666 2716 qui
1702 2647 1801 2703 fuit
1845 2650 2032 2720 cyclus

451 2726 585 2780 solis
623 2727 789 2797 hujus
835 2732 983 2786 sttui.
1020 2733 1184 2802 Cyclo
1235 2746 1414 2791 autem
1458 2738 1591 2793 solis
1645 2738 1716 2794 26
1770 2743 2032 2810 competit

451 2818 633 2874 littera
665 2819 1020 2881 Dominicaiis
1055 2826 1120 2893 C,
1158 2844 1279 2898 quae
1326 2845 1447 2885 cum
1498 2833 1551 2886 in
1579 2831 1798 2889 Juliano
1828 2832 2031 2890 Kalen-

451 2910 608 2968 dario
644 2917 972 2987 respondeat
1003 2920 1108 2974 diei
1155 2924 1357 2990 quintae
1404 2925 1764 2996 Septembris,
1795 2930 2036 2983 ost-endit

455 3003 602 3058 illam
647 3021 714 3063 eo
776 3027 919 3066 anno
971 3012 1142 3070 fuisse
1195 3018 1427 3084 primam
1478 3018 1694 3086 feriant,
1730 3037 1794 3076 ac
1827 3039 2032 3079 consc-

457 3109 687 3168 quenter
711 3102 852 3158 dicm
893 3117 1141 3162 octavam
1189 3113 1431 3177 ejusdem
1469 3117 1674 3171 mensis
1717 3113 1858 3172 diem
1889 3117 2034 3176 Mcr-

456 3191 620 3257 eurli,
655 3203 711 3246 ut
741 3195 1177 3269 Abulpharagins
1205 3211 1374 3268 notat,
1405 3203 1520 3259 sive
1545 3202 1731 3261 feriam
1760 3220 2033 3277 quartam,

458 3287 774 3342 necessario
802 3303 924 3344 esse
948 3289 1220 3348 debuisse.

533 3377 600 3435 ν.
633 3381 789 3436 Auno
827 3379 1036 3452 Hcgira:
1063 3382 1188 3447 624.
1247 3385 1401 3455 cujus
1430 3386 1742 3444 Muharram
1774 3389 1974 3461 incepit
2006 3409 2037 3447 a

461 3474 553 3529 die
579 3473 651 3529 22
686 3475 998 3532 Decembris
1031 3479 1158 3532 anni
1211 3479 1412 3536 Christi
1469 3481 1630 3550 1226,
1674 3495 1923 3540 mortuus
1957 3497 2042 3541 est

464 3566 865 3638 Gingizchanes
887 3570 1098 3640 primus
1134 3571 1432 3642 imperator
1462 3573 1852 3645 Moguleusium
1888 3579 1975 3634 die
2009 3580 2042 3635 4

470 3661 675 3716 mensis
730 3659 1075 3730 Ratnadani,
1125 3666 1250 3720 noui
1306 3667 1498 3723 ordine
1576 3669 1632 3724 in
1687 3670 1852 3742 807
1902 3689 2044 3727 anno

472 3757 729 3811 Arabico.
755 3755 953 3812 Incidit
980 3772 1051 3813 ea
1075 3774 1221 3814 mors
1250 3759 1302 3814 in
1339 3742 1660 3817 autumnum
1692 3767 1815 3818 anui
1841 3765 2044 3823 Christi

471 3849 635 3906 1227.
660 3851 822 3906 Addit
853 3852 1291 3924 Abulpharagius
1321 3856 1620 3925 imperasse
1652 3858 1798 3912 illum
1825 3859 2048 3915 circiter

472 3945 663 4012 viginti
695 3945 933 4015 quinque
988 3948 1185 4015 anuis;
1239 3949 1386 4018 quod
1413 3966 1599 4005 verum
1645 3965 1753 4014 est,
1811 3969 1957 4019 cum,
1991 3962 2049 4008 ut

473 4038 750 4106 vidimus,
807 4041 1079 4109 imperare
1133 4043 1361 4112 coeperit
1413 4060 1557 4098 anno
1598 4044 1799 4101 Christi
1866 4047 2048 4112 i202,

476 4132 691 4203 llegirte
719 4131 843 4188 599.
869 4133 1024 4187 Anno
1056 4133 1179 4189 inde
1215 4133 1426 4205 Hegirae
1473 4135 1595 4205 616,
1641 4137 1794 4224 cujus
1835 4139 2052 4194 Muhar-

473 4242 591 4281 ram
628 4226 826 4296 incepit
859 4243 888 4280 a
924 4227 1012 4281 die
1037 4227 1106 4281 50
1132 4226 1454 4285 Novembris
1495 4231 1621 4285 anni
1651 4228 1850 4286 Christi
1889 4233 2047 4299 129.8,

474 4321 822 4389 congregatis
857 4318 1096 4380 comitiis
1138 4321 1406 4376 universae
1457 4323 1636 4391 gentis
1677 4321 1957 4393 Mugulicre
1984 4342 2051 4381 ex

478 4421 808 4466 testamento
867 4410 1254 4483 Gingizchanis
1314 4423 1536 4469 creatus
1616 4426 1697 4469 est
1760 4417 2053 4487 imperator

476 4505 636 4576 Ogtai
673 4504 863 4558 tertius
889 4501 1005 4572 ejus
1037 4504 1196 4565 Illius.
1237 4505 1327 4574 qui
1380 4521 1488 4574 pra
1521 4507 1781 4561 modestia
1817 4524 1910 4577 per
1937 4512 2055 4566 dies

475 4598 830 4667 quadraginta
865 4611 1143 4658 recusans,
1179 4599 1319 4667 quod
1373 4614 1500 4653 suos
1525 4611 1749 4669 patruos
1788 4613 1883 4657 aut
1941 4605 2057 4660 ira-.-

2115 2179 2457 2259 _incredibile
2517 2193 2620 2232 non
2701 2180 2902 2240 debet.

2127 683 2216 738 hic
2282 683 2718 754 Abulpharagius
2789 683 2956 738 Altun
3035 681 3188 737 Chan
3250 696 3315 736 ea
3392 689 3715 747 tempestate

2123 774 2366 830 Cathaize
2409 793 2588 847 regem
2626 776 2682 830 in
2739 776 2875 831 urbe
2922 792 3015 830 sua
3067 776 3324 845 primaria
3374 771 3520 826 Nam
3558 772 3715 837 Cinc,

2125 872 2241 924 sive
2284 881 2341 924 ut
2379 872 2539 938 vulgo
2589 871 2678 925 alii
2729 871 2996 936 scribunt,
3031 853 3332 937 Namquiu,
3362 876 3716 936 exspectasse

2123 977 2442 1018 successum
2490 963 2809 1031 irruptionis
2862 963 3026 1031 hujus
3076 962 3398 1024 Tartaricm,
3448 961 3617 1014 misso
3642 961 3713 1012 ad

2125 1056 2387 1110 arcendos
2414 1057 2612 1110 finibus
2641 1055 2984 1125 Mogulenses
3012 1067 3231 1110 centmn
3269 1053 3498 1107 millium
3527 1051 3716 1107 fortis-

2125 1152 2393 1206 simorum
2480 1152 2708 1205 militum
2763 1152 3032 1207 exercitu.
3095 1151 3200 1204 Sed
3271 1151 3371 1204 has
3437 1149 3623 1212 copias
3678 1161 3710 1199 a

2129 1244 2337 1310 Kaane,
2380 1245 2864 1300 nutncrosissimas
2903 1260 2999 1314 per
3045 1259 3103 1298 se
3143 1242 3405 1298 ductante
3439 1241 3716 1310 Moguleu-

2127 1337 2266 1391 sium
2321 1336 2585 1408 legiones,
2617 1337 3017 1394 lcruentissimo
3066 1335 3234 1389 fuisse
3265 1335 3450 1403 prrelio
3486 1334 3708 1394 deletas.

2127 1430 2232 1483 alia
2292 1429 2452 1498 longe
2507 1443 2775 1497 sperans,
2835 1427 3279 1496 ittoltinatissime
3335 1426 3498 1480 Altun
3562 1425 3711 1479 Chan

2129 1524 2361 1586 audivit,
2393 1527 2522 1577 inde
2551 1524 2687 1577 adeo
2715 1533 3105 1577 consternatus
3149 1530 3209 1576 ut
3255 1515 3396 1574 ﬁlios
3423 1531 3478 1573 et
3519 1534 3715 1573 uxores

2110 1618 2183 1670 'in
2244 1631 2339 1670 suo
2379 1631 2559 1670 secum
2613 1617 2816 1683 palatio
2851 1616 3004 1685 iuceu
3031 1618 3174 1676 ierit,
3214 1630 3278 1668 ne
3313 1614 3467 1667 vivus
3508 1613 3564 1666 in
3602 1611 3712 1666 Ma-

2132 1707 2434 1780 gulensium
2463 1723 2654 1763 manus
2682 1709 2890 1763 veniret
2918 1726 2932 1774 ;
2967 1708 3058 1777 qui
3091 1708 3250 1775 paulo
3279 1717 3397 1776 post
3431 1708 3714 1758 venientes

2131 1812 2184 1856 et
2216 1799 2580 1872 Namquinum
2611 1811 2667 1857 et
2698 1812 2925 1857 caeteras
2960 1803 3228 1854 maximas
3273 1799 3516 1854 Catii-aias
3550 1799 3713 1852 urbes

2134 1899 2238 1954 sibi
2269 1899 2634 1966 subjecerunt.
2689 1898 3042 1955 Notissimnm
3098 1913 3258 1967 porro
3311 1906 3395 1952 est
3444 1895 3718 1965 Namqui-

2136 2008 2265 2047 num
2301 2008 2495 2047 nomen
2530 2009 2652 2048 esse
2675 1988 2900 2048 alterius
2931 1993 3078 2045 urbis
3104 1991 3264 2064 regiae
3298 1989 3514 2051 imperii
3551 1987 3720 2042 Sina-

2132 2101 2273 2151 rum,
2308 2100 2467 2154 quam
2518 2096 2632 2140 tum
2671 2086 2842 2144 fuisse
2886 2095 3098 2155 captam
3155 2101 3184 2137 a
3240 2065 3482 2137 'i'artaris
3542 2081 3716 2136 videri

2970 2195 3091 2233 cum
3153 2176 3256 2231 hac
3314 2188 3496 2231 nostra
3561 2183 3720 2230 aetate

2130 2271 2362 2326 similem
2389 2272 2746 2342 irruptionem
2777 2269 3113 2327 Tartaricam
3143 2272 3192 2323 in
3228 2269 3460 2324 Sineuse
3493 2284 3718 2337 regnum

2131 2363 2428 2435 contigisse
2480 2364 2802 2418 certissimis
2856 2363 3062 2418 nuntiis
3114 2362 3580 2432 cognoverimus;
3618 2377 3720 2428 quia

2132 2458 2296 2512 etiam
2355 2457 2468 2511 haec
2521 2455 2712 2510 eadem
2790 2454 3219 2525 Namquineusis
3293 2454 3490 2510 civitas
3559 2467 3719 2523 capta

2133 2561 2187 2603 et
2238 2559 2444 2604 vastata
2506 2546 2674 2602 fuisse
2728 2546 3119 2601 dissertissime
3175 2547 3430 2608 traditur,
3482 2547 3724 2615 itemque

2135 2643 2305 2698 altera
2342 2642 2670 2712 Pequinum,
2721 2641 2836 2696 ubi
2863 2642 3236 2708 deprehensus
3269 2637 3586 2692 Sinensium
3624 2652 3720 2693 rex

2133 2747 2241 2789 non
2290 2731 2472 2787 minus
2525 2733 2732 2800 tragico
2765 2747 2925 2800 quam
2977 2742 3106 2784 tunc
3161 2731 3323 2785 Altun
3361 2730 3513 2783 Chao
3568 2729 3720 2783 exitu

2137 2824 2568 2894 desperationem
2607 2823 2864 2878 ostendit.
2895 2821 3029 2876 Nam
3062 2836 3130 2875 ne
3160 2820 3453 2877 victoribus
3486 2819 3723 2875 ludibrio

2133 2929 2305 2982 esset,
2361 2916 2530 2972 nubili
2590 2915 2740 2986 prius
2776 2916 2884 2970 tilia
2935 2916 3287 2977 obtruncata.
3344 2931 3468 2972 sese
3514 2917 3630 2984 ipse
3659 2930 3724 2970 ex

2136 3011 2337 3066 arbore
2372 3009 2677 3078 suspendit,
2713 3023 2857 3062 anno
2897 3008 3101 3064 Christi
3138 3006 3299 3073 1644,
3341 3019 3401 3061 ιιι
3439 3006 3634 3077 legitur
3674 3004 3723 3058 in

2139 3101 2369 3157 historia
2395 3099 2610 3155 Martini
2645 3099 2883 3154 Martinii
2927 3099 3102 3155 nostri
3146 3099 3304 3154 testis
3347 3113 3484 3168 pene
3527 3099 3724 3153 oculati

2141 3197 2245 3250 hac
2271 3197 2336 3249 de
2370 3209 2427 3248 re
2479 3193 2647 3258 edita,
2678 3209 2801 3262 quae
2870 3201 2920 3246 et
2966 3192 3159 3247 eadem
3191 3208 3254 3245 es
3289 3191 3407 3259 ejus
3435 3206 3534 3246 ore
3579 3202 3635 3246 et
3670 3190 3725 3245 P.

2062 3318 2112 3381 ο
2143 3285 2421 3340 Michaelis
2471 3283 2663 3356 Boymi
2696 3284 2827 3338 item
2867 3284 3063 3348 nostri,
3111 3282 3200 3335 hic
3251 3280 3437 3336 Roma:
3467 3280 3596 3335 dum
3619 3282 3728 3334 visa

2148 3378 2417 3433 referrent
2467 3376 2798 3432 audivimus.
2837 3375 2943 3430 Sed
2976 3385 3030 3430 et
3077 3371 3361 3429 Cathaiam
3417 3389 3528 3428 non
3587 3371 3729 3428 aliud

2145 3487 2264 3528 esse
2298 3488 2460 3541 quam
2492 3471 2704 3534 Sinam,
2733 3469 2932 3524 missus
2960 3467 3076 3524 Goa
3111 3483 3202 3522 an.
3231 3465 3436 3522 Christi
3479 3465 3636 3532 1605,
3668 3464 3732 3521 16

2145 3563 2390 3620 Januarii
2449 3563 2777 3619 Benedictus
2830 3559 2975 3617 Goer
3023 3572 3208 3616 noster
3267 3563 3334 3613 ad
3399 3561 3499 3616 hoc
3562 3561 3731 3630 ipsunt

2146 3656 2762 3729 explorandum,trienni
2789 3655 3224 3727 peregrinatione
3248 3653 3554 3709 clarissime
3571 3652 3737 3724 808

2149 3751 2532 3820 deprehendit,
2578 3752 2630 3804 in
2659 3749 2847 3805 urbem
2884 3747 3132 3802 Sinensis
3168 3749 3319 3816 regni
3356 3745 3595 3800 Suceum
3637 3749 3734 3800 sub

2153 3843 2313 3898 finem
2370 3843 2500 3898 anni
2557 3843 2763 3898 Christi
2811 3841 2950 3898 1605
3001 3841 3350 3912 perveniens.
3409 3839 3654 3909 Denique
3687 3838 3734 3894 id

2150 3935 2331 4004 ipsum
2361 3935 2565 3990 diserte
2611 3933 3051 4005 Abulpharagius
3082 3931 3216 3987 alibi
3265 3941 3522 3998 testatur,
3549 3946 3738 4003 nempe

2153 4045 2208 4100 p.
2235 4028 2336 4084 '55l
2407 4029 2568 4100 hujus
2604 4028 2778 4097 ipsius
2812 4028 2895 4082 sui
2924 4026 3206 4084 Chronici.

2224 4121 2316 4177 Ἢ.
2362 4121 2459 4178 llic
2506 4129 2703 4176 caetera
2759 4118 2996 4176 breviter
3050 4119 3279 4175 secundi
3339 4118 3736 4190 Moguleusium

2155 4217 2498 4290 imperatoris
2516 4224 2632 4271 acta
2653 4213 2738 4288 [P.
2759 4211 2888 4286 586]
2911 4213 3215 4278 reddemus,
3231 4228 3296 4268 eo
3315 4213 3578 4267 libentius
3595 4210 3731 4281 quod

2153 4331 2273 4386 quae
2309 4319 2497 4369 horum
2549 4311 2795 4382 proxime
2823 4299 3171 4373 occurrunt,
3212 4306 3552 4363 illustrandae
3615 4307 3741 4360 huic

2157 4423 2358 4465 nostrae
2391 4405 2832 4476 Pachymcrianae
2860 4401 3111 4457 llistorite
3161 4417 3268 4456 non
3311 4414 3742 4471 parumvaccom-

2158 4509 2374 4560 mndata
2421 4496 2920 4565 deprehenduntur.
2967 4494 3270 4549 “eversum
3307 4507 3339 4547 e
3397 4492 3615 4546 Sioensi
3651 4506 3743 4544 ex-

2160 4598 2432 4668 peditione
2481 4594 2718 4650 Kaanem
2788 4589 3224 4660 Abulpharagius
3272 4595 3536 4641 memorat
3607 4585 3745 4640 Baltt

479 4701 589 4746 tres
621 4700 749 4744 natu
785 4690 1021 4757 majores
1041 4691 1410 4760 praeferendos
1442 4692 1544 4747 sibi
1577 4694 1804 4760 diceret,
1840 4700 2054 4753 tandem
2091 4718 2134 4774 ι)
2166 4693 2279 4748 sive
2333 4691 2525 4751 Batuo,
2561 4686 2731 4742 Tusbi
2779 4683 2960 4738 fratris
2994 4683 3077 4736 sui
3131 4691 3263 4734 natu
3325 4679 3547 4732 maximi
3582 4691 3747 4747 nuper

480 4799 748 4839 consensu
778 4785 976 4850 victus,
1012 4784 1080 4840 ab
1114 4782 1346 4838 Utacino
1376 4797 1568 4854 patruo
1600 4799 1652 4842 et
1687 4790 1857 4857 logtai
1890 4790 2056 4846 fratre

483 4878 688 4948 majore
721 4877 975 4934 collocari
1008 4895 1066 4933 se
1103 4879 1154 4932 in
1189 4881 1384 4934 throno
1417 4897 1613 4948 passus
1644 4897 1943 4952 cognomen
1991 4887 2058 4939 ab

484 4973 672 5028 iisdem
713 4972 1021 5041 impositum
1050 4969 1208 5026 Kaan
1233 4973 1466 5042 accepit.
1501 4973 1654 5028 Anno
1689 4973 1898 5044 llegirze
1925 4975 2054 5044 627,

485 5067 638 5138 cujus
682 5064 934 5120 Kalendae
969 5065 1303 5120 Muharrami
1357 5078 1626 5135 occupant
1664 5070 1807 5123 diem
1869 5071 2061 5126 vicesi-

485 5175 632 5214 mum
677 5157 999 5214 Novembris
1049 5156 1248 5212 Juliaui
1301 5173 1445 5212 anno
1489 5175 1609 5215 aera:
1658 5161 1859 5218 Christi
1898 5164 2060 5229 1929,

485 5253 892 5323 expeditionem
921 5255 1168 5323 suscepit
1215 5271 1392 5310 novus
1440 5256 1738 5326 imperator
1781 5254 2064 5322 Moguleu-

483 5346 622 5399 sium
654 5340 805 5397 Kaan
842 5343 896 5397 in
933 5343 1113 5413 regem
1147 5341 1424 5399 Cathaiaa.
1468 5342 1695 5397 Cathaia
1733 5357 1897 5412 porro
1934 5345 2063 5412 quid

487 5439 676 5504 fuerit,
728 5441 817 5508 qui
869 5453 936 5493 ex
988 5439 1089 5492 hoc
1136 5437 1352 5495 discere
1403 5449 1628 5493 auctore
1662 5435 1856 5491 idoneo
1903 5436 2066 5491 malet

489 5547 653 5603 quam
685 5547 714 5586 e
764 5531 1063 5602 nugacibus
1118 5531 1332 5586 fabellis
1365 5532 1679 5586 institorum
1721 5531 2063 5585 illudcntium

489 5627 798 5690 credulitati
851 5626 1016 5696 vulgi,
1068 5642 1174 5680 non
1205 5625 1474 5680 dubitabit
1540 5624 1772 5693 amplius
1810 5626 1940 5694 quin
1985 5624 2071 5677 Si-

490 5736 659 5778 nense
695 5735 940 5794 regnum,
977 5721 1135 5781 hodie
1187 5720 1239 5773 in
1287 5718 1499 5788 Europa
1540 5719 1884 5772 notissimum
1915 5717 2071 5771 navi-

490 5796 798 5889 gati‘onibus
831 5809 1242 5875 Lusitanorum,
1305 5809 1358 5864 id
1391 5811 1568 5879 ipsum
1609 5824 1795 5863 revera
1837 5808 1909 5862 sit
1944 5825 2068 5862 cum

489 5921 557 5959 eo
590 5905 734 5976 quod
761 5904 924 5961 Aiton
963 5905 1259 5966 Armenus,
1285 5901 1482 5956 Paulus
1515 5899 1779 5967 Venetus,
1813 5910 1864 5955 et
1895 5902 1936 5957 si
1961 5901 2068 5971 ἰιιιί

493 5999 582 6056 alii
615 5997 908 6067 scriptores
961 6013 1139 6052 rerum
1196 5995 1469 6050 interioris
1512 6005 1563 6050 et
1603 5997 1835 6051 maxime
1863 5994 2055 6049 0riec~

2163 4785 2360 4840 mortui
2395 4784 2526 4848 filio,
2575 4794 2900 4835 numerosas
2944 4787 2998 4831 et
3027 4776 3233 4830 validas
3271 4773 3484 4828 dedisse
3535 4773 3741 4840 copias,

2162 4896 2285 4935 cum
2321 4880 2578 4932 mandato
2611 4875 3012 4944 expeditionem
3052 4867 3381 4938 suscipiendi
3445 4868 3498 4920 in
3545 4875 3747 4920 tractus

2162 4971 2696 5040 septentrionaleset
2729 4965 3052 5034 subjugaudi
3086 4960 3455 5021 Sclavoniam,
3482 4957 3758 5017 Alauiam.‘

2166 5063 2436 5123 Russiam,
2475 5059 2801 5130 Bulgariam.
2837 5054 2995 5108 lliscc
3045 5055 3432 5121 obtemperans
3487 5047 3751 5102 mandatis

2166 5157 2366 5210 Batnus
2392 5155 2636 5222 ingentes
2665 5150 2972 5204 mortalium
3011 5157 3220 5214 strages
3248 5143 3454 5197 edidit:
3499 5157 3645 5205 nam,
3700 5149 3754 5192 ιιι

2165 5253 2237 5306 ibi
2284 5252 2358 5304 ait
2405 5246 2856 5314 Abulpharagius,
2897 5258 3017 5297 cum
3076 5237 3228 5293 Kaan
3289 5233 3752 5306 proficiscentibus

2168 5348 2233 5398 ad
2271 5346 2372 5399 hoc
2407 5341 2604 5398 bellum
2631 5337 2897 5392 militibus
2924 5333 3184 5390 edixisset
3213 5341 3269 5384 ut
3306 5329 3587 5385 hominum
3622 5342 3754 5396 quos

2167 5439 2396 5509 quisque
2454 5434 2725 5489 occideret
2780 5444 2968 5485 aurem
3019 5427 3320 5491 dexteram,
3382 5422 3451 5477 sd
3500 5421 3753 5475 indicium

2173 5515 2408 5593 mmieri,
2473 5527 2700 5581 recisam
2741 5538 2771 5576 e
2830 5519 3094 5575 cadavere
3135 5533 3320 5573 secum
3369 5512 3632 5577 auferret,
3669 5512 3754 5580 qui

2173 5625 2326 5680 ferali
2364 5621 2488 5676 huic
2521 5619 2704 5674 censui
2745 5615 3002 5670 habendo
3041 5611 3277 5684 praefecti
3317 5617 3494 5672 erant,
3534 5606 3757 5661 ducenta

2173 5715 2513 5785 septuaginta
2575 5711 2852 5766 hominum
2915 5706 3078 5760 millia
3137 5703 3357 5758 totidem
3398 5698 3756 5753 exhibitarum

2174 5810 2491 5863 dextrarum
2558 5801 2928 5856 auricularum
2998 5803 3321 5867 argumento
3385 5799 3760 5860 compererunt

2179 5901 2295 5957 neci
2349 5898 2547 5953 tradita
2582 5895 2772 5949 fuisse.
2851 5890 3016 5946 Addit
3065 5890 3239 5942 Arabs
3275 5883 3659 5954 cltrouologus,
3712 5893 3762 5934 re

2186 5999 2323 6052 bene
2351 5992 2404 6046 in
2443 5988 2728 6045 Sclavonia
2759 5993 2933 6054 gesta,
2964 5981 3268 6040 decrevisse
3317 5979 3542 6034 Batuum
3575 5969 3760 6030 adoriri
