4058 6298
413 363 526 428 865

1725 367 1818 428 C1]
1829 356 2392 433 RONOLOGICUS.

3565 374 3674 440 866

410 477 958 547 Ceustant'nopolim,
992 487 1042 534 et
1072 494 1138 536 eo
1160 480 1339 536 animo
1368 482 1418 536 in
1448 482 1753 551 Bulgariam
1797 485 1996 538 movis-
2024 493 2070 540 Α
2103 485 2151 537 vi
2186 495 2462 553 ceperunt.
2488 490 2644 542 Anno
2685 489 2820 561 Heg.
2854 490 2979 557 660,
3009 490 3211 571 Christi
3263 490 3423 554 12η,
3471 507 3499 546 a
3559 494 3676 545 Ka-

409 586 495 624 se.
533 570 638 624 Sed
672 571 778 626 illic
813 572 1066 627 habuisse
1098 575 1290 629 obvios
1321 574 1660 632 Francorum
1694 591 1867 646 reges,
1892 577 1994 632 hoc

406 646 493 716 est
559 668 723 718 duces
771 663 1085 722 Latinorum
1142 668 1233 736 qui
1277 677 1405 723 tunc
1465 668 1991 745 Constantinopolim

409 756 690 818 tenebant,
752 758 843 827 qui
877 757 1252 824 frequentibus
1286 761 1486 830 prazliis
1521 762 1691 817 victos
1712 761 1991 832 Mogulen-

407 863 500 903 ses
542 861 687 919 terga
721 853 850 904 dare
881 862 1161 921 coegerunt
1195 853 1380 920 (verba
1430 865 1558 909 sunt
1581 855 1993 925 Abulpharagii)

407 944 543 995 adeo
598 954 654 996 ut
703 945 768 997 ab
817 945 896 998 Itis
957 946 1346 999 incursionibus
1415 950 1609 1002 reversi
1665 948 1995 1020 Megalenses

407 1031 555 1086 haud
585 1035 776 1087 iterum
816 1034 886 1087 ad
928 1034 1064 1089 hunc
1108 1052 1272 1104 usque
1305 1037 1440 1090 diem
1473 1034 1780 1093 Cra-corum
1813 1037 1994 1095 Fran-

406 1144 657 1181 corumre
702 1127 939 1197 regiones
985 1131 1220 1199 aggressi
1260 1132 1480 1201 fuerint.
1519 1130 1634 1186 Tali
1688 1134 2000 1190 narratione

408 1221 709 1276 multorum
769 1217 1033 1276 annorum
1079 1223 1214 1277 bella
1248 1231 1300 1278 et
1348 1226 1686 1280 incursiones
1722 1226 1775 1280 in
1819 1226 1995 1283 varias

406 1313 620 1383 imperii
664 1313 890 1368 Romani
927 1317 1220 1371 Orientalis
1245 1328 1448 1385 partes,
1487 1322 1702 1375 diverso
1732 1335 1994 1376 successu

406 1418 435 1455 a
494 1403 895 1472 Mogulensibus
927 1413 1189 1471 tentatas,
1233 1408 1380 1462 iunui
1418 1411 1553 1464 satis
1584 1420 1828 1480 apparet;
1857 1416 1998 1467 unde

406 1510 514 1549 non
557 1511 689 1550 vana
733 1498 1048 1564 conjectura
1082 1501 1152 1552 sit
1182 1504 1328 1555 nunc
1351 1503 1858 1557 circumminanlem
1888 1503 1999 1559 Ro-

405 1587 581 1642 mauis
618 1591 912 1658 provinciis
966 1591 1327 1647 Tocharicum
1380 1595 1690 1659 tumultum,
1736 1597 1804 1652 ab
1851 1612 1998 1653 anno

403 1682 628 1736 circiter
663 1682 872 1752 Hegirat
899 1684 1004 1741 628
1035 1687 1100 1740 ad
1133 1686 1258 1750 638,
1296 1687 1396 1744 hoc
1429 1700 1512 1744 est
1536 1690 1603 1744 ab
1628 1693 1997 1752 anuoChriSIi
2026 1727 2030 1730 -

406 1771 546 1826 1230
589 1773 654 1828 ad
695 1774 854 1839 1240,
933 1776 1285 1844 inquietasse,
1337 1783 1534 1848 partim
1586 1782 1775 1840 Nicaea:
1815 1784 2028 1840 domi-.

408 1873 604 1919 nantes
661 1865 864 1922 Gravis
919 1867 1219 1934 Lasrsrim,
1276 1882 1366 1926 aut
1434 1872 1732 1938 Batatzatn.
1790 1878 1985 1946 partim

403 1956 762 2025 imperantem
793 1957 1258 2029 Const-antinOpuli
1307 1964 1625 2020 Balduinum
1655 1964 1773 2036 eius
1815 1969 1990 2024 nomi-

405 2051 493 2103 nis
519 2071 531 2082 ι’
547 2052 869 2106 secundum.
903 2050 1119 2110 Fortius
1155 2068 1318 2124 porro
1363 2072 1428 2112 ac
1479 2057 1688 2113 felicius
1724 2061 1989 2117 restitisse

402 2139 670 2197 Tocharis
700 2142 922 2198 Latinos
955 2162 1115 2211 quam
1149 2147 1368 2203 Graecos
1401 2165 1468 2204 eo
1506 2151 1667 2213 bello.
1704 2154 1845 2222 quod
1878 2153 1991 2207 for-

405 2242 458 2287 te
485 2248 672 2300 parum
708 2237 933 2291 candide
968 2237 1335 2309 Pacbymeres
1364 2241 1750 2312 dissimulavit,
1783 2245 1987 2302 diserte

405 2327 497 2383 hic
546 2327 780 2385 aliirmst
833 2331 1283 2405 Abulpharsgius.
1338 2333 1414 2390 Ex
1455 2351 1561 2406 quo
1599 2339 1762 2393 etiam
1819 2341 1983 2397 disci-

404 2434 528 2476 Inus
559 2421 812 2476 debuisse
855 2423 1073 2478 (ἴε-πνους
1114 2425 1413 2480 fortitudini
1446 2427 1781 2494 Latinorum,
1815 2434 1983 2488 victo-

404 2514 504 2568 riis
560 2513 612 2566 in
653 2515 894 2578 Bulgaria
935 2518 1000 2570 de
1057 2517 1461 2587 Mognleusibus
1503 2523 1689 2579 relatis
1724 2528 1984 2593 probatae,

403 2618 679 2659 recessum
720 2604 1089 2681 Tochuro‘rum
1142 2611 1210 2663 ab
1243 2613 1479 2680 ipsorum
1517 2612 1752 2681 ﬁnibus;
1784 2633 1810 2670 a
1866 2619 1987 2688 qui-

403 2698 506 2751 bus
543 2698 682 2753 bello
714 2699 989 2755 tentandis
1023 2702 1126 2756 nisi
1168 2713 1375 2762 terrore
1413 2703 1730 2764 Latinorum
1761 2712 1985 2768 cohibiti

401 2800 816 2861 temperassent,
852 2805 1114 2863 quantttm
1168 2797 1462 2867 profecturi
1490 2801 1687 2866 forent,
1747 2814 1988 2860 conster-

403 2884 553 2938 natio
582 2883 888 2939 Grmcorum
917 2888 984 2940 ad
1016 2889 1183 2943 solam
1227 2891 1554 2948 mentionem
1614 2895 1735 2949 belli
1771 2896 1986 2952 Tocha-

407 2976 504 3030 rici
546 2975 688 3045 saepe
728 2992 791 3032 ac
844 2977 964 3032 fuse
1022 2995 1050 3033 a
1107 2979 1442 3054 Pachymere
1491 2995 1790 3042 memorata
1850 2991 1984 3046 satis

403 3071 774 3138 auguraudum
830 3073 1050 3141 praebet.
1096 3073 1211 3130 Huc
1264 3077 1407 3130 enim
1455 3079 1572 3134 sine
1605 3081 1769 3135 dubio
1822 3084 1989 3152 perti-

2100 574 2270 631 lendis
2329 577 2478 645 Julii,
2547 580 2887 651 Mogulenses
2941 586 3211 639 suitanem
3299 585 3672 642 Giattodiuunt

2097 666 2215 720 acie
2248 669 2512 737 vicerunt,
2549 672 2667 742 ejus
2704 679 2867 729 urbes
2899 673 3147 728 Sivasam
3185 685 3235 728 et
3294 675 3596 730 Caesaream
3623 685 3678 730 et

2095 755 2441 822 Asettganttm
2461 773 2739 830 ceperunt,
2764 774 2818 820 et
2839 765 2921 820 his
2937 765 3090 819 malis
3111 764 3194 838 [P.
3219 765 3347 838 εξεη
3374 766 3545 820 fracto
3563 768 3676 820 sul-

2102 848 2213 901 tani
2272 850 2536 906 tributum
2606 854 3002 922 imposuerunt.
3063 858 3222 912 Auno
3291 857 3504 929 llcgira‘.
3545 857 3673 924 643,

2098 938 2303 994 Christi
2331 941 2490 1009 1245,
2518 959 2544 996 a
2583 943 2829 1016 Maii29,
2869 933 3021 1002 Kaa'n
3066 949 3339 1003 secundus
3383 952 3676 1019 imperator

2099 1031 2495 1103 Mogulensium
2542 1039 2724 1094 vivere
2779 1041 2962 1105 desiit,
3002 1042 3282 1108 designato
3337 1043 3488 1111 prius
3554 1058 3678 1096 snt:-

2098 1139 2318 1182 cessore
2352 1138 2402 1184 et
2456 1132 2722 1186 accersito
2757 1134 2826 1187 ad
2867 1134 3004 1209 hoc,
3038 1136 3164 1187 dum
3198 1137 3374 1190 adhuc
3427 1136 3632 1191 viveret
3656 1175 3672 1198 ,

2098 1218 2316 1289 Cayuco
2339 1223 2437 1276 suo
2464 1222 2605 1290 filio;
2640 1226 2729 1295 qni
2762 1229 2813 1279 in
2846 1227 3040 1282 itinere
3068 1231 3318 1283 nuntium
3347 1231 3555 1298 accepit
3607 1231 3673 1284 de

2100 1313 2270 1381 patris
2318 1327 2514 1370 morte.
2550 1315 2721 1371 Mater
2762 1319 2988 1390 Cayuci,
3041 1321 3184 1380 dicta
3213 1319 3503 1388 Turacina,
3555 1338 3675 1392 quae

2100 1405 2328 1468 Chatun,
2361 1407 2465 1462 hoc
2495 1418 2576 1461 est
2605 1412 2820 1466 domina
2841 1412 2955 1467 sive
2983 1429 3117 1467 uxor
3153 1414 3429 1482 primaria,
3470 1417 3676 1471 Kaanis

2100 1497 2298 1565 fuerat,
2332 1503 2616 1570 imperium
2651 1504 3074 1572 administravit,
3101 1509 3273 1562 donec
3299 1509 3517 1563 comitia
3541 1526 3666 1580 gen-

2099 1592 2168 1644 tis
2213 1593 2481 1649 universa:
2514 1597 2888 1652 convenirent.
2918 1599 3073 1653 Auno
3104 1599 3239 1668 lieg.
3284 1599 3410 1664 6H,
3467 1601 3672 1658 Christi

2101 1680 2264 1746 1246,
2291 1700 2317 1736 s
2355 1684 2474 1737 Maii
2521 1684 2608 1747 l9,
2642 1685 2949 1741 celebratus
2981 1697 3062 1742 est
3099 1704 3323 1760 magnus
3373 1698 3673 1744 conventus

2103 1773 2405 1844 principum
2434 1785 2484 1831 et
2518 1779 2714 1832 ducum
2776 1779 3170 1850 Mogulensium
3214 1793 3444 1853 tempore
3491 1800 3669 1846 vet-na,

2099 1867 2176 1920 ait
2201 1866 2661 1937 Abulpharagius,
2680 1871 2779 1924 hoc
2799 1882 2904 1937 est,
2938 1879 2993 1927 ut
3020 1877 3236 1944 opinor,
3276 1876 3666 1946 mense'Aprili

2094 1959 2222 2014 anni
2247 1958 2452 2016 Christi
2485 1963 2644 2028 1247,
2672 1966 2849 2019 adhuc
2872 1980 3128 2022 currente
3162 1967 3267 2023 644
3287 1968 3514 2040 Hegirte.
3570 1968 3670 2022 liis

2094 2051 2329 2106 comitiis
2355 2051 2600 2123 Cayuctts
2623 2056 2850 2111 tliiornm
2882 2056 3085 2114 Kaauis
3105 2061 3540 2126 natumaxitnns,
3564 2078 3686 2113 tton-

2095 2144 2209 2198 sola
2240 2146 2415 2201 astatis
2443 2151 2800 2217 praerogativa
2834 2162 2926 2205 aut
2974 2153 3143 2222 patris
3199 2155 3427 2223 judicio,
3462 2161 3556 2208 sed
3616 2165 3671 2208 et

2094 2225 2468 2305 praestantium
2496 2239 2754 2296 virtutum
2793 2259 2856 2298 ac
2892 2245 3098 2300 dotium
3166 2247 3360 2301 merito
3410 2245 3668 2316 praelatus

2096 2329 2316 2384 Cubano
2337 2339 2392 2387 et
2426 2331 2721 2389 Siramuno
2747 2337 3053 2392 minoribus
3089 2339 3373 2418 fratribus,
3435 2342 3671 2412 impera-

2097 2434 2181 2475 tor
2207 2422 2551 2493 declaratur;
2587 2427 2883 2499 titulus‘que
2938 2432 3039 2500 ipsi
3073 2424 3287 2488 additus
3333 2445 3414 2488 est
3455 2434 3672 2506 Cayuc-

2093 2515 2317 2572 Chattis.
2357 2518 2634 2573 Hic'duos
2655 2523 2954 2588 praecipuos
2987 2524 3268 2581 ministros
3321 2525 3665 2585 Christianos

2095 2610 2298 2675 habuit,
2328 2627 2555 2680 quorum
2588 2615 2739 2668 alteri
2774 2615 3019 2681 Kadalto,
3051 2620 3208 2673 alteri
3240 2618 3432 2674 (ἔξηΚαὶ
3464 2625 3660 2676 nomen

2096 2699 2225 2769 fuit;
2262 2718 2492 2771 quorum
2529 2703 2715 2760 favore
2748 2708 2987 2776 epist-Opi
3014 2718 3068 2762 et
3107 2712 3356 2765 monachi
3391 2727 3420 2766 a
3449 2711 3666 2784 Cayuc-

2092 2794 2277 2848 Chaue
2305 2805 2476 2851 matre
2504 2795 2675 2867 ipsius
2711 2799 3080 2868 universaque
3126 2803 3274 2873 regis
3299 2785 3504 2858 familia
3564 2805 3668 2860 im-

2094 2902 2260 2957 pense
2292 2890 2723 2947 honorabantur.
2756 2889 2911 2949 Unde
2947 2896 3180 2966 contigit
3208 2897 3342 2952 adeo
3401 2890 3515 2954 illic.
3547 2915 3668 2955 cre-

2094 2996 2252 3036 scere
2278 2983 2645 3040 Christianam
2683 2987 3030 3057 religionem,
3067 2999 3327 3057 quantum
3355 2993 3438 3046 bis
3488 2995 3669 3049 verbis

2097 3075 2530 3142 Abulphuragius
2561 3081 2821 3145 ostendit,
2875 3079 3208 3154 Factumque
3253 3096 3354 3150 est,
3384 3086 3665 3154 inquiens,

402 3169 537 3213 nent
577 3176 697 3230 qua:
745 3164 835 3217 ille
881 3165 984 3218 vol.
1033 3165 1084 3230 l,
1119 3182 1170 3234 p.
1212 3169 1345 3233 155,
1419 3183 1605 3226 narrat
1665 3176 1730 3227 de
1781 3185 1986 3231 terrore

2094 3170 2372 3236 imperium
2400 3167 2784 3238 Christianum,
2821 3182 2870 3226 et
2897 3177 3075 3245 magni
3104 3177 3443 3232 habitarunt
3490 3192 3668 3250 gentes

407 3249 789 3316 imperatorum
847 3253 1240 3322 Nicaeensium,
1287 3261 1502 3329 quoties
1558 3280 1742 3319 rumor
1775 3265 1986 3340 Tocha-

403 3354 585 3394 rorum
624 3344 1002 3414 iucrebuerat;
1037 3360 1143 3401 ttnu
1180 3367 1296 3419 qua:
1319 3368 1375 3422 p.
1410 3353 1516 3409 H9
1552 3355 1713 3411 refert
1744 3359 1809 3412 de
1852 3376 1986 3414 con-

401 3436 734 3492 sternatione
766 3439 960 3493 Punica
1011 3441 1200 3497 Nicena
1237 3444 1385 3502 urbis
1431 3447 1496 3502 ad
1548 3461 1722 3504 ortum
1751 3469 1813 3507 ex
1850 3471 1985 3510 vano

405 3540 651 3578 murmur
697 3529 1010 3598 irruptionis
1041 3533 1208 3604 809
1237 3537 1452 3592 horum.
1501 3538 1757 3595 Videntur
1804 3554 1980 3599 autem

403 3617 606 3686 repulsi
641 3631 784 3674 metu
819 3637 846 3674 a
908 3621 1165 3680 Romanis
1198 3638 1323 3684 tunc
1371 3634 1666 3699 provinciis
1712 3635 1986 3701 Mogulen-

401 3725 493 3765 ses
516 3710 827 3769 incubuisse
862 3716 912 3769 in
968 3716 1262 3787 Persidem;
1299 3725 1387 3777 ubi
1423 3740 1651 3781 navasse
1685 3729 1828 3796 ipsos
1853 3746 1982 3801 ope-

403 3815 540 3866 ram,
579 3802 818 3872 Calypha
875 3807 986 3862 illic
1043 3810 1356 3866 dmuinaute
1423 3818 1564 3870 victo
1599 3829 1652 3872 et
1700 3834 1979 3889 oppreSso.

403 3906 585 3947 narrat
617 3899 814 3953 ibidem
862 3900 975 3955 fuse
1026 3901 1390 3972 Pachymeres
1437 3925 1490 3978 p.
1531 3909 1652 3971 155.
1685 3913 1984 3982 adjungeus

381 3985 502 4040 bus
534 3986 586 4040 in
619 3987 836 4044 Perside
860 3991 1238 4062 belligerantes
1282 3995 1559 4053 Tocharos
1587 4000 1744 4071 vulgo
1767 4003 1982 4062 Atarios

403 4081 648 4133 vocatos.
687 4081 838 4147 Quod
879 4100 1074 4138 nomen
1127 4085 1265 4142 forte
1317 4088 1460 4144 haud
1492 4106 1692 4147 temere
1740 4097 1984 4167 suspice~

404 4180 490 4224 tur
521 4174 789 4242 quispiam
828 4191 857 4230 e
882 4177 1099 4232 nomine
1127 4182 1278 4234 ducis
1311 4181 1546 4251 ipsorum
1583 4187 1873 4253 detortum,
1925 4202 1984 4245 ut

401 4265 497 4333 qui
528 4280 588 4320 se
616 4267 714 4335 ipsi
756 4268 1035 4325 Batuarios
1071 4289 1098 4324 a
1135 4273 1308 4328 Βαιυο
1339 4276 1599 4345 dicerent,
1632 4283 1772 4348 quod
1826 4284 1984 4354 hujus

402 4358 661 4429 auspiciis
705 4361 1051 4425 militabant,
1100 4366 1345 4434 populari
1406 4369 1757 4439 corruptione
1817 4387 1981 4429 vexa-

403 4460 576 4504 tarutn
659 4452 728 4507 ab
798 4454 930 4524 ipsis
983 4456 1178 4528 litigium
1228 4461 1451 4517 diversae
1509 4466 1747 4533 gentium
1806 4469 1980 4537 Atarii

402 4545 828 4600 noluinarentur.
1587 4614 1592 4619 ,

470 4635 576 4692 Vll.
614 4638 830 4694 Interim
889 4658 1007 4711 quae
1033 4645 1126 4698 alii
1183 4645 1575 4715 Mogulensium
1628 4651 1792 4708 duces
1848 4655 1975 4710 alibi

402 4739 621 4798 agerent
652 4747 955 4800 exsequens
979 4737 1434 4808 Abulpharagins,
1481 4742 1640 4797 tradit
1675 4761 1817 4800 anno
1872 4748 1980 4802 Ile-

400 4823 533 4897 girat
557 4822 679 4881 655.
718 4825 869 4895 cujus
892 4837 977 4883 est
1008 4829 1215 4882 initium
1249 4848 1278 4885 a
1312 4832 1397 4886 die
1427 4832 1494 4886 16
1524 4835 1798 4901 Septemb.
1851 4841 1975 4896 anni

400 4915 602 4970 Christi
639 4918 798 4983 i255,
824 4930 1036 4988 captam
1068 4923 1234 4978 fuisse
1290 4939 1318 4976 a
1385 4925 1786 4995 Megalensibus
1841 4932 1975 4988 Car-
2024 4953 2029 4957 '

375 5008 644 5063 Amalisam
677 5013 864 5064 urbem
894 5013 1184 5067 maximam
1245 5015 1295 5067 in
1354 5020 1572 5084 regione
1628 5021 1857 5087 Arbeltc,
1922 5033 1977 5078 et

405 5113 552 5154 anno
588 5103 839 5168 sequenti
890 5104 1060 5172 ipsam
1126 5105 1382 5160 Arbelam
1436 5119 1554 5175 post
1611 5111 1974 5185 quadraginta

401 5197 608 5250 dierum
642 5196 1002 5259 obsidionem,
1032 5213 1220 5267 magna
1241 5201 1472 5268 pecunia
1522 5214 1780 5258 laxatam.
1819 5210 1974 5265 Anno

403 5285 612 5355 llegirae
658 5286 781 5352 635,
813 5285 1206 5355 Citristi1257,
1256 5290 1324 5345 ab
1361 5293 1591 5364 Augusti
1632 5301 1827 5353 mensis
1884 5302 1974 5358 die

400 5378 492 5444 24,
549 5377 888 5450 Ilogulenses
918 5381 971 5434 in
1001 5381 1232 5454 Bagdadi
1271 5383 1404 5438 lines
1435 5397 1817 5452 procurrentes
1863 5391 1973 5459 pri-

399 5487 546 5524 mum
580 5473 700 5526 acie
743 5472 865 5527 victi
885 5485 1030 5538 sunt,
1064 5476 1158 5528 sed
1188 5485 1370 5542 postea
1426 5493 1547 5531 cum
1609 5481 1763 5535 novis
1798 5481 1972 5548 copiis

400 5564 713 5630 redeuntes,
744 5565 810 5618 ad
844 5565 1020 5621 locum
1066 5563 1419 5621 Canekinium
1457 5579 1726 5632 vocatum,
1767 5571 1969 5642 Bagda.

399 5655 644 5711 densiutn
705 5661 1002 5712 exercitum
1069 5670 1295 5714 cruento
1356 5662 1544 5728 prtelio
1598 5663 1972 5734 profligarunt.

399 5745 554 5800 Auno
583 5747 688 5803 659
723 5747 955 5820 Hrgttae,
987 5749 1192 5805 Christi
1243 5750 1402 5817 1241,
1465 5767 1492 5806 a
1541 5753 1629 5810 die
1693 5754 1758 5809 η
1818 5755 1964 5820 Julii,

401 5839 741 5910 Megalenses
769 5844 905 5898 duce
943 5840 1275 5913 Jartuaguno
1301 5846 1487 5900 urbem
1514 5848 1689 5902 Arzcn
1738 5847 1964 5904 Romam

2087 3276 2206 3330 qua:
2232 3261 2353 3314 huic
2393 3255 2634 3330 religioni
2660 3282 2845 3320 nomen
2874 3266 3159 3329 dederunt,
3181 3286 3209 3323 ε
3242 3265 3489 3334 Francis,
3533 3273 3670 3328 Rus—

2088 3353 2181 3414 sis,
2211 3351 2364 3421 Syris
2389 3361 2440 3408 et
2473 3353 2740 3411 Armenis.
2769 3359 2844 3409 Ac
2868 3374 2926 3411 eo
2955 3359 3155 3412 redacti
3182 3373 3301 3415 sunt
3336 3374 3445 3416 tam
3477 3364 3632 3418 melio
3651 3397 3666 3406 -

2088 3441 2161 3492 ris
2204 3453 2341 3494 nam:
2377 3457 2546 3511 quam'
2569 3460 2595 3496 e
2624 3443 2770 3513 plebe
2803 3445 3133 3516 Mogulenses
3165 3452 3362 3523 aliique
3395 3456 3460 3507 iis
3500 3455 3668 3526 810

2085 3535 2339 3601 permisti,
2379 3545 2435 3589 ut
2471 3536 2609 3590 inter
2640 3538 2987 3595 salutandum
3024 3542 3264 3598 dicerent
3313 3545 3665 3611 Bai-echmor,

2084 3627 2222 3694 quod
2245 3627 2455 3680 uerbum
2476 3633 2912 3699 estcomposilnm
2945 3635 3249 3706 Syriacum,
3273 3655 3469 3693 sonans
3495 3639 3665 3696 Bene-

2086 3720 2193 3784 dic,
2232 3719 2480 3777 Domine.
2503 3723 2584 3777 Ad
2623 3723 2783 3790 huius
2810 3742 2908 3794 ego
2939 3727 3265 3800 Mogulensis
3321 3732 3665 3802 imperatoris

2083 3811 2506 3882 Cayuc-Chanis
2529 3825 2770 3886 tempora
2803 3821 3148 3877 referendum
3219 3834 3350 3892 puto
3379 3830 3519 3896 quod
3562 3827 3666 3882 Pa-

2084 3904 2369 3974 rbymeres
2391 3919 2596 3973 narrat,
2647 3921 2797 3966 torno
2826 3914 3008 3982 priore
3068 3931 3116 3972 c.
3151 3917 3184 3971 5
3240 3930 3296 3973 et
3326 3920 3382 3984 4,
3429 3921 3468 3975 l.
3502 3936 3549 3985 v,
3582 3920 3664 3978 'de

2082 3994 2230 4068 Nega
2275 4015 2383 4054 uno
2422 4015 2453 4056 e
2481 4002 2705 4057 ducibus
2740 4008 3010 4063 exercitus
3047 4024 3204 4078 quem
3260 4027 3287 4065 a
3348 4013 3539 4070 Kaane
3577 4031 3664 4071 se-

2085 4090 2261 4146 cundo
2290 4094 2621 4161 imperatore
2653 4096 3039 4166 Moguleusium
3079 4104 3298 4158 missum
3331 4105 3572 4163 diximus
3607 4111 3659 4165 in

2083 4184 2536 4251 septentt‘iOItales
2566 4196 2775 4243 tracuts
2815 4192 2879 4245 ad
2907 4208 2999 4247 cos
3031 4194 3418 4266 subjugattdos,
3453 4217 3661 4271 praepo-

2084 4275 2189 4330 sito
2234 4279 2446 4332 cunctis
2471 4278 2640 4335 Batuo
2668 4282 2851 4338 fratris
2883 4286 2963 4339 sui
2998 4286 3125 4353 filio,
3152 4305 3179 4341 a
3217 4291 3409 4358 quibus
3442 4292 3660 4350 Sclavo-

2087 4371 2227 4421 uiam
2253 4379 2307 4423 et
2331 4369 2580 4424 Russiam
2617 4372 2781 4429 fuisse
2810 4389 3104 4445 occupatas
3130 4384 3376 4451 superius
3414 4404 3467 4442 η.
3498 4387 3529 4441 6
3561 4389 3661 4444 bu-

2081 4458 2168 4529 jus
2187 4462 2382 4532 capitis
2397 4479 2462 4519 ex
2492 4464 2890 4539 Abulpharagio
2920 4470 3296 4529 indicavimus.
3317 4475 3422 4532 Sed
3463 4479 3665 4548 impro-

2014 4565 2056 4621 ι)
2085 4566 2242 4622 spere
2282 4571 2310 4606 a
2370 4554 2776 4626 Megalensibus
2829 4573 3033 4619 tentato
3059 4567 3661 4643 Constantinopolitano

2082 4647 2311 4716 imperio
2351 4660 2573 4718 propter
2605 4667 2758 4707 acres
2788 4654 2841 4708 in
2890 4655 3034 4726 ipsos
3081 4660 3315 4729 impetus
3375 4665 3658 4722 vietoriaso
3702 4719 3704 4722 ,

2081 4757 2185 4810 que
2215 4741 2531 4800 Latinorum
2563 4745 2805 4816 Byzantii
2837 4750 3255 4816 dominantium.
3295 4756 3498 4816 Batuus
3549 4779 3656 4819 non

2082 4839 2238 4894 abiis
2266 4841 2440 4896 solum
2471 4883 2486 4908 ,
2516 4847 2611 4898 sed
2651 4861 2677 4897 a
2704 4847 2904 4904 Graecis
2959 4849 3292 4922 lacessendis
3351 4858 3657 4926 abstinens,

2078 4945 2199 4985 cum
2229 4936 2499 5004 praecipua
2519 4940 2978 5009 partecopiarum
3011 4945 3226 5000 videtur
3279 4948 3331 5003 in
3379 4950 3656 5008 Persidem

2077 5023 2335 5089 primum,
2384 5027 2576 5082 deinde
2603 5031 2670 5084 ad
2693 5046 2818 5084 suos
2869 5032 2920 5086 in
2959 5034 3197 5092 Orientis
3249 5040 3506 5096 interimat
3562 5059 3650 5098 re-

2074 5115 2322 5180 cessisse,
2345 5118 2589 5186 prosime
2617 5121 2681 5173 ad
2712 5120 3119 5192 Cayuc—Cbanis
3144 5131 3224 5180 sui
3253 5130 3535 5198 prepinqui
3559 5147 3653 5186 co-

2076 5205 2349 5272 mitatum,
2377 5209 2563 5263 relicto
2593 5211 2643 5265 iu
2674 5208 2956 5269 Sclavonia
2981 5227 3035 5273 et
3077 5216 3301 5286 Russia,
3353 5225 3441 5289 qui
3497 5235 3651 5293 parta

2077 5297 2184 5352 illic
2209 5308 2474 5364 tueretur,
2510 5301 2680 5371 Nega.
2719 5304 2818 5359 llic
2843 5318 3045 5374 autem,
3073 5319 3132 5365 ut
3165 5311 3329 5368 refert
3359 5312 3653 5385 Pachyme-

2077 5402 2185 5452 res,
2216 5403 2359 5456 cum,
2389 5390 2562 5446 auctis
2593 5408 2659 5448 ex
2687 5394 3064 5465 indigenarum
3086 5399 3366 5468 juventute
3410 5405 3461 5458 in
3519 5423 3653 5462 suos

2075 5491 2252 5534 mores
2281 5481 2524 5535 traducta
2549 5485 2738 5554 copiis,
2763 5488 2893 5541 satis
2921 5503 2980 5543 se
3009 5490 3329 5548 instructum
3350 5506 3562 5564 putaret
3585 5499 3652 5554 ad

2075 5570 2439 5630 defendendas
2461 5578 2574 5630 suis
2599 5579 2860 5649 auspiciis
2883 5584 3079 5638 uberes
3105 5599 3201 5640 eas
3232 5583 3546 5661 fertilesquc
3565 5607 3651 5646 re-

2072 5664 2281 5734 giones,
2311 5681 2376 5721 ex
2410 5669 2662 5737 przrfecto
2694 5690 2752 5728 se
2781 5677 3085 5745 principem
3124 5694 3440 5749 snpretnum
3469 5683 3652 5738 decla-

2073 5758 2231 5824 ravit,
2265 5761 2570 5817 obedientia
2608 5765 2862 5838 deinceps
2896 5771 3301 5841 Megalensibus
3352 5775 3649 5842 imperato-

2072 5852 2222 5907 ribus
2247 5863 2457 5923 negata.
2495 5856 2666 5925 Quam
2691 5865 3088 5921 contumaciam
3113 5865 3204 5921 diu
3243 5866 3461 5939 impune
3500 5870 3641 5939 tulit,
