4058 6298
445 389 550 460 811

1393 386 1462 446 Ρ.
1497 377 1795 443 ΡΟΞ⁴ἹΝ1
1825 362 2483 466 OBSERVATIONUM
2525 367 2672 430 LIB.
2720 362 2844 425 IIl.

3581 352 3690 418 872

446 519 609 576 quam
634 499 846 570 accepit
870 496 1175 554 ministerio
1201 496 1376 566 patria
1389 497 1537 549 rchaa
1559 491 1777 546 Arsenii
1807 528 1825 555 ,
1856 463 2017 558 prout
2044 502 2089 547 Α
2121 498 2310 537 mauos
2344 491 2475 535 nato
2499 478 2705 576 factum
2732 469 3047 576 .dtlthiopttm
3102 465 3366 570 spitancm
3388 463 3689 576 Jejtpulirss'e

453 606 710 651 narratur
739 593 940 647 ibidem
986 605 1040 646 c.
1071 591 1141 659 2;
1165 593 1609 644 demonstremus
1641 593 1822 638 autem
1847 621 1862 648 ,
1890 581 1924 633 l.
1957 593 2018 633 ιιι

449 683 912 741 Observationum
939 694 1250 735 nostrarum
1286 678 1353 733 ad
1400 693 1523 733 eum
1576 685 1778 731 tomum
1812 688 1864 727 c.
1910 671 2022 724 det

448 780 566 846 10,
617 793 738 834 eam
791 775 1203 832 coronationem
1269 769 1598 826 celebratam
1659 766 1826 822 fuisse
1878 777 2021 817 anno

448 870 653 928 Christi
685 868 846 934 1261,
868 868 973 923 ltoc
993 875 1075 922 est
1100 864 1196 920 illo
1230 865 1347 933 ipso
1382 864 1433 916 iu
1467 873 1750 930 quonunc
1777 863 2022 910 versatur

448 961 902 1033 Ahulpharagius,
937 973 1062 1013 eum
1099 970 1390 1010 numerans
1426 953 1637 1022 Hegira‘.
1673 948 1796 1005 659.
1823 947 2024 1003 Scribit

457 1056 625 1125 igitur
654 1056 776 1108 loco
804 1050 970 1106 modo
1024 1049 1262 1116 indicato
1327 1045 1688 1116 Pachymeres
1727 1042 2024 1098 sollicitum

452 1145 770 1201 Michaelem
799 1143 867 1198 de
896 1141 1000 1197 sibi
1030 1139 1363 1196 etabiliendo
1394 1152 1583 1192 recens
1604 1132 2021 1204 partoimperio,

453 1254 591 1309 quos
624 1223 862 1291 maxime
886 1243 1132 1305 potentes
1175 1232 1323 1286 circa
1374 1247 1435 1286 se
1466 1231 1742 1299 principes
1765 1228 1978 1282 videbat
2005 1264 2024 1290 ,

453 1334 557 1390 sibi
589 1331 884 1388 conciliare
918 1329 1210 1384 studuisse.
1259 1327 1339 1382 Ac
1380 1325 1541 1381 facile
1574 1323 1840 1377 videntem
1889 1319 2028 1374 emi-

455 1436 590 1478 nere
621 1433 748 1476 tunc
774 1421 967 1490 opibus
1012 1419 1153 1472 inter
1195 1417 1458 1472 ﬁnitimos
1510 1416 1768 1486 dynastas
1818 1412 2023 1468 Chalau

455 1514 755 1582 principem
783 1511 1156 1566 Tocharorum
1180 1548 1196 1572 ,
1222 1509 1324 1564 hoc
1352 1517 1439 1564 est
1463 1507 1700 1572 Halacu,
1727 1505 1882 1576 cujus
1903 1518 2025 1559 cre-

455 1608 558 1662 bro
581 1605 825 1659 meminit
850 1599 1372 1672 Abulpharagius,et
1393 1599 1661 1655 sultanem
1683 1596 2023 1665 xEtbiopum,

457 1696 744 1765 utriusque
796 1697 1028 1764 gratiora
1063 1693 1274 1746 ambire
1321 1689 2028 1760 omciislegationibusqu'e

461 1788 766 1843 aﬂectasse.
802 1788 875 1842 Ea
897 1787 1188 1841 occasione
1224 1785 1288 1838 de
1314 1785 1526 1840 sultane
1551 1781 1869 1852 Ethiopum
1917 1795 2030 1833 me-

462 1893 643 1937 morat
673 1923 688 1948 ,
732 1881 902 1936 fuisse
936 1881 1083 1933 illum
1123 1894 1322 1950 genere
1368 1877 1690 1939 Cumanum,
1719 1891 1838 1945 qua:
1883 1875 2030 1946 regio
2058 1875 2080 1915 "~

463 1983 551 2031 est
590 1989 755 2044 prope
793 1974 1027 2028 Pontum
1075 1969 1384 2038 Euxinum;
1421 1972 1549 2026 hinc
1596 1970 1727 2024 olim
1757 1969 2031 2024 venditum

462 2068 516 2121 in
547 2067 865 2122 servitutem
898 2064 1160 2134 Egyptio
1189 2064 1412 2119 domino
1433 2104 1450 2130 ,
1480 2079 1580 2118 sua
1611 2062 1723 2116 illic
1767 2061 2033 2116 industria

461 2160 687 2215 serviles
709 2168 930 2214 catenas
982 2158 1035 2211 in
1086 2157 1292 2227 regium
1343 2155 1591 2210 diadema
1641 2163 2030 2210 commutasse.

463 2251 727 2306 Eumdem
775 2250 926 2304 addit
952 2251 1004 2303 in
1035 2249 1235 2319 primis
1285 2248 1604 2320 prudentem
1653 2248 1938 2312 habitum;
1979 2257 2033 2305 et

460 2344 606 2412 quod
631 2342 683 2394 in
713 2339 949 2411 :‘Egypto
972 2351 1131 2396 natos
1183 2355 1373 2410 parum
1410 2340 1619 2394 habiles
1650 2340 1859 2396 bellicis
1885 2341 2036 2397 labo-

463 2442 620 2493 ribus
669 2439 925 2502 videret,
955 2435 1155 2490 emisse
1211 2451 1409 2505 pueros
1473 2451 1667 2502 magno
1722 2449 1958 2490 numero.
2005 2449 2038 2490 θ

467 2532 689 2603 Scythia
715 2541 774 2586 et
821 2528 944 2584 aliis
990 2528 1301 2600 regionibus
1331 2536 1482 2584 trans
1535 2526 1767 2582 Pontum
1799 2566 1816 2593 ,
1840 2528 2036 2597 quibus

459 2623 602 2692 apud
649 2637 712 2678 se
767 2621 987 2677 nutritis
1045 2619 1280 2674 fortibus
1342 2619 1536 2675 deinde
1594 2620 1857 2675 militibus
1919 2631 2038 2673 nte-

463 2717 666 2780 batur,
726 2712 1074 2781 permittente
1133 2712 1185 2764 id
1241 2713 1673 2778 commercium,
1709 2726 1905 2780 magno
1960 2711 2038 2766 rei

465 2809 799 2862 Christianae
882 2805 1258 2871 detrimento,
1329 2806 1656 2874 imperatore
1724 2804 2036 2860 Michaele:

469 2901 593 2954 hinc
630 2899 775 2952 enim
798 2907 1018 2951 auctum
1043 2896 1238 2959 opibus
1265 2895 1486 2967 Aigypti
1514 2897 1787 2950 suitanem
1816 2896 2040 2954 Latinos

466 2991 812 3059 Paltestinam
841 3000 1179 3059 occupantes
1233 2987 1379 3043 illine
1417 2989 1708 3057 expulisse.
1761 2987 1887 3044 Haec
1939 2989 2040 3044 Pa-

467 3083 811 3154 chymeres;
888 3098 1009 3152 quae
1081 3084 1314 3137 multum
1353 3082 1697 3138 illustrantur
1757 3099 2041 3154 compara-

2126 574 2281 646 Syria
2306 566 2907 627 Latinos-Christianos
2948 561 3066 625 ait,
3125 559 3170 612 is
3198 555 3335 629 sine,
3379 557 3545 610 dubio
3593 555 3688 609 fuit

2122 682 2286 738 quem
2314 667 2491 736 patrio
2517 658 2783 716 vocabulo
2827 655 3051 710 Baibars
3094 653 3295 706 dictum
3322 690 3349 714 -,
3379 649 3585 703 domini
3605 647 3689 702 cui

2123 765 2389 821 servierat
2413 761 2634 815 nomine
2681 752 3097 811 Bundokdarem
3131 751 3498 818 nuncupatum
3527 747 3691 800 Abul-

2125 855 2415 927 pharagius
2444 852 2621 905 docet.

2194 944 2308 1001 XII.
2342 942 2671 998 Releramus
2697 936 2934 1006 nosjam
2976 934 3042 989 ad
3072 949 3160 988 res
3187 931 3531 988 intermissas
3577 926 3697 981 Hu-

2125 1040 2245 1094 lacu
2279 1037 2395 1092 sivc
2437 1032 2644 1091 Chalau
2687 1041 2741 1085 et
2775 1031 3142 1098 subiectorum
3171 1025 3272 1094 ipsi
3303 1021 3690 1092 Mogulensium

2126 1147 2248 1187 cum
2284 1118 2536 1196 deinceps
2578 1125 2814 1179 narratis
2855 1137 2884 1174 a
2926 1118 3265 1188 Pacbymere
3307 1116 3514 1169 utiliter
3546 1128 3695 1167 corn-

2128 1223 2424 1296 parandas.
2460 1219 2650 1275 Tradit
2698 1213 3129 1282 Abulpharagius
3164 1212 3356 1264 eodem
3397 1208 3500 1261 hoc
3535 1204 3696 1259 modo

2106 1320 2366 1374 indicato
2410 1330 2551 1373 anno
2600 1311 2809 1382 llegirae
2841 1309 2965 1370 659.
2992 1305 3149 1376 cujus
3191 1303 3294 1358 fuit
3331 1301 3545 1357 initium
3582 1299 3698 1353 dies

2128 1421 2318 1465 sextus
2382 1404 2697 1464 Decembris
2745 1403 2870 1456 anni
2901 1399 3104 1454 Christi
3151 1394 3312 1460 1260,
3367 1393 3591 1446 missum
3644 1391 3695 1444 itt

2128 1501 2340 1570 Syriam
2394 1501 2460 1554 ab
2514 1497 2719 1551 Huiacu
2761 1490 3156 1563 Mogulensium
3203 1485 3532 1548 exercitum,
3562 1483 3698 1535 duce

2133 1595 2407 1662 Samdagn
2463 1588 2789 1647 Christianis
2840 1586 3080 1649 favente,
3133 1580 3416 1634 obsidione
3463 1575 3740 1629 cinxisse

2129 1686 2422 1743 Mauselam
2475 1683 2666 1738 urbem
2721 1677 2932 1733 incluso
2982 1675 3037 1729 in
3087 1689 3164 1728 ea'
3194 1673 3258 1726 Al
3303 1670 3502 1724 Saleho
3530 1666 3700 1736 Syria:

2131 1778 2400 1848 principe,
2446 1784 2500 1828 et
2537 1773 2709 1842 copiis
2755 1786 2787 1826 e
2828 1767 2984 1842 Syria
3031 1765 3270 1821 obsessis
3300 1759 3580 1831 suppetias
3616 1772 3703 1811 ve-

2133 1869 2406 1925 nientibus
2450 1882 2545 1936 per
2601 1866 2758 1934 longe
2805 1861 2913 1916 illis
2954 1866 3306 1914 occurrentes
3367 1853 3701 1921 Mogulensea

2135 1961 2525 2019 circumventis
2552 1969 2607 2013 et
2631 1956 2915 2013 occidione
2940 1952 3127 2008 deletis
3150 1949 3441 2004 Mauselam
3470 1945 3700 2012 cepisse,

2135 2054 2384 2126 plurimis
2433 2055 2485 2107 in
2538 2053 2599 2106 ea
2644 2035 2873 2119 repertis
2909 2047 3129 2107 occisis,
3161 2045 3280 2100 aliis
3313 2041 3576 2096 servitum
3611 2031 3702 2091 ab-
3743 2074 3748 2078 ι

2135 2149 2334 2213 ductis,
2399 2147 2516 2216 ipso
2562 2146 2804 2216 principe
2861 2142 2924 2196 Al
2969 2140 3169 2196 Saleho
3217 2140 3283 2192 ad
3342 2136 3548 2191 llulacu
3587 2147 3707 2202 per-

2137 2248 2313 2296 tracto
2364 2239 2632 2309 ltujusque
2671 2236 2824 2306 jussu
2881 2233 3190 2288 interfecto.
3229 2229 3320 2284 liae
3363 2237 3530 2281 tanta:
3558 2224 3704 2280 Cha-

2137 2328 2506 2386 lau.victorite
2540 2335 2829 2381 moverunt
2865 2323 3187 2379 Michaelem
3217 2319 3577 2388 Palaeologum
3602 2317 3708 2369 Au-

2136 2437 2352 2498 gustum
2383 2423 2448 2478 ad
2495 2423 2641 2478 omni
2689 2436 2791 2490 ope
2838 2422 3187 2491 satagcndum
3237 2416 3290 2470 in
3334 2413 3571 2482 paranda
3605 2409 3706 2464 sibi

2138 2515 2517 2574 benevolentia
2567 2525 2676 2568 tam
2722 2516 2956 2583 potentis
3007 2522 3059 2565 et
3115 2524 3251 2578 pene
3307 2506 3519 2562 ﬁnitimi
3561 2504 3710 2572 prin-

2139 2611 2304 2682 cipis.
2361 2609 2548 2679 Igitur,
2624 2609 2768 2677 quod
2839 2604 3025 2670 narrai
3093 2603 3461 2672 Pacbymeres
3517 2599 3552 2653 l.
3623 2612 3707 2663 tit,

2138 2719 2188 2759 c.
2257 2701 2494 2773 Spartis
2549 2701 2768 2771 prioris,
2828 2697 3032 2768 legatos
3102 2695 3169 2750 ad
3217 2710 3340 2750 eum
3395 2692 3565 2758 misit,
3619 2693 3709 2760 qui

2139 2801 2321 2872 ipsum
2348 2814 2466 2854 a'se
2497 2798 2806 2853 salutarent
2831 2806 2885 2850 et
2919 2795 3036 2866 ejus
3071 2792 3367 2847 amicitiam
3402 2795 3708 2859 poscerent,

2138 2893 2318 2948 oblata
2359 2891 2410 2945 in
2451 2905 2708 2959 sponsam
2762 2889 2978 2958 propria
3013 2888 3122 2940 lilia
3151 2885 3338 2940 Maria.
3373 2883 3584 2938 Iudicat
3613 2878 3715 2934 Pa-

2139 2984 2425 3050 chymeres
2471 2981 2684 3035 venisse
2719 2995 2748 3034 a
2777 2978 2982 3034 Chalau
3014 2972 3081 3032 ad
3121 2974 3435 3030 Michaeiem
3473 2980 3713 3025 mutuam

2140 3072 2485 3142 legationem,
2521 3086 2628 3141 qua
2661 3070 2708 3125 is
2739 3070 3073 3136 signiﬁcaret
3108 3067 3325 3138 placere
3374 3064 3476 3119 sibi
3525 3063 3716 3116 condi-

466 3182 620 3235 tione
655 3194 776 3232 cum
807 3177 877 3231 iis
907 3193 1028 3247 quae
1057 3178 1488 3247 Abulpharagius
1537 3180 1637 3233 hoc
1685 3179 1805 3234 loco
1826 3179 2038 3235 scribit.
2066 3179 2109 3237 C
2143 3167 2343 3220 tionem
2385 3163 2644 3219 oblatam.
2689 3162 2834 3216 Idem
2877 3177 3003 3217 vero
3039 3160 3350 3216 distinctius
3391 3171 3710 3227 expressum

464 3273 555 3327 Ait
577 3272 746 3334 enim,
786 3279 1068 3339 postquam
1099 3269 1338 3326 Kutuzus
1367 3269 1778 3326 Turcomannus
1814 3269 2038 3342 Egypti

465 3364 717 3417 dominus
732 3361 897 3432 815
915 3363 1212 3434 Cetbugam
1239 3361 1633 3433 Mogulensium
1652 3366 1704 3417 in
1728 3363 1886 3434 Syria
1903 3379 2042 3433 prte-

468 3457 670 3511 fectutn
691 3456 810 3510 acie
854 3457 1052 3511 victum
1077 3456 1532 3526 occidisset,quod
1556 3462 1630 3512 ait
1650 3461 1936 3532 contigisse
1955 3462 2042 3517 die

464 3548 537 3602 27
567 3548 768 3602 mensis
804 3545 1108 3602 Ramadani
1155 3546 1253 3619 [P.
1287 3549 1385 3604 591
1417 3544 1449 3620 j'
1471 3564 1612 3604 anno
1647 3549 1855 3621 llegira:
1885 3552 1989 3607 658
2021 3593 2040 3618 ,

469 3643 573 3698 hoc
595 3649 682 3694 est
709 3640 796 3694 die
818 3641 850 3693 5
876 3640 1214 3709 Septembris
1273 3642 1400 3696 anui
1431 3641 1636 3697 Christi
1666 3641 1806 3698 1260
1836 3683 1853 3708 ,
1905 3647 2041 3700 satis

467 3735 692 3803 gnarum
728 3733 878 3786 illum
905 3732 1054 3801 haud
1072 3733 1352 3800 quieturos
1377 3732 1717 3803 Mogulenses
1739 3736 1804 3790 ab
1832 3735 2040 3790 ultione

467 3824 638 3878 cladis
665 3825 822 3879 istius
851 3809 1203 3894 reposcentia,
1235 3839 1556 3895 properasse
1609 3825 1662 3879 in
1695 3825 1985 3896 )Egyptum
2021 3865 2038 3890 ,

471 3928 529 3972 ut
554 3918 738 3987 copias
766 3917 875 3974 illic
902 3928 1144 3987 pararet,
1180 3918 1376 3988 quibus
1424 3919 1556 3986 ipsis
1584 3920 1874 3972 obsisteret
1910 3920 2042 3974 :sed

465 4026 536 4066 eo
588 4011 781 4064 itinere
837 4027 1004 4081 prope
1053 4011 1253 4065 Gazam
1308 4026 1660 4080 progressum
1727 4027 1756 4064 a
1805 4013 2037 4080 quodam

465 4103 705 4159 Baibars
749 4117 939 4159 vocato
997 4103 1170 4159 fuisse
1236 4103 1610 4159 interfectttttt.
1669 4105 1834 4158 Addit
1896 4105 2039 4160 hunc

467 4195 715 4261 Baiban,
745 4198 1051 4258 conciliatis
1102 4205 1160 4250 et
1221 4197 1494 4267 adjunctis
1550 4198 1650 4251 sibi
1697 4199 1871 4266 copiis
1922 4214 2041 4267 qua:

474 4287 690 4344 Kutuzo
727 4289 1118 4354 militaverant,
1151 4305 1274 4344 cum
1302 4289 1369 4344 iis
1409 4290 1710 4359 ingressum
1748 4287 2039 4361 Egyptum

462 4393 589 4439 eam
649 4395 973 4450 occupasse.
1007 4378 1198 4434 Tradit
1230 4381 1426 4434 ibidem
1457 4380 1617 4434 istum
1664 4379 1890 4434 Baibars
1923 4398 2039 4438 ser-

466 4491 592 4531 vum
617 4482 775 4528 antea
803 4472 972 4526 fuisse
1000 4471 1179 4539 magni
1211 4471 1493 4541 cujusdam
1524 4473 1577 4525 in
1605 4471 1841 4543 Aﬁgypto
1864 4474 2036 4538 ducis,

467 4564 556 4621 cui
583 4560 912 4617 Bundokdar
967 4577 1163 4615 nomen
1222 4562 1441 4627 fuerat;
1500 4563 1643 4617 unde
1688 4564 1840 4618 initio
1887 4562 2042 4619 Bun-

468 4654 670 4709 dakdar
700 4654 954 4707 minorem
1006 4654 1365 4707 nominatum.
1411 4654 1479 4706 At
1529 4666 1811 4724 postquam
1860 4655 2036 4709 sultau

469 4743 690 4814 Egypti
729 4740 903 4795 factus
944 4750 1076 4805 est,
1119 4742 1559 4809 cOgnotniuatum
1621 4759 1649 4795 a
1708 4743 1820 4796 suis
1871 4743 2041 4798 fuisse

470 4836 845 4890 Rucnodinum
882 4832 950 4886 Αἰ
975 4832 1144 4886 Halec
1180 4833 1245 4885 Λι
1281 4833 1510 4886 Dltaher.
1547 4833 1677 4887 Eum
1711 4839 2044 4904 tatnen'pcr-
2090 4891 2093 4893 ί

464 4930 549 5000 git
580 4930 631 4995 in
669 4929 1024 4996 sequentibus
1057 4927 1495 4996 Abulpharagius
1543 4943 1739 4981 vocare
1790 4927 2042 4982 Bundok-

470 5025 680 5084 darem,
716 5033 1004 5072 successus
1054 5019 1174 5088 ejus
1231 5020 1496 5072 maximos
1528 5034 1814 5074 recensens
1854 5030 2042 5074 contra

461 5113 819 5167 Christianos
847 5108 1070 5163 Latinos
1095 5110 1442 5164 Antiochiam
1486 5120 1540 5166 et
1572 5113 1740 5181 Syria:
1769 5112 2042 5166 maritima

471 5203 804 5264 obtinentes,
838 5217 973 5269 quos
1012 5201 1158 5255 illinc
1180 5201 1385 5270 expulit
1416 5244 1433 5271 ,
1476 5213 1532 5254 ιιι
1573 5204 1738 5257 etiam
1801 5203 2044 5270 deplorat

472 5295 835 5363 Pachymeres
865 5304 1014 5348 tonio
1051 5293 1067 5347 l
1100 5335 1116 5358 ,
1155 5294 1192 5348 1.
1219 5311 1275 5348 ιιι
1310 5334 1324 5360 ,
1358 5311 1404 5350 c.
1447 5295 1480 5349 5
1510 5335 1525 5359 ,
1582 5296 1795 5366 culpam
1855 5312 2041 5350 earum

471 5384 706 5459 cladium
744 5399 822 5457 ex
870 5393 1024 5453 parte
1081 5385 1357 5453 imputans
1410 5369 1746 5455 imprudenti
1801 5388 2045 5442 avaritiae

472 5473 752 5528 Michaelis
774 5473 1083 5545 Palmologi,
1106 5477 1197 5545 qui
1225 5489 1447 5547 propter
1474 5491 1739 5547 quaesutm
1775 5481 2043 5552 modicum

475 5555 830 5637 permittebat
850 5583 880 5622 e
899 5563 1072 5623 Ponto
1089 5559 1369 5638 exportari
1403 5570 1453 5623 in
1479 5570 1769 5642 :Egyptum
1794 5571 2043 5643 Scythica

477 5659 743 5730 mancipia
777 5667 982 5716 tenera
1015 5664 1216 5727 aetatis,
1239 5678 1356 5731 quae
1386 5663 1579 5718 deinde
1608 5665 1715 5718 illic
1741 5665 1792 5718 in
1852 5667 2045 5722 robus-

473 5762 559 5807 tos
578 5761 633 5808 et
658 5753 987 5809 Christianis
1018 5755 1176 5808 rebus
1222 5755 1474 5833 exitiales
1518 5757 1810 5812 bellatores
1855 5761 2046 5812 adole-

471 5853 707 5902 scerent.
737 5844 905 5914 Quem
931 5847 1098 5918 igitur
1127 5846 1494 5920 Pachytnercs
1516 5863 1545 5905 e
1566 5865 1728 5906 servo
1753 5851 1891 5919 apud
1927 5850 2041 5906 Co-

2146 3257 2199 3310 in
2232 3253 2618 3324 Abuipharagii
2651 3252 2929 3310 Chronico
2964 3253 3178 3321 legitur,
3215 3267 3267 3320 p.
3301 3248 3432 3314 555,
3469 3247 3558 3301 ubi
3594 3261 3720 3300 nar-

2143 3357 2258 3403 rata
2311 3347 2478 3417 816
2522 3345 2727 3400 llulacu
2772 3353 2966 3408 morte,
3019 3345 3088 3397 de
3141 3359 3250 3412 qua
3307 3358 3433 3397 mox
3484 3341 3719 3408 dicetur,

2141 3440 2332 3495 scribit
2365 3455 2490 3494 eum
2552 3438 2662 3510 jam
2711 3448 2867 3492 antea
2923 3437 3134 3492 misisse
3188 3436 3394 3506 legatos
3444 3433 3716 3491 Constan-

2144 3531 2449 3601 tinopolim,
2500 3532 2590 3600 qui
2639 3531 2804 3585 tiliam
2879 3529 2988 3584 illic
3026 3528 3346 3597 imperantis
3380 3527 3435 3581 in
3489 3540 3714 3581 uxorem

2143 3625 2243 3679 sibi
2315 3635 2625 3694 poscerent.
2664 3622 2774 3678 llas
2814 3632 3031 3676 mutuas
3083 3620 3367 3676 Michaelis
3411 3631 3466 3674 et
3506 3620 3714 3673 lluiaca

2144 3715 2443 3784 legationes
2511 3715 2689 3771 obitas
2763 3722 2989 3784 apparet
3059 3714 3126 3769 ab
3193 3729 3338 3768 anno
3409 3713 3503 3768 661
3576 3713 3714 3784 Heg.

2143 3811 2211 3865 ad
2238 3811 2362 3875 665,
2406 3825 2641 3879 quorum
2691 3822 2958 3860 annorum
3007 3807 3154 3875 prior
3196 3805 3388 3876 incipit
3440 3820 3469 3858 a
3514 3805 3606 3861 die
3651 3807 3716 3862 15

2145 3903 2469 3972 Novembris
2516 3902 2655 3956 anni.
2690 3899 2896 3956 Christi
2948 3899 3109 3961 1262,
3166 3899 3436 3966 posterior
3466 3914 3494 3952 a
3525 3899 3597 3954 Ἡ
3626 3911 3716 3955 aut

2117 3997 2214 4052 ,25
2244 3993 2500 4058 Octobris
2555 3994 2680 4048 anni
2735 3989 2940 4048 Christi
3001 3993 3159 4046 1264.
3211 3991 3498 4060 Perspecto
3549 4007 3716 4062 porro

2145 4088 2374 4144 Michael
2430 4086 2639 4142 llulacu
2695 4087 2995 4150 voluntate,
3056 4085 3221 4139 tiliam
3277 4101 3431 4140 suam
3479 4086 3714 4140 Mariam

2144 4196 2406 4255 apparatu
2462 4180 2748 4251 magniﬁco
2791 4179 3167 4234 deducendam
3219 4181 3286 4234 ad
3325 4195 3449 4234 eum
3493 4189 3716 4235 strenue

2143 4280 2358 4334 curavit
2405 4292 2504 4346 per
2535 4273 3020 4330 architnandritam
3071 4273 3388 4328 monasterii
3415 4271 3716 4330 Pantocra-

2143 4370 2280 4424 toris
2311 4369 2528 4422 nomine
2571 4365 2903 4433 Principem,
2958 4379 3021 4419 ex
3063 4364 3260 4419 illustri
3310 4364 3511 4420 familia
3543 4364 3713 4420 Pelo-

2137 4459 2590 4528 ponnesiensiunt
2639 4458 3018 4528 dynastarutn,
3059 4472 3220 4526 quem
3265 4458 3342 4510 ait
3380 4456 3499 4511 loco
3532 4457 3716 4525 proxi-

2144 4565 2232 4606 me
2289 4549 2508 4604 laudato
2562 4549 2924 4619 Pachymeres
2986 4550 3038 4602 in
3100 4565 3164 4604 eo
3219 4549 3415 4604 itinere
3463 4553 3711 4605 nuntium

2145 4645 2424 4714 acrepisse
2455 4645 2644 4697 mortis
2678 4642 2905 4704 Chalau,
2944 4656 3055 4694 nec
3086 4650 3265 4694 tamen
3303 4655 3360 4695 re
3389 4639 3589 4696 inlecta
3623 4657 3713 4697 re-

2143 4740 2331 4800 diisse,
2380 4737 2472 4789 sed
2522 4738 2840 4805 perduxisse
2879 4751 3131 4803 sponsam
3177 4735 3255 4788 illi
3291 4735 3616 4788 destinatam
3648 4735 3715 4789 atl

2149 4832 2318 4883 filium
2357 4830 2473 4900 ejus
2505 4841 2559 4882 et
2595 4843 2972 4882 successorem
3006 4828 3274 4897 Apagam,
3325 4829 3416 4894 qui
3459 4842 3580 4881 eam
3613 4827 3713 4882 sibi

2143 4922 2389 4993 junxerit
2442 4937 2689 4976 uxorem.
2747 4920 2873 4976 llaec
2930 4921 3118 4974 eadem
3179 4921 3498 4976 distinctius
3551 4922 3712 4976 etiam

2146 5016 2403 5085 exprimit
2439 5017 2900 5085 Abulpharagius,
2942 5029 3250 5067 memorans
3282 5013 3493 5083 legatos
3531 5015 3716 5082 impe-

2148 5107 2348 5162 ratoris
2393 5107 3005 5176 COItstattiitiopulitani,
3052 5109 3144 5178 qui
3189 5107 3347 5173 huius
3393 5107 3562 5162 ﬁliam
3610 5105 3715 5160 Hu-

2148 5202 2266 5256 lacu
2300 5203 2626 5272 desponsam
2672 5204 3089 5267 comitarentur,
3122 5202 3210 5255 ubi
3246 5200 3548 5256 Caesaream
3591 5215 3716 5270 per-

2147 5293 2445 5351 venissent.
2495 5296 2774 5362 accepisse
2808 5298 3033 5348 nuntios
3074 5296 3141 5350 de
3175 5293 3379 5348 Hulactt
3415 5294 3586 5359 obitu,
3619 5308 3715 5346 nec

2151 5393 2326 5438 tamen
2381 5387 2508 5439 ideo
2548 5386 2927 5439 retrocedendi
2982 5387 3269 5439 consilium
3322 5387 3567 5449 inii'isse,
3621 5384 3712 5438 sed

2148 5477 2380 5547 puellam
2435 5478 2753 5546 perduxisse
2810 5479 2875 5531 ad
2929 5479 3160 5531 Abakam
3204 5481 3256 5532 itt
3288 5478 3468 5549 patris
3505 5475 3716 5530 Ηιιιαειι

2145 5567 2256 5636 jam
2290 5567 2428 5621 solio
2465 5569 2611 5637 regio
2656 5568 2914 5634 locatum,
2959 5568 3049 5637 qui
3086 5583 3203 5621 eam
3241 5566 3349 5622 sibi
3394 5566 3496 5622 rite
3525 5567 3714 5636 conju-

2151 5678 2268 5731 gcm
2304 5663 2554 5716 sociavit.
2605 5661 2717 5715 Hoc
2764 5663 2881 5717 sine
2925 5663 3090 5716 dtthio
3131 5662 3367 5730 pertinet
3414 5660 3482 5714 ad
3514 5673 3713 5714 annum

2152 5753 2368 5824 Hcgira:
2399 5755 2525 5819 664,
2575 5758 2730 5825 cujus
2773 5755 3028 5809 Kalendae
3070 5755 3404 5808 Multarraml
3456 5750 3545 5825 [P.
3592 5747 3714 5824 592]

2149 5850 2292 5905 diem
2327 5849 2647 5906 insederunt
2703 5852 2925 5906 tertium
2975 5849 3247 5905 decimum
3296 5846 3550 5905 Octobris
3585 5843 3711 5901 anni
