4058 6298
581 309 684 371 875

1497 304 1563 367 P.
1599 300 1904 368 POSSINI
1928 302 2162 367 OBSEli

2264 301 2583 365 .TIONUM
2617 302 2765 368 LIB.
2802 303 2922 367 ΙΙΙ.
3778 304 3865 371 876

580 426 850 496 Deinceps
879 426 993 495 pari
1018 422 1295 479 evidentia
1317 422 1640 479 dentonstro
1660 424 1985 478 vicesimam
2015 422 2186 476 Dlmt-
2214 430 2261 482 Α
2290 424 2373 474 sic
2418 420 2806 477 verisimiliter
2859 419 3177 478 ordinanilac
3226 428 3377 486 sunt,
3433 431 3487 479 ut
3542 422 3704 490 prior
3749 430 3867 480 unice

584 520 732 576 Huius
786 520 926 574 diem
986 520 1176 575 eodem
1227 518 1325 573 illo
1374 532 1520 573 anno
1579 517 1789 587 [legirzc
1836 516 1934 574 68l
1977 516 2164 571 feriam

582 623 831 688 quartam
870 627 997 666 non.
1025 608 1215 665 fuisse.
1244 606 1374 664 Fuit
1404 609 1496 665 ille
1538 624 1712 664 annus
1753 608 2019 664 Arabicus
2051 623 2169 663 em—

585 706 865 759 holimaeus
890 720 952 760 ac
975 714 1373 775 consequenter
1399 704 1504 760 555
1525 708 1760 770 dierum,
1789 711 1845 758 et
1859 701 2167 758 Dhul—Haia

586 800 791 859 mensis
823 799 938 863 ejus
957 798 1181 855 ultimus
1206 798 1259 851 in
1292 798 1455 853 annis
1470 796 1773 851 ordinariis
1799 810 1988 861 cavus,
2018 797 2073 849 in
2104 808 2168 848 eo

583 892 781 961 pienus
807 892 927 956 fuit,
960 891 1079 947 dies
1112 906 1412 948 numerans
1440 892 1687 962 triginta.
1723 888 2014 945 Tollantur
2038 883 2165 954 55'5,

565 986 677 1055 .qui
716 996 799 1042 est
840 1000 1103 1041 numerus
1141 985 1354 1041 dierum
1393 985 1519 1039 anni
1562 983 1697 1055 Heg.
1732 983 1861 1050 681,
1897 986 1965 1040 de
2000 984 2107 1040 565
2138 1000 2167 1039 a

555 1080 671 1134 ,tlic
718 1079 791 1135 22
843 1078 1045 1147 Aprilis
1102 1080 1231 1133 anni
1278 1077 1486 1133 Christi
1524 1076 1663 1133 1282
1715 1077 2104 1147 incipientibus
2150 1093 2166 1133 :

584 1174 811 1228 ultimus
850 1173 1191 1228 residuorum
1243 1171 1407 1227 cadet
1460 1174 1513 1227 in
1565 1171 1911 1227 undecimum
1967 1173 2170 1242 Aprilis

583 1265 710 1321 anni
745 1264 953 1321 Christi
990 1262 1143 1320 1283.
1200 1263 1296 1322 llic
1333 1273 1417 1320 est
1457 1264 1771 1318 tricesimus
1812 1262 2165 1333 Dhul-Haiaz;

580 1375 611 1415 a
653 1358 761 1430 quo
791 1360 838 1415 si
876 1371 1024 1414 retro
1063 1364 1250 1413 decem
1287 1359 1479 1414 diehus
1527 1372 1876 1428 promoveas,
1924 1359 2170 1414 invenies

582 1454 905 1511 vicesimum
933 1453 1181 1524 ejusdem
1217 1450 1545 1506 Dhul-llnice
1570 1454 1803 1522 primum
1840 1451 2039 1517 Martii,
2075 1451 2169 1523 qui

582 1547 701 1603 dies
744 1543 897 1601 Jovis
928 1555 981 1599 et
1012 1544 1203 1613 quinta
1242 1539 1398 1602 feria,
1430 1554 1494 1595 co
1524 1554 1669 1595 anno
1718 1533 1959 1596 litteram
1992 1538 2168 1594 domi-

583 1638 813 1693 nicalem
844 1635 885 1692 C
930 1638 1190 1699 habente,
1223 1634 1348 1697 fuit,
1388 1647 1498 1687 non
1542 1644 1750 1698 autem,
1785 1641 1846 1688 ut
1877 1633 1957 1689 ait
2008 1634 2172 1688 Anul-

582 1733 904 1803 pharugius,
933 1730 1055 1787 dies
1079 1728 1333 1785 Mercurii
1362 1726 1477 1784 sive
1501 1737 1697 1800 quarta
1728 1724 1883 1783 feria.

653 1911 794 1969 XIV.
834 1912 928 1968 His
956 1913 1126 1968 lector
1145 1914 1369 1967 adactus
1400 1914 1466 1965 ad
1502 1913 1785 1966 fatendum
1810 1911 2164 1967 characteres

522 2046 526 2048 γ
579 2006 715 2064 istos
779 2007 919 2061 duos
979 2005 1420 2076 chronologicos,
1484 2004 1711 2059 Paschae
1756 2004 2047 2059 incidentis
2108 2003 2162 2059 in

580 2111 826 2157 mensem
866 2096 1225 2154 Dlml—Halam
1280 2107 1346 2157 et.
1369 2098 1519 2153 feria:
1567 2104 1779 2167 quartae
1819 2096 2165 2167 insiguientis

577 2197 899 2252 vicesimum
946 2192 1274 2249 Dhttloilaia:
1309 2192 1474 2257 diem,
1514 2191 1740 2246 minime
1777 2190 2073 2247 convenire
2106 2192 2162 2246 in

579 2303 781 2345 annum
839 2282 1054 2358 Hcgirae
1108 2285 1237 2352 681,
1298 2294 1504 2356 quaeret
1537 2282 1678 2355 forte
1711 2300 1842 2340 num
1887 2284 1941 2339 in
1978 2282 2161 2340 .alium

576 2380 927 2437 conveniant.
994 2377 1110 2433 Non
1167 2379 1327 2449 longe
1385 2377 1624 2433 abibitur
1662 2393 1684 2432 ι
1741 2378 1829 2432 aio
1881 2377 2164 2446 aptissime

580 2475 771 2528 ambos
803 2471 1081 2542 quadrare
1115 2470 1168 2526 in
1224 2486 1430 2527 annum
1461 2469 1685 2541 ἀμέσως
1734 2472 2159 2541 ρηεεοάεηιειη,

577 2560 833 2620 videlicet
856 2562 1071 2633 Hegim
1101 2560 1226 2619 680.
1253 2562 1356 2618 Hic
1378 2576 1556 2618 annus
1585 2561 1801 2618 initium
1832 2562 1988 2617 duxit
2011 2577 2044 2618 a
2074 2563 2161 2621 die

572 2656 646 2713 22
678 2657 879 2729 Aprilis
912 2643 1118 2713 Juliani
1150 2672 1299 2713 anno
1327 2654 1535 2712 Christi
1571 2653 1731 2722 1281,
1774 2656 1937 2710 desiit
1975 2665 2158 2711 autem

574 2749 664 2805 die
693 2745 904 2806 decima
949 2748 1193 2818 ejusdem
1226 2745 1431 2816 Aprilis
1480 2760 1625 2802 anno
1666 2745 1867 2802 Christi
1908 2747 2161 2818 sequenti

576 2843 742 2900 1282.
772 2840 895 2898 Fuit
918 2857 1095 2897 annus
1115 2840 1320 2897 Christi
1349 2839 1488 2895 1282
1511 2838 1716 2911 periodi
1741 2837 2155 2896 Julianae'5995.

571 2925 798 3010 Cyclum
825 2935 962 2993 solis
988 2936 1183 2990 habuit
1204 2934 1378 2989 3cum
1408 2934 1589 2989 littera
1621 2931 1942 2987 Dominicali
1975 2932 2037 3001 D,
2066 2948 2161 3007 cy-

571 3028 718 3085 clum
752 3040 880 3082 vero
910 3025 1053 3080 luna:
1085 3023 1169 3079 10.
1213 3022 1293 3080 Ex
1338 3023 1425 3080 his
1459 3031 1609 3095 patet
1641 3023 1850 3081 Pascha
1881 3024 2000 3092 ejus
2030 3023 2158 3080 anni

571 3134 874 3194 occupasse
900 3121 1043 3176 diem
1074 3118 1145 3173 29
1172 3117 1378 3173 mensis
1410 3115 1612 3174 Juliani
1647 3116 1847 3173 Martii.
1885 3119 2014 3173 Haec
2042 3118 2160 3173 dies

571 3191 765 3273 deesse
790 3228 896 3270 non
923 3211 1100 3284 potuit
1119 3212 1250 3283 quin
1281 3210 1490 3266 ambitu
1516 3210 1721 3266 mensis
1741 3210 1961 3266 Arabici
1990 3209 2159 3267 Dhul-
2186 3191 2230 3250 c-

575 3311 726 3379 Halaz
752 3308 922 3381 819
960 3310 1014 3364 in
1043 3323 1186 3364 anno
1212 3304 1425 3378 ilcgiras
1455 3303 1560 3362 680
1603 3305 1980 3372 clauderetur,
2018 3320 2157 3376 quo-

577 3408 724 3462 niam
768 3405 818 3463 is
862 3418 1039 3460 annus
1087 3418 1116 3456 a
1172 3401 1246 3456 22
1300 3397 1506 3470 Aprilis
1550 3399 1682 3455 anni
1732 3398 1866 3456 Chr.
1899 3397 2031 3454 1281
2076 3397 2160 3454 in-

573 3499 805 3554 choatus
834 3509 1012 3568 usque
1054 3494 1123 3550 ad
1181 3492 1253 3548 10
1300 3490 1505 3561 Aprilis
1548 3504 1642 3545 an.
1672 3488 1805 3547 Chr.
1858 3490 1998 3547 1282
2036 3506 2163 3562 pro-

577 3592 815 3645 tenditur
869 3607 884 3645 :
934 3584 1245 3644 Dhul-ilaia
1292 3598 1424 3639 vero
1480 3583 1719 3638 ultimus
1770 3582 1977 3638 mensis
2024 3584 2162 3640 anni

573 3686 791 3742 Arabici
851 3682 1044 3755 viginti
1104 3696 1297 3738 novem
1356 3686 1665 3751 postremos
1719 3676 1837 3747 ejus
1882 3677 2008 3731 anni
2042 3677 2161 3733 dies

573 3780 840 3846 continet,
871 3779 962 3848 qui
999 3793 1123 3834 cum
1177 3786 1325 3833 retro
1356 3773 1634 3829 numerati
1670 3786 1699 3826 a
1756 3773 1823 3829 10
1851 3772 2058 3843 Aprihs
2087 3773 2155 3830 ad

575 3874 649 3930 16
700 3870 881 3927 Martii
945 3871 1305 3940 perveniant,
1364 3868 1437 3925 ibi
1514 3867 1759 3939 deligunt
1816 3869 2158 3924 neomeniam

574 3967 923 4023 Dhul-Haim.
958 3964 1119 4020 Prior
1146 3964 1310 4035 igitur
1352 3964 1638 4019 character
1679 3961 1965 4019 manifeste
2004 3977 2160 4019 com-

570 4064 706 4136 petit
736 4078 878 4118 anno
904 4058 1116 4131 Hegirae
1143 4060 1269 4117 680.
1310 4058 1424 4116 Nec
1446 4059 1625 4117 utinus
1657 4058 1942 4116 evidenter
1971 4070 2157 4129 poste-

572 4156 686 4211 rior
721 4152 899 4207 cidem
931 4150 1246 4219 adaptatur.
1292 4149 1426 4205 Nam
1476 4150 1775 4207 vicesimus
1831 4165 2006 4205 nonus
2038 4150 2157 4206 dies

569 4246 777 4309 Martii,
809 4261 969 4315 quem
1015 4241 1191 4299 fuisse
1249 4242 1391 4298 diem
1428 4240 1652 4298 Paschae
1698 4245 2041 4301 ostendimus
2100 4246 2155 4298 in

569 4354 717 4397 anno
742 4338 946 4395 Christi
991 4336 1156 4402 1282,
1204 4334 1309 4392 fuit
1356 4336 1676 4391 necessario
1708 4336 1960 4392 decimus
1989 4337 2157 4407 septi-

571 4426 694 4489 mus
727 4431 1046 4487 Dhul-Haim
1083 4429 1290 4487 mensis
1337 4428 1554 4484 Arahici
1582 4469 1597 4495 ,
1628 4429 1900 4496 siquidem
1933 4429 1977 4483 is
2008 4429 2155 4485 ince-

568 4526 675 4597 pit,
709 4514 797 4598 [Ρ.
830 4521 958 4598 594]
995 4533 1054 4578 ιιι
1084 4533 1168 4580 est
1210 4524 1433 4587 dictum,
1479 4537 1511 4577 a
1537 4521 1625 4576 die
1655 4522 1724 4577 15
1756 4521 1952 4577 Martii.
1987 4522 2155 4577 Porro
2182 4562 2234 4622 Β

569 4620 637 4677 ad
671 4620 812 4675 diem
849 4618 920 4674 29
952 4618 1164 4684 Martii,
1218 4632 1338 4688 qua!
1387 4614 1612 4671 Pascha:
1643 4615 1923 4671 Dominica
1955 4614 2079 4679 fuit,
2108 4617 2153 4671 si

568 4724 682 4769 tres
702 4711 871 4768 ferias
896 4713 1180 4783 adjungas’,
1200 4710 1521 4775 secundam,
1552 4710 1767 4766 tertiam
1800 4718 1854 4765 et
1881 4718 2155 4779 quartam,

570 4808 714 4864 hanc
764 4807 1010 4877 profecto
1062 4804 1309 4859 ultimam
1366 4804 1611 4858 residere
1662 4802 2041 4871 deprehendes
2097 4802 2153 4867 in

567 4900 825 4957 Kalendis
862 4898 1065 4971 Aprilis
1098 4895 1320 4961 Iuliani,
1355 4897 1408 4951 in
1461 4911 1599 4965 quas
1636 4896 1826 4953 incidit
1858 4896 2152 4952 vicesimus

564 4995 686 5050 dies
735 4992 957 5050 Arabici
1017 4989 1356 5047 Dhul-llaiac.
1412 4989 1559 5061 Ergo
1622 4990 1920 5045 vicesimus
1983 4986 2153 5043 Dhul-

569 5088 720 5144 llaic
770 5101 915 5143 anno
968 5084 1185 5156 llegirat
1236 5083 1343 5140 680
1402 5082 1506 5140 fuit
1557 5083 1673 5141 dies
1728 5083 1983 5139 Mercurii
2038 5084 2154 5138 sive

567 5190 760 5253 quarta
814 5181 981 5248 feria;
1034 5179 1129 5251 qui
1205 5188 1326 5234 erat
1398 5179 1679 5236 secundus
1722 5175 2153 5247 chronologicus

567 5278 855 5332 character
901 5288 1140 5340 annum,
1177 5287 1286 5343 quo
1331 5281 1414 5326 est
1465 5268 1650 5326 Δικαία
1698 5281 1981 5336 mortuus,
2016 5269 2152 5325 iusi-

566 5370 783 5441 guicns.
814 5367 996 5434 Quare
1028 5370 1173 5421 hunc
1194 5366 1579 5435 imperatorem
1614 5361 2008 5432 Mogulensium
2043 5377 2150 5419 non

566 5478 711 5518 anno
745 5462 955 5532 Πυθίη
1012 5460 1152 5527 681,
1221 5470 1278 5514 ut
1327 5472 1610 5528 perperam
1657 5458 1709 5511 in
1760 5454 2150 5525 Ahulpharagii

568 5556 842 5611 Chronico
896 5546 1196 5619 scribitur,
1245 5554 1339 5608 sed
1384 5549 1720 5619 prmcedenti
1776 5545 1991 5619 Hcgira‘:
2047 5546 2153 5601 680

566 5666 753 5706 Vivere
782 5664 847 5705 ac
875 5663 1106 5720 regnare
1134 5647 1363 5703 desiisse
1390 5647 1685 5701 tenendum
1726 5659 1827 5714 pro
1852 5652 2008 5697 certo
2044 5651 2146 5696 est.

568 5745 723 5801 Unde
754 5760 873 5814 qua:
906 5743 1152 5813 proxime
1180 5741 1545 5796 antecessisse
1592 5739 1704 5795 lllic
1750 5737 2005 5793 dicuntur
2032 5736 2150 5805 ejus

568 5840 774 5897 obitum
807 5837 1179 5909 expeditiones
1231 5833 1631 5907 Moguleusium
1664 5833 1716 5890 in
1752 5829 1967 5902 Syriam
2004 5830 2149 5899 duae,

2275 512 2581 584 Kungortai
2617 523 2797 586 empta
2826 530 3000 570 verno
3057 524 3300 586 tempore
3345 518 3473 571 anni
3530 514 3755 586 Hegira:
3781 517 3868 574 679

2276 608 2454 663 hieme
2500 612 2630 663 anni
2664 607 2907 677 ejusdem
2954 612 3303 666 terminetur.
3340 610 3537 667 Postea
3593 627 3727 668 vere
3759 618 3868 668 anni

2275 701 2558 774 sequentis
2598 701 2814 774 ﬂeglraa
2846 702 2976 769 680,
3017 704 3267 760 nuntiata
3298 716 3435 760 nova
3481 705 3762 778 Syrorum
3792 706 3873 761 de-

2275 795 2554 851 fectione.
2603 812 2672 854 eo
2749 796 2946 869 Mttnga
3016 798 3304 867 Timurus,
3350 799 3631 859 minimus
3684 798 3871 857 Ahalae

2272 886 2477 954 frater,
2513 901 2635 944 cum
2709 890 2958 946 exercitu
3029 888 3421 962 Moguleusimu
3479 894 3871 963 quinquaginta

2275 980 2506 1035 millium
2560 983 2827 1049 moverit,
2875 982 3085 1039 habens
3132 994 3397 1055 praterea
3430 999 3627 1041 secum
3657 985 3872 1042 sociales

2274 1075 2637 1128 Armenorum
2701 1073 2914 1143 copias,
2959 1091 3087 1147 rege
3126 1077 3246 1147 ipso
3280 1078 3557 1132 Armeniae
3596 1083 3868 1153 ductante.

2273 1165 2337 1220 lli
2410 1168 2573 1223 simul
2624 1184 2817 1226 omnes
2879 1184 3001 1224 cum
3053 1169 3207 1244 Syris
3264 1181 3321 1227 et
3377 1170 3670 1245 Egyptiis
3723 1173 3871 1230 dubio

2274 1259 2446 1317 Marte
2473 1262 2613 1319 inter
2661 1262 2888 1319 Hamam
2922 1274 2976 1319 et
3002 1263 3290 1322 llemesam
3317 1266 3727 1326 conflixerunt.
3758 1267 3872 1325 lnde

2273 1352 2469 1425 Munga
2521 1353 2779 1412 Timurus
2831 1371 2893 1412 se
2940 1356 3011 1413 ad
3062 1357 3309 1413 Abakam
3351 1358 3635 1427 recipiens
3667 1374 3792 1412 cum
3825 1360 3869 1413 in

2274 1444 2718 1513 Mesopotamiam
2748 1449 3115 1520 pervenisset,
3141 1450 3310 1507 ibiex
3344 1460 3560 1507 veneno
3598 1467 3707 1523 per
3733 1451 3873 1507 frau-

2273 1537 2400 1593 dem
2428 1541 2727 1609 propinate
2777 1540 2832 1596 in
2862 1541 3061 1599 itlnere
3093 1557 3292 1601 versus
3322 1544 3535 1603 Nisibin
3565 1545 3870 1602 exstinctus

2270 1642 2380 1695 est.
2434 1633 2753 1689 earumdem
2809 1634 3072 1693 videlicet
3114 1637 3331 1695 insidiis
3376 1642 3469 1711 qui
3532 1657 3651 1697 non
3711 1643 3873 1696 multo

2270 1737 2397 1797 post
2424 1728 2668 1785 Abakam
2699 1731 2878 1798 ipsum
2923 1731 3043 1803 pari
3096 1735 3304 1791 scelere
3360 1750 3426 1793 ac
3459 1737 3587 1793 dolo
3622 1753 3871 1808 pereme-

2203 1820 2249 1875 B
2282 1832 2406 1877 runt
2440 1840 2453 1879 :
2494 1837 2621 1879 nam
2654 1823 2882 1882 eﬂbctus
2911 1834 3020 1881 tam
3050 1828 3253 1897 gemini
3293 1842 3443 1886 recte
3477 1836 3571 1886 uni
3606 1842 3667 1887 et
3702 1834 3869 1887 eidem

2273 1916 2616 1985 impotentur
2648 1932 2851 1985 cauam,
2884 1918 3011 1977 odio
3051 1925 3413 1989 quorumdam
3448 1925 3867 1996 conjuratorum

2272 2009 2328 2063 iu
2386 2009 2586 2067 Abakaa
2630 2011 2875 2070 domum.
2924 2012 2997 2070 At
3043 2015 3110 2071 de
3162 2017 3249 2074 his
3314 2032 3417 2089 pro
3458 2019 3721 2076 instituto
3756 2020 3871 2092 plus

2267 2103 2433 2162 satis.

2363 2286 2483 2344 XV.
2544 2290 2744 2346 Abakre
2813 2301 3033 2351 mortuo
3086 2298 3357 2355 successit
3408 2299 3528 2372 ejus
3574 2301 3865 2360 insidiator

2270 2381 2545 2438 Ahmedes
2576 2393 2632 2438 et
2678 2384 2794 2456 ipse
2836 2386 2978 2442 filius
3008 2385 3239 2457 littlacu,
3286 2389 3379 2446 sed
3410 2391 3515 2448 alia
3550 2404 3739 2450 matre
3768 2412 3863 2450 na-

2274 2484 2378 2543 tus,
2426 2490 2492 2531 ex
2529 2493 2637 2548 qua
2696 2489 3062 2550 praeterquam
3114 2483 3455 2540 novercalem
3518 2485 3574 2541 in
3621 2484 3859 2541 Ahakam

2268 2569 2509 2625 animum
2541 2571 2763 2626 trahere
2785 2572 2986 2642 potuit,
3019 2574 3183 2630 etiam
3216 2575 3511 2635 instinctus
3538 2579 3767 2637 videtur
3799 2580 3860 2636 ad

2269 2662 2518 2716 eumdem
2559 2661 2801 2719 Ahakam
2837 2665 3175 2737 perdendum
3234 2669 3361 2726 odio
3416 2670 3758 2728 ChriStianas
3782 2688 3862 2729 reo

2268 2753 2507 2823 ligionis,
2538 2754 2697 2825 cujus
2727 2756 2993 2812 cultorem
3035 2756 3206 2814 fuisse
3251 2758 3495 2816 Abakam
3526 2762 3685 2819 clare
3717 2765 3855 2818 allir-

2271 2855 2383 2900 mat
2435 2847 2900 2918 Abulpharagtus,
2934 2849 3062 2903 dum
3112 2864 3238 2906 eum
3292 2850 3605 2909 celebrasse
3657 2856 3857 2911 festum

2265 2940 2489 2997 Pascha:
2523 2958 2630 2997 una
2666 2958 2791 2999 cum
2824 2943 3154 3000 Christianis
3191 2946 3409 3004 scribit.
3454 2948 3630 3020 Hujus
3656 2950 3855 3006 Ahmeo

2265 3034 2352 3089 dis
2407 3042 2528 3089 acta
2581 3035 2924 3106 principatus
2981 3038 3164 3094 omnia
3208 3040 3532 3113 rediguntur
3584 3044 3640 3098 in
3698 3060 3855 3098 unam

2262 3126 2537 3198 prolixam
2568 3127 2856 3197 epistolam
2905 3129 2960 3183 in
3002 3134 3533 3193 commendationem
3592 3138 3853 3196 Alcoraui

2266 3226 2321 3274 et
2364 3219 2775 3288 superstitionis
2815 3219 3191 3281 Mahometica:
3224 3226 3290 3282 ad
3321 3228 3595 3286 sultanem
3632 3230 3852 3304 Egypti

2265 3312 2565 3383 scriptam,
2628 3328 2794 3382 quam
2836 3313 3276 3389 Ahulpharagius
3326 3322 3545 3389 recitat,
3591 3326 3851 3381 continuo

2267 3400 2518 3458 referens
2554 3402 2928 3475 indulgentem
2960 3408 3258 3465 Ahmedem
3285 3411 3487 3468 dudum
3522 3414 3695 3487 820
3724 3431 3851 3472 con-

2265 3506 2424 3565 cepto
2471 3496 2525 3553 in
2564 3497 2765 3554 Abaltaz
2823 3498 3087 3558 familiam
3146 3501 3345 3571 furori,
3402 3507 3529 3563 dum
3573 3510 3845 3582 Argunem

2266 3587 2469 3645 Ahalae
2515 3589 2687 3646 lilium
2724 3591 2913 3649 studet
2951 3596 3286 3666 opprimere,
3340 3602 3410 3655 ab
3443 3615 3509 3658 eo
3562 3612 3621 3658 et
3659 3605 3711 3659 ei
3741 3611 3848 3659 stu-

2268 3684 2518 3742 dentibus
2564 3684 2744 3741 .fuisse
2781 3689 3241 3752 comprehensum
3270 3701 3323 3746 et
3353 3695 3618 3752 custodia:
3650 3694 3845 3752 manci-

2266 3788 2449 3847 patum
2478 3777 2568 3834 die
2610 3778 2869 3835 Mercurii
2896 3778 3111 3837 Jomadi
3142 3784 3345 3854 prioris
3374 3788 3691 3857 undecimo,
3719 3788 3841 3845 anni

2265 3870 2482 3943 Hegirze
2534 3870 2667 3940 685,
2723 3875 2818 3945 qui
2873 3874 3084 3945 incepit
3139 3891 3170 3932 a
3229 3878 3317 3935 die
3358 3879 3431 3935 20
3483 3880 3668 3938 Martii
3707 3896 3841 3938 anno

2262 3963 2471 4025 Christi
2524 3964 2684 4021 1281.
2735 3966 2832 4023 Est
2907 3966 3119 4027 Jomadi
3176 3970 3328 4043 prior
3381 3974 3606 4045 quintus
3655 3976 3842 4031 ordine

2264 4057 2466 4114 mensis
2501 4058 2554 4113 in
2581 4074 2722 4115 anno
2748 4059 3018 4129 Arabico;
3054 4064 3208 4135 cujus
3242 4064 3503 4122 Kalendae
3531 4083 3559 4121 a
3600 4067 3674 4123 20
3703 4068 3838 4122 Mar-

2261 4153 2317 4206 tii
2357 4164 2655 4209 numeratae
2710 4153 2959 4212 incidunt
3026 4158 3079 4212 in
3141 4157 3410 4215 decinmm
3455 4176 3669 4219 sextum
3718 4162 3836 4220 Julii

2262 4246 2382 4316 ejus
2440 4245 2642 4301 ChriSti
2700 4249 2826 4301 anni
2871 4248 3012 4303 1284
3062 4250 3359 4308 bissextilis
3388 4295 3405 4322 ,
3444 4254 3599 4324 cujus
3655 4258 3837 4330 cyclus

2260 4340 2394 4395 solis
2423 4337 2523 4393 fuit
2552 4338 2585 4393 5
2612 4348 2664 4393 et
2697 4339 2879 4396 littera
2937 4342 3294 4401 Dominicalis
3333 4346 3374 4400 B
3411 4350 3477 4416 A,
3512 4352 3658 4407 unde
3700 4359 3836 4423 patet

2262 4433 2608 4488 undecimum
2638 4431 2853 4490 Jomadi
2885 4436 3082 4506 prioris
3110 4452 3298 4492 revera
3332 4439 3501 4498 fuisse
3529 4445 3670 4498 diem
3704 4445 3835 4499 Iler-

2262 4527 2397 4579 curii
2432 4541 2447 4580 :
2482 4529 2604 4581 talis
2638 4526 2784 4581 enim
2831 4526 2936 4583 fuit
2966 4527 3104 4584 feria
3134 4530 3206 4585 26
3236 4534 3356 4588 dies
3396 4531 3548 4601 Julii,
3584 4553 3708 4592 cum
3741 4552 3830 4592 uu-

2260 4619 2473 4675 decimo
2514 4617 2600 4675 die
2630 4616 2844 4675 Jomadi
2881 4622 3084 4693 prioris
3128 4625 3616 4691 coincidens...lam
3668 4638 3776 4685 tum
3804 4644 3830 4682 a

2259 4710 2445 4765 clauso
2477 4713 2530 4764 ln
2557 4725 2782 4767 carcere
2818 4710 3059 4769 Ahmede
3090 4717 3258 4784 coepit
3278 4715 3677 4787 Mogulensium
3707 4736 3831 4777 con-

2257 4819 2421 4859 sensu
2495 4805 2769 4876 imperare
2819 4808 3002 4876 Argun
3046 4807 3204 4863 titulo
3255 4808 3458 4867 Chattis
3519 4826 3827 4887 assumpto;

2260 4911 2384 4950 nam
2447 4897 2709 4968 deinceps
2764 4896 3132 4969 Argum-Clum
3194 4908 3281 4956 est
3332 4900 3529 4960 dictus.
3592 4904 3832 4963 licininit

2259 4987 2420 5057 hujus
2455 4986 2829 5060 Pachymercs
2864 5005 2917 5060 p.
2966 4991 3072 5047 52⁸7
3102 4993 3367 5064 .Arganen
3404 4993 3583 5054 Kanin
3619 5015 3829 5055 vocans.

2256 5073 2604 5137 Censuerunt
2661 5094 2845 5137 autem
2886 5084 3164 5154 principes
3203 5088 3529 5161 Ahmedem,
3584 5099 3642 5147 ut
3679 5094 3828 5148 caedis

2255 5172 2728 5231 Ahachat-Chanis
2766 5191 2940 5244 reum,
2989 5178 3112 5245 jure
3159 5193 3327 5249 posse
3376 5184 3640 5251 interﬁci;
3680 5188 3829 5258 idque

2255 5280 2508 5327 auctores
2544 5270 2645 5343 ipsi
2695 5271 2920 5341 jubeudi
2959 5286 3139 5333 erant.
3181 5276 3381 5334 Verum
3428 5281 3519 5338 ille
3550 5288 3822 5345 recusavit,

2255 5364 2386 5417 satis
2428 5363 2633 5419 habens
2683 5363 2985 5420 Ahmedem
3046 5368 3205 5423 matri
3253 5367 3557 5443 Kungortai
3591 5386 3646 5431 et
3678 5378 3825 5445 hujus

2257 5455 2385 5510 filiis
2417 5453 2640 5525 dedere,
2690 5459 2782 5527 qui
2818 5474 2941 5514 eum
2980 5461 3303 5518 occiderunt
3350 5466 3405 5519 in
3440 5466 3705 5523 ultionem
3737 5483 3821 5541 pa-

2257 5561 2425 5607 ternae
2458 5550 2621 5608 caedis
2651 5552 2738 5607 die
2764 5549 2799 5607 2
2840 5550 3054 5609 Jomadi
3098 5558 3442 5626 posterioris,
3473 5574 3593 5628 qua:
3622 5564 3738 5618 dies
3774 5565 3819 5619 in

2254 5643 2444 5698 feriam
2480 5643 2607 5698 item
2642 5655 2892 5714 quartam
2924 5649 3141 5714 incidit,
3180 5658 3234 5703 ut
3271 5651 3348 5704 ait
3398 5651 3821 5726 Ahulpharagius

2253 5741 2306 5791 el
2336 5750 2523 5792 verum
2581 5736 2858 5809 cernitur,
2896 5740 3166 5811 siquidem
3222 5742 3438 5802 Jamadi
3492 5750 3817 5820 posterioris.

2254 5836 2389 5892 sexti
2424 5834 2625 5892 mensis
2670 5833 2934 5903 Arabum.
2986 5838 3105 5897 dies
3153 5840 3427 5897 secundus
3462 5840 3516 5897 in
3569 5841 3714 5900 diem
3767 5859 3817 5902 eo
