  <div class='ocr_page' id='page_1' title='image "/cluster/home/n/w/nwhite01/storage/ocr_20150623/144/mdp.39015046822246/462.png"; bbox 0 0 4058 6298; ppageno 0'>
   <div class='ocr_carea' id='block_1_1' title="bbox 213 381 330 447">
    <p class='ocr_par' dir='ltr' id='par_1_1' title="bbox 213 381 330 447">
     <span class='ocr_line' id='line_1_1' title="bbox 213 381 330 447; baseline -0.017 0"><span class='ocrx_word' id='word_1_1' title='bbox 213 381 330 447; x_wconf 68' lang='grc' dir='ltr'><strong>δτι</strong></span> 
     </span>
    </p>
   </div>
   <div class='ocr_carea' id='block_1_2' title="bbox 1525 373 2171 443">
    <p class='ocr_par' dir='ltr' id='par_1_2' title="bbox 1525 373 2171 443">
     <span class='ocr_line' id='line_1_2' title="bbox 1525 373 2171 443; baseline -0.006 0"><span class='ocrx_word' id='word_1_2' title='bbox 1525 373 2171 443; x_wconf 74' lang='lat' dir='ltr'><strong>CHBONOLOGICUS</strong></span> 
     </span>
    </p>
   </div>
   <div class='ocr_carea' id='block_1_3' title="bbox 3381 375 3486 439">
    <p class='ocr_par' dir='ltr' id='par_1_3' title="bbox 3381 375 3486 439">
     <span class='ocr_line' id='line_1_3' title="bbox 3381 375 3486 439; baseline 0.076 -7"><span class='ocrx_word' id='word_1_3' title='bbox 3381 375 3486 439; x_wconf 74' lang='grc'><strong>8⁸78</strong></span> 
     </span>
    </p>
   </div>
   <div class='ocr_carea' id='block_1_4' title="bbox 214 487 3497 560">
    <p class='ocr_par' dir='ltr' id='par_1_4' title="bbox 214 487 3497 560">
     <span class='ocr_line' id='line_1_4' title="bbox 214 487 3497 560; baseline -0.001 -12"><span class='ocrx_word' id='word_1_4' title='bbox 214 513 368 550; x_wconf 83' lang='lat' dir='ltr'><strong>anno</strong></span> <span class='ocrx_word' id='word_1_5' title='bbox 408 493 610 550; x_wconf 76' lang='lat' dir='ltr'><strong>Christi</strong></span> <span class='ocrx_word' id='word_1_6' title='bbox 659 491 796 549; x_wconf 60' lang='lat'><strong>128$</strong></span> <span class='ocrx_word' id='word_1_7' title='bbox 826 490 971 548; x_wconf 79' lang='lat' dir='ltr'><strong>cedit</strong></span> <span class='ocrx_word' id='word_1_8' title='bbox 1015 499 1230 549; x_wconf 77' lang='lat' dir='ltr'><strong>sextum</strong></span> <span class='ocrx_word' id='word_1_9' title='bbox 1285 491 1556 548; x_wconf 90' lang='lat' dir='ltr'><strong>decimum</strong></span> <span class='ocrx_word' id='word_1_10' title='bbox 1602 492 1804 548; x_wconf 87' lang='lat' dir='ltr'><strong>mensis</strong></span> <span class='ocrx_word' id='word_1_11' title='bbox 1833 496 1876 550; x_wconf 82' lang='lat' dir='ltr'><strong>A</strong></span> <span class='ocrx_word' id='word_1_12' title='bbox 1905 491 2159 560; x_wconf 87' lang='lat' dir='ltr'><strong>primum.</strong></span> <span class='ocrx_word' id='word_1_13' title='bbox 2199 487 2392 544; x_wconf 84' lang='lat' dir='ltr'><strong>deinde</strong></span> <span class='ocrx_word' id='word_1_14' title='bbox 2426 489 2610 545; x_wconf 86' lang='lat' dir='ltr'><strong>fratris</strong></span> <span class='ocrx_word' id='word_1_15' title='bbox 2655 488 2892 546; x_wconf 82' lang='lat' dir='ltr'><strong>Cazanis</strong></span> <span class='ocrx_word' id='word_1_16' title='bbox 2926 489 3253 546; x_wconf 84' lang='lat' dir='ltr'><strong>auctoritate</strong></span> <span class='ocrx_word' id='word_1_17' title='bbox 3290 488 3497 560; x_wconf 56' lang='lat' dir='ltr'><strong>regem</strong></span> 
     </span>
    </p>
   </div>
   <div class='ocr_carea' id='block_1_5' title="bbox 218 585 1804 656">
    <p class='ocr_par' dir='ltr' id='par_1_5' title="bbox 218 585 1804 656">
     <span class='ocr_line' id='line_1_5' title="bbox 218 585 1804 656; baseline 0 -17"><span class='ocrx_word' id='word_1_18' title='bbox 218 589 475 656; x_wconf 78' lang='lat' dir='ltr'><strong>Augusti,</strong></span> <span class='ocrx_word' id='word_1_19' title='bbox 501 585 594 640; x_wconf 91' lang='lat' dir='ltr'><strong>cui</strong></span> <span class='ocrx_word' id='word_1_20' title='bbox 624 587 731 642; x_wconf 87' lang='lat' dir='ltr'><strong>diei</strong></span> <span class='ocrx_word' id='word_1_21' title='bbox 769 585 834 642; x_wconf 81' lang='lat' dir='ltr'><strong>ad</strong></span> <span class='ocrx_word' id='word_1_22' title='bbox 887 591 1185 653; x_wconf 75' lang='lat' dir='ltr'><strong>marginem</strong></span> <span class='ocrx_word' id='word_1_23' title='bbox 1214 587 1426 655; x_wconf 84' lang='lat' dir='ltr'><strong>adjacet</strong></span> <span class='ocrx_word' id='word_1_24' title='bbox 1467 587 1522 641; x_wconf 90' lang='lat' dir='ltr'><strong>in</strong></span> <span class='ocrx_word' id='word_1_25' title='bbox 1557 586 1804 642; x_wconf 83' lang='lat' dir='ltr'><strong>Romano</strong></span> 
     </span>
    </p>
   </div>
   <div class='ocr_carea' id='block_1_6' title="bbox 216 677 1801 749">
    <p class='ocr_par' dir='ltr' id='par_1_6' title="bbox 216 677 1801 749">
     <span class='ocr_line' id='line_1_6' title="bbox 216 677 1801 749; baseline 0.001 -17"><span class='ocrx_word' id='word_1_26' title='bbox 216 679 551 734; x_wconf 80' lang='lat' dir='ltr'><strong>Kalendario</strong></span> <span class='ocrx_word' id='word_1_27' title='bbox 591 681 778 735; x_wconf 91' lang='lat' dir='ltr'><strong>littera</strong></span> <span class='ocrx_word' id='word_1_28' title='bbox 823 677 890 745; x_wconf 87' lang='lat' dir='ltr'><strong>D,</strong></span> <span class='ocrx_word' id='word_1_29' title='bbox 921 688 1046 734; x_wconf 85' lang='lat' dir='ltr'><strong>nota</strong></span> <span class='ocrx_word' id='word_1_30' title='bbox 1082 688 1292 749; x_wconf 65' lang='lat' dir='ltr'><strong>quarta:</strong></span> <span class='ocrx_word' id='word_1_31' title='bbox 1345 679 1532 747; x_wconf 76' lang='lat' dir='ltr'><strong>ferire,</strong></span> <span class='ocrx_word' id='word_1_32' title='bbox 1563 679 1801 749; x_wconf 98' lang='lat' dir='ltr'><strong>quando,</strong></span> 
     </span>
    </p>
   </div>
   <div class='ocr_carea' id='block_1_7' title="bbox 219 771 1801 843">
    <p class='ocr_par' dir='ltr' id='par_1_7' title="bbox 219 771 1801 843">
     <span class='ocr_line' id='line_1_7' title="bbox 219 771 1801 843; baseline 0.003 -19"><span class='ocrx_word' id='word_1_33' title='bbox 219 783 279 825; x_wconf 89' lang='lat' dir='ltr'><strong>ut</strong></span> <span class='ocrx_word' id='word_1_34' title='bbox 324 782 475 836; x_wconf 89' lang='lat' dir='ltr'><strong>tunc,</strong></span> <span class='ocrx_word' id='word_1_35' title='bbox 509 774 692 827; x_wconf 89' lang='lat' dir='ltr'><strong>littera</strong></span> <span class='ocrx_word' id='word_1_36' title='bbox 730 773 882 826; x_wconf 84' lang='lat' dir='ltr'><strong>feriae</strong></span> <span class='ocrx_word' id='word_1_37' title='bbox 917 771 1112 843; x_wconf 64' lang='lat' dir='ltr'><strong>prima</strong></span> <span class='ocrx_word' id='word_1_38' title='bbox 1161 773 1276 827; x_wconf 85' lang='lat' dir='ltr'><strong>sive</strong></span> <span class='ocrx_word' id='word_1_39' title='bbox 1308 773 1609 829; x_wconf 60' lang='lat' dir='ltr'><strong>Dominicis</strong></span> <span class='ocrx_word' id='word_1_40' title='bbox 1640 774 1801 828; x_wconf 79' lang='lat' dir='ltr'><strong>index</strong></span> 
     </span>
    </p>
   </div>
   <div class='ocr_carea' id='block_1_8' title="bbox 216 865 1802 937">
    <p class='ocr_par' dir='ltr' id='par_1_8' title="bbox 216 865 1802 937">
     <span class='ocr_line' id='line_1_8' title="bbox 216 865 1802 937; baseline 0 -19"><span class='ocrx_word' id='word_1_41' title='bbox 216 877 308 918; x_wconf 82' lang='lat' dir='ltr'><strong>est</strong></span> <span class='ocrx_word' id='word_1_42' title='bbox 339 866 404 919; x_wconf 70' lang='grc' dir='ltr'><strong>Α.</strong></span> <span class='ocrx_word' id='word_1_43' title='bbox 458 865 558 921; x_wconf 81' lang='lat' dir='ltr'><strong>Hic</strong></span> <span class='ocrx_word' id='word_1_44' title='bbox 604 867 800 918; x_wconf 85' lang='lat' dir='ltr'><strong>desiuit</strong></span> <span class='ocrx_word' id='word_1_45' title='bbox 857 866 1169 923; x_wconf 86' lang='lat' dir='ltr'><strong>Cbrouicon</strong></span> <span class='ocrx_word' id='word_1_46' title='bbox 1228 865 1663 937; x_wconf 79' lang='lat' dir='ltr'><strong>Abulpbaragii;</strong></span> <span class='ocrx_word' id='word_1_47' title='bbox 1708 866 1802 921; x_wconf 88' lang='lat' dir='ltr'><strong>cui</strong></span> 
     </span>
    </p>
   </div>
   <div class='ocr_carea' id='block_1_9' title="bbox 220 960 1807 1029">
    <p class='ocr_par' dir='ltr' id='par_1_9' title="bbox 220 960 1807 1029">
     <span class='ocr_line' id='line_1_9' title="bbox 220 960 1807 1029; baseline 0 -18"><span class='ocrx_word' id='word_1_48' title='bbox 220 960 453 1014; x_wconf 83' lang='lat' dir='ltr'><strong>Latinus</strong></span> <span class='ocrx_word' id='word_1_49' title='bbox 507 962 779 1029; x_wconf 84' lang='lat' dir='ltr'><strong>interpres</strong></span> <span class='ocrx_word' id='word_1_50' title='bbox 830 961 1137 1027; x_wconf 89' lang='lat' dir='ltr'><strong>perutiliter</strong></span> <span class='ocrx_word' id='word_1_51' title='bbox 1195 961 1634 1029; x_wconf 83' lang='lat' dir='ltr'><strong>supplementum</strong></span> <span class='ocrx_word' id='word_1_52' title='bbox 1674 968 1807 1013; x_wconf 87' lang='lat' dir='ltr'><strong>atte-</strong></span> 
     </span>
    </p>
   </div>
   <div class='ocr_carea' id='block_1_10' title="bbox 219 1049 1803 1123">
    <p class='ocr_par' dir='ltr' id='par_1_10' title="bbox 219 1049 1803 1123">
     <span class='ocr_line' id='line_1_10' title="bbox 219 1049 1803 1123; baseline -0.001 -18"><span class='ocrx_word' id='word_1_53' title='bbox 219 1053 343 1105; x_wconf 82' lang='lat' dir='ltr'><strong>xuit</strong></span> <span class='ocrx_word' id='word_1_54' title='bbox 373 1068 438 1106; x_wconf 77' lang='lat' dir='ltr'><strong>ex</strong></span> <span class='ocrx_word' id='word_1_55' title='bbox 478 1049 865 1115; x_wconf 80' lang='lat' dir='ltr'><strong>AI-Janualuo,</strong></span> <span class='ocrx_word' id='word_1_56' title='bbox 914 1052 1178 1107; x_wconf 84' lang='lat' dir='ltr'><strong>Abulfeda</strong></span> <span class='ocrx_word' id='word_1_57' title='bbox 1205 1094 1217 1108; x_wconf 90' lang='lat'><strong>.</strong></span> <span class='ocrx_word' id='word_1_58' title='bbox 1284 1053 1395 1106; x_wconf 86' lang='lat' dir='ltr'><strong>Ebn</strong></span> <span class='ocrx_word' id='word_1_59' title='bbox 1451 1051 1708 1123; x_wconf 81' lang='lat' dir='ltr'><strong>Yusepho</strong></span> <span class='ocrx_word' id='word_1_60' title='bbox 1749 1060 1803 1104; x_wconf 90' lang='lat' dir='ltr'><strong>et</strong></span> 
     </span>
    </p>
   </div>
   <div class='ocr_carea' id='block_1_11' title="bbox 219 1141 1805 1212">
    <p class='ocr_par' dir='ltr' id='par_1_11' title="bbox 219 1141 1805 1212">
     <span class='ocr_line' id='line_1_11' title="bbox 219 1141 1805 1212; baseline 0 -16"><span class='ocrx_word' id='word_1_61' title='bbox 219 1145 347 1198; x_wconf 78' lang='lat' dir='ltr'><strong>aliis</strong></span> <span class='ocrx_word' id='word_1_62' title='bbox 382 1144 732 1212; x_wconf 73' lang='lat' dir='ltr'><strong>chronologis</strong></span> <span class='ocrx_word' id='word_1_63' title='bbox 781 1144 1052 1198; x_wconf 78' lang='lat' dir='ltr'><strong>Arabibus</strong></span> <span class='ocrx_word' id='word_1_64' title='bbox 1107 1161 1464 1209; x_wconf 75' lang='lat' dir='ltr'><strong>expressum,</strong></span> <span class='ocrx_word' id='word_1_65' title='bbox 1528 1141 1669 1198; x_wconf 88' lang='lat' dir='ltr'><strong>unde</strong></span> <span class='ocrx_word' id='word_1_66' title='bbox 1719 1146 1805 1198; x_wconf 87' lang='lat' dir='ltr'><strong>hic</strong></span> 
     </span>
    </p>
   </div>
   <div class='ocr_carea' id='block_1_12' title="bbox 218 1237 1803 1308">
    <p class='ocr_par' dir='ltr' id='par_1_12' title="bbox 218 1237 1803 1308">
     <span class='ocr_line' id='line_1_12' title="bbox 218 1237 1803 1308; baseline 0.001 -17"><span class='ocrx_word' id='word_1_67' title='bbox 218 1237 551 1308; x_wconf 70' lang='lat' dir='ltr'><strong>Mogulensls</strong></span> <span class='ocrx_word' id='word_1_68' title='bbox 585 1237 798 1304; x_wconf 86' lang='lat' dir='ltr'><strong>imperii</strong></span> <span class='ocrx_word' id='word_1_69' title='bbox 864 1248 1108 1292; x_wconf 79' lang='lat' dir='ltr'><strong>extrema</strong></span> <span class='ocrx_word' id='word_1_70' title='bbox 1153 1250 1415 1306; x_wconf 87' lang='lat' dir='ltr'><strong>tempora,</strong></span> <span class='ocrx_word' id='word_1_71' title='bbox 1447 1247 1712 1307; x_wconf 54' lang='lat' dir='ltr'><strong>quantum»</strong></span> <span class='ocrx_word' id='word_1_72' title='bbox 1738 1249 1803 1293; x_wconf 87' lang='lat' dir='ltr'><strong>aa</strong></span> 
     </span>
    </p>
   </div>
   <div class='ocr_carea' id='block_1_13' title="bbox 221 1330 1270 1394">
    <p class='ocr_par' dir='ltr' id='par_1_13' title="bbox 221 1330 1270 1394">
     <span class='ocr_line' id='line_1_13' title="bbox 221 1330 1270 1394; baseline 0.002 -10"><span class='ocrx_word' id='word_1_73' title='bbox 221 1346 337 1387; x_wconf 89' lang='lat' dir='ltr'><strong>rem</strong></span> <span class='ocrx_word' id='word_1_74' title='bbox 367 1341 606 1385; x_wconf 87' lang='lat' dir='ltr'><strong>nostram</strong></span> <span class='ocrx_word' id='word_1_75' title='bbox 648 1330 914 1394; x_wconf 83' lang='lat' dir='ltr'><strong>conferet,</strong></span> <span class='ocrx_word' id='word_1_76' title='bbox 961 1331 1270 1386; x_wconf 82' lang='lat' dir='ltr'><strong>reddemus.</strong></span> 
     </span>
    </p>
   </div>
   <div class='ocr_carea' id='block_1_14' title="bbox 323 1507 1804 1582">
    <p class='ocr_par' dir='ltr' id='par_1_14' title="bbox 323 1507 1804 1582">
     <span class='ocr_line' id='line_1_14' title="bbox 323 1507 1804 1582; baseline 0.003 -20"><span class='ocrx_word' id='word_1_77' title='bbox 323 1509 382 1562; x_wconf 87' lang='lat' dir='ltr'><strong>P.</strong></span> <span class='ocrx_word' id='word_1_78' title='bbox 416 1509 546 1582; x_wconf 82' lang='lat'><strong>595]</strong></span> <span class='ocrx_word' id='word_1_79' title='bbox 595 1507 737 1565; x_wconf 72' lang='lat' dir='ltr'><strong>XVI.</strong></span> <span class='ocrx_word' id='word_1_80' title='bbox 792 1509 1162 1579; x_wconf 58' lang='lat' dir='ltr'><strong>ArgunoCban</strong></span> <span class='ocrx_word' id='word_1_81' title='bbox 1216 1525 1357 1565; x_wconf 89' lang='lat' dir='ltr'><strong>anno</strong></span> <span class='ocrx_word' id='word_1_82' title='bbox 1389 1511 1520 1580; x_wconf 72' lang='lat' dir='ltr'><strong>Heg.</strong></span> <span class='ocrx_word' id='word_1_83' title='bbox 1557 1510 1683 1573; x_wconf 84' lang='lat'><strong>690,</strong></span> <span class='ocrx_word' id='word_1_84' title='bbox 1713 1509 1804 1577; x_wconf 86' lang='lat' dir='ltr'><strong>qui</strong></span> 
     </span>
    </p>
   </div>
   <div class='ocr_carea' id='block_1_15' title="bbox 218 1604 1804 1667">
    <p class='ocr_par' dir='ltr' id='par_1_15' title="bbox 218 1604 1804 1667">
     <span class='ocr_line' id='line_1_15' title="bbox 218 1604 1804 1667; baseline 0 -9"><span class='ocrx_word' id='word_1_85' title='bbox 218 1621 248 1658; x_wconf 90' lang='lat' dir='ltr'><strong>a</strong></span> <span class='ocrx_word' id='word_1_86' title='bbox 287 1605 374 1661; x_wconf 89' lang='lat' dir='ltr'><strong>die</strong></span> <span class='ocrx_word' id='word_1_87' title='bbox 407 1605 440 1658; x_wconf 72' lang='grc' dir='ltr'><strong>ι</strong></span> <span class='ocrx_word' id='word_1_88' title='bbox 477 1604 717 1660; x_wconf 78' lang='lat' dir='ltr'><strong>Januarii</strong></span> <span class='ocrx_word' id='word_1_89' title='bbox 769 1607 896 1659; x_wconf 89' lang='lat' dir='ltr'><strong>anni</strong></span> <span class='ocrx_word' id='word_1_90' title='bbox 951 1604 1152 1660; x_wconf 80' lang='lat' dir='ltr'><strong>Christi</strong></span> <span class='ocrx_word' id='word_1_91' title='bbox 1207 1604 1334 1660; x_wconf 74' lang='lat' dir='ltr'><strong>l29l</strong></span> <span class='ocrx_word' id='word_1_92' title='bbox 1374 1605 1531 1660; x_wconf 70' lang='lat' dir='ltr'><strong>duxit</strong></span> <span class='ocrx_word' id='word_1_93' title='bbox 1565 1606 1804 1667; x_wconf 79' lang='lat' dir='ltr'><strong>initium,</strong></span> 
     </span>
    </p>
   </div>
   <div class='ocr_carea' id='block_1_16' title="bbox 217 1698 1806 1769">
    <p class='ocr_par' dir='ltr' id='par_1_16' title="bbox 217 1698 1806 1769">
     <span class='ocr_line' id='line_1_16' title="bbox 217 1698 1806 1769; baseline -0.003 -15"><span class='ocrx_word' id='word_1_94' title='bbox 217 1700 384 1754; x_wconf 83' lang='lat' dir='ltr'><strong>linem</strong></span> <span class='ocrx_word' id='word_1_95' title='bbox 426 1699 724 1769; x_wconf 81' lang='lat' dir='ltr'><strong>imperandi</strong></span> <span class='ocrx_word' id='word_1_96' title='bbox 789 1707 844 1754; x_wconf 91' lang='lat' dir='ltr'><strong>et</strong></span> <span class='ocrx_word' id='word_1_97' title='bbox 896 1699 1112 1753; x_wconf 80' lang='lat' dir='ltr'><strong>vivendi</strong></span> <span class='ocrx_word' id='word_1_98' title='bbox 1171 1698 1325 1761; x_wconf 82' lang='lat' dir='ltr'><strong>fecit,</strong></span> <span class='ocrx_word' id='word_1_99' title='bbox 1362 1713 1591 1758; x_wconf 78' lang='lat' dir='ltr'><strong>veneno,</strong></span> <span class='ocrx_word' id='word_1_100' title='bbox 1633 1708 1691 1751; x_wconf 91' lang='lat' dir='ltr'><strong>ut</strong></span> <span class='ocrx_word' id='word_1_101' title='bbox 1721 1707 1806 1752; x_wconf 85' lang='lat' dir='ltr'><strong>est</strong></span> 
     </span>
    </p>
   </div>
   <div class='ocr_carea' id='block_1_17' title="bbox 217 1791 1802 1861">
    <p class='ocr_par' dir='ltr' id='par_1_17' title="bbox 217 1791 1802 1861">
     <span class='ocr_line' id='line_1_17' title="bbox 217 1791 1802 1861; baseline -0.001 -14"><span class='ocrx_word' id='word_1_102' title='bbox 217 1792 515 1860; x_wconf 85' lang='lat' dir='ltr'><strong>creditum,</strong></span> <span class='ocrx_word' id='word_1_103' title='bbox 556 1793 804 1850; x_wconf 86' lang='lat' dir='ltr'><strong>sublatus</strong></span> <span class='ocrx_word' id='word_1_104' title='bbox 843 1805 873 1846; x_wconf 84' lang='lat' dir='ltr'><strong>a</strong></span> <span class='ocrx_word' id='word_1_105' title='bbox 904 1792 1129 1856; x_wconf 66' lang='lat' dir='ltr'><strong>Judaeis,</strong></span> <span class='ocrx_word' id='word_1_106' title='bbox 1167 1808 1353 1847; x_wconf 82' lang='lat' dir='ltr'><strong>mense</strong></span> <span class='ocrx_word' id='word_1_107' title='bbox 1380 1791 1552 1847; x_wconf 84' lang='lat' dir='ltr'><strong>Rabia</strong></span> <span class='ocrx_word' id='word_1_108' title='bbox 1584 1797 1752 1861; x_wconf 81' lang='lat' dir='ltr'><strong>priori</strong></span> <span class='ocrx_word' id='word_1_109' title='bbox 1787 1809 1802 1846; x_wconf 89' lang='lat'><strong>:</strong></span> 
     </span>
    </p>
   </div>
   <div class='ocr_carea' id='block_1_18' title="bbox 220 1883 1801 1951">
    <p class='ocr_par' dir='ltr' id='par_1_18' title="bbox 220 1883 1801 1951">
     <span class='ocr_line' id='line_1_18' title="bbox 220 1883 1801 1951; baseline 0 -12"><span class='ocrx_word' id='word_1_110' title='bbox 220 1889 311 1940; x_wconf 85' lang='lat' dir='ltr'><strong>hic</strong></span> <span class='ocrx_word' id='word_1_111' title='bbox 347 1887 542 1941; x_wconf 85' lang='lat' dir='ltr'><strong>tertius</strong></span> <span class='ocrx_word' id='word_1_112' title='bbox 586 1894 668 1940; x_wconf 88' lang='lat' dir='ltr'><strong>est</strong></span> <span class='ocrx_word' id='word_1_113' title='bbox 720 1885 772 1940; x_wconf 92' lang='lat' dir='ltr'><strong>in</strong></span> <span class='ocrx_word' id='word_1_114' title='bbox 816 1900 961 1939; x_wconf 89' lang='lat' dir='ltr'><strong>anno</strong></span> <span class='ocrx_word' id='word_1_115' title='bbox 994 1883 1251 1949; x_wconf 82' lang='lat' dir='ltr'><strong>Arabico,</strong></span> <span class='ocrx_word' id='word_1_116' title='bbox 1277 1897 1331 1938; x_wconf 88' lang='lat' dir='ltr'><strong>et</strong></span> <span class='ocrx_word' id='word_1_117' title='bbox 1354 1894 1482 1939; x_wconf 90' lang='lat' dir='ltr'><strong>tunc</strong></span> <span class='ocrx_word' id='word_1_118' title='bbox 1513 1885 1708 1951; x_wconf 78' lang='lat' dir='ltr'><strong>majori</strong></span> <span class='ocrx_word' id='word_1_119' title='bbox 1740 1901 1801 1939; x_wconf 82' lang='lat' dir='ltr'><strong>ex</strong></span> 
     </span>
    </p>
   </div>
   <div class='ocr_carea' id='block_1_19' title="bbox 220 1975 1810 2047">
    <p class='ocr_par' dir='ltr' id='par_1_19' title="bbox 220 1975 1810 2047">
     <span class='ocr_line' id='line_1_19' title="bbox 220 1975 1810 2047; baseline 0.001 -17"><span class='ocrx_word' id='word_1_120' title='bbox 220 1988 380 2046; x_wconf 82' lang='lat' dir='ltr'><strong>parte</strong></span> <span class='ocrx_word' id='word_1_121' title='bbox 436 1978 635 2033; x_wconf 79' lang='lat' dir='ltr'><strong>Martio</strong></span> <span class='ocrx_word' id='word_1_122' title='bbox 710 1975 930 2032; x_wconf 75' lang='lat' dir='ltr'><strong>Iuliano</strong></span> <span class='ocrx_word' id='word_1_123' title='bbox 985 1978 1288 2047; x_wconf 89' lang='lat' dir='ltr'><strong>respondit.</strong></span> <span class='ocrx_word' id='word_1_124' title='bbox 1345 1977 1482 2031; x_wconf 83' lang='lat' dir='ltr'><strong>Huic</strong></span> <span class='ocrx_word' id='word_1_125' title='bbox 1542 1983 1810 2041; x_wconf 63' lang='lat' dir='ltr'><strong>successit</strong></span> 
     </span>
    </p>
   </div>
   <div class='ocr_carea' id='block_1_20' title="bbox 216 2065 1803 2137">
    <p class='ocr_par' dir='ltr' id='par_1_20' title="bbox 216 2065 1803 2137">
     <span class='ocr_line' id='line_1_20' title="bbox 216 2065 1803 2137; baseline 0.001 -13"><span class='ocrx_word' id='word_1_126' title='bbox 216 2069 450 2126; x_wconf 81' lang='lat' dir='ltr'><strong>Caichltt</strong></span> <span class='ocrx_word' id='word_1_127' title='bbox 473 2071 581 2137; x_wconf 89' lang='lat' dir='ltr'><strong>vel,</strong></span> <span class='ocrx_word' id='word_1_128' title='bbox 613 2078 672 2124; x_wconf 84' lang='lat' dir='ltr'><strong>ut</strong></span> <span class='ocrx_word' id='word_1_129' title='bbox 718 2068 812 2124; x_wconf 83' lang='lat' dir='ltr'><strong>alii</strong></span> <span class='ocrx_word' id='word_1_130' title='bbox 847 2069 1120 2136; x_wconf 88' lang='lat' dir='ltr'><strong>scribunt,</strong></span> <span class='ocrx_word' id='word_1_131' title='bbox 1148 2065 1410 2136; x_wconf 83' lang='lat' dir='ltr'><strong>Caniatu,</strong></span> <span class='ocrx_word' id='word_1_132' title='bbox 1436 2075 1523 2124; x_wconf 87' lang='lat' dir='ltr'><strong>cui</strong></span> <span class='ocrx_word' id='word_1_133' title='bbox 1560 2084 1803 2126; x_wconf 81' lang='lat' dir='ltr'><strong>eorumn-</strong></span> 
     </span>
    </p>
   </div>
   <div class='ocr_carea' id='block_1_21' title="bbox 218 2161 1811 2235">
    <p class='ocr_par' dir='ltr' id='par_1_21' title="bbox 218 2161 1811 2235">
     <span class='ocr_line' id='line_1_21' title="bbox 218 2161 1811 2235; baseline -0.002 -15"><span class='ocrx_word' id='word_1_134' title='bbox 218 2173 310 2222; x_wconf 87' lang='lat' dir='ltr'><strong>nis</strong></span> <span class='ocrx_word' id='word_1_135' title='bbox 347 2180 471 2221; x_wconf 89' lang='lat' dir='ltr'><strong>cum</strong></span> <span class='ocrx_word' id='word_1_136' title='bbox 496 2163 903 2235; x_wconf 72' lang='lat' dir='ltr'><strong>Argun-Chane</strong></span> <span class='ocrx_word' id='word_1_137' title='bbox 931 2173 1092 2234; x_wconf 87' lang='lat' dir='ltr'><strong>pater</strong></span> <span class='ocrx_word' id='word_1_138' title='bbox 1127 2163 1232 2219; x_wconf 89' lang='lat' dir='ltr'><strong>fuit</strong></span> <span class='ocrx_word' id='word_1_139' title='bbox 1269 2161 1475 2220; x_wconf 79' lang='lat' dir='ltr'><strong>Abaka.</strong></span> <span class='ocrx_word' id='word_1_140' title='bbox 1515 2163 1668 2219; x_wconf 88' lang='lat' dir='ltr'><strong>linnc</strong></span> <span class='ocrx_word' id='word_1_141' title='bbox 1695 2179 1811 2218; x_wconf 80' lang='lat' dir='ltr'><strong>mo-</strong></span> 
     </span>
    </p>
   </div>
   <div class='ocr_carea' id='block_1_22' title="bbox 220 2252 1806 2328">
    <p class='ocr_par' dir='ltr' id='par_1_22' title="bbox 220 2252 1806 2328">
     <span class='ocr_line' id='line_1_22' title="bbox 220 2252 1806 2328; baseline -0.003 -15"><span class='ocrx_word' id='word_1_142' title='bbox 220 2274 342 2313; x_wconf 90' lang='lat' dir='ltr'><strong>rum</strong></span> <span class='ocrx_word' id='word_1_143' title='bbox 385 2258 735 2328; x_wconf 84' lang='lat' dir='ltr'><strong>improbitate</strong></span> <span class='ocrx_word' id='word_1_144' title='bbox 774 2255 889 2311; x_wconf 91' lang='lat' dir='ltr'><strong>suis</strong></span> <span class='ocrx_word' id='word_1_145' title='bbox 914 2270 1137 2310; x_wconf 83' lang='lat' dir='ltr'><strong>exosum</strong></span> <span class='ocrx_word' id='word_1_146' title='bbox 1172 2253 1376 2310; x_wconf 84' lang='lat' dir='ltr'><strong>factum</strong></span> <span class='ocrx_word' id='word_1_147' title='bbox 1413 2252 1806 2324; x_wconf 73' lang='lat' dir='ltr'><strong>Mogulensium</strong></span> 
     </span>
    </p>
   </div>
   <div class='ocr_carea' id='block_1_23' title="bbox 221 2346 1806 2423">
    <p class='ocr_par' dir='ltr' id='par_1_23' title="bbox 221 2346 1806 2423">
     <span class='ocr_line' id='line_1_23' title="bbox 221 2346 1806 2423; baseline -0.002 -16"><span class='ocrx_word' id='word_1_148' title='bbox 221 2353 468 2423; x_wconf 86' lang='lat' dir='ltr'><strong>uterique</strong></span> <span class='ocrx_word' id='word_1_149' title='bbox 513 2352 653 2406; x_wconf 86' lang='lat' dir='ltr'><strong>facta</strong></span> <span class='ocrx_word' id='word_1_150' title='bbox 694 2350 1094 2420; x_wconf 82' lang='lat' dir='ltr'><strong>conjuratione,</strong></span> <span class='ocrx_word' id='word_1_151' title='bbox 1145 2347 1300 2418; x_wconf 86' lang='lat' dir='ltr'><strong>cujus</strong></span> <span class='ocrx_word' id='word_1_152' title='bbox 1341 2346 1449 2402; x_wconf 80' lang='lat' dir='ltr'><strong>dux</strong></span> <span class='ocrx_word' id='word_1_153' title='bbox 1502 2347 1602 2402; x_wconf 87' lang='lat' dir='ltr'><strong>fuit</strong></span> <span class='ocrx_word' id='word_1_154' title='bbox 1632 2347 1806 2404; x_wconf 76' lang='lat' dir='ltr'><strong>Baidu</strong></span> 
     </span>
    </p>
   </div>
   <div class='ocr_carea' id='block_1_24' title="bbox 224 2440 1806 2516">
    <p class='ocr_par' dir='ltr' id='par_1_24' title="bbox 224 2440 1806 2516">
     <span class='ocr_line' id='line_1_24' title="bbox 224 2440 1806 2516; baseline -0.005 -14"><span class='ocrx_word' id='word_1_155' title='bbox 224 2442 376 2502; x_wconf 81' lang='lat' dir='ltr'><strong>filius</strong></span> <span class='ocrx_word' id='word_1_156' title='bbox 435 2443 656 2516; x_wconf 78' lang='lat' dir='ltr'><strong>Targibi</strong></span> <span class='ocrx_word' id='word_1_157' title='bbox 711 2443 896 2498; x_wconf 76' lang='lat' dir='ltr'><strong>fratris</strong></span> <span class='ocrx_word' id='word_1_158' title='bbox 946 2440 1168 2504; x_wconf 82' lang='lat' dir='ltr'><strong>Abakae,</strong></span> <span class='ocrx_word' id='word_1_159' title='bbox 1216 2440 1514 2511; x_wconf 73' lang='lat' dir='ltr'><strong>fugientem</strong></span> <span class='ocrx_word' id='word_1_160' title='bbox 1569 2441 1806 2496; x_wconf 80' lang='lat' dir='ltr'><strong>assecuti</strong></span> 
     </span>
    </p>
   </div>
   <div class='ocr_carea' id='block_1_25' title="bbox 219 2531 1806 2603">
    <p class='ocr_par' dir='ltr' id='par_1_25' title="bbox 219 2531 1806 2603">
     <span class='ocr_line' id='line_1_25' title="bbox 219 2531 1806 2603; baseline -0.006 -10"><span class='ocrx_word' id='word_1_161' title='bbox 219 2539 587 2600; x_wconf 77' lang='lat' dir='ltr'><strong>trucidarunt,</strong></span> <span class='ocrx_word' id='word_1_162' title='bbox 620 2547 765 2590; x_wconf 87' lang='lat' dir='ltr'><strong>anno</strong></span> <span class='ocrx_word' id='word_1_163' title='bbox 796 2531 1010 2603; x_wconf 70' lang='lat' dir='ltr'><strong>Hegira:</strong></span> <span class='ocrx_word' id='word_1_164' title='bbox 1039 2532 1165 2598; x_wconf 66' lang='lat'><strong>694,</strong></span> <span class='ocrx_word' id='word_1_165' title='bbox 1214 2533 1367 2601; x_wconf 85' lang='lat' dir='ltr'><strong>cujus</strong></span> <span class='ocrx_word' id='word_1_166' title='bbox 1396 2536 1656 2589; x_wconf 72' lang='lat' dir='ltr'><strong>Kalendzr.</strong></span> <span class='ocrx_word' id='word_1_167' title='bbox 1689 2533 1806 2587; x_wconf 81' lang='lat' dir='ltr'><strong>Mu-</strong></span> 
     </span>
    </p>
   </div>
   <div class='ocr_carea' id='block_1_26' title="bbox 221 2624 1806 2691">
    <p class='ocr_par' dir='ltr' id='par_1_26' title="bbox 221 2624 1806 2691">
     <span class='ocr_line' id='line_1_26' title="bbox 221 2624 1806 2691; baseline -0.005 -6"><span class='ocrx_word' id='word_1_168' title='bbox 221 2628 472 2685; x_wconf 82' lang='lat' dir='ltr'><strong>harrami</strong></span> <span class='ocrx_word' id='word_1_169' title='bbox 506 2628 651 2683; x_wconf 90' lang='lat' dir='ltr'><strong>diem</strong></span> <span class='ocrx_word' id='word_1_170' title='bbox 691 2634 1036 2691; x_wconf 84' lang='lat' dir='ltr'><strong>occuparunt</strong></span> <span class='ocrx_word' id='word_1_171' title='bbox 1089 2625 1153 2680; x_wconf 79' lang='lat' dir='ltr'><strong>2i</strong></span> <span class='ocrx_word' id='word_1_172' title='bbox 1207 2624 1532 2680; x_wconf 79' lang='lat' dir='ltr'><strong>Novembris</strong></span> <span class='ocrx_word' id='word_1_173' title='bbox 1574 2626 1627 2679; x_wconf 88' lang='lat' dir='ltr'><strong>in</strong></span> <span class='ocrx_word' id='word_1_174' title='bbox 1665 2639 1806 2678; x_wconf 88' lang='lat' dir='ltr'><strong>anno</strong></span> 
     </span>
    </p>
   </div>
   <div class='ocr_carea' id='block_1_27' title="bbox 211 2716 1804 2788">
    <p class='ocr_par' dir='ltr' id='par_1_27' title="bbox 211 2716 1804 2788">
     <span class='ocr_line' id='line_1_27' title="bbox 211 2716 1804 2788; baseline -0.003 -11"><span class='ocrx_word' id='word_1_175' title='bbox 211 2721 423 2777; x_wconf 76' lang='lat' dir='ltr'><strong>Christi</strong></span> <span class='ocrx_word' id='word_1_176' title='bbox 477 2718 658 2786; x_wconf 72' lang='lat' dir='ltr'><strong>l29-i;</strong></span> <span class='ocrx_word' id='word_1_177' title='bbox 713 2719 856 2773; x_wconf 89' lang='lat' dir='ltr'><strong>unde</strong></span> <span class='ocrx_word' id='word_1_178' title='bbox 902 2718 1104 2772; x_wconf 82' lang='lat' dir='ltr'><strong>mensis</strong></span> <span class='ocrx_word' id='word_1_179' title='bbox 1159 2716 1331 2774; x_wconf 76' lang='lat' dir='ltr'><strong>Rabia</strong></span> <span class='ocrx_word' id='word_1_180' title='bbox 1365 2722 1655 2788; x_wconf 82' lang='lat' dir='ltr'><strong>posterior,</strong></span> <span class='ocrx_word' id='word_1_181' title='bbox 1695 2735 1804 2788; x_wconf 86' lang='lat' dir='ltr'><strong>quo</strong></span> 
     </span>
    </p>
   </div>
   <div class='ocr_carea' id='block_1_28' title="bbox 210 2810 1801 2874">
    <p class='ocr_par' dir='ltr' id='par_1_28' title="bbox 210 2810 1801 2874">
     <span class='ocr_line' id='line_1_28' title="bbox 210 2810 1801 2874; baseline -0.005 -5"><span class='ocrx_word' id='word_1_182' title='bbox 210 2813 442 2869; x_wconf 76' lang='lat' dir='ltr'><strong>Caichtu</strong></span> <span class='ocrx_word' id='word_1_183' title='bbox 474 2812 676 2866; x_wconf 86' lang='lat' dir='ltr'><strong>dicitur</strong></span> <span class='ocrx_word' id='word_1_184' title='bbox 705 2810 954 2874; x_wconf 86' lang='lat' dir='ltr'><strong>occisus,</strong></span> <span class='ocrx_word' id='word_1_185' title='bbox 987 2819 1288 2866; x_wconf 79' lang='lat' dir='ltr'><strong>extremam</strong></span> <span class='ocrx_word' id='word_1_186' title='bbox 1326 2811 1529 2866; x_wconf 73' lang='lat' dir='ltr'><strong>Iuliani</strong></span> <span class='ocrx_word' id='word_1_187' title='bbox 1553 2810 1801 2867; x_wconf 75' lang='lat' dir='ltr'><strong>Februa-</strong></span> 
     </span>
    </p>
   </div>
   <div class='ocr_carea' id='block_1_29' title="bbox 210 2903 1802 2974">
    <p class='ocr_par' dir='ltr' id='par_1_29' title="bbox 210 2903 1802 2974">
     <span class='ocr_line' id='line_1_29' title="bbox 210 2903 1802 2974; baseline -0.001 -13"><span class='ocrx_word' id='word_1_188' title='bbox 210 2907 287 2961; x_wconf 88' lang='lat' dir='ltr'><strong>rii</strong></span> <span class='ocrx_word' id='word_1_189' title='bbox 314 2912 372 2960; x_wconf 86' lang='lat' dir='ltr'><strong>et</strong></span> <span class='ocrx_word' id='word_1_190' title='bbox 399 2905 640 2974; x_wconf 88' lang='lat' dir='ltr'><strong>priorem</strong></span> <span class='ocrx_word' id='word_1_191' title='bbox 679 2903 858 2958; x_wconf 81' lang='lat' dir='ltr'><strong>Martii</strong></span> <span class='ocrx_word' id='word_1_192' title='bbox 891 2914 1104 2973; x_wconf 82' lang='lat' dir='ltr'><strong>partem</strong></span> <span class='ocrx_word' id='word_1_193' title='bbox 1139 2904 1347 2959; x_wconf 85' lang='lat' dir='ltr'><strong>insedit</strong></span> <span class='ocrx_word' id='word_1_194' title='bbox 1385 2905 1438 2960; x_wconf 91' lang='lat' dir='ltr'><strong>in</strong></span> <span class='ocrx_word' id='word_1_195' title='bbox 1467 2919 1610 2959; x_wconf 86' lang='lat' dir='ltr'><strong>anno</strong></span> <span class='ocrx_word' id='word_1_196' title='bbox 1641 2906 1802 2960; x_wconf 83' lang='lat' dir='ltr'><strong>Chri-</strong></span> 
     </span>
    </p>
   </div>
   <div class='ocr_carea' id='block_1_30' title="bbox 211 2996 1795 3069">
    <p class='ocr_par' dir='ltr' id='par_1_30' title="bbox 211 2996 1795 3069">
     <span class='ocr_line' id='line_1_30' title="bbox 211 2996 1795 3069; baseline -0.004 -15"><span class='ocrx_word' id='word_1_197' title='bbox 211 2999 288 3056; x_wconf 85' lang='lat' dir='ltr'><strong>sti</strong></span> <span class='ocrx_word' id='word_1_198' title='bbox 323 2996 488 3055; x_wconf 72' lang='lat' dir='ltr'><strong>l295.</strong></span> <span class='ocrx_word' id='word_1_199' title='bbox 543 2997 681 3054; x_wconf 88' lang='lat' dir='ltr'><strong>Puto</strong></span> <span class='ocrx_word' id='word_1_200' title='bbox 735 3004 980 3052; x_wconf 77' lang='lat' dir='ltr'><strong>extremo</strong></span> <span class='ocrx_word' id='word_1_201' title='bbox 1030 2997 1442 3065; x_wconf 76' lang='lat' dir='ltr'><strong>Argun-Clianis</strong></span> <span class='ocrx_word' id='word_1_202' title='bbox 1489 2999 1795 3069; x_wconf 84' lang='lat' dir='ltr'><strong>principatu</strong></span> 
     </span>
    </p>
   </div>
   <div class='ocr_carea' id='block_1_31' title="bbox 212 3089 1794 3161">
    <p class='ocr_par' dir='ltr' id='par_1_31' title="bbox 212 3089 1794 3161">
     <span class='ocr_line' id='line_1_31' title="bbox 212 3089 1794 3161; baseline -0.003 -11"><span class='ocrx_word' id='word_1_203' title='bbox 212 3092 516 3161; x_wconf 80' lang='lat' dir='ltr'><strong>cogitatum</strong></span> <span class='ocrx_word' id='word_1_204' title='bbox 555 3091 624 3144; x_wconf 87' lang='lat' dir='ltr'><strong>ab</strong></span> <span class='ocrx_word' id='word_1_205' title='bbox 655 3104 724 3144; x_wconf 89' lang='lat' dir='ltr'><strong>eo</strong></span> <span class='ocrx_word' id='word_1_206' title='bbox 754 3090 822 3142; x_wconf 87' lang='lat' dir='ltr'><strong>de</strong></span> <span class='ocrx_word' id='word_1_207' title='bbox 854 3089 1241 3158; x_wconf 86' lang='lat' dir='ltr'><strong>recuperandis</strong></span> <span class='ocrx_word' id='word_1_208' title='bbox 1274 3092 1794 3158; x_wconf 72' lang='lat' dir='ltr'><strong>septentrionalibus</strong></span> 
     </span>
    </p>
   </div>
   <div class='ocr_carea' id='block_1_32' title="bbox 1831 1842 1882 1904">
    <p class='ocr_par' dir='ltr' id='par_1_32' title="bbox 1831 1842 1882 1904">
     <span class='ocr_line' id='line_1_32' title="bbox 1831 1842 1882 1904; baseline 0 -2"><span class='ocrx_word' id='word_1_209' title='bbox 1831 1842 1882 1904; x_wconf 88' lang='lat' dir='ltr'><strong>B</strong></span> 
     </span>
    </p>
   </div>
   <div class='ocr_carea' id='block_1_33' title="bbox 1906 581 3486 654">
    <p class='ocr_par' dir='ltr' id='par_1_33' title="bbox 1906 581 3486 654">
     <span class='ocr_line' id='line_1_33' title="bbox 1906 581 3486 654; baseline -0.002 -17"><span class='ocrx_word' id='word_1_210' title='bbox 1906 584 1990 637; x_wconf 90' lang='lat' dir='ltr'><strong>dis</strong></span> <span class='ocrx_word' id='word_1_211' title='bbox 2021 591 2347 652; x_wconf 60' lang='lat' dir='ltr'><strong>praesentem</strong></span> <span class='ocrx_word' id='word_1_212' title='bbox 2381 583 2702 654; x_wconf 83' lang='lat' dir='ltr'><strong>impendens</strong></span> <span class='ocrx_word' id='word_1_213' title='bbox 2747 598 2994 650; x_wconf 83' lang='lat' dir='ltr'><strong>operam.</strong></span> <span class='ocrx_word' id='word_1_214' title='bbox 3024 581 3201 652; x_wconf 79' lang='lat' dir='ltr'><strong>Cujus</strong></span> <span class='ocrx_word' id='word_1_215' title='bbox 3243 591 3354 636; x_wconf 77' lang='lat' dir='ltr'><strong>tam</strong></span> <span class='ocrx_word' id='word_1_216' title='bbox 3389 601 3486 648; x_wconf 80' lang='lat' dir='ltr'><strong>po-</strong></span> 
     </span>
    </p>
   </div>
   <div class='ocr_carea' id='block_1_34' title="bbox 1906 673 3486 748">
    <p class='ocr_par' dir='ltr' id='par_1_34' title="bbox 1906 673 3486 748">
     <span class='ocr_line' id='line_1_34' title="bbox 1906 673 3486 748; baseline 0.004 -20"><span class='ocrx_word' id='word_1_217' title='bbox 1906 676 2072 730; x_wconf 87' lang='lat' dir='ltr'><strong>tentis</strong></span> <span class='ocrx_word' id='word_1_218' title='bbox 2098 673 2265 730; x_wconf 88' lang='lat' dir='ltr'><strong>vicini</strong></span> <span class='ocrx_word' id='word_1_219' title='bbox 2299 675 2641 733; x_wconf 81' lang='lat' dir='ltr'><strong>Andronicus</strong></span> <span class='ocrx_word' id='word_1_220' title='bbox 2679 685 2995 742; x_wconf 77' lang='lat' dir='ltr'><strong>imperator,</strong></span> <span class='ocrx_word' id='word_1_221' title='bbox 3029 681 3203 748; x_wconf 85' lang='lat' dir='ltr'><strong>patris</strong></span> <span class='ocrx_word' id='word_1_222' title='bbox 3243 676 3486 733; x_wconf 79' lang='lat' dir='ltr'><strong>Michae-</strong></span> 
     </span>
    </p>
   </div>
   <div class='ocr_carea' id='block_1_35' title="bbox 1906 770 3489 840">
    <p class='ocr_par' dir='ltr' id='par_1_35' title="bbox 1906 770 3489 840">
     <span class='ocr_line' id='line_1_35' title="bbox 1906 770 3489 840; baseline 0.003 -17"><span class='ocrx_word' id='word_1_223' title='bbox 1906 770 1974 824; x_wconf 88' lang='lat' dir='ltr'><strong>lis</strong></span> <span class='ocrx_word' id='word_1_224' title='bbox 2004 771 2330 836; x_wconf 86' lang='lat' dir='ltr'><strong>imitatione,</strong></span> <span class='ocrx_word' id='word_1_225' title='bbox 2365 774 2597 840; x_wconf 80' lang='lat' dir='ltr'><strong>gratiam</strong></span> <span class='ocrx_word' id='word_1_226' title='bbox 2631 771 2734 826; x_wconf 90' lang='lat' dir='ltr'><strong>sibi</strong></span> <span class='ocrx_word' id='word_1_227' title='bbox 2787 773 3314 828; x_wconf 53' lang='lat' dir='ltr'><strong>lirmare&#39;allinitate</strong></span> <span class='ocrx_word' id='word_1_228' title='bbox 3375 784 3489 828; x_wconf 85' lang='lat' dir='ltr'><strong>stn-</strong></span> 
     </span>
    </p>
   </div>
   <div class='ocr_carea' id='block_1_36' title="bbox 1905 863 3484 937">
    <p class='ocr_par' dir='ltr' id='par_1_36' title="bbox 1905 863 3484 937">
     <span class='ocr_line' id='line_1_36' title="bbox 1905 863 3484 937; baseline 0.003 -22"><span class='ocrx_word' id='word_1_229' title='bbox 1905 866 2044 929; x_wconf 88' lang='lat' dir='ltr'><strong>duit,</strong></span> <span class='ocrx_word' id='word_1_230' title='bbox 2081 863 2246 918; x_wconf 85' lang='lat' dir='ltr'><strong>ﬁliam</strong></span> <span class='ocrx_word' id='word_1_231' title='bbox 2288 865 2337 919; x_wconf 90' lang='lat' dir='ltr'><strong>ei</strong></span> <span class='ocrx_word' id='word_1_232' title='bbox 2371 864 2597 918; x_wconf 82' lang='lat' dir='ltr'><strong>Mariam</strong></span> <span class='ocrx_word' id='word_1_233' title='bbox 2643 865 2847 920; x_wconf 84' lang='lat' dir='ltr'><strong>volenti</strong></span> <span class='ocrx_word' id='word_1_234' title='bbox 2878 866 3291 934; x_wconf 80' lang='lat' dir='ltr'><strong>despoudcndo.</strong></span> <span class='ocrx_word' id='word_1_235' title='bbox 3342 867 3484 937; x_wconf 86' lang='lat' dir='ltr'><strong>quod</strong></span> 
     </span>
    </p>
   </div>
   <div class='ocr_carea' id='block_1_37' title="bbox 1907 957 3487 1026">
    <p class='ocr_par' dir='ltr' id='par_1_37' title="bbox 1907 957 3487 1026">
     <span class='ocr_line' id='line_1_37' title="bbox 1907 957 3487 1026; baseline 0.001 -16"><span class='ocrx_word' id='word_1_236' title='bbox 1907 965 2093 1010; x_wconf 85' lang='lat' dir='ltr'><strong>narrat</strong></span> <span class='ocrx_word' id='word_1_237' title='bbox 2125 966 2310 1012; x_wconf 87' lang='lat' dir='ltr'><strong>uoster</strong></span> <span class='ocrx_word' id='word_1_238' title='bbox 2355 972 2406 1011; x_wconf 93' lang='lat' dir='ltr'><strong>c.</strong></span> <span class='ocrx_word' id='word_1_239' title='bbox 2463 957 2553 1018; x_wconf 75' lang='lat'><strong>27.</strong></span> <span class='ocrx_word' id='word_1_240' title='bbox 2608 958 2647 1013; x_wconf 92' lang='lat' dir='ltr'><strong>I.</strong></span> <span class='ocrx_word' id='word_1_241' title='bbox 2710 973 2794 1015; x_wconf 84' lang='lat' dir='ltr'><strong>Ill.</strong></span> <span class='ocrx_word' id='word_1_242' title='bbox 2836 957 2960 1013; x_wconf 64' lang='lat' dir='ltr'><strong>Haec</strong></span> <span class='ocrx_word' id='word_1_243' title='bbox 3007 960 3160 1026; x_wconf 77' lang='lat' dir='ltr'><strong>longa</strong></span> <span class='ocrx_word' id='word_1_244' title='bbox 3197 958 3487 1012; x_wconf 79' lang='lat' dir='ltr'><strong>&#39;l&#39;uctainis</strong></span> 
     </span>
    </p>
   </div>
   <div class='ocr_carea' id='block_1_38' title="bbox 1907 1049 3485 1108">
    <p class='ocr_par' dir='ltr' id='par_1_38' title="bbox 1907 1049 3485 1108">
     <span class='ocr_line' id='line_1_38' title="bbox 1907 1049 3485 1108; baseline -0.001 -4"><span class='ocrx_word' id='word_1_245' title='bbox 1907 1049 2043 1104; x_wconf 89' lang='lat' dir='ltr'><strong>bella</strong></span> <span class='ocrx_word' id='word_1_246' title='bbox 2081 1050 2341 1106; x_wconf 82' lang='lat' dir='ltr'><strong>videntur</strong></span> <span class='ocrx_word' id='word_1_247' title='bbox 2367 1055 2612 1108; x_wconf 81' lang='lat' dir='ltr'><strong>tenuisse</strong></span> <span class='ocrx_word' id='word_1_248' title='bbox 2647 1051 2716 1106; x_wconf 89' lang='lat' dir='ltr'><strong>ab</strong></span> <span class='ocrx_word' id='word_1_249' title='bbox 2748 1067 2891 1106; x_wconf 87' lang='lat' dir='ltr'><strong>anno</strong></span> <span class='ocrx_word' id='word_1_250' title='bbox 2923 1054 3144 1108; x_wconf 76' lang='lat' dir='ltr'><strong>circiter</strong></span> <span class='ocrx_word' id='word_1_251' title='bbox 3167 1050 3301 1107; x_wconf 85' lang='lat' dir='ltr'><strong>Chr.</strong></span> <span class='ocrx_word' id='word_1_252' title='bbox 3347 1051 3485 1104; x_wconf 72' lang='lat' dir='ltr'><strong>i290</strong></span> 
     </span>
    </p>
   </div>
   <div class='ocr_carea' id='block_1_39' title="bbox 1906 1144 2174 1205">
    <p class='ocr_par' dir='ltr' id='par_1_39' title="bbox 1906 1144 2174 1205">
     <span class='ocr_line' id='line_1_39' title="bbox 1906 1144 2174 1205; baseline 0.026 -9"><span class='ocrx_word' id='word_1_253' title='bbox 1906 1147 1970 1197; x_wconf 78' lang='lat' dir='ltr'><strong>ad</strong></span> <span class='ocrx_word' id='word_1_254' title='bbox 2016 1144 2174 1205; x_wconf 71' lang='grc'><strong>1296.</strong></span> 
     </span>
    </p>
   </div>
   <div class='ocr_carea' id='block_1_40' title="bbox 1976 1327 3481 1395">
    <p class='ocr_par' dir='ltr' id='par_1_40' title="bbox 1976 1327 3481 1395">
     <span class='ocr_line' id='line_1_40' title="bbox 1976 1327 3481 1395; baseline 0.003 -13"><span class='ocrx_word' id='word_1_255' title='bbox 1976 1327 2141 1384; x_wconf 75' lang='lat' dir='ltr'><strong>XVII.</strong></span> <span class='ocrx_word' id='word_1_256' title='bbox 2191 1329 2419 1384; x_wconf 78' lang='lat' dir='ltr'><strong>Sublato</strong></span> <span class='ocrx_word' id='word_1_257' title='bbox 2451 1346 2481 1385; x_wconf 88' lang='lat' dir='ltr'><strong>e</strong></span> <span class='ocrx_word' id='word_1_258' title='bbox 2513 1329 2692 1388; x_wconf 82' lang='lat' dir='ltr'><strong>medio</strong></span> <span class='ocrx_word' id='word_1_259' title='bbox 2739 1331 2992 1395; x_wconf 84' lang='lat' dir='ltr'><strong>Caicbtu,</strong></span> <span class='ocrx_word' id='word_1_260' title='bbox 3028 1348 3350 1392; x_wconf 84' lang='lat' dir='ltr'><strong>successore</strong></span> <span class='ocrx_word' id='word_1_261' title='bbox 3379 1339 3481 1391; x_wconf 73' lang='lat' dir='ltr'><strong>Ar-</strong></span> 
     </span>
    </p>
   </div>
   <div class='ocr_carea' id='block_1_41' title="bbox 1907 1422 3483 1497">
    <p class='ocr_par' dir='ltr' id='par_1_41' title="bbox 1907 1422 3483 1497">
     <span class='ocr_line' id='line_1_41' title="bbox 1907 1422 3483 1497; baseline 0.008 -26"><span class='ocrx_word' id='word_1_262' title='bbox 1907 1422 2274 1490; x_wconf 73' lang='lat' dir='ltr'><strong>gnn-Chanis,</strong></span> <span class='ocrx_word' id='word_1_263' title='bbox 2329 1425 2516 1487; x_wconf 82' lang='lat' dir='ltr'><strong>Baidu,</strong></span> <span class='ocrx_word' id='word_1_264' title='bbox 2555 1425 2645 1493; x_wconf 79' lang='lat' dir='ltr'><strong>qui</strong></span> <span class='ocrx_word' id='word_1_265' title='bbox 2692 1440 2812 1479; x_wconf 90' lang='lat' dir='ltr'><strong>eum</strong></span> <span class='ocrx_word' id='word_1_266' title='bbox 2861 1436 3235 1497; x_wconf 80' lang='lat' dir='ltr'><strong>oppresserat,</strong></span> <span class='ocrx_word' id='word_1_267' title='bbox 3275 1429 3328 1483; x_wconf 88' lang='lat' dir='ltr'><strong>in</strong></span> <span class='ocrx_word' id='word_1_268' title='bbox 3364 1429 3483 1496; x_wconf 84' lang='lat' dir='ltr'><strong>eius</strong></span> 
     </span>
    </p>
   </div>
   <div class='ocr_carea' id='block_1_42' title="bbox 1907 1514 3485 1590">
    <p class='ocr_par' dir='ltr' id='par_1_42' title="bbox 1907 1514 3485 1590">
     <span class='ocr_line' id='line_1_42' title="bbox 1907 1514 3485 1590; baseline 0.006 -25"><span class='ocrx_word' id='word_1_269' title='bbox 1907 1525 1966 1566; x_wconf 87' lang='lat' dir='ltr'><strong>se</strong></span> <span class='ocrx_word' id='word_1_270' title='bbox 2008 1514 2201 1568; x_wconf 78' lang='lat' dir='ltr'><strong>solium</strong></span> <span class='ocrx_word' id='word_1_271' title='bbox 2240 1514 2481 1570; x_wconf 89' lang='lat' dir='ltr'><strong>iutrusit.</strong></span> <span class='ocrx_word' id='word_1_272' title='bbox 2525 1516 2628 1573; x_wconf 85' lang='lat' dir='ltr'><strong>Sed</strong></span> <span class='ocrx_word' id='word_1_273' title='bbox 2652 1518 2700 1572; x_wconf 91' lang='lat' dir='ltr'><strong>ei</strong></span> <span class='ocrx_word' id='word_1_274' title='bbox 2732 1518 2939 1572; x_wconf 89' lang='lat' dir='ltr'><strong>obstitit</strong></span> <span class='ocrx_word' id='word_1_275' title='bbox 2970 1519 3235 1577; x_wconf 81' lang='lat' dir='ltr'><strong>Cazanes.</strong></span> <span class='ocrx_word' id='word_1_276' title='bbox 3274 1523 3485 1590; x_wconf 69' lang='lat' dir='ltr'><strong>Arguti-</strong></span> 
     </span>
    </p>
   </div>
   <div class='ocr_carea' id='block_1_43' title="bbox 1906 1604 3484 1677">
    <p class='ocr_par' dir='ltr' id='par_1_43' title="bbox 1906 1604 3484 1677">
     <span class='ocr_line' id='line_1_43' title="bbox 1906 1604 3484 1677; baseline 0.006 -18"><span class='ocrx_word' id='word_1_277' title='bbox 1906 1604 2108 1659; x_wconf 82' lang='lat' dir='ltr'><strong>Cbauis</strong></span> <span class='ocrx_word' id='word_1_278' title='bbox 2143 1607 2400 1672; x_wconf 89' lang='lat' dir='ltr'><strong>tiliorum,</strong></span> <span class='ocrx_word' id='word_1_279' title='bbox 2432 1619 2489 1661; x_wconf 93' lang='lat' dir='ltr'><strong>ut</strong></span> <span class='ocrx_word' id='word_1_280' title='bbox 2521 1611 2754 1677; x_wconf 85' lang='lat' dir='ltr'><strong>videtur,</strong></span> <span class='ocrx_word' id='word_1_281' title='bbox 2788 1621 2915 1666; x_wconf 88' lang='lat' dir='ltr'><strong>natu</strong></span> <span class='ocrx_word' id='word_1_282' title='bbox 2950 1615 3243 1672; x_wconf 72' lang='lat' dir='ltr'><strong>maximus.</strong></span> <span class='ocrx_word' id='word_1_283' title='bbox 3282 1617 3484 1668; x_wconf 72' lang='lat' dir='ltr'><strong>avitum</strong></span> 
     </span>
    </p>
   </div>
   <div class='ocr_carea' id='block_1_44' title="bbox 1909 1700 3484 1770">
    <p class='ocr_par' dir='ltr' id='par_1_44' title="bbox 1909 1700 3484 1770">
     <span class='ocr_line' id='line_1_44' title="bbox 1909 1700 3484 1770; baseline 0.006 -21"><span class='ocrx_word' id='word_1_284' title='bbox 1909 1707 2301 1768; x_wconf 83' lang='lat' dir='ltr'><strong>paternumque</strong></span> <span class='ocrx_word' id='word_1_285' title='bbox 2331 1700 2618 1770; x_wconf 87' lang='lat' dir='ltr'><strong>imperium</strong></span> <span class='ocrx_word' id='word_1_286' title='bbox 2657 1702 2759 1755; x_wconf 83' lang='lat' dir='ltr'><strong>sibi</strong></span> <span class='ocrx_word' id='word_1_287' title='bbox 2785 1704 2955 1760; x_wconf 85' lang='lat' dir='ltr'><strong>armis</strong></span> <span class='ocrx_word' id='word_1_288' title='bbox 2987 1705 3291 1760; x_wconf 76' lang='lat' dir='ltr'><strong>vindicans.</strong></span> <span class='ocrx_word' id='word_1_289' title='bbox 3329 1705 3484 1763; x_wconf 86' lang='lat' dir='ltr'><strong>Com-</strong></span> 
     </span>
    </p>
   </div>
   <div class='ocr_carea' id='block_1_45' title="bbox 1910 1787 3484 1866">
    <p class='ocr_par' dir='ltr' id='par_1_45' title="bbox 1910 1787 3484 1866">
     <span class='ocr_line' id='line_1_45' title="bbox 1910 1787 3484 1866; baseline 0.006 -23"><span class='ocrx_word' id='word_1_290' title='bbox 1910 1787 2080 1843; x_wconf 84' lang='lat' dir='ltr'><strong>misso</strong></span> <span class='ocrx_word' id='word_1_291' title='bbox 2113 1791 2294 1859; x_wconf 80' lang='lat' dir='ltr'><strong>itaque</strong></span> <span class='ocrx_word' id='word_1_292' title='bbox 2341 1790 2484 1847; x_wconf 87' lang='lat' dir='ltr'><strong>inter</strong></span> <span class='ocrx_word' id='word_1_293' title='bbox 2518 1798 2667 1861; x_wconf 76' lang='lat' dir='ltr'><strong>regni</strong></span> <span class='ocrx_word' id='word_1_294' title='bbox 2710 1795 3035 1852; x_wconf 82' lang='lat' dir='ltr'><strong>candidatos</strong></span> <span class='ocrx_word' id='word_1_295' title='bbox 3077 1797 3288 1866; x_wconf 73' lang='lat' dir='ltr'><strong>praelia,</strong></span> <span class='ocrx_word' id='word_1_296' title='bbox 3315 1794 3484 1853; x_wconf 81' lang='lat' dir='ltr'><strong>Buidtt</strong></span> 
     </span>
    </p>
   </div>
   <div class='ocr_carea' id='block_1_46' title="bbox 1912 1880 3487 1950">
    <p class='ocr_par' dir='ltr' id='par_1_46' title="bbox 1912 1880 3487 1950">
     <span class='ocr_line' id='line_1_46' title="bbox 1912 1880 3487 1950; baseline 0.009 -18"><span class='ocrx_word' id='word_1_297' title='bbox 1912 1880 2219 1950; x_wconf 83' lang='lat' dir='ltr'><strong>proditione</strong></span> <span class='ocrx_word' id='word_1_298' title='bbox 2246 1896 2467 1938; x_wconf 90' lang='lat' dir='ltr'><strong>suorum</strong></span> <span class='ocrx_word' id='word_1_299' title='bbox 2500 1885 2678 1940; x_wconf 87' lang='lat' dir='ltr'><strong>victus</strong></span> <span class='ocrx_word' id='word_1_300' title='bbox 2706 1894 2760 1941; x_wconf 89' lang='lat' dir='ltr'><strong>et</strong></span> <span class='ocrx_word' id='word_1_301' title='bbox 2789 1888 3006 1942; x_wconf 82' lang='lat' dir='ltr'><strong>occisus</strong></span> <span class='ocrx_word' id='word_1_302' title='bbox 3029 1882 3262 1944; x_wconf 78' lang='lat' dir='ltr'><strong>liberum</strong></span> <span class='ocrx_word' id='word_1_303' title='bbox 3289 1892 3487 1946; x_wconf 71' lang='lat' dir='ltr'><strong>aemulo</strong></span> 
     </span>
    </p>
   </div>
   <div class='ocr_carea' id='block_1_47' title="bbox 1913 1974 3489 2056">
    <p class='ocr_par' dir='ltr' id='par_1_47' title="bbox 1913 1974 3489 2056">
     <span class='ocr_line' id='line_1_47' title="bbox 1913 1974 3489 2056; baseline 0.006 -26"><span class='ocrx_word' id='word_1_304' title='bbox 1913 1974 2113 2030; x_wconf 81' lang='lat' dir='ltr'><strong>Cazani</strong></span> <span class='ocrx_word' id='word_1_305' title='bbox 2157 1977 2374 2048; x_wconf 84' lang='lat' dir='ltr'><strong>reliquit</strong></span> <span class='ocrx_word' id='word_1_306' title='bbox 2406 1980 2717 2050; x_wconf 88' lang='lat' dir='ltr'><strong>imperium,</strong></span> <span class='ocrx_word' id='word_1_307' title='bbox 2746 1994 3034 2054; x_wconf 80' lang='lat' dir='ltr'><strong>postquam</strong></span> <span class='ocrx_word' id='word_1_308' title='bbox 3070 1986 3198 2041; x_wconf 89' lang='lat' dir='ltr'><strong>illud</strong></span> <span class='ocrx_word' id='word_1_309' title='bbox 3236 2001 3332 2056; x_wconf 89' lang='lat' dir='ltr'><strong>per</strong></span> <span class='ocrx_word' id='word_1_310' title='bbox 3363 1997 3489 2041; x_wconf 87' lang='lat' dir='ltr'><strong>octo</strong></span> 
     </span>
    </p>
   </div>
   <div class='ocr_carea' id='block_1_48' title="bbox 1911 2069 3485 2147">
    <p class='ocr_par' dir='ltr' id='par_1_48' title="bbox 1911 2069 3485 2147">
     <span class='ocr_line' id='line_1_48' title="bbox 1911 2069 3485 2147; baseline 0.008 -25"><span class='ocrx_word' id='word_1_311' title='bbox 1911 2069 2133 2124; x_wconf 89' lang='lat' dir='ltr'><strong>circiter</strong></span> <span class='ocrx_word' id='word_1_312' title='bbox 2176 2086 2392 2129; x_wconf 87' lang='lat' dir='ltr'><strong>menses</strong></span> <span class='ocrx_word' id='word_1_313' title='bbox 2457 2079 2764 2145; x_wconf 85' lang='lat' dir='ltr'><strong>occupavit.</strong></span> <span class='ocrx_word' id='word_1_314' title='bbox 2831 2077 3073 2147; x_wconf 79' lang='lat' dir='ltr'><strong>Contigit</strong></span> <span class='ocrx_word' id='word_1_315' title='bbox 3123 2095 3268 2139; x_wconf 87' lang='lat' dir='ltr'><strong>mors</strong></span> <span class='ocrx_word' id='word_1_316' title='bbox 3319 2079 3485 2136; x_wconf 71' lang='lat' dir='ltr'><strong>Isaidu</strong></span> 
     </span>
    </p>
   </div>
   <div class='ocr_carea' id='block_1_49' title="bbox 1911 2162 3491 2240">
    <p class='ocr_par' dir='ltr' id='par_1_49' title="bbox 1911 2162 3491 2240">
     <span class='ocr_line' id='line_1_49' title="bbox 1911 2162 3491 2240; baseline 0.007 -26"><span class='ocrx_word' id='word_1_317' title='bbox 1911 2175 2100 2216; x_wconf 85' lang='lat' dir='ltr'><strong>mense</strong></span> <span class='ocrx_word' id='word_1_318' title='bbox 2137 2162 2437 2218; x_wconf 87' lang='lat' dir='ltr'><strong>Dhul-Iiaia</strong></span> <span class='ocrx_word' id='word_1_319' title='bbox 2476 2164 2718 2235; x_wconf 85' lang='lat' dir='ltr'><strong>ejusdem</strong></span> <span class='ocrx_word' id='word_1_320' title='bbox 2752 2169 2878 2224; x_wconf 71' lang='lat' dir='ltr'><strong>arani</strong></span> <span class='ocrx_word' id='word_1_321' title='bbox 2917 2170 3050 2240; x_wconf 76' lang='lat' dir='ltr'><strong>Heg.</strong></span> <span class='ocrx_word' id='word_1_322' title='bbox 3099 2170 3224 2240; x_wconf 77' lang='grc'><strong>694,</strong></span> <span class='ocrx_word' id='word_1_323' title='bbox 3269 2174 3370 2227; x_wconf 84' lang='lat' dir='ltr'><strong>hoc</strong></span> <span class='ocrx_word' id='word_1_324' title='bbox 3405 2187 3491 2226; x_wconf 64' lang='lat' dir='ltr'><strong>est</strong></span> 
     </span>
    </p>
   </div>
   <div class='ocr_carea' id='block_1_50' title="bbox 1910 2251 3489 2327">
    <p class='ocr_par' dir='ltr' id='par_1_50' title="bbox 1910 2251 3489 2327">
     <span class='ocr_line' id='line_1_50' title="bbox 1910 2251 3489 2327; baseline 0.008 -23"><span class='ocrx_word' id='word_1_325' title='bbox 1910 2251 2058 2304; x_wconf 82' lang='lat' dir='ltr'><strong>circa</strong></span> <span class='ocrx_word' id='word_1_326' title='bbox 2110 2251 2272 2306; x_wconf 85' lang='lat' dir='ltr'><strong>linem</strong></span> <span class='ocrx_word' id='word_1_327' title='bbox 2305 2251 2560 2311; x_wconf 86' lang='lat' dir='ltr'><strong>Octobris</strong></span> <span class='ocrx_word' id='word_1_328' title='bbox 2606 2267 2696 2311; x_wconf 88' lang='lat' dir='ltr'><strong>aut</strong></span> <span class='ocrx_word' id='word_1_329' title='bbox 2725 2257 2940 2327; x_wconf 87' lang='lat' dir='ltr'><strong>initium</strong></span> <span class='ocrx_word' id='word_1_330' title='bbox 2991 2261 3314 2317; x_wconf 81' lang='lat' dir='ltr'><strong>Novembris</strong></span> <span class='ocrx_word' id='word_1_331' title='bbox 3359 2266 3489 2316; x_wconf 79' lang='lat' dir='ltr'><strong>anui</strong></span> 
     </span>
    </p>
   </div>
   <div class='ocr_carea' id='block_1_51' title="bbox 1911 2341 3490 2426">
    <p class='ocr_par' dir='ltr' id='par_1_51' title="bbox 1911 2341 3490 2426">
     <span class='ocr_line' id='line_1_51' title="bbox 1911 2341 3490 2426; baseline 0.009 -30"><span class='ocrx_word' id='word_1_332' title='bbox 1911 2341 2042 2398; x_wconf 83' lang='lat' dir='ltr'><strong>Chr.</strong></span> <span class='ocrx_word' id='word_1_333' title='bbox 2077 2343 2236 2405; x_wconf 74' lang='lat' dir='ltr'><strong>i296.</strong></span> <span class='ocrx_word' id='word_1_334' title='bbox 2272 2345 2406 2402; x_wconf 90' lang='lat' dir='ltr'><strong>IIinc</strong></span> <span class='ocrx_word' id='word_1_335' title='bbox 2438 2351 2683 2418; x_wconf 85' lang='lat' dir='ltr'><strong>procedit</strong></span> <span class='ocrx_word' id='word_1_336' title='bbox 2716 2351 3007 2416; x_wconf 84' lang='lat' dir='ltr'><strong>imperium</strong></span> <span class='ocrx_word' id='word_1_337' title='bbox 3038 2354 3292 2412; x_wconf 82' lang='lat' dir='ltr'><strong>Cazauis.</strong></span> <span class='ocrx_word' id='word_1_338' title='bbox 3331 2361 3490 2426; x_wconf 79' lang='lat' dir='ltr'><strong>cujus</strong></span> 
     </span>
    </p>
   </div>
   <div class='ocr_carea' id='block_1_52' title="bbox 1911 2435 3487 2511">
    <p class='ocr_par' dir='ltr' id='par_1_52' title="bbox 1911 2435 3487 2511">
     <span class='ocr_line' id='line_1_52' title="bbox 1911 2435 3487 2511; baseline 0.01 -22"><span class='ocrx_word' id='word_1_339' title='bbox 1911 2435 2066 2490; x_wconf 87' lang='lat' dir='ltr'><strong>dotes</strong></span> <span class='ocrx_word' id='word_1_340' title='bbox 2115 2436 2426 2505; x_wconf 63' lang='lat' dir='ltr'><strong>praeturas,</strong></span> <span class='ocrx_word' id='word_1_341' title='bbox 2461 2440 2704 2497; x_wconf 86' lang='lat' dir='ltr'><strong>instituta</strong></span> <span class='ocrx_word' id='word_1_342' title='bbox 2733 2445 3049 2511; x_wconf 83' lang='lat' dir='ltr'><strong>laudabilia,</strong></span> <span class='ocrx_word' id='word_1_343' title='bbox 3082 2458 3202 2504; x_wconf 88' lang='lat' dir='ltr'><strong>acta</strong></span> <span class='ocrx_word' id='word_1_344' title='bbox 3253 2449 3487 2506; x_wconf 79' lang='lat' dir='ltr'><strong>illustria</strong></span> 
     </span>
    </p>
   </div>
   <div class='ocr_carea' id='block_1_53' title="bbox 1909 2530 3487 2614">
    <p class='ocr_par' dir='ltr' id='par_1_53' title="bbox 1909 2530 3487 2614">
     <span class='ocr_line' id='line_1_53' title="bbox 1909 2530 3487 2614; baseline 0.011 -30"><span class='ocrx_word' id='word_1_345' title='bbox 1909 2530 2078 2588; x_wconf 83' lang='lat' dir='ltr'><strong>ell&#39;use</strong></span> <span class='ocrx_word' id='word_1_346' title='bbox 2129 2534 2355 2592; x_wconf 87' lang='lat' dir='ltr'><strong>laudans</strong></span> <span class='ocrx_word' id='word_1_347' title='bbox 2402 2547 2668 2593; x_wconf 84' lang='lat' dir='ltr'><strong>memorat</strong></span> <span class='ocrx_word' id='word_1_348' title='bbox 2719 2539 3103 2614; x_wconf 78' lang='lat' dir='ltr'><strong>Pacliymeres,</strong></span> <span class='ocrx_word' id='word_1_349' title='bbox 3140 2560 3186 2599; x_wconf 83' lang='lat' dir='ltr'><strong>c.</strong></span> <span class='ocrx_word' id='word_1_350' title='bbox 3233 2545 3283 2606; x_wconf 86' lang='lat' dir='ltr'><strong>l.</strong></span> <span class='ocrx_word' id='word_1_351' title='bbox 3339 2548 3371 2603; x_wconf 89' lang='lat' dir='ltr'><strong>l.</strong></span> <span class='ocrx_word' id='word_1_352' title='bbox 3416 2560 3487 2602; x_wconf 76' lang='lat' dir='ltr'><strong>vr.</strong></span> 
     </span>
    </p>
   </div>
   <div class='ocr_carea' id='block_1_54' title="bbox 1911 2625 3488 2711">
    <p class='ocr_par' dir='ltr' id='par_1_54' title="bbox 1911 2625 3488 2711">
     <span class='ocr_line' id='line_1_54' title="bbox 1911 2625 3488 2711; baseline 0.012 -34"><span class='ocrx_word' id='word_1_353' title='bbox 1911 2625 2018 2680; x_wconf 78' lang='lat' dir='ltr'><strong>Res</strong></span> <span class='ocrx_word' id='word_1_354' title='bbox 2048 2638 2210 2694; x_wconf 55' lang='lat' dir='ltr'><strong>gestae</strong></span> <span class='ocrx_word' id='word_1_355' title='bbox 2235 2634 2314 2684; x_wconf 89' lang='lat' dir='ltr'><strong>sic</strong></span> <span class='ocrx_word' id='word_1_356' title='bbox 2340 2636 2651 2690; x_wconf 83' lang='lat' dir='ltr'><strong>summatim</strong></span> <span class='ocrx_word' id='word_1_357' title='bbox 2692 2639 3136 2709; x_wconf 75' lang='lat' dir='ltr'><strong>perstringuntur</strong></span> <span class='ocrx_word' id='word_1_358' title='bbox 3162 2639 3219 2694; x_wconf 89' lang='lat' dir='ltr'><strong>in</strong></span> <span class='ocrx_word' id='word_1_359' title='bbox 3259 2640 3488 2711; x_wconf 82' lang='lat' dir='ltr'><strong>Supple-</strong></span> 
     </span>
    </p>
   </div>
   <div class='ocr_carea' id='block_1_55' title="bbox 1909 2717 3488 2802">
    <p class='ocr_par' dir='ltr' id='par_1_55' title="bbox 1909 2717 3488 2802">
     <span class='ocr_line' id='line_1_55' title="bbox 1909 2717 3488 2802; baseline 0.013 -33"><span class='ocrx_word' id='word_1_360' title='bbox 1909 2725 2094 2772; x_wconf 87' lang='lat' dir='ltr'><strong>menlo</strong></span> <span class='ocrx_word' id='word_1_361' title='bbox 2121 2717 2381 2778; x_wconf 88' lang='lat' dir='ltr'><strong>Cbrouici</strong></span> <span class='ocrx_word' id='word_1_362' title='bbox 2412 2725 2830 2796; x_wconf 69' lang='lat' dir='ltr'><strong>Abulpliaragii.</strong></span> <span class='ocrx_word' id='word_1_363' title='bbox 2866 2730 3022 2783; x_wconf 81' lang='lat' dir='ltr'><strong>Anno</strong></span> <span class='ocrx_word' id='word_1_364' title='bbox 3057 2727 3191 2801; x_wconf 79' lang='lat' dir='ltr'><strong>Ileg.</strong></span> <span class='ocrx_word' id='word_1_365' title='bbox 3228 2731 3356 2797; x_wconf 83' lang='lat'><strong>697,</strong></span> <span class='ocrx_word' id='word_1_366' title='bbox 3396 2734 3488 2802; x_wconf 77' lang='lat' dir='ltr'><strong>qui</strong></span> 
     </span>
    </p>
   </div>
   <div class='ocr_carea' id='block_1_56' title="bbox 1906 2812 3490 2882">
    <p class='ocr_par' dir='ltr' id='par_1_56' title="bbox 1906 2812 3490 2882">
     <span class='ocr_line' id='line_1_56' title="bbox 1906 2812 3490 2882; baseline 0.008 -20"><span class='ocrx_word' id='word_1_367' title='bbox 1906 2812 2076 2882; x_wconf 62' lang='lat' dir='ltr'><strong>capit</strong></span> <span class='ocrx_word' id='word_1_368' title='bbox 2114 2828 2150 2867; x_wconf 64' lang='grc' dir='ltr'><strong><em>ε</em></strong></span> <span class='ocrx_word' id='word_1_369' title='bbox 2190 2815 2278 2870; x_wconf 91' lang='lat' dir='ltr'><strong>die</strong></span> <span class='ocrx_word' id='word_1_370' title='bbox 2332 2816 2397 2872; x_wconf 79' lang='lat' dir='ltr'><strong>i9</strong></span> <span class='ocrx_word' id='word_1_371' title='bbox 2447 2815 2704 2874; x_wconf 87' lang='lat' dir='ltr'><strong>Octobris</strong></span> <span class='ocrx_word' id='word_1_372' title='bbox 2738 2824 2868 2875; x_wconf 85' lang='lat' dir='ltr'><strong>anui</strong></span> <span class='ocrx_word' id='word_1_373' title='bbox 2919 2823 3052 2878; x_wconf 82' lang='lat' dir='ltr'><strong>Chr.</strong></span> <span class='ocrx_word' id='word_1_374' title='bbox 3086 2823 3244 2879; x_wconf 70' lang='lat'><strong>129’7.</strong></span> <span class='ocrx_word' id='word_1_375' title='bbox 3303 2825 3490 2878; x_wconf 81' lang='lat' dir='ltr'><strong>occiso</strong></span> 
     </span>
    </p>
   </div>
   <div class='ocr_carea' id='block_1_57' title="bbox 1909 2903 3487 2986">
    <p class='ocr_par' dir='ltr' id='par_1_57' title="bbox 1909 2903 3487 2986">
     <span class='ocr_line' id='line_1_57' title="bbox 1909 2903 3487 2986; baseline 0.011 -31"><span class='ocrx_word' id='word_1_376' title='bbox 1909 2903 2138 2968; x_wconf 73' lang='lat' dir='ltr'><strong>Niruso,</strong></span> <span class='ocrx_word' id='word_1_377' title='bbox 2184 2908 2344 2978; x_wconf 87' lang='lat' dir='ltr'><strong>cujus</strong></span> <span class='ocrx_word' id='word_1_378' title='bbox 2391 2910 2700 2978; x_wconf 83' lang='lat' dir='ltr'><strong>proditione</strong></span> <span class='ocrx_word' id='word_1_379' title='bbox 2741 2912 2904 2967; x_wconf 83' lang='lat' dir='ltr'><strong>Baidu</strong></span> <span class='ocrx_word' id='word_1_380' title='bbox 2948 2912 3125 2975; x_wconf 81' lang='lat' dir='ltr'><strong>fuerat</strong></span> <span class='ocrx_word' id='word_1_381' title='bbox 3169 2931 3487 2986; x_wconf 79' lang='lat' dir='ltr'><strong>Oppressus,</strong></span> 
     </span>
    </p>
   </div>
   <div class='ocr_carea' id='block_1_58' title="bbox 1905 2995 3491 3074">
    <p class='ocr_par' dir='ltr' id='par_1_58' title="bbox 1905 2995 3491 3074">
     <span class='ocr_line' id='line_1_58' title="bbox 1905 2995 3491 3074; baseline 0.011 -28"><span class='ocrx_word' id='word_1_382' title='bbox 1905 2995 2127 3066; x_wconf 76' lang='lat' dir='ltr'><strong>Arabegi</strong></span> <span class='ocrx_word' id='word_1_383' title='bbox 2163 2999 2478 3070; x_wconf 77' lang='lat' dir='ltr'><strong>dignitatem</strong></span> <span class='ocrx_word' id='word_1_384' title='bbox 2515 3005 2670 3074; x_wconf 90' lang='lat' dir='ltr'><strong>(erat</strong></span> <span class='ocrx_word' id='word_1_385' title='bbox 2707 3005 2758 3058; x_wconf 87' lang='lat' dir='ltr'><strong>id</strong></span> <span class='ocrx_word' id='word_1_386' title='bbox 2799 3023 3007 3061; x_wconf 83' lang='lat' dir='ltr'><strong>nomen</strong></span> <span class='ocrx_word' id='word_1_387' title='bbox 3034 3009 3264 3065; x_wconf 85' lang='lat' dir='ltr'><strong>illustris</strong></span> <span class='ocrx_word' id='word_1_388' title='bbox 3293 3011 3347 3064; x_wconf 89' lang='lat' dir='ltr'><strong>in</strong></span> <span class='ocrx_word' id='word_1_389' title='bbox 3383 3012 3491 3064; x_wconf 79' lang='lat' dir='ltr'><strong>im-</strong></span> 
     </span>
    </p>
   </div>
   <div class='ocr_carea' id='block_1_59' title="bbox 1903 3088 3487 3169">
    <p class='ocr_par' dir='ltr' id='par_1_59' title="bbox 1903 3088 3487 3169">
     <span class='ocr_line' id='line_1_59' title="bbox 1903 3088 3487 3169; baseline 0.012 -29"><span class='ocrx_word' id='word_1_390' title='bbox 1903 3090 2059 3156; x_wconf 88' lang='lat' dir='ltr'><strong>perio</strong></span> <span class='ocrx_word' id='word_1_391' title='bbox 2092 3088 2387 3159; x_wconf 80' lang='lat' dir='ltr'><strong>Mogulensi</strong></span> <span class='ocrx_word' id='word_1_392' title='bbox 2428 3097 2817 3168; x_wconf 75' lang='lat' dir='ltr'><strong>magistratus)</strong></span> <span class='ocrx_word' id='word_1_393' title='bbox 2854 3116 2956 3169; x_wconf 89' lang='lat' dir='ltr'><strong>qua</strong></span> <span class='ocrx_word' id='word_1_394' title='bbox 3003 3099 3235 3158; x_wconf 81' lang='lat' dir='ltr'><strong>Niruzus</strong></span> <span class='ocrx_word' id='word_1_395' title='bbox 3267 3104 3487 3162; x_wconf 88' lang='lat' dir='ltr'><strong>functus</strong></span> 
     </span>
    </p>
   </div>
   <div class='ocr_carea' id='block_1_60' title="bbox 208 3181 3484 3264">
    <p class='ocr_par' dir='ltr' id='par_1_60' title="bbox 208 3181 3484 3264">
     <span class='ocr_line' id='line_1_60' title="bbox 208 3181 3484 3264; baseline 0.005 -26"><span class='ocrx_word' id='word_1_396' title='bbox 208 3183 445 3254; x_wconf 76' lang='lat' dir='ltr'><strong>Europa:</strong></span> <span class='ocrx_word' id='word_1_397' title='bbox 489 3185 786 3256; x_wconf 77' lang='lat' dir='ltr'><strong>provinciis</strong></span> <span class='ocrx_word' id='word_1_398' title='bbox 818 3183 957 3238; x_wconf 90' lang='lat' dir='ltr'><strong>ultra</strong></span> <span class='ocrx_word' id='word_1_399' title='bbox 995 3181 1335 3252; x_wconf 70' lang='lat' dir='ltr'><strong>Bulgariam;</strong></span> <span class='ocrx_word' id='word_1_400' title='bbox 1389 3199 1546 3251; x_wconf 86' lang='lat' dir='ltr'><strong>quas.</strong></span> <span class='ocrx_word' id='word_1_401' title='bbox 1610 3195 1667 3236; x_wconf 86' lang='lat' dir='ltr'><strong>ut</strong></span> <span class='ocrx_word' id='word_1_402' title='bbox 1716 3193 1799 3235; x_wconf 82' lang='lat' dir='ltr'><strong>est</strong></span> <span class='ocrx_word' id='word_1_403' title='bbox 1823 3186 1871 3252; x_wconf 75' lang='grc' dir='ltr'>ο</span> <span class='ocrx_word' id='word_1_404' title='bbox 1903 3181 2099 3247; x_wconf 87' lang='lat' dir='ltr'><strong>fuerat,</strong></span> <span class='ocrx_word' id='word_1_405' title='bbox 2137 3186 2410 3242; x_wconf 78' lang='lat' dir='ltr'><strong>transtulit</strong></span> <span class='ocrx_word' id='word_1_406' title='bbox 2442 3188 2496 3244; x_wconf 92' lang='lat' dir='ltr'><strong>in</strong></span> <span class='ocrx_word' id='word_1_407' title='bbox 2550 3189 2713 3244; x_wconf 77' lang='lat' dir='ltr'><strong>Kotlu</strong></span> <span class='ocrx_word' id='word_1_408' title='bbox 2749 3190 2991 3258; x_wconf 63' lang='lat' dir='ltr'><strong>Sanum;</strong></span> <span class='ocrx_word' id='word_1_409' title='bbox 3021 3211 3178 3264; x_wconf 83' lang='lat' dir='ltr'><strong>quem</strong></span> <span class='ocrx_word' id='word_1_410' title='bbox 3230 3201 3484 3254; x_wconf 84' lang='lat' dir='ltr'><strong>eumdem</strong></span> 
     </span>
    </p>
   </div>
   <div class='ocr_carea' id='block_1_61' title="bbox 209 3276 1793 3348">
    <p class='ocr_par' dir='ltr' id='par_1_61' title="bbox 209 3276 1793 3348">
     <span class='ocr_line' id='line_1_61' title="bbox 209 3276 1793 3348; baseline -0.004 -12"><span class='ocrx_word' id='word_1_411' title='bbox 209 3279 470 3348; x_wconf 81' lang='lat' dir='ltr'><strong>superius</strong></span> <span class='ocrx_word' id='word_1_412' title='bbox 537 3277 739 3333; x_wconf 86' lang='lat' dir='ltr'><strong>dictum</strong></span> <span class='ocrx_word' id='word_1_413' title='bbox 801 3295 857 3332; x_wconf 90' lang='lat' dir='ltr'><strong>n.</strong></span> <span class='ocrx_word' id='word_1_414' title='bbox 891 3277 968 3343; x_wconf 84' lang='lat'><strong>6,</strong></span> <span class='ocrx_word' id='word_1_415' title='bbox 1016 3276 1276 3343; x_wconf 86' lang='lat' dir='ltr'><strong>auspiciis</strong></span> <span class='ocrx_word' id='word_1_416' title='bbox 1313 3278 1522 3332; x_wconf 82' lang='lat' dir='ltr'><strong>Kaanis</strong></span> <span class='ocrx_word' id='word_1_417' title='bbox 1569 3280 1793 3333; x_wconf 87' lang='lat' dir='ltr'><strong>secundi</strong></span> 
     </span>
    </p>
   </div>
   <div class='ocr_carea' id='block_1_62' title="bbox 214 3367 1795 3442">
    <p class='ocr_par' dir='ltr' id='par_1_62' title="bbox 214 3367 1795 3442">
     <span class='ocr_line' id='line_1_62' title="bbox 214 3367 1795 3442; baseline -0.003 -14"><span class='ocrx_word' id='word_1_418' title='bbox 214 3371 609 3442; x_wconf 75' lang='lat' dir='ltr'><strong>Mogulensiutu</strong></span> <span class='ocrx_word' id='word_1_419' title='bbox 634 3369 988 3440; x_wconf 86' lang='lat' dir='ltr'><strong>imperatoris</strong></span> <span class='ocrx_word' id='word_1_420' title='bbox 1023 3384 1051 3421; x_wconf 89' lang='lat' dir='ltr'><strong>a</strong></span> <span class='ocrx_word' id='word_1_421' title='bbox 1081 3367 1253 3425; x_wconf 85' lang='lat' dir='ltr'><strong>Batuo</strong></span> <span class='ocrx_word' id='word_1_422' title='bbox 1284 3368 1599 3439; x_wconf 72' lang='lat' dir='ltr'><strong>subjugatas</strong></span> <span class='ocrx_word' id='word_1_423' title='bbox 1627 3367 1795 3436; x_wconf 76' lang='lat' dir='ltr'><strong>Nega.</strong></span> 
     </span>
    </p>
   </div>
   <div class='ocr_carea' id='block_1_63' title="bbox 210 3460 1798 3520">
    <p class='ocr_par' dir='ltr' id='par_1_63' title="bbox 210 3460 1798 3520">
     <span class='ocr_line' id='line_1_63' title="bbox 210 3460 1798 3520; baseline -0.002 -1"><span class='ocrx_word' id='word_1_424' title='bbox 210 3466 295 3520; x_wconf 89' lang='lat' dir='ltr'><strong>eis</strong></span> <span class='ocrx_word' id='word_1_425' title='bbox 354 3464 568 3519; x_wconf 84' lang='lat' dir='ltr'><strong>tuendis</strong></span> <span class='ocrx_word' id='word_1_426' title='bbox 618 3478 648 3518; x_wconf 79' lang='grc' dir='ltr'><strong>ιι</strong></span> <span class='ocrx_word' id='word_1_427' title='bbox 695 3463 864 3516; x_wconf 83' lang='lat' dir='ltr'><strong>Batuo</strong></span> <span class='ocrx_word' id='word_1_428' title='bbox 921 3460 1199 3516; x_wconf 82' lang='lat' dir='ltr'><strong>Persidem</strong></span> <span class='ocrx_word' id='word_1_429' title='bbox 1248 3477 1447 3518; x_wconf 89' lang='lat' dir='ltr'><strong>versus</strong></span> <span class='ocrx_word' id='word_1_430' title='bbox 1508 3463 1798 3518; x_wconf 84' lang='lat' dir='ltr'><strong>recedente</strong></span> 
     </span>
    </p>
   </div>
   <div class='ocr_carea' id='block_1_64' title="bbox 211 3555 1796 3636">
    <p class='ocr_par' dir='ltr' id='par_1_64' title="bbox 211 3555 1796 3636">
     <span class='ocr_line' id='line_1_64' title="bbox 211 3555 1796 3636; baseline -0.001 -24"><span class='ocrx_word' id='word_1_431' title='bbox 211 3557 529 3636; x_wconf 62' lang='lat' dir='ltr'><strong>prafectus,</strong></span> <span class='ocrx_word' id='word_1_432' title='bbox 582 3569 870 3626; x_wconf 77' lang='lat' dir='ltr'><strong>progressu</strong></span> <span class='ocrx_word' id='word_1_433' title='bbox 945 3555 1206 3625; x_wconf 90' lang='lat' dir='ltr'><strong>temporis</strong></span> <span class='ocrx_word' id='word_1_434' title='bbox 1267 3570 1397 3611; x_wconf 86' lang='lat' dir='ltr'><strong>suas</strong></span> <span class='ocrx_word' id='word_1_435' title='bbox 1434 3556 1659 3620; x_wconf 85' lang='lat' dir='ltr'><strong>fecerat,</strong></span> <span class='ocrx_word' id='word_1_436' title='bbox 1699 3568 1796 3610; x_wconf 80' lang='lat' dir='ltr'><strong>ot)-</strong></span> 
     </span>
    </p>
   </div>
   <div class='ocr_carea' id='block_1_65' title="bbox 210 3646 1794 3718">
    <p class='ocr_par' dir='ltr' id='par_1_65' title="bbox 210 3646 1794 3718">
     <span class='ocr_line' id='line_1_65' title="bbox 210 3646 1794 3718; baseline -0.002 -14"><span class='ocrx_word' id='word_1_437' title='bbox 210 3647 464 3717; x_wconf 86' lang='lat' dir='ltr'><strong>sequium</strong></span> <span class='ocrx_word' id='word_1_438' title='bbox 499 3648 660 3718; x_wconf 78' lang='lat'><strong>821</strong></span> <span class='ocrx_word' id='word_1_439' title='bbox 695 3647 1012 3714; x_wconf 85' lang='lat' dir='ltr'><strong>imperatori</strong></span> <span class='ocrx_word' id='word_1_440' title='bbox 1060 3646 1299 3717; x_wconf 76' lang='lat' dir='ltr'><strong>Mogulio</strong></span> <span class='ocrx_word' id='word_1_441' title='bbox 1331 3662 1641 3714; x_wconf 84' lang='lat' dir='ltr'><strong>recusans;</strong></span> <span class='ocrx_word' id='word_1_442' title='bbox 1676 3650 1794 3703; x_wconf 85' lang='lat' dir='ltr'><strong>diu-</strong></span> 
     </span>
    </p>
   </div>
   <div class='ocr_carea' id='block_1_66' title="bbox 206 3738 1791 3815">
    <p class='ocr_par' dir='ltr' id='par_1_66' title="bbox 206 3738 1791 3815">
     <span class='ocr_line' id='line_1_66' title="bbox 206 3738 1791 3815; baseline -0.001 -19"><span class='ocrx_word' id='word_1_443' title='bbox 206 3757 339 3815; x_wconf 83' lang='lat' dir='ltr'><strong>que,</strong></span> <span class='ocrx_word' id='word_1_444' title='bbox 366 3751 530 3810; x_wconf 86' lang='lat' dir='ltr'><strong>prout</strong></span> <span class='ocrx_word' id='word_1_445' title='bbox 559 3740 742 3795; x_wconf 88' lang='lat' dir='ltr'><strong>multis</strong></span> <span class='ocrx_word' id='word_1_446' title='bbox 775 3741 910 3796; x_wconf 91' lang='lat' dir='ltr'><strong>locis</strong></span> <span class='ocrx_word' id='word_1_447' title='bbox 934 3738 1296 3812; x_wconf 82' lang='lat' dir='ltr'><strong>Pacbymeres</strong></span> <span class='ocrx_word' id='word_1_448' title='bbox 1315 3741 1608 3810; x_wconf 79' lang='lat' dir='ltr'><strong>significat,</strong></span> <span class='ocrx_word' id='word_1_449' title='bbox 1631 3740 1791 3796; x_wconf 83' lang='lat' dir='ltr'><strong>istam</strong></span> 
     </span>
    </p>
   </div>
   <div class='ocr_carea' id='block_1_67' title="bbox 209 3830 1794 3902">
    <p class='ocr_par' dir='ltr' id='par_1_67' title="bbox 209 3830 1794 3902">
     <span class='ocr_line' id='line_1_67' title="bbox 209 3830 1794 3902; baseline -0.001 -15"><span class='ocrx_word' id='word_1_450' title='bbox 209 3833 566 3889; x_wconf 81' lang='lat' dir='ltr'><strong>rebellionem</strong></span> <span class='ocrx_word' id='word_1_451' title='bbox 616 3832 838 3902; x_wconf 88' lang='lat' dir='ltr'><strong>impune</strong></span> <span class='ocrx_word' id='word_1_452' title='bbox 880 3830 1026 3897; x_wconf 87' lang='lat' dir='ltr'><strong>tulit,</strong></span> <span class='ocrx_word' id='word_1_453' title='bbox 1084 3831 1138 3884; x_wconf 91' lang='lat' dir='ltr'><strong>in</strong></span> <span class='ocrx_word' id='word_1_454' title='bbox 1191 3846 1252 3884; x_wconf 88' lang='lat' dir='ltr'><strong>ea</strong></span> <span class='ocrx_word' id='word_1_455' title='bbox 1296 3831 1459 3886; x_wconf 89' lang='lat' dir='ltr'><strong>etiam</strong></span> <span class='ocrx_word' id='word_1_456' title='bbox 1511 3830 1794 3886; x_wconf 78' lang='lat' dir='ltr'><strong>Michaelis</strong></span> 
     </span>
    </p>
   </div>
   <div class='ocr_carea' id='block_1_68' title="bbox 207 3922 1789 3998">
    <p class='ocr_par' dir='ltr' id='par_1_68' title="bbox 207 3922 1789 3998">
     <span class='ocr_line' id='line_1_68' title="bbox 207 3922 1789 3998; baseline -0.001 -19"><span class='ocrx_word' id='word_1_457' title='bbox 207 3927 372 3998; x_wconf 83' lang='lat' dir='ltr'><strong>primi</strong></span> <span class='ocrx_word' id='word_1_458' title='bbox 408 3925 696 3993; x_wconf 67' lang='lat' dir='ltr'><strong>Palamlogi</strong></span> <span class='ocrx_word' id='word_1_459' title='bbox 737 3925 964 3993; x_wconf 77' lang='lat' dir='ltr'><strong>Augusti</strong></span> <span class='ocrx_word' id='word_1_460' title='bbox 1011 3923 1275 3982; x_wconf 76' lang='lat' dir='ltr'><strong>alIiuitate</strong></span> <span class='ocrx_word' id='word_1_461' title='bbox 1329 3922 1598 3985; x_wconf 85' lang='lat' dir='ltr'><strong>firmatus.</strong></span> <span class='ocrx_word' id='word_1_462' title='bbox 1629 3927 1789 3978; x_wconf 88' lang='lat' dir='ltr'><strong>ducta</strong></span> 
     </span>
    </p>
   </div>
   <div class='ocr_carea' id='block_1_69' title="bbox 209 4015 1792 4090">
    <p class='ocr_par' dir='ltr' id='par_1_69' title="bbox 209 4015 1792 4090">
     <span class='ocr_line' id='line_1_69' title="bbox 209 4015 1792 4090; baseline -0.003 -16"><span class='ocrx_word' id='word_1_463' title='bbox 209 4020 390 4090; x_wconf 90' lang='lat' dir='ltr'><strong>ipsius</strong></span> <span class='ocrx_word' id='word_1_464' title='bbox 445 4017 552 4073; x_wconf 85' lang='lat' dir='ltr'><strong>lilia</strong></span> <span class='ocrx_word' id='word_1_465' title='bbox 609 4015 985 4085; x_wconf 80' lang='lat' dir='ltr'><strong>Eupbrosyne.</strong></span> <span class='ocrx_word' id='word_1_466' title='bbox 1051 4016 1195 4067; x_wconf 78' lang='lat' dir='ltr'><strong>Talis</strong></span> <span class='ocrx_word' id='word_1_467' title='bbox 1263 4016 1328 4070; x_wconf 90' lang='lat' dir='ltr'><strong>ab</strong></span> <span class='ocrx_word' id='word_1_468' title='bbox 1393 4016 1792 4084; x_wconf 80' lang='lat' dir='ltr'><strong>Argun-Chaue</strong></span> 
     </span>
    </p>
   </div>
   <div class='ocr_carea' id='block_1_70' title="bbox 207 4108 1789 4182">
    <p class='ocr_par' dir='ltr' id='par_1_70' title="bbox 207 4108 1789 4182">
     <span class='ocr_line' id='line_1_70' title="bbox 207 4108 1789 4182; baseline -0.003 -14"><span class='ocrx_word' id='word_1_469' title='bbox 207 4113 455 4182; x_wconf 79' lang='lat' dir='ltr'><strong>suscepti</strong></span> <span class='ocrx_word' id='word_1_470' title='bbox 507 4109 720 4166; x_wconf 88' lang='lat' dir='ltr'><strong>consilii</strong></span> <span class='ocrx_word' id='word_1_471' title='bbox 755 4110 1044 4178; x_wconf 76' lang='lat' dir='ltr'><strong>vestigium</strong></span> <span class='ocrx_word' id='word_1_472' title='bbox 1101 4110 1153 4162; x_wconf 88' lang='lat' dir='ltr'><strong>in</strong></span> <span class='ocrx_word' id='word_1_473' title='bbox 1190 4108 1296 4163; x_wconf 83' lang='lat' dir='ltr'><strong>line</strong></span> <span class='ocrx_word' id='word_1_474' title='bbox 1329 4109 1789 4180; x_wconf 80' lang='lat' dir='ltr'><strong>Abulpharagiani</strong></span> 
     </span>
    </p>
   </div>
   <div class='ocr_carea' id='block_1_71' title="bbox 208 4195 1791 4270">
    <p class='ocr_par' dir='ltr' id='par_1_71' title="bbox 208 4195 1791 4270">
     <span class='ocr_line' id='line_1_71' title="bbox 208 4195 1791 4270; baseline -0.003 -10"><span class='ocrx_word' id='word_1_475' title='bbox 208 4201 472 4260; x_wconf 84' lang='lat' dir='ltr'><strong>Chronici</strong></span> <span class='ocrx_word' id='word_1_476' title='bbox 519 4204 769 4270; x_wconf 88' lang='lat' dir='ltr'><strong>reperio,</strong></span> <span class='ocrx_word' id='word_1_477' title='bbox 826 4199 920 4256; x_wconf 87' lang='lat' dir='ltr'><strong>ubi</strong></span> <span class='ocrx_word' id='word_1_478' title='bbox 978 4198 1242 4269; x_wconf 81' lang='lat' dir='ltr'><strong>scriptum</strong></span> <span class='ocrx_word' id='word_1_479' title='bbox 1286 4195 1484 4270; x_wconf 78' lang='lat' dir='ltr'><strong>legitur</strong></span> <span class='ocrx_word' id='word_1_480' title='bbox 1529 4213 1543 4254; x_wconf 87' lang='lat'><strong>:</strong></span> <span class='ocrx_word' id='word_1_481' title='bbox 1580 4201 1791 4270; x_wconf 75' lang='lat' dir='ltr'><strong>Argan-</strong></span> 
     </span>
    </p>
   </div>
   <div class='ocr_carea' id='block_1_72' title="bbox 209 4277 1788 4363">
    <p class='ocr_par' dir='ltr' id='par_1_72' title="bbox 209 4277 1788 4363">
     <span class='ocr_line' id='line_1_72' title="bbox 209 4277 1788 4363; baseline -0.004 -9"><span class='ocrx_word' id='word_1_482' title='bbox 209 4299 449 4355; x_wconf 75' lang='lat' dir='ltr'><strong>Chanem</strong></span> <span class='ocrx_word' id='word_1_483' title='bbox 510 4295 732 4363; x_wconf 82' lang='lat' dir='ltr'><strong>imperio</strong></span> <span class='ocrx_word' id='word_1_484' title='bbox 781 4295 888 4349; x_wconf 80' lang='lat' dir='ltr'><strong>sibi</strong></span> <span class='ocrx_word' id='word_1_485' title='bbox 934 4293 1172 4348; x_wconf 77' lang='lat' dir='ltr'><strong>stabilito</strong></span> <span class='ocrx_word' id='word_1_486' title='bbox 1234 4277 1518 4362; x_wconf 73' lang='lat' dir='ltr'><strong>unicuique</strong></span> <span class='ocrx_word' id='word_1_487' title='bbox 1554 4294 1788 4362; x_wconf 78' lang='lat' dir='ltr'><strong>ﬁliorum</strong></span> 
     </span>
    </p>
   </div>
   <div class='ocr_carea' id='block_1_73' title="bbox 208 4386 1788 4463">
    <p class='ocr_par' dir='ltr' id='par_1_73' title="bbox 208 4386 1788 4463">
     <span class='ocr_line' id='line_1_73' title="bbox 208 4386 1788 4463; baseline -0.004 -17"><span class='ocrx_word' id='word_1_488' title='bbox 208 4393 584 4463; x_wconf 65' lang='lat' dir='ltr'><strong>praefecturam</strong></span> <span class='ocrx_word' id='word_1_489' title='bbox 614 4386 847 4458; x_wconf 77' lang='lat' dir='ltr'><strong>alicujus</strong></span> <span class='ocrx_word' id='word_1_490' title='bbox 900 4388 1050 4458; x_wconf 81' lang='lat' dir='ltr'><strong>regni</strong></span> <span class='ocrx_word' id='word_1_491' title='bbox 1097 4389 1184 4440; x_wconf 85' lang='lat' dir='ltr'><strong>sui</strong></span> <span class='ocrx_word' id='word_1_492' title='bbox 1209 4388 1540 4441; x_wconf 75' lang='lat' dir='ltr'><strong>exercituum</strong></span> <span class='ocrx_word' id='word_1_493' title='bbox 1572 4388 1788 4441; x_wconf 84' lang='lat' dir='ltr'><strong>commi-</strong></span> 
     </span>
    </p>
   </div>
   <div class='ocr_carea' id='block_1_74' title="bbox 210 4479 1830 4552">
    <p class='ocr_par' dir='ltr' id='par_1_74' title="bbox 210 4479 1830 4552">
     <span class='ocr_line' id='line_1_74' title="bbox 210 4479 1830 4552; baseline -0.005 -12"><span class='ocrx_word' id='word_1_494' title='bbox 210 4488 367 4541; x_wconf 73' lang='lat' dir='ltr'><strong>sine.</strong></span> <span class='ocrx_word' id='word_1_495' title='bbox 401 4481 521 4538; x_wconf 85' lang='lat' dir='ltr'><strong>Filii</strong></span> <span class='ocrx_word' id='word_1_496' title='bbox 573 4479 998 4552; x_wconf 72' lang='lat' dir='ltr'><strong>Argun-Chanis</strong></span> <span class='ocrx_word' id='word_1_497' title='bbox 1032 4479 1254 4534; x_wconf 86' lang='lat' dir='ltr'><strong>fuerunt</strong></span> <span class='ocrx_word' id='word_1_498' title='bbox 1304 4481 1567 4542; x_wconf 81' lang='lat' dir='ltr'><strong>Cazancs,</strong></span> <span class='ocrx_word' id='word_1_499' title='bbox 1601 4480 1786 4534; x_wconf 71' lang='grc' dir='ltr'><strong>οπω-</strong></span> <span class='ocrx_word' id='word_1_500' title='bbox 1814 4517 1830 4552; x_wconf 20' lang='lat'><strong>_.</strong></span> 
     </span>
    </p>
   </div>
   <div class='ocr_carea' id='block_1_75' title="bbox 1814 4548 1869 4606">
    <p class='ocr_par' dir='ltr' id='par_1_75' title="bbox 1814 4548 1869 4606">
     <span class='ocr_line' id='line_1_75' title="bbox 1814 4548 1869 4606; baseline 0 0"><span class='ocrx_word' id='word_1_501' title='bbox 1814 4548 1869 4606; x_wconf 89' lang='lat' dir='ltr'><strong>D</strong></span> 
     </span>
    </p>
   </div>
   <div class='ocr_carea' id='block_1_76' title="bbox 212 4573 1785 4648">
    <p class='ocr_par' dir='ltr' id='par_1_76' title="bbox 212 4573 1785 4648">
     <span class='ocr_line' id='line_1_76' title="bbox 212 4573 1785 4648; baseline 0 -16"><span class='ocrx_word' id='word_1_502' title='bbox 212 4589 428 4648; x_wconf 83' lang='lat' dir='ltr'><strong>pantas,</strong></span> <span class='ocrx_word' id='word_1_503' title='bbox 463 4575 708 4633; x_wconf 83' lang='lat' dir='ltr'><strong>Tuctais.</strong></span> <span class='ocrx_word' id='word_1_504' title='bbox 743 4575 820 4631; x_wconf 80' lang='lat' dir='ltr'><strong>Ex</strong></span> <span class='ocrx_word' id='word_1_505' title='bbox 867 4576 950 4631; x_wconf 86' lang='lat' dir='ltr'><strong>his</strong></span> <span class='ocrx_word' id='word_1_506' title='bbox 980 4573 1222 4631; x_wconf 68' lang='lat' dir='ltr'><strong>Catanes</strong></span> <span class='ocrx_word' id='word_1_507' title='bbox 1255 4577 1472 4632; x_wconf 83' lang='lat' dir='ltr'><strong>videtur</strong></span> <span class='ocrx_word' id='word_1_508' title='bbox 1517 4580 1785 4633; x_wconf 74' lang='lat' dir='ltr'><strong>exercitui</strong></span> 
     </span>
    </p>
   </div>
   <div class='ocr_carea' id='block_1_77' title="bbox 213 4668 1792 4741">
    <p class='ocr_par' dir='ltr' id='par_1_77' title="bbox 213 4668 1792 4741">
     <span class='ocr_line' id='line_1_77' title="bbox 213 4668 1792 4741; baseline 0.002 -16"><span class='ocrx_word' id='word_1_509' title='bbox 213 4681 264 4725; x_wconf 81' lang='lat' dir='ltr'><strong>et</strong></span> <span class='ocrx_word' id='word_1_510' title='bbox 296 4671 592 4740; x_wconf 65' lang='lat' dir='ltr'><strong>provinciae</strong></span> <span class='ocrx_word' id='word_1_511' title='bbox 631 4669 754 4724; x_wconf 90' lang='lat' dir='ltr'><strong>Ioco</strong></span> <span class='ocrx_word' id='word_1_512' title='bbox 779 4668 868 4722; x_wconf 81' lang='lat' dir='ltr'><strong>ubi</strong></span> <span class='ocrx_word' id='word_1_513' title='bbox 901 4671 1448 4740; x_wconf 72' lang='lat' dir='ltr'><strong>degebatimperator</strong></span> <span class='ocrx_word' id='word_1_514' title='bbox 1478 4673 1792 4741; x_wconf 63' lang='lat' dir='ltr'><strong>propinquae</strong></span> 
     </span>
    </p>
   </div>
   <div class='ocr_carea' id='block_1_78' title="bbox 213 4758 1794 4835">
    <p class='ocr_par' dir='ltr' id='par_1_78' title="bbox 213 4758 1794 4835">
     <span class='ocr_line' id='line_1_78' title="bbox 213 4758 1794 4835; baseline 0.003 -19"><span class='ocrx_word' id='word_1_515' title='bbox 213 4765 563 4835; x_wconf 67' lang='lat' dir='ltr'><strong>praepositus.</strong></span> <span class='ocrx_word' id='word_1_516' title='bbox 615 4758 749 4817; x_wconf 79' lang='lat' dir='ltr'><strong>Nam</strong></span> <span class='ocrx_word' id='word_1_517' title='bbox 806 4770 1072 4830; x_wconf 80' lang='lat' dir='ltr'><strong>occupato</strong></span> <span class='ocrx_word' id='word_1_518' title='bbox 1129 4765 1516 4832; x_wconf 87' lang='lat' dir='ltr'><strong>postmodum,</strong></span> <span class='ocrx_word' id='word_1_519' title='bbox 1565 4774 1625 4818; x_wconf 89' lang='lat' dir='ltr'><strong>ut</strong></span> <span class='ocrx_word' id='word_1_520' title='bbox 1667 4781 1794 4820; x_wconf 82' lang='lat' dir='ltr'><strong>mox</strong></span> 
     </span>
    </p>
   </div>
   <div class='ocr_carea' id='block_1_79' title="bbox 211 4854 1792 4926">
    <p class='ocr_par' dir='ltr' id='par_1_79' title="bbox 211 4854 1792 4926">
     <span class='ocr_line' id='line_1_79' title="bbox 211 4854 1792 4926; baseline 0.001 -14"><span class='ocrx_word' id='word_1_521' title='bbox 211 4859 466 4922; x_wconf 89' lang='lat' dir='ltr'><strong>dicetur,</strong></span> <span class='ocrx_word' id='word_1_522' title='bbox 519 4872 549 4910; x_wconf 91' lang='lat' dir='ltr'><strong>a</strong></span> <span class='ocrx_word' id='word_1_523' title='bbox 592 4854 758 4911; x_wconf 75' lang='lat' dir='ltr'><strong>Baidu</strong></span> <span class='ocrx_word' id='word_1_524' title='bbox 799 4856 1045 4923; x_wconf 88' lang='lat' dir='ltr'><strong>imperio,</strong></span> <span class='ocrx_word' id='word_1_525' title='bbox 1083 4856 1291 4924; x_wconf 90' lang='lat' dir='ltr'><strong>primus</strong></span> <span class='ocrx_word' id='word_1_526' title='bbox 1340 4856 1434 4926; x_wconf 90' lang='lat' dir='ltr'><strong>qui</strong></span> <span class='ocrx_word' id='word_1_527' title='bbox 1469 4856 1792 4923; x_wconf 87' lang='lat' dir='ltr'><strong>obsisteret,</strong></span> 
     </span>
    </p>
   </div>
   <div class='ocr_carea' id='block_1_80' title="bbox 210 4949 1794 5020">
    <p class='ocr_par' dir='ltr' id='par_1_80' title="bbox 210 4949 1794 5020">
     <span class='ocr_line' id='line_1_80' title="bbox 210 4949 1794 5020; baseline 0.001 -15"><span class='ocrx_word' id='word_1_528' title='bbox 210 4951 450 5012; x_wconf 76' lang='lat' dir='ltr'><strong>viciniae,</strong></span> <span class='ocrx_word' id='word_1_529' title='bbox 484 4959 914 5020; x_wconf 83' lang='lat' dir='ltr'><strong>proutapparet,</strong></span> <span class='ocrx_word' id='word_1_530' title='bbox 957 4949 1242 5012; x_wconf 83' lang='lat' dir='ltr'><strong>beneﬁcio,</strong></span> <span class='ocrx_word' id='word_1_531' title='bbox 1275 4949 1509 5004; x_wconf 75' lang='lat' dir='ltr'><strong>exstitit.</strong></span> <span class='ocrx_word' id='word_1_532' title='bbox 1546 4951 1652 5006; x_wconf 79' lang='lat' dir='ltr'><strong>Alii</strong></span> <span class='ocrx_word' id='word_1_533' title='bbox 1687 4954 1794 5007; x_wconf 90' lang='lat' dir='ltr'><strong>duo</strong></span> 
     </span>
    </p>
   </div>
   <div class='ocr_carea' id='block_1_81' title="bbox 208 5042 1792 5112">
    <p class='ocr_par' dir='ltr' id='par_1_81' title="bbox 208 5042 1792 5112">
     <span class='ocr_line' id='line_1_81' title="bbox 208 5042 1792 5112; baseline -0.001 -13"><span class='ocrx_word' id='word_1_534' title='bbox 208 5044 445 5100; x_wconf 77' lang='lat' dir='ltr'><strong>Cazauis</strong></span> <span class='ocrx_word' id='word_1_535' title='bbox 483 5042 680 5097; x_wconf 79' lang='lat' dir='ltr'><strong>fratres</strong></span> <span class='ocrx_word' id='word_1_536' title='bbox 709 5043 923 5112; x_wconf 78' lang='lat' dir='ltr'><strong>lengius</strong></span> <span class='ocrx_word' id='word_1_537' title='bbox 953 5059 980 5095; x_wconf 90' lang='lat' dir='ltr'><strong>a</strong></span> <span class='ocrx_word' id='word_1_538' title='bbox 1017 5051 1167 5110; x_wconf 87' lang='lat' dir='ltr'><strong>patre</strong></span> <span class='ocrx_word' id='word_1_539' title='bbox 1200 5043 1459 5112; x_wconf 77' lang='lat' dir='ltr'><strong>leguntur</strong></span> <span class='ocrx_word' id='word_1_540' title='bbox 1491 5045 1792 5111; x_wconf 87' lang='lat' dir='ltr'><strong>amandati,</strong></span> 
     </span>
    </p>
   </div>
   <div class='ocr_carea' id='block_1_82' title="bbox 210 5133 1794 5205">
    <p class='ocr_par' dir='ltr' id='par_1_82' title="bbox 210 5133 1794 5205">
     <span class='ocr_line' id='line_1_82' title="bbox 210 5133 1794 5205; baseline 0.001 -15"><span class='ocrx_word' id='word_1_541' title='bbox 210 5135 481 5204; x_wconf 84' lang='lat' dir='ltr'><strong>siquidem</strong></span> <span class='ocrx_word' id='word_1_542' title='bbox 505 5133 964 5202; x_wconf 86' lang='lat' dir='ltr'><strong>Carmpantanem</strong></span> <span class='ocrx_word' id='word_1_543' title='bbox 997 5135 1382 5205; x_wconf 80' lang='lat' dir='ltr'><strong>Pachymercs,</strong></span> <span class='ocrx_word' id='word_1_544' title='bbox 1409 5149 1462 5204; x_wconf 90' lang='lat' dir='ltr'><strong>p.</strong></span> <span class='ocrx_word' id='word_1_545' title='bbox 1490 5134 1597 5188; x_wconf 79' lang='grc'><strong>459</strong></span> <span class='ocrx_word' id='word_1_546' title='bbox 1624 5138 1794 5204; x_wconf 81' lang='lat' dir='ltr'><strong>partis</strong></span> 
     </span>
    </p>
   </div>
   <div class='ocr_carea' id='block_1_83' title="bbox 212 5227 1796 5294">
    <p class='ocr_par' dir='ltr' id='par_1_83' title="bbox 212 5227 1796 5294">
     <span class='ocr_line' id='line_1_83' title="bbox 212 5227 1796 5294; baseline -0.001 -10"><span class='ocrx_word' id='word_1_547' title='bbox 212 5228 559 5294; x_wconf 83' lang='lat' dir='ltr'><strong>posterioris,</strong></span> <span class='ocrx_word' id='word_1_548' title='bbox 598 5228 673 5281; x_wconf 89' lang='lat' dir='ltr'><strong>ait</strong></span> <span class='ocrx_word' id='word_1_549' title='bbox 708 5227 1007 5284; x_wconf 76' lang='lat' dir='ltr'><strong>exercitum</strong></span> <span class='ocrx_word' id='word_1_550' title='bbox 1063 5227 1116 5281; x_wconf 89' lang='lat' dir='ltr'><strong>in</strong></span> <span class='ocrx_word' id='word_1_551' title='bbox 1169 5227 1329 5285; x_wconf 76' lang='lat' dir='ltr'><strong>Indis</strong></span> <span class='ocrx_word' id='word_1_552' title='bbox 1353 5230 1607 5284; x_wconf 85' lang='lat' dir='ltr'><strong>ductasse</strong></span> <span class='ocrx_word' id='word_1_553' title='bbox 1639 5245 1654 5284; x_wconf 89' lang='lat'><strong>:</strong></span> <span class='ocrx_word' id='word_1_554' title='bbox 1690 5228 1796 5283; x_wconf 75' lang='lat' dir='ltr'><strong>Tu.</strong></span> 
     </span>
    </p>
   </div>
   <div class='ocr_carea' id='block_1_84' title="bbox 211 5319 1793 5394">
    <p class='ocr_par' dir='ltr' id='par_1_84' title="bbox 211 5319 1793 5394">
     <span class='ocr_line' id='line_1_84' title="bbox 211 5319 1793 5394; baseline 0.001 -18"><span class='ocrx_word' id='word_1_555' title='bbox 211 5319 455 5377; x_wconf 84' lang='lat' dir='ltr'><strong>etaiuem</strong></span> <span class='ocrx_word' id='word_1_556' title='bbox 484 5323 628 5376; x_wconf 88' lang='lat' dir='ltr'><strong>idem</strong></span> <span class='ocrx_word' id='word_1_557' title='bbox 661 5319 851 5385; x_wconf 80' lang='lat' dir='ltr'><strong>refert,</strong></span> <span class='ocrx_word' id='word_1_558' title='bbox 875 5321 1047 5394; x_wconf 88' lang='lat' dir='ltr'><strong>partis</strong></span> <span class='ocrx_word' id='word_1_559' title='bbox 1079 5319 1324 5390; x_wconf 84' lang='lat' dir='ltr'><strong>ejusdem</strong></span> <span class='ocrx_word' id='word_1_560' title='bbox 1365 5322 1401 5376; x_wconf 91' lang='grc' dir='ltr'><strong>Ι.</strong></span> <span class='ocrx_word' id='word_1_561' title='bbox 1436 5338 1520 5385; x_wconf 89' lang='lat' dir='ltr'><strong>Ill,</strong></span> <span class='ocrx_word' id='word_1_562' title='bbox 1556 5337 1605 5378; x_wconf 91' lang='lat' dir='ltr'><strong>c.</strong></span> <span class='ocrx_word' id='word_1_563' title='bbox 1642 5322 1712 5378; x_wconf 73' lang='lat'><strong>26</strong></span> <span class='ocrx_word' id='word_1_564' title='bbox 1739 5332 1793 5378; x_wconf 89' lang='lat' dir='ltr'><strong>et</strong></span> 
     </span>
    </p>
   </div>
   <div class='ocr_carea' id='block_1_85' title="bbox 209 5413 1792 5486">
    <p class='ocr_par' dir='ltr' id='par_1_85' title="bbox 209 5413 1792 5486">
     <span class='ocr_line' id='line_1_85' title="bbox 209 5413 1792 5486; baseline 0 -16"><span class='ocrx_word' id='word_1_565' title='bbox 209 5416 302 5480; x_wconf 77' lang='lat'><strong>27,</strong></span> <span class='ocrx_word' id='word_1_566' title='bbox 337 5416 578 5486; x_wconf 74' lang='lat' dir='ltr'><strong>longum,</strong></span> <span class='ocrx_word' id='word_1_567' title='bbox 639 5413 860 5468; x_wconf 64' lang='lat' dir='ltr'><strong>difficile</strong></span> <span class='ocrx_word' id='word_1_568' title='bbox 891 5424 1057 5484; x_wconf 80' lang='lat' dir='ltr'><strong>atque</strong></span> <span class='ocrx_word' id='word_1_569' title='bbox 1103 5429 1305 5484; x_wconf 82' lang='lat' dir='ltr'><strong>auceps</strong></span> <span class='ocrx_word' id='word_1_570' title='bbox 1329 5430 1449 5468; x_wconf 85' lang='lat' dir='ltr'><strong>cum</strong></span> <span class='ocrx_word' id='word_1_571' title='bbox 1495 5413 1638 5484; x_wconf 76' lang='lat' dir='ltr'><strong>Nega</strong></span> <span class='ocrx_word' id='word_1_572' title='bbox 1673 5432 1792 5486; x_wconf 55' lang='lat' dir='ltr'><strong>ges.</strong></span> 
     </span>
    </p>
   </div>
   <div class='ocr_carea' id='block_1_86' title="bbox 209 5507 1789 5577">
    <p class='ocr_par' dir='ltr' id='par_1_86' title="bbox 209 5507 1789 5577">
     <span class='ocr_line' id='line_1_86' title="bbox 209 5507 1789 5577; baseline -0.001 -13"><span class='ocrx_word' id='word_1_573' title='bbox 209 5511 351 5565; x_wconf 85' lang='lat' dir='ltr'><strong>sisse</strong></span> <span class='ocrx_word' id='word_1_574' title='bbox 385 5507 609 5572; x_wconf 78' lang='lat' dir='ltr'><strong>bellum,</strong></span> <span class='ocrx_word' id='word_1_575' title='bbox 637 5507 817 5577; x_wconf 90' lang='lat' dir='ltr'><strong>quoad</strong></span> <span class='ocrx_word' id='word_1_576' title='bbox 846 5523 968 5561; x_wconf 87' lang='lat' dir='ltr'><strong>eum</strong></span> <span class='ocrx_word' id='word_1_577' title='bbox 997 5507 1110 5576; x_wconf 89' lang='lat' dir='ltr'><strong>jam</strong></span> <span class='ocrx_word' id='word_1_578' title='bbox 1139 5521 1322 5561; x_wconf 87' lang='lat' dir='ltr'><strong>senem</strong></span> <span class='ocrx_word' id='word_1_579' title='bbox 1355 5508 1472 5563; x_wconf 88' lang='lat' dir='ltr'><strong>acie</strong></span> <span class='ocrx_word' id='word_1_580' title='bbox 1516 5511 1789 5576; x_wconf 87' lang='lat' dir='ltr'><strong>postrema</strong></span> 
     </span>
    </p>
   </div>
   <div class='ocr_carea' id='block_1_87' title="bbox 208 5600 1787 5672">
    <p class='ocr_par' dir='ltr' id='par_1_87' title="bbox 208 5600 1787 5672">
     <span class='ocr_line' id='line_1_87' title="bbox 208 5600 1787 5672; baseline 0 -14"><span class='ocrx_word' id='word_1_581' title='bbox 208 5607 412 5658; x_wconf 84' lang='lat' dir='ltr'><strong>vietum</strong></span> <span class='ocrx_word' id='word_1_582' title='bbox 472 5601 674 5658; x_wconf 85' lang='lat' dir='ltr'><strong>occidit</strong></span> <span class='ocrx_word' id='word_1_583' title='bbox 735 5603 1086 5672; x_wconf 88' lang='lat' dir='ltr'><strong>funditusque</strong></span> <span class='ocrx_word' id='word_1_584' title='bbox 1138 5600 1444 5672; x_wconf 71' lang='lat' dir='ltr'><strong>profligavit</strong></span> <span class='ocrx_word' id='word_1_585' title='bbox 1501 5603 1787 5658; x_wconf 82' lang='lat' dir='ltr'><strong>factionem</strong></span> 
     </span>
    </p>
   </div>
   <div class='ocr_carea' id='block_1_88' title="bbox 212 5695 1788 5770">
    <p class='ocr_par' dir='ltr' id='par_1_88' title="bbox 212 5695 1788 5770">
     <span class='ocr_line' id='line_1_88' title="bbox 212 5695 1788 5770; baseline 0.001 -18"><span class='ocrx_word' id='word_1_586' title='bbox 212 5699 348 5766; x_wconf 86' lang='lat' dir='ltr'><strong>ejus.</strong></span> <span class='ocrx_word' id='word_1_587' title='bbox 382 5696 653 5752; x_wconf 84' lang='lat' dir='ltr'><strong>restitutis</strong></span> <span class='ocrx_word' id='word_1_588' title='bbox 682 5695 913 5764; x_wconf 85' lang='lat' dir='ltr'><strong>imperio</strong></span> <span class='ocrx_word' id='word_1_589' title='bbox 946 5695 1342 5765; x_wconf 79' lang='lat' dir='ltr'><strong>Mogulensium</strong></span> <span class='ocrx_word' id='word_1_590' title='bbox 1374 5696 1651 5770; x_wconf 77' lang='lat' dir='ltr'><strong>praetentis</strong></span> <span class='ocrx_word' id='word_1_591' title='bbox 1684 5697 1788 5753; x_wconf 86' lang='lat' dir='ltr'><strong>Eu-</strong></span> 
     </span>
    </p>
   </div>
   <div class='ocr_carea' id='block_1_89' title="bbox 214 5789 1785 5861">
    <p class='ocr_par' dir='ltr' id='par_1_89' title="bbox 214 5789 1785 5861">
     <span class='ocr_line' id='line_1_89' title="bbox 214 5789 1785 5861; baseline 0.001 -15"><span class='ocrx_word' id='word_1_592' title='bbox 214 5808 338 5846; x_wconf 69' lang='lat' dir='ltr'><strong>xino</strong></span> <span class='ocrx_word' id='word_1_593' title='bbox 379 5807 444 5849; x_wconf 84' lang='lat' dir='ltr'><strong>ex</strong></span> <span class='ocrx_word' id='word_1_594' title='bbox 496 5803 650 5860; x_wconf 87' lang='lat' dir='ltr'><strong>parte</strong></span> <span class='ocrx_word' id='word_1_595' title='bbox 683 5789 908 5858; x_wconf 78' lang='lat' dir='ltr'><strong>Europa:</strong></span> <span class='ocrx_word' id='word_1_596' title='bbox 947 5790 1278 5861; x_wconf 78' lang='lat' dir='ltr'><strong>regionibus,</strong></span> <span class='ocrx_word' id='word_1_597' title='bbox 1305 5792 1589 5861; x_wconf 87' lang='lat' dir='ltr'><strong>quasinde</strong></span> <span class='ocrx_word' id='word_1_598' title='bbox 1624 5790 1785 5861; x_wconf 66' lang='lat' dir='ltr'><strong>Nugas</strong></span> 
     </span>
    </p>
   </div>
   <div class='ocr_carea' id='block_1_90' title="bbox 216 5879 1783 5954">
    <p class='ocr_par' dir='ltr' id='par_1_90' title="bbox 216 5879 1783 5954">
     <span class='ocr_line' id='line_1_90' title="bbox 216 5879 1783 5954; baseline 0.001 -15"><span class='ocrx_word' id='word_1_599' title='bbox 216 5883 438 5941; x_wconf 83' lang='lat' dir='ltr'><strong>rebeilio</strong></span> <span class='ocrx_word' id='word_1_600' title='bbox 463 5879 818 5947; x_wconf 83' lang='lat' dir='ltr'><strong>alienaverat,</strong></span> <span class='ocrx_word' id='word_1_601' title='bbox 849 5892 901 5938; x_wconf 86' lang='lat' dir='ltr'><strong>et</strong></span> <span class='ocrx_word' id='word_1_602' title='bbox 929 5883 994 5937; x_wconf 85' lang='lat' dir='ltr'><strong>iis</strong></span> <span class='ocrx_word' id='word_1_603' title='bbox 1024 5884 1137 5953; x_wconf 83' lang='lat' dir='ltr'><strong>ipse</strong></span> <span class='ocrx_word' id='word_1_604' title='bbox 1164 5884 1332 5951; x_wconf 84' lang='lat' dir='ltr'><strong>patris</strong></span> <span class='ocrx_word' id='word_1_605' title='bbox 1357 5883 1783 5954; x_wconf 74' lang='lat' dir='ltr'><strong>Argon—Chattis</strong></span> 
     </span>
    </p>
   </div>
   <div class='ocr_carea' id='block_1_91' title="bbox 1905 3278 3487 3355">
    <p class='ocr_par' dir='ltr' id='par_1_91' title="bbox 1905 3278 3487 3355">
     <span class='ocr_line' id='line_1_91' title="bbox 1905 3278 3487 3355; baseline 0.011 -26"><span class='ocrx_word' id='word_1_606' title='bbox 1905 3290 2026 3331; x_wconf 87' lang='lat' dir='ltr'><strong>esse</strong></span> <span class='ocrx_word' id='word_1_607' title='bbox 2053 3278 2301 3348; x_wconf 88' lang='lat' dir='ltr'><strong>suspicor</strong></span> <span class='ocrx_word' id='word_1_608' title='bbox 2323 3294 2446 3336; x_wconf 89' lang='lat' dir='ltr'><strong>cum</strong></span> <span class='ocrx_word' id='word_1_609' title='bbox 2473 3283 2877 3340; x_wconf 78' lang='lat' dir='ltr'><strong>Chutluchaimo</strong></span> <span class='ocrx_word' id='word_1_610' title='bbox 2909 3292 3188 3344; x_wconf 87' lang='lat' dir='ltr'><strong>nominato</strong></span> <span class='ocrx_word' id='word_1_611' title='bbox 3222 3308 3250 3344; x_wconf 90' lang='lat' dir='ltr'><strong>a</strong></span> <span class='ocrx_word' id='word_1_612' title='bbox 3278 3290 3487 3355; x_wconf 78' lang='lat' dir='ltr'><strong>Pachy—</strong></span> 
     </span>
    </p>
   </div>
   <div class='ocr_carea' id='block_1_92' title="bbox 1902 3371 3482 3456">
    <p class='ocr_par' dir='ltr' id='par_1_92' title="bbox 1902 3371 3482 3456">
     <span class='ocr_line' id='line_1_92' title="bbox 1902 3371 3482 3456; baseline 0.013 -34"><span class='ocrx_word' id='word_1_613' title='bbox 1902 3383 2051 3424; x_wconf 89' lang='lat' dir='ltr'><strong>mere</strong></span> <span class='ocrx_word' id='word_1_614' title='bbox 2084 3372 2183 3425; x_wconf 88' lang='lat' dir='ltr'><strong>sub</strong></span> <span class='ocrx_word' id='word_1_615' title='bbox 2215 3371 2374 3428; x_wconf 82' lang='lat' dir='ltr'><strong>finem</strong></span> <span class='ocrx_word' id='word_1_616' title='bbox 2411 3375 2572 3431; x_wconf 85' lang='lat' dir='ltr'><strong>modo</strong></span> <span class='ocrx_word' id='word_1_617' title='bbox 2622 3378 2825 3434; x_wconf 78' lang='lat' dir='ltr'><strong>laudati</strong></span> <span class='ocrx_word' id='word_1_618' title='bbox 2870 3396 2922 3437; x_wconf 89' lang='lat' dir='ltr'><strong>c.</strong></span> <span class='ocrx_word' id='word_1_619' title='bbox 2984 3382 3033 3447; x_wconf 89' lang='lat' dir='ltr'><strong>l,</strong></span> <span class='ocrx_word' id='word_1_620' title='bbox 3086 3385 3119 3436; x_wconf 89' lang='lat' dir='ltr'><strong>t.</strong></span> <span class='ocrx_word' id='word_1_621' title='bbox 3157 3400 3232 3450; x_wconf 85' lang='lat' dir='ltr'><strong>vt,</strong></span> <span class='ocrx_word' id='word_1_622' title='bbox 3285 3386 3372 3440; x_wconf 90' lang='lat' dir='ltr'><strong>ubi</strong></span> <span class='ocrx_word' id='word_1_623' title='bbox 3429 3405 3482 3456; x_wconf 84' lang='lat' dir='ltr'><strong>p.</strong></span> 
     </span>
    </p>
   </div>
   <div class='ocr_carea' id='block_1_93' title="bbox 1898 3464 3483 3554">
    <p class='ocr_par' dir='ltr' id='par_1_93' title="bbox 1898 3464 3483 3554">
     <span class='ocr_line' id='line_1_93' title="bbox 1898 3464 3483 3554; baseline 0.011 -36"><span class='ocrx_word' id='word_1_624' title='bbox 1898 3464 2027 3532; x_wconf 75' lang='grc'><strong>459,</strong></span> <span class='ocrx_word' id='word_1_625' title='bbox 2082 3479 2242 3522; x_wconf 88' lang='lat' dir='ltr'><strong>vocat</strong></span> <span class='ocrx_word' id='word_1_626' title='bbox 2293 3469 2682 3546; x_wconf 81' lang='grc' dir='ltr'><strong>Χουτλουχάῐμ</strong></span> <span class='ocrx_word' id='word_1_627' title='bbox 2740 3477 2884 3529; x_wconf 75' lang='grc' dir='ltr'>κατὰ</span> <span class='ocrx_word' id='word_1_628' title='bbox 2934 3479 3026 3530; x_wconf 76' lang='grc' dir='ltr'><strong>τὸν</strong></span> <span class='ocrx_word' id='word_1_629' title='bbox 3074 3478 3329 3544; x_wconf 71' lang='grc' dir='ltr'><strong>Εὔξεινον</strong></span> <span class='ocrx_word' id='word_1_630' title='bbox 3381 3485 3483 3554; x_wconf 71' lang='grc' dir='ltr'><strong>ἄρα</strong></span> 
     </span>
    </p>
   </div>
   <div class='ocr_carea' id='block_1_94' title="bbox 1897 3569 3481 3646">
    <p class='ocr_par' dir='ltr' id='par_1_94' title="bbox 1897 3569 3481 3646">
     <span class='ocr_line' id='line_1_94' title="bbox 1897 3569 3481 3646; baseline 0.015 -36"><span class='ocrx_word' id='word_1_631' title='bbox 1897 3575 2064 3629; x_wconf 76' lang='grc' dir='ltr'><strong>κοντα</strong></span> <span class='ocrx_word' id='word_1_632' title='bbox 2091 3572 2374 3630; x_wconf 72' lang='lat' dir='ltr'><strong>praetorem</strong></span> <span class='ocrx_word' id='word_1_633' title='bbox 2420 3569 2822 3634; x_wconf 87' lang='lat' dir='ltr'><strong>provinciarum</strong></span> <span class='ocrx_word' id='word_1_634' title='bbox 2858 3571 3072 3642; x_wconf 84' lang='lat' dir='ltr'><strong>imperii</strong></span> <span class='ocrx_word' id='word_1_635' title='bbox 3119 3573 3370 3646; x_wconf 76' lang='lat' dir='ltr'><strong>Mogutici</strong></span> <span class='ocrx_word' id='word_1_636' title='bbox 3415 3580 3481 3636; x_wconf 85' lang='lat' dir='ltr'><strong>ad</strong></span> 
     </span>
    </p>
   </div>
   <div class='ocr_carea' id='block_1_95' title="bbox 1898 3651 3481 3742">
    <p class='ocr_par' dir='ltr' id='par_1_95' title="bbox 1898 3651 3481 3742">
     <span class='ocr_line' id='line_1_95' title="bbox 1898 3651 3481 3742; baseline 0.013 -36"><span class='ocrx_word' id='word_1_637' title='bbox 1898 3651 2169 3709; x_wconf 77' lang='lat' dir='ltr'><strong>Euxinum</strong></span> <span class='ocrx_word' id='word_1_638' title='bbox 2218 3655 2473 3714; x_wconf 88' lang='lat' dir='ltr'><strong>sitarum.</strong></span> <span class='ocrx_word' id='word_1_639' title='bbox 2500 3659 2704 3719; x_wconf 84' lang='lat' dir='ltr'><strong>Fuerat</strong></span> <span class='ocrx_word' id='word_1_640' title='bbox 2732 3664 2897 3734; x_wconf 77' lang='lat'><strong>822</strong></span> <span class='ocrx_word' id='word_1_641' title='bbox 2935 3666 3057 3729; x_wconf 77' lang='lat' dir='ltr'><strong>ista,</strong></span> <span class='ocrx_word' id='word_1_642' title='bbox 3101 3664 3186 3738; x_wconf 83' lang='lat' dir='ltr'><strong>[P.</strong></span> <span class='ocrx_word' id='word_1_643' title='bbox 3230 3668 3357 3742; x_wconf 81' lang='lat'><strong>596]</strong></span> <span class='ocrx_word' id='word_1_644' title='bbox 3404 3673 3481 3728; x_wconf 88' lang='lat' dir='ltr'><strong>uti</strong></span> 
     </span>
    </p>
   </div>
   <div class='ocr_carea' id='block_1_96' title="bbox 1896 3746 3482 3824">
    <p class='ocr_par' dir='ltr' id='par_1_96' title="bbox 1896 3746 3482 3824">
     <span class='ocr_line' id='line_1_96' title="bbox 1896 3746 3482 3824; baseline 0.016 -28"><span class='ocrx_word' id='word_1_645' title='bbox 1896 3746 2154 3812; x_wconf 79' lang='lat' dir='ltr'><strong>diximus,</strong></span> <span class='ocrx_word' id='word_1_646' title='bbox 2181 3750 2508 3820; x_wconf 73' lang='lat' dir='ltr'><strong>prtefectura</strong></span> <span class='ocrx_word' id='word_1_647' title='bbox 2541 3752 2842 3810; x_wconf 83' lang='lat' dir='ltr'><strong>Tuctainis.</strong></span> <span class='ocrx_word' id='word_1_648' title='bbox 2877 3757 3058 3824; x_wconf 83' lang='lat' dir='ltr'><strong>Quare</strong></span> <span class='ocrx_word' id='word_1_649' title='bbox 3093 3764 3219 3818; x_wconf 87' lang='lat' dir='ltr'><strong>hinc</strong></span> <span class='ocrx_word' id='word_1_650' title='bbox 3244 3765 3368 3819; x_wconf 89' lang='lat' dir='ltr'><strong>licet</strong></span> <span class='ocrx_word' id='word_1_651' title='bbox 3402 3769 3482 3820; x_wconf 81' lang='lat' dir='ltr'><strong>in-</strong></span> 
     </span>
    </p>
   </div>
   <div class='ocr_carea' id='block_1_97' title="bbox 1895 3839 3479 3928">
    <p class='ocr_par' dir='ltr' id='par_1_97' title="bbox 1895 3839 3479 3928">
     <span class='ocr_line' id='line_1_97' title="bbox 1895 3839 3479 3928; baseline 0.013 -35"><span class='ocrx_word' id='word_1_652' title='bbox 1895 3839 2164 3910; x_wconf 75' lang='lat' dir='ltr'><strong>teltigere,</strong></span> <span class='ocrx_word' id='word_1_653' title='bbox 2215 3844 2358 3899; x_wconf 87' lang='lat' dir='ltr'><strong>circa</strong></span> <span class='ocrx_word' id='word_1_654' title='bbox 2408 3857 2661 3914; x_wconf 88' lang='lat' dir='ltr'><strong>quartum</strong></span> <span class='ocrx_word' id='word_1_655' title='bbox 2703 3857 2797 3905; x_wconf 82' lang='lat' dir='ltr'><strong>aut</strong></span> <span class='ocrx_word' id='word_1_656' title='bbox 2827 3850 3077 3920; x_wconf 83' lang='lat' dir='ltr'><strong>quintum</strong></span> <span class='ocrx_word' id='word_1_657' title='bbox 3133 3857 3479 3928; x_wconf 85' lang='lat' dir='ltr'><strong>principatus</strong></span> 
     </span>
    </p>
   </div>
   <div class='ocr_carea' id='block_1_98' title="bbox 1892 3931 3481 4017">
    <p class='ocr_par' dir='ltr' id='par_1_98' title="bbox 1892 3931 3481 4017">
     <span class='ocr_line' id='line_1_98' title="bbox 1892 3931 3481 4017; baseline 0.013 -29"><span class='ocrx_word' id='word_1_658' title='bbox 1892 3931 2127 3988; x_wconf 86' lang='lat' dir='ltr'><strong>Cazanis</strong></span> <span class='ocrx_word' id='word_1_659' title='bbox 2156 3950 2358 3992; x_wconf 89' lang='lat' dir='ltr'><strong>annum</strong></span> <span class='ocrx_word' id='word_1_660' title='bbox 2387 3936 2708 3994; x_wconf 84' lang='lat' dir='ltr'><strong>&#39;I‘uctainem</strong></span> <span class='ocrx_word' id='word_1_661' title='bbox 2733 3943 2799 3995; x_wconf 81' lang='lat' dir='ltr'><strong>ad</strong></span> <span class='ocrx_word' id='word_1_662' title='bbox 2823 3942 3013 4000; x_wconf 81' lang='lat' dir='ltr'><strong>fratris</strong></span> <span class='ocrx_word' id='word_1_663' title='bbox 3045 3946 3365 4017; x_wconf 84' lang='lat' dir='ltr'><strong>imperantis</strong></span> <span class='ocrx_word' id='word_1_664' title='bbox 3393 3969 3481 4008; x_wconf 84' lang='lat' dir='ltr'><strong>co-</strong></span> 
     </span>
    </p>
   </div>
   <div class='ocr_carea' id='block_1_99' title="bbox 1893 4027 3479 4108">
    <p class='ocr_par' dir='ltr' id='par_1_99' title="bbox 1893 4027 3479 4108">
     <span class='ocr_line' id='line_1_99' title="bbox 1893 4027 3479 4108; baseline 0.013 -31"><span class='ocrx_word' id='word_1_665' title='bbox 1893 4027 2144 4078; x_wconf 88' lang='lat' dir='ltr'><strong>mitatum</strong></span> <span class='ocrx_word' id='word_1_666' title='bbox 2195 4042 2256 4081; x_wconf 87' lang='lat' dir='ltr'><strong>se</strong></span> <span class='ocrx_word' id='word_1_667' title='bbox 2309 4030 2682 4098; x_wconf 87' lang='lat' dir='ltr'><strong>transtulisse,</strong></span> <span class='ocrx_word' id='word_1_668' title='bbox 2728 4032 2963 4090; x_wconf 79' lang='lat' dir='ltr'><strong>forsitan</strong></span> <span class='ocrx_word' id='word_1_669' title='bbox 3015 4051 3082 4092; x_wconf 88' lang='lat' dir='ltr'><strong>eo</strong></span> <span class='ocrx_word' id='word_1_670' title='bbox 3119 4041 3365 4108; x_wconf 85' lang='lat' dir='ltr'><strong>vocante,</strong></span> <span class='ocrx_word' id='word_1_671' title='bbox 3420 4050 3479 4098; x_wconf 88' lang='lat' dir='ltr'><strong>ut</strong></span> 
     </span>
    </p>
   </div>
   <div class='ocr_carea' id='block_1_100' title="bbox 1891 4115 3480 4201">
    <p class='ocr_par' dir='ltr' id='par_1_100' title="bbox 1891 4115 3480 4201">
     <span class='ocr_line' id='line_1_100' title="bbox 1891 4115 3480 4201; baseline 0.013 -33"><span class='ocrx_word' id='word_1_672' title='bbox 1891 4130 2072 4171; x_wconf 89' lang='lat' dir='ltr'><strong>mores</strong></span> <span class='ocrx_word' id='word_1_673' title='bbox 2104 4115 2221 4186; x_wconf 86' lang='lat' dir='ltr'><strong>ejus</strong></span> <span class='ocrx_word' id='word_1_674' title='bbox 2253 4117 2594 4188; x_wconf 82' lang='lat' dir='ltr'><strong>observaret,</strong></span> <span class='ocrx_word' id='word_1_675' title='bbox 2633 4130 3006 4196; x_wconf 83' lang='lat' dir='ltr'><strong>statueretque</strong></span> <span class='ocrx_word' id='word_1_676' title='bbox 3067 4145 3134 4184; x_wconf 82' lang='lat' dir='ltr'><strong>an</strong></span> <span class='ocrx_word' id='word_1_677' title='bbox 3183 4131 3378 4201; x_wconf 77' lang='lat' dir='ltr'><strong>dignus</strong></span> <span class='ocrx_word' id='word_1_678' title='bbox 3431 4135 3480 4189; x_wconf 86' lang='lat' dir='ltr'><strong>is</strong></span> 
     </span>
    </p>
   </div>
   <div class='ocr_carea' id='block_1_101' title="bbox 1891 4205 3478 4296">
    <p class='ocr_par' dir='ltr' id='par_1_101' title="bbox 1891 4205 3478 4296">
     <span class='ocr_line' id='line_1_101' title="bbox 1891 4205 3478 4296; baseline 0.013 -34"><span class='ocrx_word' id='word_1_679' title='bbox 1891 4205 2031 4263; x_wconf 87' lang='lat' dir='ltr'><strong>foret</strong></span> <span class='ocrx_word' id='word_1_680' title='bbox 2078 4223 2240 4278; x_wconf 87' lang='lat' dir='ltr'><strong>quem</strong></span> <span class='ocrx_word' id='word_1_681' title='bbox 2296 4211 2510 4284; x_wconf 87' lang='lat' dir='ltr'><strong>imperii</strong></span> <span class='ocrx_word' id='word_1_682' title='bbox 2558 4229 2932 4273; x_wconf 83' lang='lat' dir='ltr'><strong>successorem</strong></span> <span class='ocrx_word' id='word_1_683' title='bbox 2973 4223 3310 4292; x_wconf 77' lang='lat' dir='ltr'><strong>designaret.</strong></span> <span class='ocrx_word' id='word_1_684' title='bbox 3346 4227 3478 4296; x_wconf 72' lang='lat' dir='ltr'><strong>Quae</strong></span> 
     </span>
    </p>
   </div>
   <div class='ocr_carea' id='block_1_102' title="bbox 1890 4301 3476 4378">
    <p class='ocr_par' dir='ltr' id='par_1_102' title="bbox 1890 4301 3476 4378">
     <span class='ocr_line' id='line_1_102' title="bbox 1890 4301 3476 4378; baseline 0.015 -24"><span class='ocrx_word' id='word_1_685' title='bbox 1890 4301 2142 4370; x_wconf 87' lang='lat' dir='ltr'><strong>probatio</strong></span> <span class='ocrx_word' id='word_1_686' title='bbox 2193 4320 2385 4374; x_wconf 87' lang='lat' dir='ltr'><strong>parum</strong></span> <span class='ocrx_word' id='word_1_687' title='bbox 2422 4321 2451 4360; x_wconf 89' lang='lat' dir='ltr'><strong>e</strong></span> <span class='ocrx_word' id='word_1_688' title='bbox 2484 4305 2770 4364; x_wconf 88' lang='lat' dir='ltr'><strong>Tuctainis</strong></span> <span class='ocrx_word' id='word_1_689' title='bbox 2807 4327 2930 4366; x_wconf 76' lang='lat' dir='ltr'><strong>voto</strong></span> <span class='ocrx_word' id='word_1_690' title='bbox 2973 4319 3272 4372; x_wconf 88' lang='lat' dir='ltr'><strong>succedens</strong></span> <span class='ocrx_word' id='word_1_691' title='bbox 3331 4322 3476 4378; x_wconf 83' lang='lat' dir='ltr'><strong>hunc</strong></span> 
     </span>
    </p>
   </div>
   <div class='ocr_carea' id='block_1_103' title="bbox 1887 4398 3476 4488">
    <p class='ocr_par' dir='ltr' id='par_1_103' title="bbox 1887 4398 3476 4488">
     <span class='ocr_line' id='line_1_103' title="bbox 1887 4398 3476 4488; baseline 0.013 -38"><span class='ocrx_word' id='word_1_692' title='bbox 1887 4398 2120 4451; x_wconf 71' lang='lat' dir='ltr'><strong>evclusit</strong></span> <span class='ocrx_word' id='word_1_693' title='bbox 2157 4398 2406 4469; x_wconf 85' lang='lat' dir='ltr'><strong>imperio.</strong></span> <span class='ocrx_word' id='word_1_694' title='bbox 2439 4399 2642 4457; x_wconf 86' lang='lat' dir='ltr'><strong>Scribit</strong></span> <span class='ocrx_word' id='word_1_695' title='bbox 2687 4406 2833 4458; x_wconf 85' lang='lat' dir='ltr'><strong>enim</strong></span> <span class='ocrx_word' id='word_1_696' title='bbox 2882 4407 3267 4480; x_wconf 78' lang='lat' dir='ltr'><strong>Pachymeres,</strong></span> <span class='ocrx_word' id='word_1_697' title='bbox 3331 4429 3476 4488; x_wconf 69' lang='lat' dir='ltr'><strong>saepe</strong></span> 
     </span>
    </p>
   </div>
   <div class='ocr_carea' id='block_1_104' title="bbox 1890 4486 3478 4562">
    <p class='ocr_par' dir='ltr' id='par_1_104' title="bbox 1890 4486 3478 4562">
     <span class='ocr_line' id='line_1_104' title="bbox 1890 4486 3478 4562; baseline 0.015 -23"><span class='ocrx_word' id='word_1_698' title='bbox 1890 4486 2133 4544; x_wconf 84' lang='lat' dir='ltr'><strong>iudicato</strong></span> <span class='ocrx_word' id='word_1_699' title='bbox 2165 4504 2216 4543; x_wconf 92' lang='lat' dir='ltr'><strong>c.</strong></span> <span class='ocrx_word' id='word_1_700' title='bbox 2253 4490 2300 4556; x_wconf 80' lang='grc' dir='ltr'><strong>ί,</strong></span> <span class='ocrx_word' id='word_1_701' title='bbox 2326 4488 2365 4547; x_wconf 89' lang='lat' dir='ltr'><strong>I.</strong></span> <span class='ocrx_word' id='word_1_702' title='bbox 2396 4507 2469 4556; x_wconf 80' lang='lat' dir='ltr'><strong>tu,</strong></span> <span class='ocrx_word' id='word_1_703' title='bbox 2493 4491 2761 4548; x_wconf 82' lang='lat' dir='ltr'><strong>Cazsnem</strong></span> <span class='ocrx_word' id='word_1_704' title='bbox 2809 4499 2860 4550; x_wconf 91' lang='lat' dir='ltr'><strong>in</strong></span> <span class='ocrx_word' id='word_1_705' title='bbox 2900 4497 3063 4555; x_wconf 82' lang='lat' dir='ltr'><strong>dubia</strong></span> <span class='ocrx_word' id='word_1_706' title='bbox 3098 4517 3192 4555; x_wconf 75' lang='lat' dir='ltr'><strong>sua</strong></span> <span class='ocrx_word' id='word_1_707' title='bbox 3212 4486 3478 4562; x_wconf 58' lang='lat' dir='ltr'><strong>valetudio</strong></span> 
     </span>
    </p>
   </div>
   <div class='ocr_carea' id='block_1_105' title="bbox 1898 4585 3476 4657">
    <p class='ocr_par' dir='ltr' id='par_1_105' title="bbox 1898 4585 3476 4657">
     <span class='ocr_line' id='line_1_105' title="bbox 1898 4585 3476 4657; baseline 0.014 -21"><span class='ocrx_word' id='word_1_708' title='bbox 1898 4599 1966 4636; x_wconf 86' lang='lat' dir='ltr'><strong>ne</strong></span> <span class='ocrx_word' id='word_1_709' title='bbox 1993 4585 2324 4640; x_wconf 89' lang='lat' dir='ltr'><strong>successioni</strong></span> <span class='ocrx_word' id='word_1_710' title='bbox 2361 4588 2512 4656; x_wconf 72' lang='lat' dir='ltr'><strong>regni</strong></span> <span class='ocrx_word' id='word_1_711' title='bbox 2546 4592 2948 4656; x_wconf 88' lang='lat' dir='ltr'><strong>consulentem,</strong></span> <span class='ocrx_word' id='word_1_712' title='bbox 2995 4610 3114 4649; x_wconf 88' lang='lat' dir='ltr'><strong>cum</strong></span> <span class='ocrx_word' id='word_1_713' title='bbox 3148 4612 3329 4654; x_wconf 88' lang='lat' dir='ltr'><strong>mores</strong></span> <span class='ocrx_word' id='word_1_714' title='bbox 3366 4603 3476 4657; x_wconf 83' lang='lat' dir='ltr'><strong>Tu-</strong></span> 
     </span>
    </p>
   </div>
   <div class='ocr_carea' id='block_1_106' title="bbox 1896 4675 3477 4752">
    <p class='ocr_par' dir='ltr' id='par_1_106' title="bbox 1896 4675 3477 4752">
     <span class='ocr_line' id='line_1_106' title="bbox 1896 4675 3477 4752; baseline 0.013 -22"><span class='ocrx_word' id='word_1_715' title='bbox 1896 4675 2115 4742; x_wconf 86' lang='lat' dir='ltr'><strong>ctainis,</strong></span> <span class='ocrx_word' id='word_1_716' title='bbox 2140 4691 2299 4747; x_wconf 83' lang='lat' dir='ltr'><strong>quem</strong></span> <span class='ocrx_word' id='word_1_717' title='bbox 2327 4677 2378 4731; x_wconf 91' lang='lat' dir='ltr'><strong>iu</strong></span> <span class='ocrx_word' id='word_1_718' title='bbox 2405 4681 2708 4752; x_wconf 84' lang='lat' dir='ltr'><strong>propinquo</strong></span> <span class='ocrx_word' id='word_1_719' title='bbox 2733 4684 2980 4750; x_wconf 78' lang='lat' dir='ltr'><strong>haberet,</strong></span> <span class='ocrx_word' id='word_1_720' title='bbox 3017 4688 3202 4743; x_wconf 86' lang='lat' dir='ltr'><strong>fratris</strong></span> <span class='ocrx_word' id='word_1_721' title='bbox 3254 4696 3334 4747; x_wconf 89' lang='lat' dir='ltr'><strong>sui</strong></span> <span class='ocrx_word' id='word_1_722' title='bbox 3368 4696 3477 4749; x_wconf 77' lang='lat' dir='ltr'><strong>dis-</strong></span> 
     </span>
    </p>
   </div>
   <div class='ocr_carea' id='block_1_107' title="bbox 1895 4768 3472 4848">
    <p class='ocr_par' dir='ltr' id='par_1_107' title="bbox 1895 4768 3472 4848">
     <span class='ocr_line' id='line_1_107' title="bbox 1895 4768 3472 4848; baseline 0.015 -26"><span class='ocrx_word' id='word_1_723' title='bbox 1895 4768 2102 4824; x_wconf 87' lang='lat' dir='ltr'><strong>similes</strong></span> <span class='ocrx_word' id='word_1_724' title='bbox 2130 4781 2397 4836; x_wconf 81' lang='lat' dir='ltr'><strong>notasset,</strong></span> <span class='ocrx_word' id='word_1_725' title='bbox 2434 4773 2887 4845; x_wconf 85' lang='lat' dir='ltr'><strong>Carmpantanem</strong></span> <span class='ocrx_word' id='word_1_726' title='bbox 2931 4782 3096 4835; x_wconf 84' lang='lat' dir='ltr'><strong>alium</strong></span> <span class='ocrx_word' id='word_1_727' title='bbox 3135 4783 3357 4842; x_wconf 83' lang='lat' dir='ltr'><strong>fratrem</strong></span> <span class='ocrx_word' id='word_1_728' title='bbox 3407 4806 3472 4848; x_wconf 75' lang='lat' dir='ltr'><strong>ex</strong></span> 
     </span>
    </p>
   </div>
   <div class='ocr_carea' id='block_1_108' title="bbox 1897 4853 3469 4945">
    <p class='ocr_par' dir='ltr' id='par_1_108' title="bbox 1897 4853 3469 4945">
     <span class='ocr_line' id='line_1_108' title="bbox 1897 4853 3469 4945; baseline 0.017 -36"><span class='ocrx_word' id='word_1_729' title='bbox 1897 4854 2067 4921; x_wconf 82' lang='lat' dir='ltr'><strong>India,</strong></span> <span class='ocrx_word' id='word_1_730' title='bbox 2104 4853 2196 4913; x_wconf 83' lang='lat' dir='ltr'><strong>ubi</strong></span> <span class='ocrx_word' id='word_1_731' title='bbox 2223 4863 2488 4916; x_wconf 77' lang='lat' dir='ltr'><strong>exercitui</strong></span> <span class='ocrx_word' id='word_1_732' title='bbox 2542 4879 2794 4933; x_wconf 62' lang='lat' dir='ltr'><strong>prter-rat,</strong></span> <span class='ocrx_word' id='word_1_733' title='bbox 2823 4885 3107 4942; x_wconf 81' lang='lat' dir='ltr'><strong>evocasse,</strong></span> <span class='ocrx_word' id='word_1_734' title='bbox 3143 4891 3371 4945; x_wconf 86' lang='lat' dir='ltr'><strong>eumque</strong></span> <span class='ocrx_word' id='word_1_735' title='bbox 3404 4884 3469 4936; x_wconf 86' lang='lat' dir='ltr'><strong>ad</strong></span> 
     </span>
    </p>
   </div>
   <div class='ocr_carea' id='block_1_109' title="bbox 1896 4949 3468 5038">
    <p class='ocr_par' dir='ltr' id='par_1_109' title="bbox 1896 4949 3468 5038">
     <span class='ocr_line' id='line_1_109' title="bbox 1896 4949 3468 5038; baseline 0.014 -34"><span class='ocrx_word' id='word_1_736' title='bbox 1896 4949 1949 5005; x_wconf 89' lang='lat' dir='ltr'><strong>id</strong></span> <span class='ocrx_word' id='word_1_737' title='bbox 1983 4962 2240 5007; x_wconf 85' lang='lat' dir='ltr'><strong>accurata</strong></span> <span class='ocrx_word' id='word_1_738' title='bbox 2273 4958 2616 5012; x_wconf 86' lang='lat' dir='ltr'><strong>institutione</strong></span> <span class='ocrx_word' id='word_1_739' title='bbox 2643 4971 3004 5032; x_wconf 65' lang='lat' dir='ltr'><strong>praeparatum</strong></span> <span class='ocrx_word' id='word_1_740' title='bbox 3052 4968 3263 5038; x_wconf 84' lang='lat' dir='ltr'><strong>imperii</strong></span> <span class='ocrx_word' id='word_1_741' title='bbox 3302 4973 3468 5027; x_wconf 71' lang='lat' dir='ltr'><strong>bmre-</strong></span> 
     </span>
    </p>
   </div>
   <div class='ocr_carea' id='block_1_110' title="bbox 1896 5045 3464 5128">
    <p class='ocr_par' dir='ltr' id='par_1_110' title="bbox 1896 5045 3464 5128">
     <span class='ocr_line' id='line_1_110' title="bbox 1896 5045 3464 5128; baseline 0.013 -31"><span class='ocrx_word' id='word_1_742' title='bbox 1896 5046 2020 5098; x_wconf 91' lang='lat' dir='ltr'><strong>dem</strong></span> <span class='ocrx_word' id='word_1_743' title='bbox 2052 5045 2388 5115; x_wconf 78' lang='lat' dir='ltr'><strong>designasse.</strong></span> <span class='ocrx_word' id='word_1_744' title='bbox 2423 5049 2593 5119; x_wconf 75' lang='lat' dir='ltr'><strong>Igitur</strong></span> <span class='ocrx_word' id='word_1_745' title='bbox 2625 5054 2905 5108; x_wconf 80' lang='lat' dir='ltr'><strong>decedenti</strong></span> <span class='ocrx_word' id='word_1_746' title='bbox 2936 5071 2999 5111; x_wconf 77' lang='lat' dir='ltr'><strong>ex</strong></span> <span class='ocrx_word' id='word_1_747' title='bbox 3029 5060 3273 5128; x_wconf 89' lang='lat' dir='ltr'><strong>partibus</strong></span> <span class='ocrx_word' id='word_1_748' title='bbox 3306 5062 3464 5118; x_wconf 66' lang='lat' dir='ltr'><strong>Euxi~</strong></span> 
     </span>
    </p>
   </div>
   <div class='ocr_carea' id='block_1_111' title="bbox 1895 5141 3469 5224">
    <p class='ocr_par' dir='ltr' id='par_1_111' title="bbox 1895 5141 3469 5224">
     <span class='ocr_line' id='line_1_111' title="bbox 1895 5141 3469 5224; baseline 0.015 -31"><span class='ocrx_word' id='word_1_749' title='bbox 1895 5154 1967 5195; x_wconf 90' lang='lat' dir='ltr'><strong>no</strong></span> <span class='ocrx_word' id='word_1_750' title='bbox 1988 5141 2183 5196; x_wconf 81' lang='lat' dir='ltr'><strong>vicinis</strong></span> <span class='ocrx_word' id='word_1_751' title='bbox 2213 5142 2461 5198; x_wconf 83' lang='lat' dir='ltr'><strong>Tuctaini</strong></span> <span class='ocrx_word' id='word_1_752' title='bbox 2495 5146 2782 5205; x_wconf 78' lang='lat' dir='ltr'><strong>suffectum</strong></span> <span class='ocrx_word' id='word_1_753' title='bbox 2817 5149 2867 5203; x_wconf 89' lang='lat' dir='ltr'><strong>in</strong></span> <span class='ocrx_word' id='word_1_754' title='bbox 2901 5151 3127 5210; x_wconf 78' lang='lat' dir='ltr'><strong>istarum</strong></span> <span class='ocrx_word' id='word_1_755' title='bbox 3150 5158 3469 5224; x_wconf 76' lang='lat' dir='ltr'><strong>provincia-</strong></span> 
     </span>
    </p>
   </div>
   <div class='ocr_carea' id='block_1_112' title="bbox 1897 5233 3468 5315">
    <p class='ocr_par' dir='ltr' id='par_1_112' title="bbox 1897 5233 3468 5315">
     <span class='ocr_line' id='line_1_112' title="bbox 1897 5233 3468 5315; baseline 0.008 -29"><span class='ocrx_word' id='word_1_756' title='bbox 1897 5248 2014 5286; x_wconf 85' lang='lat' dir='ltr'><strong>rum</strong></span> <span class='ocrx_word' id='word_1_757' title='bbox 2053 5233 2320 5303; x_wconf 73' lang='lat' dir='ltr'><strong>regimine</strong></span> <span class='ocrx_word' id='word_1_758' title='bbox 2351 5237 2830 5294; x_wconf 84' lang='lat' dir='ltr'><strong>Chutiuchaimum</strong></span> <span class='ocrx_word' id='word_1_759' title='bbox 2865 5244 3121 5308; x_wconf 83' lang='lat' dir='ltr'><strong>arbitror,</strong></span> <span class='ocrx_word' id='word_1_760' title='bbox 3152 5261 3312 5315; x_wconf 86' lang='lat' dir='ltr'><strong>quem</strong></span> <span class='ocrx_word' id='word_1_761' title='bbox 3363 5251 3468 5306; x_wconf 85' lang='lat' dir='ltr'><strong>illic</strong></span> 
     </span>
    </p>
   </div>
   <div class='ocr_carea' id='block_1_113' title="bbox 1895 5323 3467 5404">
    <p class='ocr_par' dir='ltr' id='par_1_113' title="bbox 1895 5323 3467 5404">
     <span class='ocr_line' id='line_1_113' title="bbox 1895 5323 3467 5404; baseline 0.011 -24"><span class='ocrx_word' id='word_1_762' title='bbox 1895 5325 1987 5380; x_wconf 89' lang='lat' dir='ltr'><strong>tali</strong></span> <span class='ocrx_word' id='word_1_763' title='bbox 2013 5323 2190 5383; x_wconf 82' lang='lat' dir='ltr'><strong>ofﬁcio</strong></span> <span class='ocrx_word' id='word_1_764' title='bbox 2224 5330 2389 5385; x_wconf 88' lang='lat' dir='ltr'><strong>fuisse</strong></span> <span class='ocrx_word' id='word_1_765' title='bbox 2426 5329 2666 5386; x_wconf 86' lang='lat' dir='ltr'><strong>functum</strong></span> <span class='ocrx_word' id='word_1_766' title='bbox 2705 5336 2924 5404; x_wconf 83' lang='lat' dir='ltr'><strong>quando</strong></span> <span class='ocrx_word' id='word_1_767' title='bbox 2963 5348 3048 5393; x_wconf 88' lang='lat' dir='ltr'><strong>est</strong></span> <span class='ocrx_word' id='word_1_768' title='bbox 3079 5351 3326 5398; x_wconf 84' lang='lat' dir='ltr'><strong>mortuus</strong></span> <span class='ocrx_word' id='word_1_769' title='bbox 3359 5343 3467 5397; x_wconf 79' lang='lat' dir='ltr'><strong>Ca-</strong></span> 
     </span>
    </p>
   </div>
   <div class='ocr_carea' id='block_1_114' title="bbox 1894 5420 2738 5496">
    <p class='ocr_par' dir='ltr' id='par_1_114' title="bbox 1894 5420 2738 5496">
     <span class='ocr_line' id='line_1_114' title="bbox 1894 5420 2738 5496; baseline 0.012 -25"><span class='ocrx_word' id='word_1_770' title='bbox 1894 5434 2081 5485; x_wconf 85' lang='lat' dir='ltr'><strong>zaues,</strong></span> <span class='ocrx_word' id='word_1_771' title='bbox 2113 5420 2342 5477; x_wconf 86' lang='lat' dir='ltr'><strong>allirmat</strong></span> <span class='ocrx_word' id='word_1_772' title='bbox 2362 5421 2738 5496; x_wconf 81' lang='lat' dir='ltr'><strong>Pachymeres.</strong></span> 
     </span>
    </p>
   </div>
   <div class='ocr_carea' id='block_1_115' title="bbox 1965 5601 3467 5686">
    <p class='ocr_par' dir='ltr' id='par_1_115' title="bbox 1965 5601 3467 5686">
     <span class='ocr_line' id='line_1_115' title="bbox 1965 5601 3467 5686; baseline 0.01 -28"><span class='ocrx_word' id='word_1_773' title='bbox 1965 5601 2152 5661; x_wconf 76' lang='lat' dir='ltr'><strong>XVIII.</strong></span> <span class='ocrx_word' id='word_1_774' title='bbox 2195 5608 2384 5677; x_wconf 79' lang='lat' dir='ltr'><strong>Pergit</strong></span> <span class='ocrx_word' id='word_1_775' title='bbox 2407 5612 2758 5666; x_wconf 87' lang='lat' dir='ltr'><strong>continuator</strong></span> <span class='ocrx_word' id='word_1_776' title='bbox 2796 5615 3255 5686; x_wconf 68' lang='lat' dir='ltr'><strong>Ahulpbaragiaui</strong></span> <span class='ocrx_word' id='word_1_777' title='bbox 3296 5619 3467 5674; x_wconf 78' lang='lat' dir='ltr'><strong>Chro-</strong></span> 
     </span>
    </p>
   </div>
   <div class='ocr_carea' id='block_1_116' title="bbox 1891 5699 3464 5774">
    <p class='ocr_par' dir='ltr' id='par_1_116' title="bbox 1891 5699 3464 5774">
     <span class='ocr_line' id='line_1_116' title="bbox 1891 5699 3464 5774; baseline 0.008 -22"><span class='ocrx_word' id='word_1_778' title='bbox 1891 5699 1999 5752; x_wconf 88' lang='lat' dir='ltr'><strong>uici</strong></span> <span class='ocrx_word' id='word_1_779' title='bbox 2035 5709 2152 5754; x_wconf 88' lang='lat' dir='ltr'><strong>acta</strong></span> <span class='ocrx_word' id='word_1_780' title='bbox 2192 5699 2424 5756; x_wconf 81' lang='lat' dir='ltr'><strong>Cazanis</strong></span> <span class='ocrx_word' id='word_1_781' title='bbox 2455 5707 2702 5774; x_wconf 77' lang='lat' dir='ltr'><strong>exsequi,</strong></span> <span class='ocrx_word' id='word_1_782' title='bbox 2751 5709 2996 5763; x_wconf 75' lang='lat' dir='ltr'><strong>scribens</strong></span> <span class='ocrx_word' id='word_1_783' title='bbox 3026 5727 3164 5766; x_wconf 79' lang='lat' dir='ltr'><strong>anno</strong></span> <span class='ocrx_word' id='word_1_784' title='bbox 3201 5715 3305 5766; x_wconf 79' lang='lat'><strong>699</strong></span> <span class='ocrx_word' id='word_1_785' title='bbox 3349 5727 3464 5765; x_wconf 85' lang='lat' dir='ltr'><strong>tuo-</strong></span> 
     </span>
    </p>
   </div>
   <div class='ocr_carea' id='block_1_117' title="bbox 1892 5795 3462 5869">
    <p class='ocr_par' dir='ltr' id='par_1_117' title="bbox 1892 5795 3462 5869">
     <span class='ocr_line' id='line_1_117' title="bbox 1892 5795 3462 5869; baseline 0.011 -30"><span class='ocrx_word' id='word_1_786' title='bbox 1892 5797 2104 5847; x_wconf 77' lang='lat' dir='ltr'><strong>ventem</strong></span> <span class='ocrx_word' id='word_1_787' title='bbox 2166 5808 2286 5845; x_wconf 85' lang='lat' dir='ltr'><strong>cum</strong></span> <span class='ocrx_word' id='word_1_788' title='bbox 2349 5795 2589 5850; x_wconf 71' lang='lat' dir='ltr'><strong>exercitu</strong></span> <span class='ocrx_word' id='word_1_789' title='bbox 2643 5798 2696 5850; x_wconf 92' lang='lat' dir='ltr'><strong>in</strong></span> <span class='ocrx_word' id='word_1_790' title='bbox 2749 5797 2959 5869; x_wconf 77' lang='lat' dir='ltr'><strong>Syriam</strong></span> <span class='ocrx_word' id='word_1_791' title='bbox 3009 5801 3273 5855; x_wconf 79' lang='lat' dir='ltr'><strong>Cczanem</strong></span> <span class='ocrx_word' id='word_1_792' title='bbox 3338 5822 3462 5856; x_wconf 77' lang='lat' dir='ltr'><strong>cum</strong></span> 
     </span>
    </p>
   </div>
   <div class='ocr_carea' id='block_1_118' title="bbox 1892 5886 3467 5966">
    <p class='ocr_par' dir='ltr' id='par_1_118' title="bbox 1892 5886 3467 5966">
     <span class='ocr_line' id='line_1_118' title="bbox 1892 5886 3467 5966; baseline 0.013 -27"><span class='ocrx_word' id='word_1_793' title='bbox 1892 5898 2215 5941; x_wconf 79' lang='lat' dir='ltr'><strong>occurrente</strong></span> <span class='ocrx_word' id='word_1_794' title='bbox 2263 5886 2372 5953; x_wconf 29' lang='lat' dir='ltr'><strong>,sihi</strong></span> <span class='ocrx_word' id='word_1_795' title='bbox 2417 5891 2632 5944; x_wconf 76' lang='lat' dir='ltr'><strong>Suitane</strong></span> <span class='ocrx_word' id='word_1_796' title='bbox 2665 5890 2899 5966; x_wconf 67' lang='grc' dir='ltr'><strong>ᾸΕςγριί,</strong></span> <span class='ocrx_word' id='word_1_797' title='bbox 2932 5897 3022 5965; x_wconf 82' lang='lat' dir='ltr'><strong>qui</strong></span> <span class='ocrx_word' id='word_1_798' title='bbox 3062 5901 3355 5954; x_wconf 78' lang='lat' dir='ltr'><strong>vocabatur</strong></span> <span class='ocrx_word' id='word_1_799' title='bbox 3401 5899 3467 5960; x_wconf 65' lang='grc' dir='ltr'><strong>Αἱ</strong></span> 
     </span>
    </p>
   </div>
  </div>
