4058 6298
598 372 706 442 883

1450 371 1517 434 Ρ.
1551 366 1855 432 POSSINI
1896 365 2555 434 OBSERVATIONUM
2601 368 2750 429 LIB.
2785 366 2908 430 ΙΙΙ.

3755 365 3852 429 884

600 502 706 558 qua
753 501 786 543 e
811 487 1029 559 populo,
1065 485 1157 560 qui
1192 498 1364 543 novas
1395 484 1525 540 alibi
1558 497 1803 557 quierere
1851 488 2006 539 sedes
2043 482 2174 537 mal-
2206 488 2258 544 Α
2283 487 2433 540 dere.
2466 483 2758 554 lnnuitque
2789 484 2855 539 ad
2889 481 2943 538 id
2969 482 3248 540 adhibitos
3274 498 3303 539 a
3337 478 3654 557 Byzantinis
3688 483 3866 556 Angu-

600 581 719 636 lent
769 597 930 649 quam
981 582 1034 637 in
1089 581 1263 652 patria
1314 577 1545 642 servire,
1592 577 1652 632 in
1682 576 1866 631 Asiam
1896 575 2173 631 minorem

606 673 712 727 iter
759 667 1017 728 intendit.
1047 672 1154 726 Sed
1187 673 1316 727 dum
1381 671 1592 724 incerto
1648 668 1789 724 vado
1842 667 2176 738 Euphratem

603 765 826 833 trajicit,
853 768 1010 837 aquis
1041 766 1237 821 hausto
1263 766 1508 821 Soliman
1543 763 1746 829 Sbaho,
1793 776 1824 816 e
1869 760 2041 816 tribus
2085 758 2178 828 qui

603 856 722 928 ejus
749 858 928 928 fugam
963 860 1360 915 comitabantur
1387 859 1513 914 ﬁliis
1542 859 1647 912 duo
1680 857 1910 925 priores,
1966 850 2182 908 Sankur

604 947 770 1018 Z‘engi
801 960 852 1003 et
879 952 992 1005 tlun
1029 949 1222 1019 Tugali,
1254 949 1535 1004 redierunt
1566 949 1618 1003 in
1651 945 1951 1008 Persidem,
1984 943 2179 998 tertius

603 1026 922 1114 Ortogrules
965 1042 1161 1098 ibidem
1215 1041 1283 1098 ad
1311 1042 1454 1114 ripas
1510 1024 1798 1110 Euphratis
1845 1034 2178 1091 domicilium

602 1134 748 1210 ﬁxit,
778 1135 996 1205 illicque
1027 1136 1120 1202 diu
1153 1144 1392 1190 moratus
1421 1132 1534 1189 tres
1563 1131 1815 1190 educavit
1847 1130 2007 1198 lilios,
2036 1129 2180 1186 Con-

602 1229 1194 1296 dozum,vSarubanum
1232 1240 1286 1283 et
1311 1228 1662 1283 Othmanem.
1686 1225 1891 1281 Verum
1926 1238 2047 1278 cum
2084 1236 2180 1276 an-

602 1302 1240 1393 guste‘iucommodcqne
1268 1319 1606 1381 habitarent,
1655 1316 1940 1372 Sarubano
1972 1314 2083 1369 lilio
2111 1306 2181 1368 ad

601 1395 893 1467 Aladinum
926 1411 1092 1468 lconii
1115 1412 1592 1482 satrapamlcgato
1630 1411 1795 1465 misso
1829 1408 2055 1479 supplex
2087 1422 2180 1476 pe-

603 1503 690 1581 tiit
729 1502 798 1558 ab
826 1519 889 1558 eo
920 1504 1188 1575 assignari
1219 1505 1322 1560 sibi
1348 1505 1531 1560 locum
1582 1503 1669 1558 ubi
1715 1517 1836 1558 cum
1870 1501 2054 1555 liberis
2081 1499 2177 1556 de-

600 1605 749 1674 geret
801 1595 856 1668 in
886 1597 1046 1653 terris
1095 1597 1266 1667 ipsius
1312 1597 1556 1653 ditionis.
1592 1595 1795 1652 Annuit
1836 1604 2076 1663 satrapa,
2125 1601 2182 1650 et

601 1681 1174 1759 Ortogruliperuiisit
1221 1699 1280 1744 ut
1312 1704 1434 1745 eum
1479 1689 1594 1744 suis
1627 1688 1883 1757 migraret
1914 1687 1970 1742 in
2004 1686 2181 1756 regio-

598 1768 724 1834 nem
756 1781 917 1835 sitam
969 1781 1106 1837 inter
1151 1787 1361 1836 montes
1431 1778 1740 1850 Tumalagii
1795 1787 1851 1835 et
1882 1777 2173 1836 Armeniae.

601 1872 929 1945 Karaiaptag
963 1875 1013 1930 ei
1064 1873 1182 1930 loco
1222 1889 1423 1930 nomen
1451 1871 1578 1940 fuit,
1635 1887 1800 1942 quem
1844 1870 2041 1926 insedit
2075 1868 2179 1925 0r-

601 1965 840 2037 togrules
895 1975 1046 2021 tanto
1090 1980 1319 2021 numero
1388 1981 1613 2021 suorum
1659 1973 1716 2020 ut
1783 1961 2178 2032 quadringenta

600 2060 836 2114 tentoria
867 2059 982 2115 illic
1012 2059 1118 2114 lixa
1148 2060 1457 2129 explerent.
1518 2057 1653 2114 Rem
1683 2056 1754 2112 ibi
1783 2067 2006 2111 strenue
2039 2051 2180 2109 mul-

601 2154 672 2208 tis
720 2154 901 2218 annis,
940 2154 1172 2208 limitem
1206 2160 1392 2208 tutans
1430 2160 1486 2208 et
1507 2150 1767 2220 auspiciis
1794 2149 2008 2206 Aladini
2031 2148 2183 2218 prin-

595 2247 735 2315 cipis
779 2247 1078 2302 leoniensis
1107 2244 1339 2302 feliciter
1382 2245 1645 2310 militans,
1701 2242 2020 2315 Ortogrules
2055 2256 2182 2314 ges-

595 2338 690 2401 sit,
735 2339 914 2408 magni
962 2337 1031 2392 ob
1074 2337 1176 2393 hoc
1229 2336 1301 2392 ab
1343 2336 1434 2392 illo
1476 2335 1696 2394 habitus
1748 2342 1806 2392 et
1840 2334 2182 2391 desideratus

594 2429 760 2504 827
823 2447 946 2487 cum
1003 2430 1112 2484 fato
1166 2430 1385 2486 functus
1427 2438 1534 2497 est,
1570 2427 1712 2496 quod
1771 2427 2002 2499 contigit
2034 2441 2179 2485 anno

593 2520 806 2593 Hegira:
862 2523 993 2589 687,
1040 2523 1132 2595 qui
1186 2522 1409 2595 coepita
1477 2523 1564 2577 die
1614 2523 1647 2576 6
1694 2520 1974 2577 Februarii
2029 2533 2179 2576 anno

595 2591 799 2671 Citristi
829 2615 988 2671 1288.
1031 2591 1214 2671 [lares
1243 2591 1547 2686 5rtogrulis
1611 2614 1849 2671 0thmau
1918 2613 2040 2678 fuit,
2088 2611 2174 2666 cui

597 2719 657 2765 ut
685 2710 738 2766 in
771 2709 1122 2781 Karaiaptagi
1143 2709 1451 2781 principatu
1490 2707 1626 2779 patri
1656 2709 1970 2764 succederet
2005 2719 2176 2775 prono

594 2803 782 2859 favore
813 2803 1078 2858 Aladinos
1117 2803 1367 2868 indulsit,
1402 2813 1456 2858 et
1490 2818 1633 2868 eum,
1671 2802 1847 2872 quoad
1895 2799 2013 2868 ipse
2048 2814 2174 2868 per—

594 2898 734 2954 stitit
775 2900 827 2952 in
875 2897 1136 2968 potentia,
1179 2895 1460 2951 beneficiis
1513 2895 1671 2950 fovit.
1703 2894 1914 2949 Verum
1941 2892 2175 2947 Aladino

592 3001 649 3046 et
679 2991 837 3046 annis
890 2989 1000 3060 jam
1061 2989 1236 3045 fracto
1262 2998 1317 3045 et
1351 2989 1549 3057 opibus
1606 2987 1900 3053 ditninuto,
1959 2993 2020 3041 ut
2052 2972 2172 3057 jam

593 3084 830 3154 amplius
875 3083 1043 3153 armis
1074 3083 1465 3155 Mogulensium
1511 3080 1614 3138 sub
1673 3078 1878 3136 Chalau
1913 3089 1965 3135 et
1989 3079 2170 3152 Apaga

591 3177 649 3248 in
681 3178 805 3234 istis
826 3176 1074 3246 partibus
1102 3175 1513 3247 prmvalentium
1559 3187 1626 3230 ac
1660 3183 1853 3228 cuncta
1881 3168 2175 3243 subiugan-

590 3243 727 3326 tium
798 3242 898 3340 par
963 3242 1295 3327 sustinendis
1333 3268 1476 3322 baud
1538 3264 1698 3331 foret,
1750 3280 1838 3322 res
1885 3266 1989 3322 sibi
2040 3242 2241 3322 snasc

589 3374 753 3432 agere
777 3360 1076 3415 0thmanes
1104 3357 1290 3427 erepit.
1332 3366 1386 3412 et
1419 3356 1654 3428 propriis
1681 3354 1946 3426 auspiciis
1981 3355 2035 3410 in
2063 3353 2173 3412 Ro-

590 3454 738 3509 mani
772 3452 985 3524 imperii
1018 3450 1324 3521 provincias
1353 3448 1676 3520 irrumpere,
1704 3463 1809 3504 non
1841 3448 2039 3516 praedis
2070 3461 2166 3504 so-

587 3548 702 3603 lum
734 3547 860 3602 inde
910 3545 1189 3615 abigendis
1221 3545 1491 3607 intentus,
1532 3543 1627 3599 sed
1663 3553 1720 3598 et
1751 3541 1975 3598 arcibus
2003 3552 2167 3613 atque

591 3638 815 3695 urbibus
842 3637 1035 3693 ibidem
1073 3636 1429 3707 occupandis.
1457 3635 1611 3703 Quod
1651 3643 1888 3704 ereptum
1942 3650 2066 3690 eum
2115 3635 2168 3692 ei

587 3748 654 3788 ex
683 3742 811 3787 voto
832 3732 1209 3794 successisset,
1241 3728 1564 3801 expugnatis
1590 3737 1644 3784 et
1671 3727 1924 3797 praesidio
1943 3743 2165 3784 suorum

587 3824 817 3883 insessis
847 3824 1040 3880 validis
1072 3822 1393 3895 quibusdam
1429 3821 1841 3889 munitionibus,
1896 3821 2038 3878 unde
2084 3837 2170 3877 re-

586 3919 805 3991 gionum
875 3917 980 3974 illis
1046 3916 1409 3986 adjacentium
1493 3912 1654 3974 facile
1707 3913 2003 3967 dominium
2062 3913 2166 3968 sibi

586 4023 910 4083 perpetuum
944 4015 1233 4074 assereret,
1266 4008 1492 4064 sultanis
1527 4017 1638 4061 tum
1669 4004 2164 4072 demumOthman,

586 4109 688 4162 hoc
721 4117 814 4166 est.
842 4103 1080 4172 supremi
1110 4101 1371 4170 principis
1392 4139 1409 4165 ,
1443 4097 1657 4153 titulum
1715 4098 1890 4168 palam
1929 4113 2166 4168 usurpa-

582 4205 682 4268 vit,
715 4215 860 4260 anno
907 4200 1118 4271 llegirae
1175 4196 1298 4258 699.
1333 4194 1492 4265 cujus
1523 4193 1782 4250 Kalendae
1830 4193 2165 4250 Mnharrami

583 4299 894 4356 inciderunt
954 4297 1006 4350 in
1056 4295 1199 4349 diem
1251 4290 1322 4347 28
1381 4289 1720 4360 Septembris
1779 4289 1909 4345 anni
1958 4288 2163 4346 Christi

585 4394 746 4449 i299.

657 4487 747 4544 ιιι.
791 4486 1068 4543 llactenus
1099 4483 1266 4540 relata
1298 4483 1367 4542 de
1397 4482 1683 4540 Othmanis
1714 4479 2027 4552 primordiis
2056 4484 2164 4533 tra-

2207 1841 2256 1902 B

2285 579 2383 634 stis
2409 591 2630 635 exteros
2660 577 2901 646 probatae
2929 578 3145 633 virtutis
3173 587 3228 633 et
3256 578 3614 649 experientiae
3640 578 3865 633 bellica-

2283 688 2404 728 rum
2451 688 2670 741 rerum;
2716 688 2950 744 quorum
2996 672 3199 728 multos
3241 671 3370 737 illic,
3418 687 3528 742 qua
3572 671 3772 748 spoliis
3809 687 3869 726 ex

2283 767 2443 822 hoste
2473 766 2644 837 raptis
2664 806 2679 829 ,
2715 781 2819 836 qua
2849 763 3206 836 pensionibus
3237 779 3360 819 cum
3394 762 3498 819 (ide
3531 763 3835 817 numeratis
3855 801 3870 821 .

2282 876 2390 932 qua
2419 860 2689 916 fructibus
2717 859 2970 916 datorum
3005 859 3139 931 ipsis
3173 867 3452 929 agrorum,
3485 871 3718 928 magnas
3746 857 3867 911 adc-

2282 963 2405 1026 ptos
2445 953 2665 1009 divitias
2702 954 2810 1019 ait,
2847 953 2996 1008 unde
3030 964 3185 1008 tanto
3221 950 3580 1007 terribiliores
3624 949 3868 1003 hostibus

2281 1046 2510 1115 ﬂerent,
2549 1062 2614 1103 ac
2649 1047 2852 1102 fortius
2887 1053 3301 1118 propugnarent
3333 1044 3612 1098 Romanas
3646 1041 3865 1113 provin-

2280 1134 2414 1200 cias,
2449 1137 2702 1192 barbaris
2747 1136 2938 1207 procul
2973 1137 3114 1192 intra
3151 1135 3395 1208 ipsorum
3433 1143 3609 1191 terras
3640 1134 3731 1191 vel
3769 1142 3868 1188 ter-

2282 1244 2407 1285 rore
2436 1231 2809 1297 continendis,
2844 1231 2927 1286 vcl
2959 1227 3010 1285 vi
3044 1230 3344 1299 armisque,
3378 1229 3420 1282 si
3452 1244 3754 1299 erumpere
3782 1243 3864 1283 co-

2281 1328 2571 1388 narentur,
2620 1321 2988 1378 retrudendis.
3035 1323 3158 1378 Non
3202 1322 3415 1377 videtur
3463 1322 3697 1378 dubium
3751 1322 3870 1391 quin

2282 1427 2380 1485 par
2415 1413 2471 1468 in
2509 1413 2847 1470 contrarium
2886 1431 3016 1470 cura
3057 1415 3223 1471 fuerit
3259 1416 3591 1472 infestorum
3633 1410 3870 1468 Romano

2282 1506 2493 1563 nomini
2527 1517 2585 1565 et
2615 1509 2940 1564 Christianae
2979 1509 3232 1582 religioni
3275 1508 3685 1566 Saracenorum
3725 1509 3872 1576 prin-

2283 1599 2466 1671 cipum
2491 1641 2504 1665 ,
2541 1611 2636 1656 aut
2668 1598 2953 1658 Persidem
2989 1609 3086 1657 aut
3118 1601 3330 1658 vicinas
3365 1603 3414 1658 ei
3453 1601 3612 1656 limiti
3651 1599 3866 1672 provin-

2282 1693 2396 1749 cias
2430 1693 2533 1749 sub
2568 1709 2667 1749 sua
2696 1694 2906 1750 ditione
2943 1694 3293 1763 habentium;
3334 1694 3478 1749 inter
3511 1709 3654 1763 quos
3689 1692 3875 1748 Aladi-

2283 1802 2386 1842 nus
2417 1785 2517 1842 fuit
2549 1787 2773 1858 dynasta
2805 1786 2993 1843 sedem
3028 1785 3242 1857 imperii
3278 1786 3489 1842 habens
3517 1783 3693 1844 lconii
3715 1828 3730 1849 .
3762 1801 3875 1856 quae

2284 1890 2368 1935 est
2397 1879 2530 1934 urbs
2561 1878 2846 1952 Lycaoniae
2876 1877 3157 1951 primaria.
3191 1877 3374 1945 Quare
3403 1893 3528 1933 cum
3560 1877 3713 1949 apud
3746 1879 3875 1932 Ara.

2280 1970 2380 2026 bas
2418 1970 2709 2027 historicos
2727 1972 2962 2044 legimus
2998 1980 3286 2028 evocatum
3321 1970 3391 2027 ab
3425 1970 3534 2026 hoc
3565 1985 3634 2025 ex
3673 1969 3874 2025 Traus-

2281 2061 2631 2132 eupbratensi
2680 2062 2908 2135 regione
2981 2061 3328 2131 Ortogrulem
3393 2077 3517 2118 cum
3570 2061 3784 2116 familia
3828 2072 3877 2114 et

2281 2151 2429 2209 inter
2463 2164 2678 2211 montes
2707 2153 3016 2227 Tumulagii
3050 2163 3104 2210 et
3133 2154 3431 2221 Armeniae,
3464 2153 3519 2209 in
3553 2155 3681 2210 loco
3717 2154 3873 2223 cujus

2281 2247 2380 2319 ipsi
2417 2249 2752 2320 toparchiam
2787 2249 3150 2315 concesserit,
3179 2250 3532 2313 collocatum,
3564 2247 3873 2319 intelligere

2281 2341 2546 2398 debemus
2576 2340 2718 2396 illam
2753 2340 3201 2414 Karaiaptagam,
3231 2342 3510 2414 regionem
3543 2341 3870 2397 attributam

2277 2437 2447 2509 828
2475 2436 2748 2510 Ortogruli
2779 2439 2849 2494 ah
2878 2439 3129 2504 Aladino,
3163 2438 3333 2495 fuisse
3361 2439 3639 2514 confinem
3677 2439 3872 2494 Roma-

2279 2533 2367 2588 nis
2407 2533 2512 2588 illis
2551 2533 2715 2588 modo
2755 2532 3072 2588 memora-tis
3110 2531 3370 2600 arcibus;
3410 2543 3466 2589 et
3505 2533 3723 2588 militize
3766 2533 3873 2587 illic

2277 2625 2485 2685 dudum
2511 2631 2824 2694 constitutae
2847 2628 3066 2698 lateque
3091 2625 3453 2684 formidandae
3479 2628 3869 2699 stipendiario-

2278 2736 2398 2777 rum
2431 2732 2742 2777 exterarum
2773 2720 3034 2778 Romanis
3064 2722 3328 2793 Augustis
3358 2721 3742 2788 militantium,
3775 2738 3869 2792 op-

2277 2815 2510 2887 positam
2544 2831 2574 2870 a
2605 2814 2820 2871 sultane
2847 2815 3078 2872 Aladino
3112 2815 3274 2870 istam
3308 2816 3593 2871 cohortem
3630 2828 3869 2886 sequen-

2278 2912 2416 2966 tium
2435 2909 2711 2965 fortunam
2731 2908 3038 2981 Ortogrulis
3057 2924 3286 2982 peregre
3303 2909 3512 2981 appulsi
3533 2907 3867 2972 Turcorum,

2277 3004 2368 3075 qui
2380 3003 2777 3076 quadringenta
2791 3003 2900 3059 illic
2915 3003 3266 3059 tabernacula
3280 2995 3639 3075 complerent.
3652 3003 3811 3070 Quod
3823 3004 3866 3058 si

2278 3109 2492 3171 tempus
2535 3097 2856 3170 indagemus
2901 3112 3012 3167 quo
3057 3095 3322 3168 migrasse
3367 3094 3792 3166 Karaiaptagam
3837 3109 3866 3149 e

2276 3188 2394 3258 ripa
2423 3182 2717 3260 Euphratis
2743 3187 3004 3244 ulteriore
3031 3185 3340 3260 Ortogrulis
3365 3187 3629 3243 familiam
3659 3186 3864 3242 Arabes

2271 3277 2532 3341 indicant.
2563 3280 2896 3351 reperiemus
2930 3278 3048 3334 fere
3074 3278 3375 3335 convenire
3402 3280 3457 3334 in
3489 3278 3861 3349 principatum

2269 3370 2498 3429 Joannis
2536 3372 2814 3437 Balatu,
2853 3370 3180 3452 quiNicatze
3219 3370 3427 3428 Graecis
3467 3371 3764 3439 imperavit
3798 3371 3861 3426 ab

2270 3479 2417 3520 anno
2451 3464 2589 3522 {228
2623 3466 2692 3521 ad
2729 3464 2891 3529 l255,
2923 3479 3033 3536 quo
3069 3465 3308 3521 moriens
3341 3479 3726 3521 successorem
3764 3463 3858 3519 ha-

2271 3556 2390 3612 buit
2419 3552 2770 3614 Theodorum
2798 3557 2992 3612 illium.
3020 3555 3125 3612 Per
3151 3557 3240 3612 illa
3273 3565 3519 3629 tempora
3545 3565 3602 3613 et
3632 3556 3765 3614 inde
3795 3557 3856 3611 ad

2271 3659 2545 3721 receptam
2579 3665 2611 3706 e
2644 3642 2852 3708 Latinis
2885 3648 3423 3720 Constantinopolim
3456 3650 3778 3722 vigentibus
3809 3659 3860 3704 et

2270 3759 2504 3800 numero
2531 3753 2695 3816 atque
2724 3744 3011 3799 alacritate
3041 3743 3469 3814 praevalentibus
3498 3745 3857 3814 prasidiariis

2269 3835 2678 3911 limitanearum
2706 3839 2916 3891 arcium
2945 3835 3161 3906 imperii
3192 3836 3422 3891 Romani
3452 3844 3644 3892 contra
3674 3837 3852 3894 Persi-

2269 3925 2393 3983 dem
2415 3969 2430 3993 ,
2465 3927 2626 3984 facile
2661 3929 2728 3984 ab
2762 3927 2870 3983 illis
2911 3927 3293 3985 sustinebatur
3324 3929 3562 4000 impetus
3596 3929 3853 3986 barbaro-

2269 4037 2389 4078 rum
2429 4022 2486 4077 in
2527 4021 2862 4094 quotidianis
2897 4020 3305 4077 velitationibus
3343 4023 3668 4092 plerumque
3709 4023 3846 4081 infe-

2269 4116 2472 4171 riorum
2488 4132 2510 4188 ς
2529 4114 2710 4186 quoad
2733 4114 2976 4185 pessimo
2996 4114 3224 4170 consilio
3245 4122 3500 4186 suggesto
3516 4131 3546 4169 a
3565 4113 3848 4177 Cbadeno,

2268 4209 2498 4265 Michael
2529 4209 2864 4280 Palatologus
2899 4217 3188 4280 postquam
3225 4205 3281 4262 in
3317 4208 3611 4278 imperium
3651 4209 3850 4264 invasit

2267 4301 2684 4374 circumscripto
2715 4302 2921 4374 pupillo
2948 4300 3163 4357 Joanne
3193 4300 3466 4357 Theodori
3497 4302 3756 4358 Lascaris
3788 4304 3848 4355 ti-

2267 4390 2360 4456 lio,
2396 4391 2488 4448 ubi
2529 4406 2590 4447 se
2627 4392 2856 4462 potitum
2897 4391 3372 4463 Constantinopoli
3413 4390 3634 4449 Latinis
3666 4405 3844 4462 erepta

2266 4484 2403 4541 vidit
2423 4523 2440 4549 ,
2472 4484 2562 4539 isti
2595 4483 2915 4556 praesidiarii
2951 4485 3179 4540 Romani
3211 4485 3399 4540 limitis
3429 4487 3614 4541 vexari
3645 4487 3844 4544 'liscali-

579 4581 722 4637 dum
767 4579 976 4642 Arabes
1025 4578 1365 4648 scriptores;
1418 4592 1539 4632 cum
1576 4575 1792 4652 quibus
1843 4586 2162 4642 comparare
2195 4606 2239 4658 υ
2267 4575 2370 4633 bus
2398 4577 2685 4633 calumniis
2715 4585 2772 4633 et
2800 4577 2868 4633 ad
2902 4577 3139 4648 inopiam
3173 4578 3375 4651 redigi,
3404 4579 3693 4652 minuique
3725 4582 3844 4637 inde

579 4673 812 4745 sparsim
843 4672 912 4728 de
943 4671 1030 4728 bis
1058 4680 1268 4727 asserta
1301 4687 1334 4725 a
1369 4670 1725 4742 Pachymere,
1761 4682 1824 4724 ac
1854 4681 2016 4736 quam
2049 4667 2178 4721 hac

578 4767 649 4822 iis
681 4775 807 4836 apte
840 4773 1146 4837 congruant
1177 4762 1503 4830 ostendere,
1534 4761 1679 4819 labet
1714 4760 1974 4831 deinceps
2008 4769 2166 4814 meus

579 4860 674 4916 sit.
708 4857 984 4928 Principio
1016 4864 1204 4925 repeto
1238 4868 1362 4925 qua:
1396 4853 1452 4908 in
1485 4852 1605 4924 ipso
1636 4851 1721 4907 sui
1755 4851 1940 4922 operis
1971 4848 2163 4904 limine

582 4962 772 5006 noster
801 4948 1095 5003 historicus
1127 4945 1296 5017 partis
1323 4958 1363 5006 ι.
1396 4943 1437 4998 l.
1469 4959 1506 5010 ι,
1538 4959 1568 4998 a
1594 4959 1644 4999 c.
1678 4943 1712 4999 '5
1737 4943 1804 4998 ad
1835 4942 1868 4998 6
1897 4941 2019 4998 fuse
2046 4941 2164 4996 dis-

583 5034 719 5099 serit
748 5043 817 5096 de
850 5041 1070 5096 arcibus
1102 5037 1290 5093 limitis
1325 5036 1616 5092 Orientalis
1653 5035 1908 5090 Romanae
1938 5033 2161 5090 ditionis

580 5146 772 5191 contra
811 5134 1086 5189 Persidem
1125 5134 1300 5202 deque
1337 5131 1552 5186 illarum
1594 5138 1876 5186 momento
1913 5128 1980 5186 ad
2019 5139 2158 5185 luteo

578 5230 685 5282 lam
721 5227 974 5298 imperii;
1009 5237 1121 5281 tum
1152 5225 1220 5280 de
1251 5239 1379 5280 cura
1403 5264 1417 5286 ,
1452 5239 1558 5294 qua
1590 5238 1682 5277 eas
1714 5221 1947 5292 amplexi
1979 5223 2157 5278 domi-

579 5329 778 5374 nantes
813 5316 1005 5373 Nicmze
1039 5325 1162 5387 post
1195 5317 1446 5370 amissam
1483 5315 2020 5384 Constantinopolim
2055 5315 2159 5369 im-

579 5400 860 5481 peratores
916 5407 1086 5465 Graeci
1145 5409 1350 5479 optime
1409 5407 1789 5463 consuluerint
1845 5408 2157 5477 reipublicae

560 5486 890 5580 numerosis
927 5505 1166 5558 virorum
1211 5501 1431 5557 fortium
1475 5501 1743 5572 praesidiis
1784 5501 1837 5557 in
1880 5519 1946 5556 eo
1985 5504 2156 5557 limite

571 5592 956 5660 auctorandis,
987 5611 1112 5651 cum
1141 5595 1415 5665 largorum
1445 5595 1842 5665 stipendiorum
1877 5596 1978 5650 lida
2011 5597 2158 5651 solu-

571 5685 725 5747 tione
754 5691 823 5744 ad
852 5689 996 5744 diem
1029 5688 1123 5762 [-P.
1157 5687 1332 5761 600],
1363 5678 1477 5743 tum
1507 5683 1873 5757 assignatione
1901 5704 2152 5759 agrorum

559 5764 632 5856 :in
661 5780 749 5834 illa
777 5779 974 5838 vicinia
999 5789 1054 5834 et
1082 5772 1437 5841 concessione
1465 5779 1660 5848 praedae
1691 5779 1869 5834 omnis
1898 5796 2058 5849 quam
2088 5799 2150 5838 ex

572 5872 760 5931 hostili
802 5889 932 5947 agro
979 5873 1195 5934 infestis
1241 5873 1648 5932 incursionibus
1688 5883 1918 5950 possent
1965 5891 2150 5932 corra-

2268 4686 2394 4726 eum
2431 4671 2632 4728 animis
2675 4681 2790 4727 tum
2827 4671 3038 4729 viribus
3074 4683 3132 4728 et
3172 4688 3403 4739 numero
3437 4687 3752 4746 coeperunt,
3790 4686 3842 4730 ut

2265 4764 2517 4821 observat
2555 4764 2921 4836 Pachymeres
2963 4763 3188 4821 ibidem.
3227 4764 3458 4833 Quando
3495 4769 3838 4838 potissimum

2264 4858 2560 4930 contigisse
2579 4858 2858 4938 .credibile
2888 4867 3004 4925 est,
3037 4858 3183 4929 quod
3218 4858 3428 4916 Arabes
3462 4858 3750 4929 indicant,
3784 4873 3837 4917 at

2262 4948 2582 5022 Ortogrules
2599 4965 2724 5006 cum
2750 4949 2866 5004 suis
2887 4965 3148 5021 prospere
3169 4951 3222 5005 in
3244 4950 3523 5007 Romanos
3544 4954 3835 5024 pugnando

2262 5044 2478 5100 laudem
2509 5045 2578 5100 ab
2607 5044 2838 5100 Aladino
2857 5088 2872 5108 ,
2904 5044 3063 5115 cujus
3094 5045 3354 5116 auspiciis
3388 5046 3692 5113 militabat,
3727 5065 3836 5104 me-

2263 5147 2493 5193 teretur.

2333 5229 2422 5286 IV.
2463 5231 2574 5286 Nec
2615 5247 2743 5286 vero
2786 5230 2945 5286 istam
2993 5231 3294 5304 Ortogrulis
3340 5241 3393 5288 et
3441 5234 3674 5291 filiorum
3722 5237 3834 5308 ejus

2261 5322 2522 5379 adversus
2557 5324 2924 5393 prtesidiarios
2963 5326 3328 5380 llomanarum
3366 5329 3574 5382 arcium
3609 5345 3828 5400 compa-

2261 5426 2430 5470 ratam
2464 5432 2708 5486 Operam,
2736 5431 2792 5472 et
2822 5420 3103 5488 qttzesitam
3139 5421 3194 5474 in
3227 5420 3422 5476 vicinia
3454 5436 3520 5476 ex
3551 5434 3706 5493 parte
3733 5425 3824 5480 ad-

2259 5525 2429 5565 versae
2458 5509 2695 5567 Persidis
2721 5511 3009 5569 stationem
3039 5511 3400 5585 Pachymeres
3430 5515 3544 5585 ipse
3573 5516 3828 5572 dissimu-

2260 5601 2350 5657 lat.
2391 5603 2470 5658 En
2517 5605 2636 5673 ejus
2675 5606 2840 5660 verba
2882 5605 2988 5660 vol.
3033 5605 3084 5669 l,
3129 5620 3184 5675 p.
3229 5605 3296 5661 18
3335 5624 3349 5661 :
3398 5606 3672 5664 Posthac
3712 5613 3828 5666 viris

2258 5695 2483 5764 fortibus
2523 5698 2663 5752 inter
2695 5697 2890 5752 Persas
2914 5737 2930 5764 ,
2967 5699 3154 5768 quibus
3192 5700 3358 5756 omnia
3395 5703 3598 5757 vivendi
3632 5721 3746 5778 spes
3781 5714 3825 5759 et

2256 5787 2484 5842 conditio
2519 5789 2573 5842 in
2611 5789 2776 5843 armis
2809 5799 2922 5843 erat
2946 5827 2960 5854 ,
2993 5791 3194 5845 ueteris
3228 5790 3496 5849 inclinatis
3531 5797 3600 5849 ad
3635 5796 3824 5852 Tocha-

2257 5897 2374 5950 ros,
2406 5884 2496 5953 qui
2529 5899 2693 5954 nuper
2724 5883 2996 5955 imperium
3034 5881 3324 5942 Persarum
3361 5904 3718 5962 occuparant,
3749 5907 3822 5946 rs-

3987 429 4005 1126 1
