4038 6296
557 423 654 492 911
1479 420 1540 482 i‘.
1573 421 1869 484 POSSINI
1907 421 2566 485 OBSERVATIONUM
2611 426 2752 488 LIB.
2803 423 2918 489 lii.
3702 425 3800 491 9i!

631 542 760 629 Anni
849 544 1132 629 illima‘p'o:
1162 541 1488 629 ‘lmpphiio-l
1521 541 1612 629 lia.
1661 543 1764 629 sed
1817 548 2148 629 imperatore
2209 546 2387 629 [idem
2419 547 2619 629 indicio
2671 563 2780 629 npn
2833 549 3126 629 tribuente.
3172 547 3272 620 ipsi
3311 549 3377 605 ad
3429 546 3631 603 bellum
3680 549 3804 604 illud

642 606 757 656 Chr.
851 606 1170 688 ξηρῇ-[ῥιπὴ
1255 617 1385 653 mau-
1479 606 1957 688 [propulsandum
1988 633 2046 672 se
2078 633 2234 688 comp

1479 606 1487 688 Ι
1521 606 1957 688 propulsandum
1988 633 2046 672 se.
2078 625 2414 688 comparant.
2444 620 2478 672 l.
2510 635 2584 682 Vl,
2616 635 2666 674 c.
2695 619 2748 682 6,
2779 629 2908 675 etc.
2948 620 3001 675 9.

851 637 1172 736 i':;;ic‘;';;"“‘
1255 637 1385 653 ἠν-³·
1521 637 1950 738 propulsantium
1988 637 2046 672 se
2078 637 2414 688 comparant.
2446 637 2478 672 I.
2510 637 2584 682 VI,
2616 637 2666 674 c.
2695 637 2748 682 υ,
2779 637 2834 674 ει
2858 637 2908 675 c.
2948 637 3002 675 υ.
3060 693 3067 699 .

851 703 1145 780 πειρωρηι..
1167 637 1488 780 {Andronicii
1520 684 2552 780 _-i.Bzri69tie.t.-T¢"!e9'93"“
2595 707 2717 780 99."!
2769 692 3188 780 ’δογεπηλοηβίε
3208 689 3456 780 Paulis?
3495 690 3562 780 ξς
3584 687 3799 780 Elei-vti

852 743 1145 838 luemfnm
1167 743 1489 838 immomul
1520 743 1738 838 portuin
1766 743 2016 838 appellit.
2048 743 2260 838 accitus
2287 775 2316 838 a
2347 743 2546 838 magno
2580 743 2740 824 duce.
2771 743 3458 838 quem-vistutuconciliaret
3487 743 3806 838 sparsim;

1517 837 1572 918 et
1601 837 1872 918 aucttprari
1906 832 2938 918 honoribusstipendiisquefuaderet.
2978 835 3044 890 ad
3094 851 3219 891 eum
3252 832 3681 918 accessit
3709 835 3808 915 sub

639 883 774 950 1306
855 890 862 973 ί
1016 887 1052 947 2
1166 883 1425 973 luat.-.
1481 883 1679 973 Iﬁnem
1710 883 3809 973 ο...ί..ῑέ,“ςῑξ.ῖ;.”ιῑυίδξίτςτιῑιξιῑιῑιςῆςῐέξερῑιῑιι;“..;ιῑιῑιῑδξῑιί;.τη“ππ.’ξ..

1016 927 1052 947 Β
1272 927 1362 960 ,ι-Ἰ
1521 927 1679 954 ιιιιυιιι
1710 927 1986 964 υαιοιιηδ.
2042 927 2098 959 (Ἰ
2145 927 2259 958 suis
2301 927 2519 973 ιιυιυεηι
2559 927 2826 960 ιηιιιιιυηδ
2870 927 3114 961 ιΙὌΕΡΠΙΙ
3154 927 3500 961 ηυωηιοινυηι
3545 927 3714 958 "Iulli
3757 927 3809 956 111

855 927 864 1094 l
1165 927 1174 1094 Ι
1218 952 1426 1039 ⁸³⁸3³⁸⁸
1481 927 1916 1094 latipendiorum
1949 976 2261 1031 debitorum
2289 975 2618 1030 solutionem
2647 977 2922 1045 poposcit,
2969 976 3192 1033 Tentza:
3239 976 3439 1032 deinde
3484 975 3811 1046 suilragatus

1299 1021 1363 1081 1'5
1521 1039 1780 1094 honorari
1831 1063 1965 1094 eum
2013 1045 2192 1094 netiit.
2239 1045 2544 1094 Imperator
2600 1056 2768 1094 tantm
2816 1047 3064 1094 mammia!
3122 1046 3458 1094 ﬂagitatione
3515 1045 3810 1094 perculsus

1299 1021 1363 1081 13
1481 1021 1490 1119 |
1521 1021 1812 1119 it'oitb'ESi-i'
1831 1021 3458 1119 adfigant"natiuis:"elaeatae;magis“;
3484 1021 3810 1115 ’ᾖὲὲὲῗὶῙὲιῖξ

1519 1114 1695 1187 Primo
1743 1114 2230 1187 assentiri—negat:
2288 1114 2474 1185 postea
2520 1126 2704 1173 tamen
2749 1114 2948 1176 ite'rum
2992 1120 3216 1176 adeunti
3242 1119 3396 1174 illum
3425 1114 3727 1172 Rontzerio
3753 1129 3815 1170 ac

1520 1185 1919 1260 stipendiorum
1948 1185 2269 1260 petitionem
2295 1187 2351 1242 in
2386 1203 2656 1244 summam
2696 1190 3120 1248 moderatiorem
3142 1189 3493 1246 contrahant!
3521 1199 3816 1258 utrumque

1520 1254 1784 1329 indulget,
1819 1263 1856 1318 I.
1889 1254 1966 1327 Vt,
1997 1277 2029 1316 a
2062 1275 2115 1316 c.
2140 1259 2175 1314 4
2207 1259 2272 1314 ad
2314 1260 2369 1315 8.
2976 1283 2987 1288 -

1590 1326 1836 1404 Andreas
1897 1326 2072 1404 pirata
2099 1331 2440 1404 imperatori
2483 1333 2776 1389 militarem
2852 1348 3075 1404 operam
3140 1348 3266 1404 cum
3317 1331 3534 1404 duabus
3590 1326 3818 1404 armatis

1192 857 1463 871 ,__.__.——

579 867 634 878 ν..-
668 865 845 877 ....-———-
878 866 1009 874 _—._
1024 866 1141 874 -—.—.

1520 1403 1750 1460 navibus
1785 1400 2023 1460 Oilei-ens
2049 1402 2376 1457 admittitur.
2419 1402 2524 1457 Sed
2561 1405 2633 1460 ab
2679 1400 2912 1461 infensis
2956 1406 3186 1459 Andreae
3219 1402 3442 1459 Venetis
3481 1402 3657 1458 altera
3702 1400 3817 1467 ejus

1521 1474 1740 1546 navium
1778 1477 2140 1546 comburitur.
2168 1474 2287 1544 ipso
2319 1490 2442 1528 cum
2474 1477 2645 1532 altera
2676 1475 2938 1546 fugiente.
2973 1477 3007 1532 Ι.
3042 1493 3117 1536 vr.
3149 1491 3201 1532 c.
3237 1474 3325 1530 10.

1593 1543 1953 1619 Mpyrigerius
1987 1543 2363 1619 Tentza’circa
2396 1547 2637 1602 medium
2671 1543 3027 1603 Decembrem
3069 1545 3603 1619 Constantinopolim
3638 1545 3818 1619 accitu

1522 1615 1866 1690 Impetiato'ris
1895 1618 2139 1690 appellit.
2175 1631 2572 1690 exscensurum
2609 1635 2668 1672 se
2706 1634 2738 1690 e
2781 1622 2907 1674 navi
2959 1635 3184 1690 negans,
3220 1616 3324 1690 nisi
3361 1615 3583 1672 obsides
3619 1615 3818 1690 daren-

1527 1698 1634 1741 tur.
1670 1687 1911 1746 Tandem
1931 1687 2239 1757 persuasus
2268 1688 2333 1742 ad
2384 1688 2582 1745 festum
2610 1689 2818 1746 Christi
2855 1687 3056 1746 natalis
3087 1687 3422 1747 exscendere
3462 1699 3689 1743 creatur
3715 1688 3818 1740 dux

1521 1772 1787 1886 magus,
1845 1776 1899 1817 et
1951 1763 2111 1816 ﬁdem
2157 1759 2513 1830 imperatori,
2552 1761 2649 1817 sed
2689 1775 2814 1817 cum
2853 1765 3203 1833 exceptione,
3244 1765 3417 1830 jurat,
3454 1760 3493 1814 I.
3541 1776 3623 1819 v1.
3658 1775 3714 1814 c.
3757 1757 3816 1810 11

1523 1845 1552 1883 e
1684 1872 1697 1886 .

1523 1838 1578 1884 et
1610 1838 1697 1887 12.

1594 1903 1883 1977 Adhibitus
1927 1908 2053 1962 inde
2092 1906 2158 1961 ad
2213 1905 2504 1977 consilium
2546 1919 2717 1975 super
2747 1903 3556 1977 petitionibus_Catelanorum.
3595 1901 3695 1956 ubi
3734 1915 3828 1955 au-

1524 1972 1660 2048 divit
1689 1977 1768 2048 ab,
1806 1980 2138 2048 imperatore
2171 1987 2438 2044 Quantum
2487 1972 2766 2047 ipse—jam
2814 1975 3053 2031 dedisset
3094 1975 3388 2031 ‘Catelanis
3443 1984 3501 2048 et
3552 1981 3824 2040 quantum

1525 2043 1703 2101 adhuc
1742 2043 1899 2103 dare'
1926 2059 2147 2118 paratus
2185 2043 2356 2109 esset,
2387 2043 2546 2118 queri
2596 2043 2767 2120 cdepit
2800 2061 2966 2120 avare
3003 2063 3192 2120 secum
3223 2048 3329 2119 agi.
3374 2047 3461 2120 cui
3489 2054 3614 2120 _tam
3651 2058 3826 2114 pauca

1526 2126 1848 2191 ceterorum
1876 2117 2952 2191 cumparationedonarentur.‘lndeque
2983 2117 3350 2174 defectionem
3395 2118 3462 2174 ab
3488 2117 3826 2187 imperatore

1520 1215 1919 1256 διιμσιιυιυτιιιιι
1950 1215 2269 1260 νειιιιυηυιιι
2296 1215 2351 1242 Ill

1167 1215 1178 1326 ι
1520 1254 1784 1329 indulget,
1819 1263 1856 1318 I.
1889 1278 1966 1327 νι,
1997 1277 2029 1316 a
2062 1275 2115 1316 c.
2140 1259 2175 1314 4
2207 1259 2272 1314 ad
2314 1260 2348 1315 8

1590 1331 1836 1389 Andreas
1897 1335 2072 1404 pirata
2119 1331 2351 1400 imperat

1520 1403 1750 1460 navibus
1785 1405 2023 1460 olierens
2049 1402 2351 1457 admittitur

1521 1474 1740 1528 navium
1778 1477 2140 1533 comburitur.
2168 1474 2287 1544 ipso
2319 1490 2348 1528 c

1593 1543 1953 1619 Mpyrigerius
1987 1545 2194 1602 Tentza
2219 1546 2351 1599 circa

1522 1617 1866 1684 ImperatOris
1895 1618 2139 1690 appellit.
2175 1631 2351 1671 exscei

1527 1698 1634 1741 tur.
1670 1687 1911 1746 Tandem
1947 1702 2239 1757 persuasus
2268 1688 2333 1742 ad

1521 1772 1787 1886 magus,
1845 1776 1899 1817 et
1951 1763 2111 1816 ﬁdem
2157 1759 2351 1830 imper:

1523 1838 1578 1884 et
1684 1872 1697 1887 .

1594 1903 1883 1960 Adhibitus
1927 1908 2053 1962 inde
2092 1906 2158 1961 ad
2213 1919 2346 1960 cons

1524 1972 1660 2028 divit
1689 1977 1758 2030 ab
1806 1980 2138 2048 imperatore
2171 1987 2351 2044 quanti

1525 2043 1703 2101 adhuc
1742 2047 1873 2103 dare
1926 2059 2147 2118 paratus
2185 2059 2351 2109 esset.

1526 2126 1848 2174 ceterorum
1876 2121 2285 2191 comparatione
2318 2120 2350 2174 d

870 2191 881 2274 Ι
1215 2263 1229 2274 ι
1297 2262 1311 2274 1
1416 2263 1426 2274 .
1467 2262 1477 2274 '
1525 2190 1802 2258 cogitavit,
1835 2191 1974 2259 LVI,
2009 2210 2061 2252 c.
2086 2191 2154 2248 M
2180 2199 2235 2247 et
2262 2189 2351 2248 l5.

1525 2191 1802 2258 cogitavit,
1835 2191 1874 2246 i.
1897 2209 1974 2259 Vl,
2009 2210 2061 2252 c.
2086 2191 2154 2248 M
2180 2199 2235 2247 et
2262 2191 2351 2248 I5.
3233 2205 3236 2210 '

1202 2262 1480 2316 Andronici
2032 2308 2046 2324 .
2153 2307 2166 2322 .
2271 2308 2283 2320 .
2371 2307 2381 2318 .
3231 2297 3237 2303 .

1306 2329 1380 2392 25
1601 2303 1688 2378 [P.
1722 2304 1849 2380 626]
1877 2305 2240 2381 Mpyrtgertns
2273 2317 2537 2363 tnwtatus
2583 2306 2652 2363 ab
2686 2305 3018 2377 imperatore
3049 2305 3118 2361 ad
3150 2303 3582 2377 comparendnm
3635 2319 3826 2362 secum

1018 2358 1052 2421 3
1225 2393 1485 2447 κίωιειί.
1529 2375 1694 2431 simul
1727 2377 1949 2436 infesto
1980 2379 2271 2442 luminum.
2303 2380 2412 2435 hoc
2460 2389 2544 2435 est
2583 2378 2922 2449 Epiphania,
2969 2376 3300 2432 celebrando
3323 2373 3357 2430 6
3385 2373 3658 2440 Januarii,
3697 2392 3826 2448 pro-

1316 2464 1380 2526 “
1532 2458 1683 2504 terve
1725 2459 1944 2506 recusat
1986 2451 2092 2516 ire,
2127 2452 2366 2506 irridens
2404 2451 2574 2506 etiam
2625 2449 2982 2520 contemptim
3026 2461 3288 2503 concessa
3334 2446 3437 2502 sibi
3472 2447 3542 2502 ab
3582 2453 3826 2520 Augusto

1531 2519 1762 2588 insignia
1792 2523 2098 2588 bonorum;
2129 2538 2192 2577 ac
2219 2524 2379 2578 tertio
2406 2534 2535 2594 post
2565 2521 2655 2576 die
2677 2519 2794 2576 vela
2830 2519 2957 2576 iecit
3005 2517 3309 2589 Callipolim
3333 2517 3400 2572 ad
3436 2517 3826 2575 Catelanorunt

1530 2602 1732 2653 castra.
1771 2592 2068 2649 insalutato
2090 2595 2354 2666 Augusto,
2393 2593 2488 2661 qui
2519 2608 2643 2648 eum
2682 2592 2820 2646 satis
2848 2599 3190 2662 compertum
3223 2604 3420 2660 parare
3451 2589 3825 2646 defectionem

1532 2661 1712 2717 invadi
1739 2663 2086 2734 detinerique
2113 2681 2144 2719 a
2174 2666 2289 2720 suis
2319 2664 2513 2725 vetuit,
2550 2664 2586 2718 ι.
2617 2679 2698 2726 vt.
2729 2678 2780 2718 c.
2813 2663 2902 2716 I5.
3537 2713 3545 2722 ,

1605 2734 1903 2804 Imperator
1933 2737 2123 2791 videns
2151 2735 2442 2792 Catelanos
2468 2735 2631 2805 plane
2655 2742 2840 2788 certos
2863 2730 2988 2787 belli
3015 2730 3192 2802 palam
3215 2730 3480 2790 Romanis
3531 2731 3826 2798 inferendi,

891 2845 895 2848 .
1530 2805 1674 2874 quod
1703 2805 2093 2862 Genuensibus
2125 2806 2331 2862 dudum
2359 2817 2416 2861 et
2441 2805 2721 2861 recentius
2754 2802 3002 2859 Micliaeli
3026 2801 3197 2931 8%
3253 2802 3502 2873 Augusto
3529 2803 3826 2860 indicanti-

1532 2875 1634 2931 bus
1657 2880 1880 2932 credere
1911 2879 2181 2940 noluerat.
2217 2887 2279 2932 ut
2306 2878 2357 2931 id
2393 2873 2776 2947 quoquomodo
2806 2871 3117 2943 impediret,
3199 2887 3462 2929 resaream
3499 2874 3825 2957 dignitatem

1531 2959 1631 3071 patr
1663 2946 1867 3014 legatos
1915 2949 2074 3003 oII'ert
2106 2947 2424 3012 Rontzerio,
2460 2951 2551 3018 qui
2595 2963 2714 3002 eam
2745 2945 2915 3003 certis
2955 2959 3099 3017 aegre
3161 2946 3380 3000 tandem
3413 2946 3826 3004 conditionibus

1531 3034 1562 3070 a
1604 3018 1791 3082 mittit,
1827 3021 1862 3073 l.
1888 3034 1961 3079 Vl.
1993 3037 2042 3075 c.
2080 3021 2166 3074 16.
3386 3074 3394 3078 -

1614 3087 1935 3145 Theodorus
1983 3091 2270 3147 Cliumnus
2317 3100 2548 3162 portans
2599 3088 2669 3145 ab
2713 3089 3048 3158 imperatore
3092 3087 3160 3144 ad
3202 3085 3560 3143 Bontzcrinm
3598 3087 3826 3162 insignia

869 3199 871 3201 ι
1535 3158 1797 3216 Caesareae
1823 3161 2105 3231 dignitatis
2134 3178 2258 3216 cum
2295 3161 2683 3230 diplomatibus
2713 3176 2848 3214 auro
2883 3158 3104 3215 bullatis
3135 3168 3189 3214 et
3223 3158 3445 3229 triginta
3475 3176 3826 3218 nummorum

1535 3230 1802 3296 millibus,
1838 3232 2065 3286 audiens
2109 3233 2166 3288 in
2209 3233 2406 3287 itinere
2439 3231 2732 3287 Catelaunos
2780 3247 2890 3286 non
2926 3230 3154 3301 exsequi
3191 3240 3370 3301 pacta,
3417 3238 3474 3284 et
3518 3235 3628 3287 vim
3662 3232 3735 3288 ab
3771 3231 3826 3286 iis

1535 3312 1810 3367 metuens,
1853 3319 1913 3358 re
1943 3303 2146 3359 iniecta
2178 3305 2342 3370 redit,
2368 3306 2403 3357 I.
2438 3317 2518 3365 VI,
2552 3319 2603 3357 c.
2635 3303 2726 3356 17.

1608 3372 1788 3428 Insula
1814 3373 1981 3429 Chios
2031 3390 2061 3429 a
2110 3374 2294 3430 Persis
2341 3383 2526 3442 capta,
2572 3374 2787 3445 direpta
2837 3379 3046 3428 vastata
3091 3382 3197 3436 est,
3226 3370 3826 3443 plerisqueincolarutl

1533 3443 1818 3499 barbarica
1837 3445 2182 3500 immanitate
2210 3445 2520 3508 trucidatis,
2551 3443 2684 3498 ibid.

1607 3514 1938 3570 Rontzerius
1984 3517 2129 3582 apud
2168 3515 2478 3586 Callipolim
2509 3513 2830 3586 injuriosam
2863 3513 3181 3587 imperatori
3208 3521 3266 3570 et
3293 3516 3534 3587 superbe
3559 3514 3826 3572 minacem

1534 3586 1854 3641 concionem
1886 3586 2068 3650 habet,
2105 3589 2140 3640 Ι.
2171 3602 2248 3651 vt,
2275 3603 2325 3638 ο.
2356 3586 2443 3641 18.

1617 3657 1748 3712 Post
1768 3657 1956 3712 decem
1988 3657 2114 3713 inde
2145 3657 2261 3712 dies
2289 3656 2486 3711 litteris
2513 3656 2581 3711 ad
2608 3655 2982 3712 Andronicum
3012 3654 3156 3711 datis
3177 3656 3532 3722 Runtzerius,
3554 3657 3826 3728 peniten-

1544 3728 1674 3783 tiam
1703 3745 1731 3782 a
1762 3741 1820 3781 se
1853 3735 2044 3782 contra
2073 3729 2224 3782 illum
2260 3738 2510 3782 actorum
2551 3737 2610 3782 et
2634 3728 2906 3782 dictorum
2934 3727 3221 3788 simulans.
3263 3739 3319 3782 et
3351 3731 3742 3784 necessitatem
3772 3745 3826 3784 et

1543 3799 1597 3856 vi
1625 3814 1654 3853 a
1683 3800 1798 3854 suis
1823 3798 1880 3853 in
1902 3800 2230 3854 seditionem
2265 3798 2558 3854 concitatis
2579 3813 2873 3860 excusans,
2908 3799 3121 3854 veniam
3143 3797 3299 3867 petit,
3335 3798 3372 3853 l.
3402 3814 3479 3861 VI,
3512 3816 3562 3854 c.
3591 3800 3682 3856 18.

1615 3869 1711 3926 Die
1739 3884 1885 3924 nono
1912 3868 2086 3924 Martii
2118 3872 2184 3924 ad
2215 3870 2540 3940 legationem
2584 3885 2616 3923 a
2652 3867 2931 3924 Catelanis
2978 3868 3202 3924 missam
3236 3870 3603 3937 Andronicus,
3644 3885 3826 3942 magno

865 3970 870 3975 -
1545 3951 1689 3997 cmtu
1719 3951 2069 4011 congregato.
2100 3943 2404 3996 orationem
2441 3940 2620 4002 habet.
2655 3955 2764 4010 qua
2795 3955 2891 3996 eos
2927 3938 3092 3995 oiiicii
3122 3940 3432 3997 admonitos
3464 3944 3630 3996 etiam
3676 3941 3826 3998 mittis

1544 4012 1820 4068 deterrere
1842 4027 1872 4064 a
1895 4012 2242 4067 contumacia
2269 4020 2457 4071 tentat.
2489 4027 2539 4065 c.
2569 4013 2656 4068 19.

1616 4083 1964 4137 Andronicus
2005 4083 2303 4152 imperator
2347 4081 2519 4136 ﬁlium
2565 4081 2915 4138 Constantini
2964 4081 3440 4155 Porphyrogeniti,
3489 4081 3682 4139 fratris
3731 4081 3826 4147 sui.

1546 4155 2103 4227 panhypersebastum
2125 4164 2298 4218 creat,
2332 4154 2368 4207 l.
2391 4170 2468 4214 vi.
2500 4168 2548 4208 c.
2578 4152 2671 4208 20.

1564 4261 1573 4272 ι
1615 4224 1973 4281 Athanasium
2037 4225 2402 4294 patriarcliam
2457 4225 2528 4277 ob
2589 4225 2883 4280 immanem
2947 4224 3004 4281 in
3055 4239 3248 4280 omnes
3306 4224 3573 4282 saevitiam
3617 4225 3826 4282 cunctis

1547 4311 1772 4354 exosum
1801 4307 1857 4350 et
1885 4296 2009 4351 ideo
2030 4296 2169 4349 clam
2194 4295 2399 4366 sparsis
2421 4293 2624 4350 libellis
2647 4293 2874 4352 famosis
2896 4298 3252 4366 proscissum,
3278 4298 3544 4351 adversus
3569 4296 3824 4354 invidiam

1533 4369 1765 4424 munire
1809 4367 2039 4423 studens
2089 4367 2408 4435 imperator.
2438 4368 2760 4420 concionem
2808 4367 2972 4422 habet
3032 4369 3100 4422 de
3147 4367 3271 4436 ejus
3310 4365 3595 4433 laudibus,
3633 4369 3826 4423 addent

1547 4438 1854 4508 exemplum
1889 4437 2173 4507 cujusdam
2207 4437 2454 4502 Armeni,
2489 4437 2582 4507 qui
2615 4446 2903 4507 postquam
2932 4437 3238 4492 Athanasio
3268 4438 3668 4504 maledixisset,
3709 4451 3826 4493 casu

1545 4526 1673 4566 crus
1729 4510 1985 4570 fregerat,
2026 4509 2172 4570 quod
2223 4509 2340 4570 ipse
2390 4521 2610 4570 pinnam
2661 4523 2782 4563 esse
2831 4508 3092 4565 divinitus
3143 4509 3350 4565 illath
3384 4513 3717 4570 persuadere
3749 4523 3826 4564 co-

657 2378 792 2444 tam
873 2358 883 2449 ι
1018 2358 1052 2421 3
1181 2358 1504 2449 ιηεεῖῑειελ
1529 2358 1694 2431 iis.“
1727 2358 1954 2436 {signa
1968 2358 2544 2442 iisi;.1.‘.;.."iac";si
2583 2358 3304 2449 Εῇίῇἱὶἔτίἰτὲζέὲῑὲῦτέἱιδὸ
3323 2358 3658 2449 sinsin“;
3677 2358 3828 2448 ᾗ..

885 4573 899 5112 δ

887 5237 897 5289 ι

889 5303 898 5331 I

889 5347 898 5419 Ι

1316 2446 1384 2526 η
1495 2446 1683 2526 [terve
1715 2459 1944 2526 _re_cusat
1986 2451 2092 2516 ire,
2127 2452 2366 2526 irridens
2404 2446 2982 2526 etiatnucontemptim
3012 2461 3288 2526 concessa
3334 2446 3542 2526 sibi.ab
3572 2446 3831 2526 _Aug‘usto

1531 2519 1762 2588 insignia
1792 2523 2098 2594 bonorum;
2129 2538 2192 2577 ac
2219 2524 2379 2578 tertio
2406 2534 2535 2594 post
2565 2521 2655 2576 die
2677 2519 2794 2594 vela
2830 2517 2957 2576 iecit
3005 2517 3309 2589 Callipolim
3333 2517 3400 2572 ad
3436 2517 3828 2594 Catelanérunt

1530 2602 1732 2666 castra.
1760 2592 2068 2666 insalutato
2090 2595 2354 2666 Augusto,
2393 2589 2488 2666 qui
2519 2608 2643 2666 eum
2682 2592 2830 2666 satis
2848 2599 3190 2666 compertum
3223 2604 3420 2660 parare
3451 2589 3825 2646 defectionem

1532 2661 1712 2717 invadi
1739 2663 2086 2734 detinerique
2113 2681 2144 2719 a
2174 2661 2289 2720 auis
2319 2664 2513 2725 vetuit,
2550 2664 2586 2718 ι.
2617 2679 2698 2726 vt.
2729 2678 2780 2718 c.
2813 2663 2902 2716 I5.
2931 2661 2985 2734 __;
3085 2730 3098 2734 Α
3215 2732 3245 2734 _
3430 2730 3442 2734 _
3533 2713 3545 2734 ι

1605 2734 1903 2804 Imperator
1933 2730 2123 2791 videns
2151 2735 2442 2792 Catelanos
2468 2735 2631 2805 plane
2655 2742 2840 2805 certos
2863 2730 2996 2805 belli
3015 2730 3192 2805 palam
3215 2730 3480 2805 Romanis
3530 2731 3827 2805 inferendi,

1530 2802 2093 2874 quod—Genuensibus
2125 2806 2331 2862 dudum
2359 2817 2416 2861 et
2441 2802 2731 2874 recentius
2754 2802 3003 2874 Micliaeli
3026 2802 3197 2874 864
3253 2802 3502 2873 Augusto
3529 2803 3828 2860 indicanti-

1532 2871 1634 2931 bus
1657 2880 1880 2957 credere
1911 2879 2181 2957 noluerat.
2217 2887 2279 2932 ut
2306 2878 2362 2957 id_
2393 2873 2776 2957 quoquomodo
2806 2871 3127 2957 impedirEt:
3153 2871 3462 2957 Caesaream
3499 2874 3825 2957 dignitatem

1531 2959 1631 3071 patr
1661 2946 1867 3070 ifgato's
1915 2945 2425 3071 oﬂ'ertiiéontzerio,
2460 2945 2551 3018 qui
2595 2963 2714 3002 eam
2745 2945 2915 3003 certis
2955 2959 3099 3017 aegre
3161 2946 3380 3000 tandem
3413 2945 3829 3004 conditionibus

1531 3034 1562 3070 a
1604 3033 1673 3070 mt
1709 3027 1791 3071 ttt.
1849 3061 1862 3071 .
1888 3034 1961 3071 v1.
1993 3037 2042 3071 c.
2153 3062 2166 3071 .

1531 3018 1791 3082 admittit,
1827 3021 1862 3073 l.
1888 3034 1961 3079 Vl.
1993 3037 2042 3075 c.
2080 3021 2166 3074 16.

1827 3021 1862 3073 l.
1888 3034 1961 3079 v1.
1993 3037 2042 3075 c.
2080 3021 2166 3074 16.
3386 3074 3393 3078 .

1614 3087 1935 3162 Theodorus
1983 3091 2270 3147 Cliumnus
2317 3100 2548 3162 portans
2599 3088 2669 3145 ab
2713 3087 3160 3162 imperatoread
3202 3085 3560 3162 Bontzcrinm
3598 3087 3832 3162 insignia

1535 3158 1797 3231 Gaesareae
1823 3161 2105 3231 dignitatis
2134 3178 2258 3216 cum
2295 3158 2683 3230 diplomatibus
2713 3176 2848 3214 auro
2883 3158 3104 3215 bullatis
3135 3168 3189 3231 et
3223 3158 3445 3229 triginta
3475 3158 3829 3218 nummorum

1535 3230 1802 3296 millibus,
1838 3230 2065 3286 audiens
2109 3233 2166 3288 in
2209 3233 2406 3287 itinere
2439 3231 2732 3287 Catelaunos
2780 3247 2890 3286 non
2926 3230 3154 3301 exsequi
3191 3240 3370 3301 pacta,
3417 3238 3474 3284 et
3518 3235 3628 3287 vim
3662 3232 3735 3288 ab
3771 3231 3832 3286 iis

1535 3312 1810 3367 metuens,
1853 3319 1913 3358 re
1943 3303 2146 3359 iniecta
2178 3305 2342 3370 redit,
2368 3306 2403 3357 I.
2438 3317 2518 3365 VI,
2552 3319 2603 3357 c.
2635 3303 2726 3356 17.

1608 3372 1788 3445 Insula
1814 3373 1981 3429 Chios
2031 3390 2061 3429 a
2110 3374 2294 3430 Persis
2341 3383 2526 3442 capta,
2556 3374 2787 3445 direpta
2837 3379 3046 3428 vastata
3091 3382 3197 3436 est,
3226 3370 3830 3443 plerisqueincolarutl

1533 3443 1818 3499 barbarica
1837 3445 2182 3500 immanitate
2210 3445 2520 3508 trucidatis,
2551 3443 2684 3498 ibid.

1607 3514 2129 3587 Rontzeriusiapud
2168 3515 2478 3587 Callipolim
2509 3513 2830 3586 injuriosam
2863 3513 3181 3587 imperatori
3208 3521 3266 3570 et
3293 3516 3534 3587 superbe
3559 3514 3828 3572 minacem

1534 3586 1854 3641 concionem
1886 3586 2068 3650 habet,
2105 3589 2140 3640 Ι.
2171 3602 2248 3651 vt,
2275 3603 2325 3638 ο.
2356 3586 2443 3641 18.

1617 3657 1748 3712 Post
1768 3657 1956 3712 decem
1988 3657 2114 3713 inde
2145 3657 2261 3712 dies
2289 3656 2486 3711 litteris
2513 3656 2581 3711 ad
2608 3655 2982 3728 Andronicum
3012 3654 3156 3728 datis
3177 3656 3532 3722 Runtzerius,
3554 3657 3834 3728 peniten-

1544 3728 1674 3783 tiam
1703 3745 1731 3782 a
1762 3741 1820 3781 se
1853 3735 2044 3782 contra
2073 3729 2224 3782 illum
2260 3738 2510 3782 actorum
2551 3737 2610 3782 et
2634 3728 2906 3782 dictorum
2934 3727 3221 3788 simulans.
3263 3739 3319 3782 et
3351 3727 3742 3784 necessitatem
3772 3745 3832 3784 ex

1543 3799 1597 3856 vi
1625 3814 1654 3853 a
1683 3800 1798 3854 suis
1823 3798 1880 3853 in
1902 3800 2230 3854 seditionem
2265 3798 2558 3854 concitatis
2579 3813 2873 3860 excusans,
2908 3799 3121 3854 veniam
3143 3797 3299 3867 petit,
3335 3798 3372 3853 l.
3402 3814 3479 3861 VI,
3512 3816 3562 3854 c.
3591 3800 3682 3856 18.

1615 3869 1711 3926 Die
1739 3884 1885 3924 nono
1912 3868 2086 3924 Martii
2118 3872 2184 3924 ad
2215 3870 2540 3942 legationem
2584 3885 2616 3923 a
2652 3867 2931 3924 Catelanis
2978 3868 3202 3942 missam
3236 3870 3603 3942 Andronicus,
3644 3885 3836 3942 magno

1545 3951 1689 3997 cmtu
1719 3951 2069 4011 congregato.
2100 3938 2404 3996 orationem
2441 3940 2620 4002 habet.
2655 3955 2764 4010 qua
2795 3955 2891 3996 eos
2927 3938 3092 3995 oiiicii
3122 3940 3432 3997 admonitos
3464 3944 3630 3996 etiam
3676 3938 3834 3998 mittis

1544 4012 1820 4068 deterrere
1842 4027 1872 4064 a
1895 4012 2242 4067 contumacia
2269 4020 2457 4071 tentat.
2489 4027 2539 4065 c.
2569 4013 2656 4068 I9.

1616 4083 1964 4137 Andronicus
2005 4083 2303 4152 imperator
2335 4081 2519 4155 tilium
2565 4081 2915 4155 Constantini
2964 4081 3440 4155 Porphyrogeniti,
3489 4081 3682 4139 fratris
3731 4081 3832 4147 sui,

1546 4155 2103 4227 panhypersebastum
2125 4164 2298 4227 creat,
2332 4154 2368 4207 l.
2391 4170 2468 4214 vt.
2496 4168 2548 4227 c.
2578 4152 2671 4227 20.

1564 4224 1973 4281 -Atlianasium
2037 4225 2528 4294 patriarcliamiob
2589 4225 2883 4294 immanem
2947 4224 3004 4281 in
3055 4239 3248 4280 omnes
3306 4224 3573 4282 saevitiam
3617 4225 3829 4282 cunctis

1547 4311 1772 4354 exosum
1801 4307 1857 4350 et
1885 4296 2009 4351 ideo
2030 4293 2169 4349 clam
2194 4295 2399 4366 sparsis
2421 4293 2624 4350 libellis
2647 4293 2874 4352 famosis
2896 4298 3252 4366 proscissum,
3278 4298 3544 4366 adversus
3569 4296 3824 4354 invidiam

1533 4369 1765 4424 munire
1809 4367 2039 4423 studens
2089 4365 2408 4435 imperator.
2438 4368 2760 4420 concionem
2808 4365 2972 4422 habet
3032 4369 3100 4422 de
3147 4367 3271 4436 ejus
3310 4365 3595 4433 laudibus,
3633 4369 3832 4423 addens

1547 4438 1854 4508 exemplum
1889 4437 2173 4507 cujusdam
2207 4437 2454 4502 Armeni,
2489 4437 2582 4507 qui
2615 4446 2903 4507 postquam
2932 4437 3238 4492 Athanasio
3268 4438 3668 4504 maledixisset,
3709 4451 3833 4493 casu

1545 4510 1985 4632 crmslfreglerat,
2026 4509 2172 4632 quat
2223 4509 2340 4578 ipse
2390 4521 2610 4578 pinnam
2661 4523 2782 4563 esse
2831 4508 3092 4565 divinitus
3143 4509 3350 4565 illath
3383 4513 3717 4580 persuadere
3749 4523 3832 4564 co-

1545 4598 1615 4632 na
1661 4596 1687 4632 a
1721 4596 1804 4632 ur.
1862 4617 1878 4632 .
1905 4597 1980 4632 vi.
2013 4595 2065 4632 c.
2169 4619 2182 4632 .

1545 4584 1804 4642 nabatur,
1841 4584 1878 4633 I.
1905 4597 1980 4642 vi,
2013 4595 2065 4633 c.
2091 4584 2182 4633 2i.

1198 4621 1204 4692 ί
1507 4621 2182 4722 l""ﬂit?r"t.;c'}ii€'qifa'
2209 4649 2400 4722 Lazari
2431 4649 2653 4722 excitati
2688 4663 2787 4720 per
2817 4646 3098 4706 Christum
3135 4665 3166 4706 e
3207 4650 3446 4706 mortuis
3485 4650 3834 4721 Evangeliutn

1547 4723 1690 4779 inter
1713 4737 1867 4777 sacra
1898 4719 2165 4776 recitatur
2195 4723 2249 4774 in
2281 4721 2510 4774 ecclesia
2539 4719 2748 4786 Grazca,
2774 4724 2919 4791 quod
2946 4733 3155 4776 certum
3179 4734 3264 4777 est
3290 4723 3404 4777 ﬁeri
3451 4719 3694 4777 Sabban
3715 4737 3833 4777 con-

1197 4795 1206 4865 ζ
1509 4791 1519 4865 |
1547 4797 1694 4865 tiguo
1716 4793 2014 4865 Dominicis
2037 4791 2201 4863 865
2223 4791 2402 4865 Palma
2414 4808 2555 4865 rum.
2581 4791 2694 4865 sive
2708 4793 2880 4861 pridie
2899 4792 3018 4861 ejus
3037 4793 3342 4864 festi,quod
3362 4794 3451 4848 illo
3468 4810 3611 4848 anno
3638 4792 3833 4847 Pascha

1550 4863 1783 4920 habente
1803 4863 1873 4917 26
1902 4863 2082 4918 Martii
2108 4864 2341 4934 omnino
2363 4863 2556 4916 incidit
2591 4864 2643 4915 in
2681 4865 2746 4917 i9
2785 4865 3033 4932 ejusdem
3065 4865 3294 4928 mensis,
3337 4879 3400 4918 ac
3443 4873 3835 4934 consequenter

1549 4937 1863 5005 praecedens
1887 4935 2173 4989 sabbatum
2215 4935 2276 4988 I9
2302 4933 2478 4987 Martii
2513 4935 2657 4987 diem
2700 4935 2926 4992 insedit.
2961 4935 3290 4990 Rontzerius
3338 4934 3572 4990 Cat-saris
3613 4933 3831 5005 insignia

1548 5008 1615 5062 ab
1651 5007 1963 5060 Andronico
2013 5005 2453 5080 inipcratoreuad
2494 5020 2552 5058 se
2598 5009 2786 5080 missa,
2831 5022 2971 5080 cum
2993 5007 3172 5080 tribus
3220 5005 3306 5079 [Ρ.
3358 5005 3488 5080 6ξ7]
3525 5017 3582 5062 et
3625 5007 3834 5078 triginta

1550 5092 1897 5132 nummorum
1929 5092 2218 5129 aureorum
2247 5077 2508 5137 millibus,
2535 5076 2855 5131 solemniter
2882 5077 3082 5142 induit,
3118 5077 3155 5135 l.
3183 5076 3260 5138 vi.
3292 5093 3343 5132 c.
3369 5077 3460 5131 22.

1620 5150 1946 5206 itontzerius
1971 5148 2083 5215 jam
2118 5152 2298 5203 Caesar
2338 5163 2460 5202 cum
2513 5147 2614 5200 150
2654 5147 2807 5204 lectis
2842 5163 2871 5203 e
2903 5163 3128 5203 suorum
3163 5163 3396 5203 numero
3433 5145 3832 5217 AdrianOpolim

1549 5239 1609 5280 se
1640 5221 1872 5292 confert,
1922 5220 2257 5292 salutaturus
2287 5218 2397 5292 illic
2421 5218 2736 5272 Michaelem
2769 5219 3050 5276 .Iuniorem
3076 5225 3405 5291 Augustum,
3436 5233 3469 5274 a
3497 5235 3608 5290 quo
3632 5217 3834 5292 magni-

1549 5296 1651 5351 ﬁce
1679 5290 1969 5361 excipitur,
2006 5291 2044 5343 l.
2081 5307 2156 5353 vr,
2192 5305 2241 5342 c.
2272 5289 2362 5343 ‘23.

1623 5358 1954 5422 Itontzerius
1983 5362 2167 5416 Caesar
2196 5361 2264 5414 ab
2295 5359 2482 5414 Alanis
2513 5358 2845 5433 interﬁcitur
2875 5360 3233 5433 Adrianopoli
3266 5361 3322 5417 in
3356 5361 3478 5431 ipso
3503 5360 3657 5418 aditu
3690 5360 3835 5417 cubi-

1623 5379 1954 5422 Itontzertus
1983 5379 2167 5416 caesar
2196 5379 2264 5414 an
2295 5379 2482 5414 Alanis
2513 5379 2845 5416 interncuur
2875 5379 3233 5433 Adrianopou
3267 5379 3322 5417 tn
3356 5379 3458 5431 ψει

1199 5379 1212 5554 i
1513 5379 1662 5554 lculi
1691 5440 1968 5503 Augustae,
2002 5433 2068 5487 ad
2092 5447 2253 5501 quam
2287 5432 2634 5487 salutandam
2665 5432 3080 5500 admittebatur,
3105 5432 3144 5489 1.
3177 5450 3252 5501 vr,
3287 5449 3340 5488 (τ.
3364 5433 3458 5488 24.

1631 5511 1758 5554 Eius
1787 5505 2018 5554 comites
2049 5507 2106 5554 in
2136 5502 2440 5554 custodiam
2475 5513 2606 5554 tunc
2632 5504 2764 5554 dati.
2793 5512 2983 5554 postea
3006 5503 3131 5554 fuga
3163 5506 3398 5554 evadere
3439 5518 3458 5554 ί

1631 5511 1758 5580 Ejus
1787 5502 2106 5580 Comitesin
2136 5502 2440 5580 custodiam
2475 5513 2606 5580 tunc
2632 5504 2764 5580 dati.
2793 5503 3131 5580 posteafitga
3163 5506 3398 5560 evadere
3439 5511 3725 5570 conantes,
3751 5502 3837 5558 obo

1555 5573 1714 5646 sessi,
1746 5579 2065 5648 oppugnati,
2095 5575 2219 5648 igne
2245 5573 2517 5648 absumpti
2550 5584 2696 5648 sunt;
2726 5575 2762 5628 ι.
2792 5592 2872 5648 _vt.
2907 5590 2956 5628 c.
2983 5573 3072 5648 53.

1626 5644 1868 5708 Catelani
1894 5646 2169 5716 Callipoli,
2211 5645 2299 5699 ubi
2331 5645 2757 5700 dominabantur
2789 5645 3052 5701 Romanis
3075 5644 3151 5702 ibi
3189 5645 3489 5703 crudeliter
3520 5645 3833 5708 interiectis.

1555 5724 1879 5784 obsidentur
1911 5721 1978 5774 ab
2001 5728 2244 5773 exercitu
2271 5787 2276 5788 ί
2303 5716 2567 5780 Romano,
2602 5719 2742 5771 duce
2775 5732 2970 5786 magno
3021 5717 3335 5788 primicerio
3363 5735 3378 5775 :
3403 5719 3499 5773 sed
3540 5717 3834 5788 obsidione.

1559 5795 1746 5856 fraude
1772 5791 2076 5862 impetratis
2109 5787 2364 5862 indutiis.
2390 5787 2564 5862 laxata
2611 5803 2792 5862 arce_m
2848 5785 2994 5843 illam
3022 5785 3442 5862 _commeatibus
3491 5798 3550 5862 et
3590 5785 3838 5862 prasidiis

1558 5858 2178 5941 muniunt.'_'l"utn_aucti
2225 5859 2398 5941 copiis
2437 5859 2688 5941 regiones
2719 5858 2998 5941 Bottianas
3028 5861 3336 5941 incursant:
3389 5858 3724 5941 Perinthum.
3758 5858 3835 5913 die

1554 5948 1625 6007 es
1652 5939 1774 5996 Maii
1819 5936 1870 5994 vi
1900 5935 2142 6005 capiunt,
2172 5931 2476 6004 puberibus
2504 5931 2578 5987 ibi
2609 5931 2838 6002 repertis
2885 5933 3106 5990 occisis.
3141 5931 3208 5988 Et
3237 5932 3429 5989 eadem
3486 5931 3576 5990 die
3626 5931 3837 6002 trajecta
