4038 6296
584 334 688 398 919

1779 347 2104 410 GEORGII
2145 349 2628 413 PACHYMERA!

3745 349 3850 418 920

576 449 780 506 lumnae
819 466 850 507 a
891 460 1039 509 terra
1078 452 1352 527 exsurgit,
1399 466 1610 529 septem
1628 474 1695 514 ex
1727 475 2004 516 marmore
2035 461 2164 515 albo

2269 465 2530 538 ὕπανέχει
2562 445 2656 521 τὸν
2696 462 2876 521 κίονα.
2911 465 2985 520 Τδ
3009 464 3070 520 δὲ
3109 463 3335 539 βάθρον,
3384 465 3654 538 κλίμακες
3681 469 3850 541 μέχρι

581 544 844 613 gradibus
875 545 1149 604 instructa
1178 566 1191 605 :
1226 551 1246 620 (
1271 566 1458 606 verum
1493 562 1607 607 tres
1637 549 1930 609 inferiores
1958 552 2162 625 gradus

581 637 785 707 injuria
821 648 1131 709 temporum
1172 643 1230 698 in
1277 653 1481 700 terram
1511 644 1760 716 depressi
1794 647 1986 714 sunt;)
2036 663 2163 716 gra—

580 730 686 784 dus
713 747 896 787 autem
930 733 1162 790 inferius
1192 736 1438 803 latiores,
1468 739 1818 807 angustiores
1859 739 2157 810 superius:

577 840 760 893 neque
799 827 868 882 ab
899 843 1008 881 uno
1039 828 1242 894 solum,
1279 828 1376 884 sed
1411 844 1442 884 ι
1476 842 1718 900 quatuor
1746 831 2038 898 lateribus,
2075 848 2161 887 se-

578 919 823 974 cundum
885 921 1252 993 quadranguli
1305 923 1536 994 ﬁguram
1593 924 1798 995 gradus
1859 924 2157 989 habentur,

578 1013 782 1080 quibus
814 1014 1077 1070 adscendi
1130 1024 1333 1086 potest,
1381 1017 1561 1072 donec
1595 1017 1661 1072 ad
1695 1019 1915 1088 planum
1956 1033 2158 1089 perve-

577 1103 765 1159 niatur
803 1123 818 1162 :
871 1118 928 1162 et
980 1107 1251 1165 hactenus
1297 1110 1525 1181 quidem
1569 1111 1794 1182 planum
1849 1123 2018 1179 esset,
2048 1112 2158 1168 nisi

577 1199 881 1268 quodpiam
941 1201 1068 1258 istic
1115 1203 1415 1261 mdiilcium
1466 1219 1537 1261 ex
1589 1206 1862 1263 lateribus
1913 1215 1969 1261 et
2005 1206 2158 1262 calce

580 1303 961 1351 constructum
1001 1296 1218 1362 fuisset,
1247 1311 1488 1370 quatuor
1517 1299 1901 1356 columnarum
1928 1300 1984 1356 in
2028 1301 2164 1358 toti-

578 1387 703 1439 dem
752 1389 967 1458 angulis
1013 1400 1370 1460 conspectum
1403 1395 1726 1463 praeferens,
1762 1394 1865 1448 etsi
1902 1408 2031 1448 vere
2063 1409 2162 1450 co.

2264 559 2361 614 καὶ
2409 561 2466 623 ἐς
2493 561 2634 614 ἑπτὰ
2683 560 2956 632 βαθμίδας
3006 560 3206 631 λευκῆς
3238 560 3537 632 μαρμάρου
3582 561 3856 627 ἀνῳκοδό-

2265 671 2469 726 μηνται
2503 655 2594 724 (τά
2624 655 2680 710 δὲ
2705 656 2854 711 κάτω
2875 654 2986 708 τών
3013 653 3318 724 βαθμίδων,
3347 654 3514 727 μέχρι
3545 656 3642 710 καὶ
3665 657 3725 718 ες
3754 657 3853 720 τάς

2263 751 2434 819 τρεῖς,
2483 747 2627 802 οὕτω
2657 747 2750 802 τοῦ
2781 749 2980 820 χρόνου
3027 746 3509 818 καινοτομοῦντος,
3555 751 3709 803 κάτω
3749 749 3856 817 γῆς

2263 839 2673 910 κατωρύχαται)
2699 841 2811 893 ἀπὸ
2853 839 3084 903 πλατέος
3120 839 3216 893 τοῦ
3242 838 3395 894 κάτω
3425 839 3512 903 είς
3541 839 3732 893 στενὸν
3764 838 3857 909 λή-

2261 948 2459 1000 γουσαι
2482 946 2500 964 ο
2527 931 2668 1002 πλὴν
2708 933 2806 986 ούκ
2836 931 2931 1002 ἀφ’
2970 931 3090 992 ἑνὸς
3132 931 3360 1005 μέρους,
3392 931 3534 986 ἀλλὰ
3577 933 3858 1003 πανταχό-

2263 1026 2357 1080 θεν
2406 1025 2552 1081 κατά
2594 1029 2782 1098 σχῆμα
2834 1029 3218 1097 τετράγωνονο
3245 1026 3324 1091 ώς
3366 1025 3691 1083 ἀναϐαίνειν
3754 1028 3855 1097 μὲν

2263 1119 2534 1185 κάτωθεν,
2560 1120 2760 1174 ὁπόθεν
2783 1138 2869 1184 τις
2894 1120 3140 1192 βούλοιτο
3159 1138 3174 1156 ·
3208 1114 3330 1175 εἶτα
3361 1120 3420 1176 δὲ
3464 1121 3750 1192 καταντᾷν
3777 1119 3857 1182 είς

2261 1211 2628 1284 ἀγχώμαλον·
2675 1211 2780 1266 κᾶν
2816 1207 2886 1282 ἦν
2929 1212 3024 1265 καὶ
3086 1211 3217 1265 ίδείν
3269 1207 3528 1264 ἐπίπεδον
3571 1207 3744 1262 τοῦτό
3790 1208 3855 1261 δι’

2263 1308 2406 1371 ὅλου,
2441 1309 2491 1361 εί
2533 1306 2608 1378 μή
2644 1324 2699 1360 τι
2748 1306 2835 1360 ἐπ’
2868 1305 3038 1360 αὑτοῦ
3081 1304 3141 1371 ἐξ
3166 1303 3344 1376 όπτῆς
3381 1302 3610 1358 πλίνθου
3655 1318 3721 1358 τε
3764 1304 3858 1357 καὶ

2261 1399 2481 1454 τιτάνου
2520 1398 2866 1470 οἰκοδόμημα
2910 1397 3344 1461 κατεσκεύαστο,
3382 1395 3608 1468 τετράσι
3646 1395 3753 1465 μὲν
3783 1393 3855 1458 ὡς

581 1480 783 1536 lumine
819 1498 926 1537 non
974 1485 1105 1548 sint,
1150 1486 1246 1540 sed
1281 1486 1668 1542 columnarum
1703 1489 1942 1557 speciem
1979 1489 2160 1543 solum

2269 1479 2399 1549 ίδεῐν
2438 1492 2581 1549 κατά
2613 1495 2818 1564 γωνίας
2876 1490 2976 1556 τὰς
3018 1491 3140 1557 ίσας
3185 1491 3333 1545 κίοσι
3380 1490 3772 1560 συνεχόμενον,
3797 1489 3852 1541 ού

578 1585 1184 1640 repraesenteutmam
1237 1578 1293 1632 in
1343 1578 1639 1647 superﬁcie
1685 1594 2026 1635 marmorum
2077 1589 2162 1636 ta-

2269 1585 2376 1660 μὴν
2402 1585 2459 1640 δὲ
2492 1586 2586 1640 καὶ
2636 1583 2819 1639 κίοσιν
2855 1581 3140 1654 ἄντικρυς,
3172 1579 3316 1649 πλὴν
3348 1579 3476 1635 ὅσον
3526 1577 3659 1632 ίδεῖν
3679 1594 3697 1609 ο
3730 1577 3851 1629 lm-

577 1666 722 1724 bula:
773 1669 1126 1740 adaptantur,
1166 1688 1289 1743 qua:
1347 1675 1501 1730 intus
1550 1673 1912 1746 pyromachas
1950 1673 2160 1745 lapides

2269 1680 2436 1752 πολῆς
2492 1678 2604 1751 γάρ
2659 1677 2870 1740 πλάκες
2921 1677 3234 1748 μαρμαίρων
3285 1670 3687 1743 ὲξυφασμέναι,
3724 1669 3854 1731 τοὺς

581 1772 920 1834 contegant;
954 1774 1015 1820 ut
1063 1782 1130 1821 ex
1171 1782 1300 1832 uno,
1351 1768 1445 1837 qui
1497 1783 1598 1839 per
1650 1778 1871 1838 tempus
1917 1768 2159 1824 tabulam

2269 1775 2416 1838 ιντὸς
2439 1773 2768 1844 πυρομάχας
2797 1771 2978 1834 λίθους
3002 1767 3468 1841 συγκρύπτουσιν,
3491 1763 3570 1828 ώς
3596 1762 3726 1818 ἔστι
3753 1779 3856 1833 μα-

579 1853 786 1918 amisit,
836 1855 1087 1912 ediscere
1141 1859 1294 1914 licet.
1329 1858 1567 1916 IEdiﬁcii
1622 1861 1798 1916 forma
1852 1861 1908 1916 in
1953 1862 2157 1917 cubum

2269 1867 2378 1920 θεῖν
2422 1867 2487 1920 ὲκ
2532 1865 2686 1936 μιᾶς,
2739 1861 3125 1931 ἀποϐαλούσης
3163 1858 3243 1931 τῷ
3278 1859 3457 1932 χρόνῳ
3487 1858 3589 1927 τὴν
3627 1855 3851 1911 πλάκα·

578 1949 913 2006 concinnata
944 1961 1069 2019 est;
1101 1953 1173 2007 ita
1201 1961 1284 2020 ut,
1306 1969 1374 2008 ex
1396 1954 1546 2010 senis
1575 1955 1704 2010 cubi
1731 1953 2158 2028 superﬁciebus,

577 2053 820 2117 quatuor
860 2061 892 2101 e
939 2046 1208 2103 lateribus
1273 2048 1487 2118 positae,
1550 2049 1780 2105 totidem
1847 2049 2162 2120 porticibus

576 2146 870 2196 ornentur.
926 2139 1068 2196 Huic
1116 2141 1352 2197 aedilicio
1392 2142 1540 2199 basis
1592 2143 1705 2199 alia
1756 2158 1828 2198 ex
1878 2159 2161 2200 marmore

580 2233 709 2289 albo
737 2233 1072 2304 imponitur;
1096 2233 1188 2290 isti
1220 2233 1421 2301 altera,
1477 2235 1618 2292 huic
1658 2235 1820 2292 tertia
1856 2252 1872 2289 :
1909 2237 1996 2292 bis
2040 2251 2164 2291 om-

581 2328 754 2385 nibus
778 2338 977 2400 quarta
1022 2327 1335 2395 circularis,
1363 2345 1432 2386 ex
1456 2330 1825 2386 marmoribus
1869 2331 2122 2386 confecta
2146 2345 2161 2395 ;

578 2426 658 2481 ita
694 2434 756 2479 ut
799 2433 916 2480 tres
952 2424 1177 2496 quidem
1224 2425 1519 2480 latitudine
1569 2425 1690 2481 aliae
1738 2425 1862 2480 aliis
1913 2425 2163 2480 minores

581 2530 641 2575 et
677 2519 1030 2590 angustiores
1079 2519 1209 2586 sint,
1265 2529 1464 2591 quarta
1516 2534 1648 2574 vero
1688 2521 1742 2574 in
1782 2521 2052 2574 circulum
2088 2519 2166 2574 sit

579 2611 909 2680 composita,
956 2621 1124 2683 atque
1169 2612 1324 2668 basin
1365 2609 1573 2667 tribuat
1620 2612 1892 2667 columnae
1921 2627 2162 2667 consen-

579 2715 820 2760 taneam.
852 2705 984 2761 istic
1011 2707 1273 2760 fundatur
1300 2706 1584 2772 columna,
1612 2706 1745 2761 olim
1795 2706 2046 2777 quidem,
2099 2713 2162 2760 ut

577 2808 834 2862 narrant,
886 2799 1043 2855 vario
1079 2808 1136 2853 et
1174 2798 1430 2854 Temesio
1477 2814 1588 2854 aere
1623 2799 1822 2854 vestita
1860 2813 1875 2863 ς
1907 2799 2076 2868 quod,
2113 2798 2160 2853 si

579 2890 999 2948 ﬁdesnarranti
1032 2891 1328 2957 habeatur,
1357 2903 1587 2965 argento
1617 2907 1725 2946 non
1760 2891 1995 2947 multum
2027 2891 2163 2947 con-

579 2982 827 3039 cederet.
857 2981 1018 3038 Nunc
1052 2990 1238 3036 autem
1273 2981 1417 3038 nuda
1442 2982 1672 3038 omnino
1699 2991 1907 3044 manet.
1934 2991 1994 3039 ut
2021 2997 2149 3054 pose

581 3075 657 3131 sit
687 3074 928 3146 quisque
970 3075 1186 3145 lapides
1223 3073 1347 3145 eius
1402 3090 1722 3142 numerare,
1755 3091 1820 3132 ac
1850 3076 2164 3148 deprehen-

2264 1963 2360 2014 καὶ
2390 1959 2454 2015 τὸ
2485 1958 2582 2014 τοῦ
2634 1957 3076 2028 οἰκοδομήματος
3101 1954 3290 2026 σχῆμα
3330 1953 3411 2014 είς
3439 1949 3609 2005 κύσον
3650 1949 3859 2006 ἀποτει-

2261 2056 2573 2124 τόρνευται,
2603 2052 2712 2108 τῶν
2735 2050 2798 2116 ἓξ
2822 2049 3103 2104 ἐπιπέδων
3122 2047 3193 2102 τὰ
3217 2047 3362 2102 κατά
3382 2044 3445 2100 τὸ
3469 2043 3709 2112 πλάγιον
3738 2041 3857 2094 τέτ-

2261 2165 2406 2216 ταρα
2445 2148 2631 2210 στοαῖς
2661 2143 3078 2216 καλλυνομίνων
3096 2137 3171 2210 (2)
3202 2139 3486 2208 τέσσαρσι.
3519 2134 3777 2190 Ἀνωθεν
3800 2132 3856 2186 δὲ

2261 2244 2481 2308 τούτου,
2515 2240 2679 2296 πάλιν
2712 2239 2871 2312 βάσις
2919 2237 3085 2308 ἀτέρα
3130 2230 3430 2306 μαρμάρου
3475 2228 3719 2298 λευκῆςο
3761 2227 3854 2280 καὶ

2264 2336 2421 2400 αὖθις
2452 2335 2540 2388 ἐπ’
2567 2333 2740 2403 αὐτῆς
2769 2331 2905 2401 άλλη
2933 2347 2949 2362 ο
2997 2327 3088 2400 ἐφ’
3117 2320 3187 2401 ἦς
3216 2327 3313 2382 καὶ
3339 2323 3500 2407 τρίτη
3521 2338 3539 2355 ·
3579 2324 3681 2375 καὶ⁵
3709 2319 3851 2389 ζώνη

2263 2446 2346 2493 τις
2378 2429 2474 2481 ἐπὶ
2517 2425 2748 2489 ταύταις
2798 2422 2911 2479 ἀπὸ
2963 2419 3276 2494 μαρμάρων
3319 2408 3558 2488 τετάρτη
3587 2432 3600 2446 ’
3633 2413 3718 2478 ὡς
3761 2411 3854 2474 τὰς

2261 2525 2414 2593 τρεῖς
2444 2521 2542 2591 μὲν
2573 2520 2682 2574 ἀπὸ
2717 2518 2949 2582 πλατέος
2975 2518 3072 2571 καὶ
3099 2514 3306 2576 ταύτας
3333 2512 3413 2576 είς
3440 2509 3626 2566 στενὸν
3651 2523 3857 2562 καταν-

2263 2615 2384 2687 τᾷν,
2411 2615 2509 2684 τὴν
2538 2614 2584 2666 δ’
2611 2611 2700 2665 ἐπ’
2748 2611 2940 2674 αὑταῖς
2980 2607 3161 2680 ζώνην
3191 2602 3676 2680 κυκλοῦσθαι,ικαὶ
3714 2600 3850 2654 διδό-

2265 2705 2463 2778 ναιτῷ
2516 2705 2696 2773 στύλῳ
2741 2703 2840 2775 τὴν
2891 2702 3050 2774 βάσιν
3092 2699 3464 2772 ἁρμόζουσαν.
3505 2692 3800 2750 Ἐντεῦθεν
3827 2689 3855 2743 ό

2268 2800 2457 2863 στύλος
2489 2797 2910 2869 ἐπῳκοδόμηται
2934 2813 2950 2828 ·
2981 2795 3152 2848 πάλαι
3179 2793 3299 2863 μὲν,
3332 2788 3408 2855 ώς
3439 2786 3745 2859 ἀκούομεν.
3771 2802 3856 2838 κε·

2266 2892 2618 2962 καλυμμένος
2648 2889 2883 2960 ποικίλῳ
2915 2888 3161 2960 τεμεσίῳ
3189 2883 3378 2957 χαλκῷ
3395 2899 3418 2966 γ’
3451 2883 3502 2936 εί
3533 2882 3593 2936 ὃὶ
3627 2895 3858 2936 πιστευ-

2264 2990 2387 3045 τέον
2410 2988 2489 3059 τῷ
2518 2988 2755 3056 λέγοντι,
2781 2984 2845 3038 οὐ
2881 2983 3062 3056 πολλῷ
3105 2983 3200 3037 καὶ¹
3235 2979 3480 3054 ἀργύρου
3507 2979 3724 3032 δίοντιο
3761 2973 3851 3029 νῦν

2266 3082 2322 3138 δὲ
2347 3081 2556 3154 γυμνὸς
2586 3080 2648 3135 τὸ
2674 3079 2935 3152 παράπαν
2977 3077 3338 3147 φαινόμενοςο
3369 3073 3446 3138 ὡς
3492 3069 3852 3143 ἀριθμεῖσθαι

581 3172 719 3228 dere
775 3169 1155 3242 Pyromaehas
1201 3185 1346 3244 esse,
1395 3171 1903 3241 commissurasquc
1961 3187 2164 3242 cogno-

2269 3179 2364 3234 καὶ
2391 3174 2518 3239 τοὺς
2542 3173 2724 3237 λίθους
2750 3171 2915 3228 αὐτοῦ
2945 3173 3022 3241 (ὅ)
3050 3170 3262 3233 ὀπόσοι,
3295 3169 3389 3222 καὶ
3410 3168 3492 3222 ὅτι
3525 3165 3850 3235 πυρομάχαι

582 3279 764 3320 scere.
797 3260 1084 3332 Habetque
1118 3243 1423 3318 circulares
1447 3262 1675 3318 ordines
1701 3279 1769 3318 ex
1799 3262 1981 3334 lapide
2006 3263 2155 3327 albo,

581 3359 639 3414 in
683 3355 1025 3422 longitudine
1049 3355 1319 3410 columna
1342 3356 1459 3426 pari
1490 3355 1792 3412 interstitio
1821 3355 2156 3428 disiunctus.

583 3448 684 3518 qui
709 3449 776 3504 ad
811 3448 1003 3504 decem
1045 3463 1278 3503 numero
1310 3455 1441 3502 sunt
1476 3464 1490 3501 :
1529 3447 1660 3503 hinc
1690 3447 1831 3504 alios
1859 3447 2161 3504 circularcs

582 3543 808 3599 ordines
835 3559 904 3598 ex
929 3558 1205 3598 marmore
1243 3542 1391 3607 albo,
1422 3541 1518 3598 sed
1549 3542 1585 3597 ii
1612 3543 1864 3613 contigui
1892 3551 2058 3608 sunt;
2085 3542 2161 3597 ita

585 3647 649 3696 ut
673 3639 948 3696 secundus
980 3640 1183 3710 primo,
1214 3639 1411 3694 tertius
1438 3638 1683 3694 secundo
1713 3639 2007 3709 impositus
2041 3639 2116 3693 sit
2143 3679 2157 3698 .

588 3743 646 3791 et
683 3735 764 3791 sic
795 3734 1058 3805 deinceps
1107 3749 1282 3803 usque
1313 3735 1382 3790 ad
1433 3749 1665 3790 nouum.
1711 3731 1910 3789 Verum
1967 3733 2002 3790 ii
2053 3750 2161 3788 non

586 3829 872 3899 equaliter
934 3829 988 3883 in
1047 3835 1328 3884 structura
1383 3843 1442 3883 se
1495 3829 1724 3892 habent,
1774 3828 1870 3884 sed
1928 3828 2159 3883 latiores

587 3923 857 3993 gradatim
889 3930 1040 3988 sunt,
1070 3930 1130 3976 ut
1172 3919 1324 3978 basin
1382 3921 1634 3978 latiorem
1676 3921 1936 3991 imposito
1982 3920 2162 3976 ordini

586 4023 867 4087 praestent,
909 4013 1002 4084 qui
1031 4012 1279 4068 decimus
1327 4028 1526 4068 novem
1571 4012 1696 4069 aliis
1730 4013 2035 4079 incumbit;
2085 4013 2158 4067 ita

586 4114 651 4165 ut
695 4123 800 4163 nec
826 4109 929 4163 ista
983 4123 1111 4178 pars
1145 4105 1394 4178 perlecta
1442 4121 1681 4161 numero
1721 4117 1925 4162 careat.
1986 4093 2167 4177 Hujus

587 4216 726 4259 vero
756 4200 958 4273 lapidis
1003 4202 1180 4255 forma
1216 4200 1431 4271 quadra
1460 4208 1546 4256 est
1564 4215 1587 4268 ;_
1633 4217 1826 4257 verum
1859 4201 1913 4256 in
1968 4202 2168 4259 mediis

586 4294 854 4352 lateribus
872 4293 1290 4349 commissuram
1320 4291 1565 4356 exhibet,
1597 4293 1670 4347 ita
1703 4303 1761 4348 ut
1790 4294 1950 4350 lineae
1986 4292 2167 4366 frangi

587 4388 988 4450 videantur,ct-
1027 4388 1282 4442 fracturae
1330 4386 1609 4456 lapidibus
1655 4388 2054 4458 obsignentur;
2100 4403 2169 4443 ac

590 4495 790 4557 praeter
822 4485 945 4538 illos
993 4489 1232 4542 tantum,
1266 4489 1413 4536 totus
1465 4480 1606 4551 lapis
1654 4481 1711 4535 in
1763 4482 2003 4537 circuitu
2054 4497 2168 4542 mre

592 4555 862 4649 operitur.
894 4577 976 4631 Ab
1016 4577 1147 4632 hinc
1178 4584 1362 4629 autem
1394 4575 1591 4629 artifex
1619 4574 1910 4630 aedilicium
1945 4585 2167 4631 contra-
2196 4555 2247 4616 Π

592 4673 737 4729 hens
779 4671 1010 4727 densum
1058 4669 1297 4740 lapidem
1325 4668 1613 4739 imposuit,
1662 4669 1792 4722 huic
1835 4684 1969 4724 vero
1999 4670 2170 4727 alium

592 4765 827 4822 minoris
867 4765 1298 4841 circumquaque
1352 4762 1681 4827 latitudinis,
1716 4762 1810 4832 qui
1859 4777 2172 4833 congruen-

596 4871 707 4915 tem
737 4873 880 4929 equo
905 4857 1080 4914 basim
1108 4857 1370 4928 praebeat:
1403 4870 1512 4909 non
1540 4853 1705 4908 modo
1732 4854 1878 4908 enim
1912 4854 2171 4914 columna

595 4953 947 5007 latitudinem
987 4949 1297 5022 expetebat.
1329 4959 1390 5005 ut
1451 4965 1574 5019 quae
1622 4948 1878 5019 imposita
1910 4958 2041 5005 sunt
2071 4947 2170 5003 [ir-

595 5044 741 5099 mius
788 5043 1194 5106 consisterent,
1221 5043 1317 5097 sed
1363 5041 1530 5097 etiam
1565 5040 1854 5112 angustius
1905 5055 2171 5096 cacumen

594 5136 973 5202 desiderabat,
1023 5145 1088 5192 ut
1115 5135 1399 5207 opiﬁcium
1430 5135 1753 5204 impositum
1784 5135 1963 5191 oculis
1992 5135 2171 5194 unde-

593 5244 814 5299 quaque
864 5237 1101 5298 pateret.
1153 5229 1343 5300 Equus
1396 5240 1582 5283 autem
1633 5243 1822 5284 aeneus
1880 5237 1987 5292 est,
2029 5228 2172 5283 miro

593 5320 830 5376 artiﬁcio
874 5320 1212 5385 elaboratus,
1251 5334 1354 5375 nec
1403 5321 1606 5392 dignus
1649 5320 1743 5386 qui
1772 5336 1802 5376 a
1831 5332 2169 5390 praetereun-

2270 3269 2492 3336 ειδέναι,
2520 3267 2617 3324 καὶ
2642 3268 2791 3329 ὅπως
2820 3265 3156 3339 ἁρμόζονται
3182 3279 3196 3294 ⁸
3235 3263 3374 3334 ἔχων
3420 3262 3518 3316 καὶ
3548 3257 3734 3325 ζώνας
3759 3255 3851 3325 τῆς

2271 3362 2442 3430 αὐτῆς
2473 3361 2674 3430 λευκῆς
2704 3359 2880 3424 λίθου,
2923 3360 3067 3412 κατὰ
3096 3357 3190 3412 τὸν
3240 3355 3526 3427 κάλαμον·
3557 3350 3706 3424 πλὴν
3733 3351 3850 3405 ὅσον

2269 3459 2329 3511 τὸ
2361 3458 2473 3510 ἴσον
2506 3457 2641 3527 πρὸς
2670 3453 2905 3523 ἀλλήλας
2937 3451 3031 3506 τοῦ
3061 3451 3426 3522 διαστήματος
3464 3446 3718 3521 ἔχουσαι,
3755 3445 3849 3517 μί-

2272 3568 2365 3622 χρι
2410 3549 2506 3603 καὶ
2551 3547 2776 3609 δεκάδος
2825 3546 3103 3616 προΐασιν.
3142 3541 3428 3598 Ἐντεῦθεν
3475 3540 3637 3595 ἀλλαι
3689 3537 3850 3606 ζῶναι

2277 3644 2570 3717 μαρμάρου
2600 3640 2826 3712 λευκῆς,
2879 3639 3018 3694 ἀλλά
3078 3639 3326 3709 συνεχεῖς
3387 3628 3568 3700 αὗται,
3624 3634 3851 3703 δευτίρα

2274 3740 2366 3793 ἐπὶ
2390 3736 2603 3811 πρώτῃ,
2625 3735 2720 3789 καὶ
2749 3735 2906 3807 τρίτη
2935 3733 3025 3787 ἐπὶ
3047 3732 3297 3804 δευτέρᾳ,
3322 3729 3418 3785 καὶ
3447 3729 3671 3800 ἑφεξῆς,
3699 3728 3849 3798 ἄχρις

2276 3833 2432 3886 ἐννέα
2458 3831 2770 3899 διήκουσαν
2802 3828 2942 3900 πλὴν
2979 3831 3077 3882 οὐκ
3111 3826 3171 3892 ιξ
3210 3828 3329 3880 ἴσου
3358 3824 3456 3897 τὴν
3490 3819 3851 3890 ὲποικοδομὴν

2273 3926 2495 3997 ἔχουσαι
2525 3924 2721 3988 πᾶσαι,
2752 3921 2868 3976 ἀλλ’
2897 3922 2992 3976 ἐπὶ
3015 3921 3077 3974 τὸ
3110 3919 3446 3989 πλατύτερον
3475 3916 3845 3986 ἀνοιγόμεναι,

2277 4019 2437 4090 βάσιν
2473 4012 2584 4071 οἷον
2631 4018 2850 4088 εὐρεῖαν
2901 4014 2980 4085 τῷ
3013 4015 3350 4086 επικειμὲνῳ
3382 4011 3755 4083 παρέχουσαν
3793 4007 3848 4059 τὸ

2275 4111 2321 4164 δ’
2355 4113 2506 4164 ἐστὶν
2559 4111 2651 4162 ἐπὶ
2684 4112 2802 4171 ταῖς
2853 4109 3011 4162 ἐννέα
3043 4106 3245 4170 ζώναις
3278 4106 3339 4160 τὸ
3384 4103 3634 4171 δέκατον,
3684 4101 3762 4165 ὡς
3788 4099 3846 4154 ἀν

2275 4207 2371 4258 καὶ
2397 4201 2555 4254 τοῦτο
2585 4201 2751 4270 μέρος
2780 4200 2855 4271 μὴ
2884 4201 3127 4269 στεροῖτο
3153 4197 3252 4268 τῆς
3275 4197 3370 4252 τοῦ
3396 4192 3632 4267 ἀριθμοῦ
3656 4191 3848 4246 τελειό-

2274 4315 2458 4369 τητος.
2503 4295 2578 4349 Τὸ
2621 4294 2678 4347 δὲ
2727 4293 2913 4364 σχῆμα
2957 4291 3052 4345 τοῦ
3100 4289 3249 4344 λίθου
3298 4288 3664 4360 τετράγωνον,
3723 4283 3847 4338 ἀλλὰ

2278 4392 2419 4446 κατά
2443 4389 2514 4443 τά
2542 4390 2682 4460 μέσα
2716 4387 3020 4453 συνιζάνον,
3039 4386 3114 4448 ώς
3151 4379 3263 4439 οἷον
3293 4384 3392 4448 τὰς
3432 4381 3700 4454 γραμμὰς
3732 4379 3848 4432 κλᾶ-

2281 4486 2427 4549 σθιιι,
2461 4486 2557 4538 καὶ
2584 4482 2750 4548 λίθοις
2786 4480 3147 4553 σημειοῦσθαι
3178 4484 3278 4545 τὰς
3311 4478 3554 4542 κλάσεις,
3580 4477 3677 4531 καὶ
3709 4471 3846 4540 παρὰ

2275 4579 2499 4646 τούτους
2538 4580 2634 4634 καὶ
2687 4577 2906 4648 μόνους,
2948 4574 3138 4647 χαλκῷ
3169 4574 3232 4628 τὸ
3276 4574 3386 4627 πᾶν
3434 4571 3529 4625 τοῦ
3573 4571 3727 4624 λίθου
3757 4585 3845 4621 και

2276 4674 2578 4735 λύπτεσθαι
2616 4673 2891 4746 γύρωθεν.
2951 4670 3236 4727 Ἐντεῦθεν
3282 4667 3440 4736 αὖθις
3489 4669 3844 4725 συστέλλωνό

2274 4769 2527 4839 τεχνίτης
2559 4767 2620 4821 τὸ
2667 4767 3033 4838 οἰκοδόμημα.
3090 4767 3278 4836 τίθησι
3327 4764 3472 4821 λίθον
3518 4767 3722 4838 παχὺν,
3764 4765 3844 4818 καὶ

2276 4863 2365 4915 ἐπ’
2410 4861 2562 4933 αύτῷ
2613 4860 2837 4932 ἕτερον,
2880 4861 3016 4932 πρὸς
3065 4861 3230 4914 αὐτὸν
3277 4861 3380 4931 μὲν
3435 4859 3840 4930 ἐλαττούμενον.

2278 4957 2471 5026 ἱκανὴν
2501 4955 2556 5008 δὲ
2588 4955 2747 5026 βάσιν
2779 4955 2856 5023 τῷ
2887 4955 3041 5026 ἵππῳ
3063 4956 3293 5009 διδόντα.
3327 4955 3404 5008 Ού
3431 4955 3590 5024 μόνον
3613 4953 3725 5025 γὰρ
3749 4951 3842 5005 εδει

2279 5049 2514 5110 πλάτους
2549 5050 2625 5118 τῷ
2659 5046 2856 5118 στύλῳ,
2908 5047 3205 5115 ἀσφαλείας
3241 5045 3402 5115 χάριν
3437 5046 3545 5097 τῶν
3573 5041 3844 5111 επικειμέ-

2276 5160 2403 5204 νων,
2439 5143 2573 5195 ἀλλὰ
2621 5139 2893 5212 ἑτέρωθεν
2937 5143 3031 5196 καὶ
3078 5139 3418 5207 στενότητος,
3451 5137 3528 5200 ώς
3553 5137 3622 5191 ἀν
3655 5151 3843 5191 παντα-

2276 5235 2432 5307 χόθεν
2474 5236 2727 5306 ἀρίδηλον
2835 5236 2894 5288 τό
2930 5234 3286 5304 ἐπικείμενον
3333 5233 3636 5304 τέχνασμα.
3673 5229 3745 5286 Τὸ
3771 5229 3840 5286 δὶ.

2278 5326 2442 5388 ἵππος
2479 5328 2597 5382 ἐστὶ
2630 5326 2887 5396 χαλκοῦς,
2907 5325 3239 5395 θαυμαστῶς
3261 5323 3356 5380 τοῦ
3386 5325 3672 5395 σχήματος
3691 5324 3840 5394 ἔχων.

593 5416 747 5469 tibus
795 5412 1131 5484 negligatur,
1169 5412 1390 5468 etiamsi
1417 5413 1542 5482 quis
1573 5412 1784 5482 pluries
1829 5412 1885 5468 in
1912 5412 2002 5468 die
2031 5413 2164 5468 istac

2282 5421 2378 5474 καὶ
2403 5419 2605 5489 ἥκιστα
2635 5420 2984 5490 παρορᾶσθαι
3015 5420 3128 5481 τοῖς
3153 5416 3448 5490 παριοῦσιν
3485 5417 3658 5484 ἄξιος,
3685 5417 3732 5470 εί
3759 5411 3837 5468 καὶ

591 5518 860 5565 transeat.
894 5508 1067 5576 Quem
1085 5507 1137 5564 si
1170 5507 1511 5578 spectaveris
1542 5508 1694 5563 dicas
1724 5523 1858 5564 sane
1892 5508 1947 5562 in
1981 5524 2167 5564 acrem

591 5613 647 5659 et
699 5611 924 5658 ventum
975 5617 1198 5657 cursum
1249 5601 1509 5672 dirigere,
1555 5611 1722 5673 atque
1769 5603 1837 5659 ad
1884 5602 2172 5666 Orientem

670 5807 747 5871 (2)
790 5807 1287 5879 Καλλυνομένων.
1326 5808 1464 5864 Edit.
1499 5808 1658 5871 male,
1686 5809 2110 5879 καλλυνόμενον.

2279 5511 2542 5577 πολλάκις
2575 5529 2665 5576 τις
2711 5512 2811 5583 τῆς
2843 5511 3062 5583 ἡμέρας
3107 5513 3289 5565 ἀκείσε
3338 5510 3610 5581 διέρχοιτο
3632 5524 3647 5539 ·
3683 5508 3838 5566 εἴποις

2275 5607 2342 5662 ἂν
2370 5606 2535 5666 αὐτὸν
2562 5605 2799 5678 βλέπων,
2823 5604 2961 5678 πρὸς
2991 5603 3194 5677 ἄνεμον
3212 5605 3429 5676 τρέχειν
3454 5603 3734 5676 ὁρμῶντα,
3754 5598 3835 5655 καὶ

666 5880 743 5950 (Et)
777 5879 880 5935 Καὶ
923 5881 1064 5949 τοὺς
1104 5883 1316 5949 λίθους
1348 5880 1556 5935 αὐτοῦ.
1596 5880 1882 5952 Perperam
1920 5887 1972 5938 in
2001 5883 2164 5953 Edit.,

2269 5883 2290 5936 l.
2319 5882 2445 5946 τοὺς
2477 5880 2660 5946 λίθους
2686 5880 2863 5953 αὐτῷ,
