4038 6296
374 379 483 450 921

1473 389 1931 451 DESCRIPTIO
1971 391 2533 454 AUGUSTEONIS.

3524 376 3629 442 922

361 499 468 571 τῆς
500 498 637 570 πρὸς
669 499 936 574 ἀνατολὴν
965 500 1260 559 ἅπτεσθαι.
1292 503 1484 568 Οὕτως
1513 505 1624 576 ἄρα
1654 502 1717 559 ad
1744 506 1842 575 τῆς
1865 524 1954 559 κε-

2059 510 2217 564 ferri.
2272 511 2446 576 Caput
2482 509 2554 562 ita
2609 505 3003 562 concinnatum
3052 509 3138 559 est
3188 511 3250 558 ut
3285 499 3630 557 ferocitatem

367 591 547 663 φαλῆς
571 592 992 664 ἐσχημάτισται,
1025 594 1102 658 ὡς
1136 597 1622 670 ἀνασεσοϐημένην
1657 593 1818 664 εἶναι,
1856 603 1948 656 καὶ

369 686 505 756 πρὸς
543 686 747 760 βορρᾶν
776 689 974 760 μικρὸν
1004 691 1501 759 παρεγκλίνουσαν.
1523 691 1709 756 Οῦτως
1738 695 1795 746 αἱ
1826 696 1946 763 χαῖ-

365 795 460 834 ται
491 783 584 836 καὶ
625 783 748 835 ὗσαι
781 781 965 852 τρίχες
991 785 1056 851 τῇ
1085 783 1299 855 κεφαλῇ
1333 784 1706 855 ἐμπεφύκασι,
1745 786 1950 855 φυγοῦ-

375 889 468 926 σαι
495 871 558 925 τὸ
585 871 826 934 εὔθετον,
861 874 1248 944 διετείρονται,
1278 875 1375 930 καὶ
1422 877 1558 947 πρὸς
1587 877 1790 946 ἄνεμον
1819 877 1948 930 παίε-

373 963 584 1028 ζουσιν.
617 964 682 1017 El
708 965 767 1018 δέ
793 981 896 1019 που
927 966 1024 1018 σὺν
1053 965 1224 1039 ταύτῃ
1270 968 1370 1022 καὶ
1396 968 1490 1022 τὸν
1517 968 1809 1040 ἀριστερὸν
1839 969 1948 1023 τῶν

368 1053 720 1126 ιμπροσθιων
751 1055 883 1119 ῖδοις
913 1056 1109 1120 ποδῶν,
1138 1057 1256 1120 πῶς
1289 1059 1429 1113 κατὰ
1469 1040 1598 1126 γόνυ
1626 1058 1947 1130 κυρτοῦται,

371 1146 472 1200 καὶ
521 1145 630 1201 τῶν
671 1147 851 1202 ἀλλων
881 1149 1292 1224 ὲρηρεισμένων
1319 1153 1401 1216 τις
1439 1152 1546 1221 γῆν
1586 1152 1754 1217 αὐτὸς
1785 1152 1949 1223 μόνος

333 1317 337 1319 Α
370 1238 641 1311 ᾐώρηται,
691 1241 869 1304 οῐποις
894 1241 961 1295 ἀν
993 1242 1262 1297 κινεῖσθαι
1297 1243 1361 1314 δὴ
1400 1243 1496 1298 καὶ
1526 1242 1598 1299 τὰ
1642 1240 1849 1317 ἄψυχα.
1880 1243 1947 1298 Ei

372 1331 435 1386 δὲ
459 1333 553 1386 καὶ
581 1331 800 1406 χαλινὸν
835 1333 1031 1405 ἔφερεν
1067 1337 1160 1389 sui.
1193 1335 1480 1406 στόματος,
1512 1335 1588 1401 ὡς
1621 1336 1769 1407 ἔχειν
1797 1338 1951 1393 εικά-

373 1422 494 1488 ζειν
521 1423 581 1478 τὸ
610 1424 781 1480 πάλαι
805 1426 898 1480 τὸν
926 1425 1107 1496 ὀρθῶς
1134 1427 1528 1498 σκοπούμενον,
1557 1428 1784 1500 θάτερον
1811 1428 1950 1484 ὕπο-

372 1519 552 1572 νοοῖτο
580 1517 744 1586 δυοῖν,
783 1518 817 1591 ἢ
850 1517 928 1591 τῷ
960 1520 1158 1592 ῥυτῆρι
1205 1520 1531 1592 ἀγχόμενον,
1580 1522 1856 1592 κροαίνειν
1885 1524 1950 1576 ἐκ

374 1608 502 1680 βίας
532 1608 611 1681 τῷ
636 1611 975 1684 ἑμπροσθῑῳ,
1003 1611 1037 1682 ἢ
1066 1612 1172 1683 μὴν
1199 1613 1503 1684 ἀνιὲμενον,
1541 1612 1716 1678 οὕτως
1755 1615 1950 1669 ιπιτα-

371 1702 561 1775 χύνειν
593 1704 666 1760 τά
706 1704 808 1776 τῆς
840 1706 1089 1776 πορείας,
1128 1707 1205 1770 ὡς
1252 1708 1328 1778 μὴ
1370 1707 1595 1776 φθάνειν
1622 1706 1815 1762 τοῦτον
1851 1708 1950 1779 τῆς

370 1795 480 1864 γῆς
525 1796 812 1863 ἅπτεσθαι,
845 1798 940 1852 καὶ
982 1798 1316 1868 προφθάνειν
1343 1797 1434 1854 τδν
1475 1798 1721 1854 δπισθεν.
1761 1798 1949 1862 Οὕτως

370 1859 485 1959 ἀρα
523 1891 588 1944 ὲκ
626 1859 938 1962 πνεύματός
981 1859 1129 1955 τινος
1170 1893 1460 1964 ἑτκαρδίου
1513 1892 1760 1966 ἐμφύτου
1811 1859 1952 1967 πρὸς
1981 1859 2022 1916 Β

365 1979 470 2051 τὴν
518 1978 697 2051 ὁρμὴν
758 1980 856 2034 καὶ
907 1979 978 2036 τὰ
1030 1980 1230 2053 στέρνα
1290 1981 1372 2054 τῷ
1423 1983 1549 2055 ζώῳ
1605 1982 1948 2054 εύρύνονται,

369 2071 450 2136 ὡς
504 2073 891 2143 ἑπισημαίνειν
938 2075 1036 2128 καὶ
1083 2074 1154 2129 τὰ
1202 2077 1497 2148 οἰδήματα.
1528 2075 1716 2144 Οὕτως
1764 2077 1952 2149 ἀκμά-

372 2163 545 2229 ζουσα
590 2167 623 2235 ἠ
673 2165 811 2236 οὐρά
853 2164 1099 2236 δπισθεν,
1135 2168 1196 2222 ού
1253 2169 1399 2223 κατά
1445 2169 1646 2241 τρόπον
1695 2173 1951 2242 κειμένη,

371 2255 491 2312 ἀλλ’
516 2251 626 2311 οἷον
655 2258 1072 2330 ἀνεγηγερμένη
1107 2258 1171 2314 τό
1218 2261 1456 2333 πρῶτον,
1497 2257 1616 2317 εἶτα
1648 2262 1950 2336 καθιεμένη

371 2351 528 2422 παρὰ
547 2352 719 2415 πόδας
741 2354 800 2415 ἐς
820 2353 945 2424 γῆν.
973 2353 1120 2425 Ὅρα
1139 2355 1194 2408 δὲ
1219 2355 1317 2409 καὶ
1344 2356 1438 2410 τὸν
1453 2357 1734 2427 ’ἐπιϐάτην
1763 2355 1950 2423 εὐθὺς,

375 2443 608 2498 ἱππότου
639 2443 883 2514 δρομέως
931 2444 1126 2518 ιχοντα
1163 2446 1445 2516 σχήματα,
1476 2447 1570 2501 καὶ
1613 2447 1742 2509 τοὺς
1780 2447 1951 2511 πόδας

375 2536 532 2607 παρά
564 2536 806 2608 πλευρὰν
839 2538 1110 2608 ἑκατέραν
1143 2537 1411 2608 διέχοντα.
1443 2540 1505 2595 Εἰ
1533 2540 1588 2593 δέ
1627 2557 1692 2608 γε
1721 2545 1812 2594 καὶ
1846 2542 1947 2610 ἒμ-

376 2628 547 2688 6άδας
578 2628 793 2702 φοροίη.
828 2627 942 2681 ἀλλ’
972 2628 1225 2691 εἰκάσαις
1249 2630 1315 2683 ἂν
1343 2630 1507 2683 αὐτὸν
1532 2630 1952 2702 ὰπιγαννυμένῳ

373 2721 457 2792 τῷ
483 2720 635 2790 ἵππῳ
667 2725 762 2775 καὶ
795 2720 1168 2792 κυδρουμόνῳ,
1195 2721 1278 2775 ὅτι
1308 2722 1403 2774 καὶ
1443 2721 1566 2791 δίχα
1596 2722 1825 2792 κέντρου
1857 2723 1952 2775 καὶ

379 2815 605 2885 μύωπος
658 2814 856 2878 ἱκανῶς
909 2815 1112 2868 ἀνυστά
1142 2815 1190 2868 οἱ
1237 2815 1309 2866 τὰ
1352 2813 1446 2867 τοῦ
1479 2813 1682 2885 δρόμου
1730 2814 1824 2868 καὶ
1851 2813 1951 2883 τῆς

374 2905 693 2976 προθέσεως
713 2920 728 2938 ·
771 2907 864 2961 καὶ
915 2905 1089 2968 οὕτως
1120 2905 1483 2977 ἀτημελήτως
1516 2907 1578 2975 ζοῑ
1615 2905 1774 2968 πόδες
1797 2904 1952 2976 ἔχου-

376 3016 484 3067 σιν,
517 2997 659 3054 ὥστε
688 2999 869 3054 δοκεῖν
909 2998 1103 3060 αὐτοὺς
1135 2996 1224 3066 ὑφ’
1254 2997 1437 3052 αὐτῶν
1474 2999 1817 3068 κρατεῖσθαι,
1857 2997 1951 3052 τοῦ

372 3091 676 3166 καρδιακοῦ
709 3089 1056 3162 ιξημμὲνους
1094 3093 1418 3160 κινήματος,
1453 3090 1622 3162 μηδὲν
1652 3090 1951 3160 συνεχομέ-

2051 601 2334 666 exhibeat,
2396 611 2453 656 at
2499 600 2566 654 ad
2622 599 2953 669 Aquilonem
3012 608 3313 666 parumper
3365 593 3627 648 declinet.

2052 693 2210 748 Iubae
2253 701 2309 748 et
2346 693 2527 748 crines
2579 692 2748 763 capiti
2799 692 3078 747 haerentes
3128 686 3509 756 incompositi,
3561 683 3628 739 ad

2051 793 2276 837 ventum
2322 782 2514 837 ludere
2562 781 2841 836 videntur.
2898 779 3054 848 Quod
3097 779 3142 834 si
3176 779 3242 832 ad
3280 778 3398 832 haec
3431 778 3628 832 laevum

2049 874 2387 933 anteriorem
2435 876 2630 945 pedem
2663 874 3043 945 conspexeris,
3088 887 3117 926 a
3159 887 3300 942 genu
3335 885 3630 925 recurvum

2049 987 2115 1027 ac
2151 972 2353 1026 ﬂexum
2397 969 2678 1032 advertas,
2713 968 2790 1024 ita
2819 977 2880 1022 ut
2910 967 3042 1022 aliis
3083 974 3291 1020 terram
3322 963 3630 1034 prementi-

2050 1064 2157 1120 bus
2187 1063 2304 1134 ipse
2319 1062 2485 1117 solus
2519 1075 2823 1131 suspensus
2851 1059 2924 1115 sit
2959 1076 2974 1113 :
3015 1074 3080 1112 ac
3112 1066 3273 1128 putes
3305 1057 3471 1110 etiam
3507 1054 3595 1107 ina
3617 1082 3630 1092 —

2049 1147 2258 1212 nimata
2311 1156 2541 1210 moveri.
2577 1154 2736 1222 Quod
2768 1153 2814 1208 si
2870 1167 3113 1223 unquam
3167 1152 3380 1206 frenum
3433 1150 3488 1204 in
3534 1162 3631 1203 ore

2050 1247 2310 1311 habuerit
2357 1247 2549 1320 (quod
2584 1261 2719 1302 sane
2764 1246 2892 1300 olim
2918 1244 3179 1300 habuisse
3213 1243 3432 1314 putabit
3474 1241 3629 1310 quisi

2049 1342 2177 1413 quis
2219 1348 2370 1397 recte
2401 1339 2858 1411 coniectaverit),
2897 1338 3227 1393 alterutrum
3266 1351 3399 1391 sane
3446 1333 3631 1404 suspi-

2051 1431 2233 1497 ceris,
2263 1438 2360 1485 aut
2387 1429 2643 1485 faucibus
2689 1428 3030 1484 habenarum
3063 1425 3117 1481 vi
3151 1425 3472 1483 constrictis
3504 1440 3629 1479 sese

2050 1535 2257 1592 equum
2286 1521 2529 1594 arrigere
2549 1563 2566 1588 ,
2599 1529 2694 1574 aut
2721 1520 2916 1576 laxatis
2956 1519 3188 1575 habenis
3217 1528 3327 1575 tam
3356 1519 3631 1573 concitato

2051 1630 2222 1672 cursu
2258 1614 2415 1681 ferri,
2446 1625 2506 1670 ut
2533 1630 2635 1685 pes
2673 1615 2920 1669 anterior
2953 1623 3160 1670 terram
3192 1629 3300 1667 non
3329 1614 3630 1683 contingat,

2051 1709 2440 1778 posteriorque
2474 1706 2797 1778 praeveniat.
2845 1707 2925 1763 Ita
2979 1723 3112 1762 vero
3139 1722 3208 1762 ex
3251 1706 3448 1775 spiritu
3495 1719 3634 1776 quo-

2053 1800 2177 1856 dam
2223 1800 2446 1855 interno
2485 1811 2543 1854 et
2577 1797 2817 1854 naturali
2859 1797 2989 1868 equi
3038 1807 3266 1869 pectora
3306 1797 3630 1856 dilatantur,

2052 1901 2115 1948 ut
2162 1893 2330 1948 etiam
2387 1894 2668 1948 musculos
2716 1891 2980 1946 observes
3023 1907 3039 1956 ;
3086 1889 3168 1946 sic
3218 1891 3394 1946 cauda
3443 1877 3632 1961 vigore

2052 1987 2214 2057 plena
2265 1987 2549 2052 cernitur,
2607 1994 2668 2041 ut
2719 1999 2834 2040 non
2887 1984 3129 2041 demissa
3182 1982 3483 2050 concldat;
3533 1983 3632 2038 sed

2051 2077 2205 2148 quasi
2238 2087 2423 2133 erecta
2456 2077 2722 2148 primum,
2772 2076 2975 2132 deinde
3007 2075 3241 2134 remissa
3272 2075 3341 2132 ad
3375 2075 3548 2147 pedes
3575 2085 3635 2130 et

2049 2171 2122 2228 ad
2181 2182 2385 2227 terram
2443 2170 2652 2228 efﬂuat.
2711 2171 2769 2227 In
2819 2185 3094 2227 sessorem
3147 2184 3282 2226 vero
3336 2167 3636 2225 confestim

2051 2263 2246 2318 oculos
2259 2260 2507 2331 adiicias,
2525 2260 2774 2318 cursoris
2792 2263 3000 2334 equitis
3022 2261 3257 2318 formam
3279 2260 3635 2324 referentem.

2051 2363 2116 2410 ac
2145 2353 2316 2425 pedes
2342 2353 2410 2410 ad
2447 2362 2742 2425 utrumque
2770 2355 2917 2410 latus
2945 2348 3376 2412 distendentem.
3404 2353 3636 2410 Etiamsi

2053 2463 2187 2503 vero
2225 2447 2535 2504 calcaribus
2573 2450 2878 2506 instructus
2905 2453 3017 2518 sit;
3049 2461 3108 2506 at
3133 2450 3323 2505 statim
3369 2448 3636 2520 conjicias

2051 2558 2122 2597 ex
2155 2540 2284 2612 equi
2335 2541 2622 2597 alacritate
2648 2551 2708 2598 et
2756 2543 2986 2609 ferocia,
3041 2543 3220 2614 ipsum
3249 2541 3370 2598 sine
3410 2539 3635 2596 stimulo

2053 2650 2214 2705 posse
2262 2636 2612 2706 prapositum
2657 2649 2884 2692 cursum
2926 2635 3219 2707 perlicere.
3250 2634 3427 2690 Pedes
3449 2641 3636 2688 autem

2055 2728 2130 2783 ita
2180 2727 2524 2798 negligenter
2569 2727 2860 2798 compositi
2907 2726 3190 2792 videntur,
3245 2734 3307 2783 ut
3356 2735 3542 2781 tamen
3573 2740 3634 2780 se

2055 2819 2158 2886 ipsi
2213 2818 2558 2882 contineant,
2589 2825 2648 2874 et
2694 2833 2764 2874 ex
2796 2818 2915 2888 ipso
2948 2818 3134 2874 cordis
3185 2825 3339 2872 motu
3383 2815 3498 2887 regi
3532 2829 3641 2884 pu-

2058 2921 2269 2980 tentur,
2322 2911 2475 2968 nulla
2530 2911 2799 2969 scandala
2849 2927 2951 2983 pro
3001 2927 3154 2968 more
3203 2910 3439 2968 suffultl.
3498 2909 3636 2966 Nam

2054 3019 2200 3075 equo
2238 3004 2442 3060 insidet
2479 3009 2656 3060 audax
2685 3003 2925 3076 juvenis,
2959 3011 3108 3059 totus
3133 3002 3388 3059 sublimis
3420 3016 3485 3058 ac
3510 3016 3641 3072 pro-

2056 3095 2148 3151 cul
2202 3089 2781 3167 inspectanti'similis
2819 3113 2834 3150 :
2869 3094 2956 3149 vir
2999 3110 3156 3158 sane,
3199 3094 3295 3148 sed
3337 3093 3630 3156 imberbis,

372 3204 500 3251 νους
542 3187 602 3252 ἐξ
629 3186 942 3255 ιφτστρῖδος
989 3185 1132 3238 κατὰ
1180 3183 1244 3238 τὸ
1291 3185 1544 3254 σύνηθες.
1590 3183 1952 3254 Ἑπικάθηται

2059 3187 2220 3258 cuius
2251 3204 2411 3244 coma
2462 3203 2494 3244 a
2539 3186 2726 3243 fronte
2773 3185 3036 3252 detonsa,
3079 3201 3223 3258 pone
3257 3200 3394 3241 vero
3425 3199 3531 3241 nec
3565 3183 3635 3239 ad

373 3281 485 3352 γάρ
508 3279 586 3350 τῷ
611 3279 763 3350 ἵππῳ
786 3276 1026 3351 θαρρῶν,
1051 3277 1285 3347 ἱππότης
1309 3276 1577 3340 νεανικὸς,
1604 3277 1725 3340 ὅλος
1751 3277 1955 3347 μετάρ-

375 3391 512 3439 σιος,
549 3373 645 3427 καὶ
677 3371 873 3435 ἐοικὼς
909 3370 1132 3440 μακρὰν
1166 3369 1420 3440 βλέποντι
1446 3387 1457 3401 ·
1494 3370 1632 3442 ἀνὴρ
1660 3372 1722 3423 οὑ
1755 3370 1957 3441 τριχώ-

375 3463 462 3521 σει
495 3466 650 3536 φίλος
675 3464 745 3518 τὰ
778 3463 915 3533 πρὸς
942 3463 1156 3534 ὑπήνην
1175 3477 1189 3494 °
1222 3461 1325 3523 τὰς
1350 3460 1398 3516 δ’
1423 3463 1532 3516 ἀπὸ
1561 3462 1807 3531 κεφαλῆς
1837 3462 1959 3532 τρῖ-

371 3578 476 3634 χας
493 3562 512 3582 ’
532 3557 904 3628 ἀπεθριμένος
939 3555 1038 3630 μὲν
1059 3555 1126 3608 τά
1152 3555 1209 3618 ἐς
1242 3554 1497 3623 μέτωπον
1515 3571 1530 3586 ο
1550 3555 1617 3607 τὰ
1641 3554 1686 3608 δ’
1707 3554 1956 3622 δπισθεν,

371 3653 494 3712 οὐδὲ
544 3650 706 3722 μέχρι
737 3649 989 3719 αὐχένος,
1037 3648 1163 3701 ὅσον
1201 3650 1296 3702 καὶ¹
1330 3649 1493 3702 αὐτὸν
1520 3649 1753 3718 ὁρᾶσθαι
1785 3649 1958 3720 κουρᾷ

372 3745 656 3818 χαίροντα.
689 3736 817 3798 Οἴον
860 3742 917 3794 δὲ
957 3741 1052 3796 καὶ
1092 3742 1154 3795 τὸ
1200 3742 1296 3794 ἐπὶ
1345 3741 1588 3813 κεφαλῆς
1620 3742 1840 3812 κράνος,
1880 3741 1957 3805 ὡς

376 3839 546 3910 μηδὲν
596 3835 1020 3900 ὲπικαλύπτιιν,
1068 3834 1165 3888 καὶ
1216 3833 1316 3904 τὴν
1367 3833 1642 3906 φοροῦντα
1707 3837 1957 3904 κοσμεῖν.

373 3930 511 3988 οὐδὲ
541 3931 652 4000 γὰρ
711 3927 857 3983 κατά
911 3930 1118 3992 πλάτος
1156 3927 1470 3981 ἐπίκειται·
1508 3927 1631 3981 οὐδὲ
1692 3943 1755 3996 γε
1811 3928 1958 3982 κατὰ

375 4025 574 4080 κύκλον
627 4021 1129 4092 ἀποτετόρνευται·
1161 4021 1277 4074 ἀλλ’
1330 4021 1456 4075 ὅσον
1491 4022 1591 4092 μὲν
1625 4019 1854 4090 ,ἐγγίζει
1885 4024 1954 4094 τῇ

375 4114 612 4186 κεφαλῇ,
646 4112 915 4183 στέφανος
943 4107 1088 4168 εἶναι
1125 4113 1293 4180 δοκεῖ,
1329 4114 1636 4185 κροτάφους
1680 4116 1956 4186 περιγρά·

375 4227 491 4280 φων
525 4208 584 4275 te
620 4207 737 4262 [σου
772 4208 867 4262 καὶ
913 4207 1184 4278 μέτωπον.
1226 4208 1300 4263 Τὸ
1329 4207 1376 4260 δ’
1407 4207 1661 4262 ἐντεῦθεν
1698 4208 1791 4262 καὶ
1817 4209 1954 4276 ἄνω,

375 4301 560 4372 ἡρέμα
602 4299 746 4354 κατά
779 4297 956 4371 μῆκος
999 4299 1307 4365 ικτέταται,
1331 4302 1428 4357 καὶ
1469 4303 1528 4367 ἐς
1563 4303 1698 4357 πολὺ
1729 4303 1953 4372 φθάνον,

373 4395 552 4464 πτερά
577 4396 643 4464 τῇ
680 4395 888 4464 κεφαλῇ
922 4394 1214 4466 χρυσαυγῆ
1252 4395 1463 4462 γίνεται
1487 4412 1500 4426 ·
1533 4396 1628 4450 καὶ
1673 4396 1737 4450 τὸ
1764 4398 1955 4469 χρῆμα

373 4493 468 4548 καὶ
501 4493 561 4556 ις
584 4490 686 4561 ius
711 4487 780 4563 ἦν
803 4487 1063 4559 ἀκέραιον
1085 4503 1101 4519 ·
1130 4489 1336 4559 ἀνέμου
1365 4487 1421 4542 δέ
1447 4506 1578 4542 ποτε
1624 4490 1954 4555 πνεύσαντος

2061 3284 2264 3339 collum
2325 3295 2503 3353 usque
2551 3280 2903 3347 demittitur;
2950 3289 3011 3336 ιιι
3037 3279 3284 3336 astimes
3325 3279 3478 3334 illum
3510 3289 3638 3333 ton-

2058 3391 2190 3433 sura
2233 3375 2520 3432 delectari.
2550 3373 2876 3446 Cuiusmodi
2918 3382 3106 3430 autem
3136 3375 3317 3445 galea,
3345 3389 3469 3444 quae
3495 3371 3635 3429 nihil

2057 3466 2281 3537 obtegat
2311 3475 2370 3522 et
2401 3465 2650 3538 equitem
2677 3463 2953 3521 exornet?
2997 3479 3179 3536 neque
3203 3465 3352 3520 enim
3382 3463 3470 3520 vel
3495 3462 3638 3518 lati-

2059 3558 2307 3615 tudinem
2337 3557 2576 3623 obtinet,
2615 3558 2701 3614 vel
2744 3566 2910 3627 caput
2939 3555 3354 3622 circumcludit,
3385 3557 3482 3612 sed
3527 3569 3636 3628 qua

2057 3651 2224 3724 capiti
2251 3651 2584 3707 admovetur
2616 3665 2836 3708 coronae
2875 3651 3076 3708 similis
3117 3662 3227 3716 est,
3276 3659 3529 3721 tempora
3578 3658 3637 3704 et

2057 3743 2294 3800 frontem
2340 3743 2691 3815 aequabiliter
2737 3742 3204 3800 circumscribens
3250 3761 3266 3797 :
3311 3741 3443 3798 hinc
3501 3757 3635 3797 vero

2056 3852 2295 3909 superne
2318 3836 2524 3892 sensim
2556 3835 2904 3907 longitudine
2932 3836 3270 3899 extenditur,
3317 3845 3374 3891 et
3399 3835 3633 3891 multum

2055 3945 2351 4002 assurgens
2391 3929 2446 3984 in
2483 3944 2692 4001 pennas
2725 3929 3020 3985 deauratas
3046 3945 3076 3984 a
3109 3929 3351 3986 culmine
3389 3931 3634 3987 desinit:

2057 4039 2181 4097 qua:
2205 4023 2272 4078 ad
2304 4038 2487 4080 meum
2513 4037 2692 4093 usque
2719 4032 2938 4092 tempus
2965 4031 3196 4078 servata:
3221 4034 3347 4078 sunt
3394 4042 3409 4078 :
3437 4040 3632 4079 verum

2057 4116 2287 4174 reﬂante
2333 4114 2825 4182 vehementissimo
2869 4125 3036 4171 vento
3064 4115 3190 4170 dirae
3233 4130 3432 4187 pennae
3461 4116 3636 4172 colla.

2055 4225 2168 4280 pse
2216 4219 2396 4264 sunt:
2439 4224 2562 4278 quae
2623 4215 2756 4264 tunc
2810 4208 2970 4279 longe
3010 4209 3248 4280 majores
3297 4207 3428 4265 visas
3482 4217 3635 4274 sunt,

2057 4318 2222 4373 quam
2253 4318 2377 4358 cum
2414 4312 2583 4372 caput
2624 4311 2963 4358 exornarent
3003 4311 3103 4358 :et
3132 4301 3401 4358 hactenus
3425 4302 3480 4357 in
3513 4302 3636 4357 the-

2058 4412 2225 4454 sauro
2250 4396 2507 4452 Ecclesia-
2538 4397 2840 4452 reconditae
2884 4395 3168 4452 videntur.
3199 4394 3416 4466 Corpus
3449 4404 3634 4451 autem

2061 4488 2341 4543 strictiore
2376 4501 2481 4541 nec
2505 4486 2788 4557 superﬂue
2815 4487 3117 4542 exundanti
3152 4490 3338 4542 tunica
3366 4487 3635 4542 interiore

375 4585 645 4650 ἐξαισίου,
684 4584 1006 4658 ῥιπτοῦνται
1045 4582 1141 4636 δύο
1174 4582 1354 4654 πτερά
1377 4599 1392 4615 °
1421 4584 1516 4637 καὶ
1566 4584 1690 4637 τότε
1724 4584 1954 4657 μέγιστα

2066 4582 2323 4646 vestitur,
2367 4580 2588 4650 qualem
2644 4591 2861 4650 gestant
2909 4577 3127 4651 equites
3172 4578 3482 4633 cultiores:
3513 4594 3638 4648 quas

375 4677 557 4748 πολλῷ
597 4680 710 4741 τοῖς
760 4677 964 4750 ὁρῶσιν
1020 4678 1297 4747 ἐφαίνετο,
1337 4678 1371 4748 ἢ
1430 4677 1665 4732 καθόσον
1716 4679 1953 4751 ὁρῶνται

373 4768 686 4841 κοσμοῦντα
710 4770 812 4841 τὴν
846 4769 1091 4841 κεφαλήν
1114 4785 1128 4800 ο
1154 4768 1191 4824 ά
1218 4769 1282 4837 δὴ
1305 4771 1400 4824 καὶ
1431 4771 1485 4832 ἐς
1509 4769 1669 4841 δεῦρο
1699 4773 1854 4836 παρὰ
1878 4770 1957 4843 τῷ

373 4862 471 4932 τῆς
503 4862 808 4932 ἐκκλησίας
852 4861 1090 4934 ταμιείῳ
1120 4860 1686 4934 ἀποτεθησαύρισται.
1723 4862 1957 4918 Ἐσταλ-

377 4973 468 5010 ται
509 4958 568 5011 δὲ
598 4959 691 5010 καὶ
737 4957 799 5010 τὸ
831 4957 1016 5028 σῶμα,
1049 4957 1203 5020 ἐντὸς
1240 4957 1341 5027 μὲν
1379 4958 1442 5011 ού
1473 4961 1704 5029 περιττῇ
1730 4975 1837 5014 τινι
1862 4960 1960 5014 καὶ

379 5051 816 5122 περισσευομένῃ
856 5050 1042 5122 στολῇ.
1075 5051 1192 5104 ἀλλ’
1219 5050 1341 5105 οἵαν
1387 5051 1656 5124 εὐσταλὴς
1694 5051 1761 5105 ἂν
1793 5052 1958 5107 ῑππό·

376 5160 475 5212 της
500 5144 854 5215 ἀμπίσχοιτο,
889 5145 1098 5198 ἀνωθεν
1127 5144 1248 5214 μὲν,
1294 5144 1452 5215 μόλις
1488 5145 1584 5197 καὶ
1615 5145 1673 5208 ἐς
1708 5143 1956 5213 ἀγκῶνα,

378 5236 624 5292 κάτωθεν
671 5237 748 5303 δὲ,
791 5237 920 5307 περὶ
953 5238 1159 5306 γόνατα
1210 5239 1543 5306 φθάνουσαν.
1593 5237 1860 5307 ’Δνῆπται
1898 5238 1956 5295 δὲ

379 5325 473 5380 καὶ⁸
502 5325 744 5397 μανδύαν
792 5328 969 5392 ἐκτὸς,
1008 5327 1226 5400 στολὴν,
1263 5328 1337 5391 ὥς
1382 5346 1571 5399 φησιν,
1613 5329 1911 5401 Ἀχίλλειον
1937 5347 1952 5361 ·

374 5416 410 5488 ἢ
439 5418 533 5472 καί
558 5435 684 5472 τινα
710 5417 1065 5474 καλύπτουσα
1094 5421 1203 5474 τῶν
1227 5420 1435 5492 μερῶν,
1463 5421 1719 5477 κάκεῖθεν
1747 5421 1842 5478 ἐπὶ
1863 5422 1957 5477 τὸν

373 5506 664 5582 ἀριστερὸν
696 5503 848 5580 ὦμον
894 5511 1248 5584 ἑπικειμὶνη,
1278 5514 1476 5581 φθάνει
1529 5515 1621 5567 καὶ
1656 5514 1825 5585 μέχρι
1855 5514 1956 5584 τῆς

373 5599 468 5655 τοῦ
518 5602 688 5658 ῖππου
727 5601 900 5671 ῖξύος,
942 5603 1075 5657 πολύ
1107 5621 1166 5657 τε
1214 5605 1382 5678 μέρος
1411 5604 1816 5676 περιλαμϐάνει
1844 5605 1956 5658 τῶν

373 5694 622 5762 δπισθτν,
655 5694 754 5750 καὶ
774 5694 1007 5767 περιττὴ
1037 5696 1419 5767 περικέχυται.
1461 5698 1525 5748 Al
1558 5695 1741 5765 μέντοι
1771 5699 1956 5769 χεῖρες

374 5789 454 5865 τῷ
479 5789 761 5864 ἀνδριάντι
797 5789 900 5844 οὐκ
942 5789 1302 5861 ἀσχολοῦνται
1333 5793 1463 5863 περὶ
1503 5790 1815 5852 τδνῐππον,
1846 5793 1957 5846 οὐδ’

376 5885 496 5939 ὅσον
528 5887 622 5940 καὶ
652 5883 852 5939 ἰθύνειν
881 5884 1189 5956 ἱππηλάτου
1221 5887 1421 5955 τρόπον
1446 5883 1622 5948 δοκεῖν
1643 5901 1659 5917 ο
1693 5885 1827 5943 ἀλλὰ
1857 5887 1954 5959 τὴν

2062 4687 2303 4743 superne
2329 4671 2421 4728 vix
2444 4674 2693 4728 cubitum
2728 4672 2971 4744 attingit,
3011 4672 3148 4727 infra
3189 4685 3320 4727 vero
3349 4673 3415 4726 ad
3455 4689 3632 4743 genua

2058 4765 2402 4822 extenditur.
2458 4765 2716 4820 Exterius
2771 4772 2955 4819 autem
3010 4764 3233 4834 pallium
3290 4764 3633 4835 adjungitur,

2059 4859 2208 4933 quod
2255 4859 2562 4916 Acbilleam
2611 4858 2808 4914 stolam
2861 4867 3205 4928 nuncupant.
3240 4857 3318 4912 Ea
3366 4873 3496 4912 vero
3531 4859 3635 4912 ali-

2060 4969 2200 5025 quas
2235 4954 2488 5024 corporis
2518 4962 2702 5026 partes
2749 4951 3038 5021 obtegens,
3087 4959 3254 5022 atque
3296 4949 3429 5007 hinc
3458 4951 3513 5005 in
3544 4950 3636 5006 lae-

2060 5063 2195 5104 vum
2243 5047 2537 5102 humerum
2587 5047 2841 5111 collecta,
2889 5061 3067 5117 usque
3115 5045 3183 5100 ad
3231 5045 3451 5102 lumbos
3501 5047 3631 5114 equi

2060 5141 2345 5211 pertingit,
2387 5149 2443 5196 et
2490 5154 2740 5211 magnam
2794 5139 3162 5209 posteriorum
3209 5147 3419 5209 partem
3467 5154 3635 5195 occu—

2061 5249 2198 5304 pans
2230 5234 2379 5303 large
2412 5232 2630 5287 difﬂuit.
2686 5229 2880 5286 Manus
2932 5247 3066 5287 vero
3112 5242 3312 5287 statuas
3366 5247 3476 5286 non
3522 5240 3634 5286 tra-

2061 5326 2264 5383 ctando
2309 5342 2376 5382 ac
2421 5324 2730 5394 dirigenda,
2767 5338 3045 5379 sessorum
3081 5339 3253 5385 more,
3289 5338 3433 5394 equo
3463 5339 3634 5378 occu-

2059 5430 2261 5492 pantur
2280 5437 2295 5487 ;
2315 5418 2409 5475 sed
2433 5419 2680 5472 dextram
2728 5417 2954 5486 quidem
2980 5415 3167 5486 erigit,
3190 5416 3348 5485 quasi
3377 5414 3630 5470 martiali

2058 5515 2296 5586 quodam
2355 5526 2734 5582 generosaque
2795 5525 2960 5565 sensu
3021 5518 3080 5565 et
3133 5510 3320 5564 animo
3378 5508 3634 5563 hostibus

2057 5607 2294 5678 gra\i:er
2345 5606 2760 5661 interminctur.
2796 5603 3004 5659 Verum
3051 5616 3162 5657 non
3189 5617 3257 5657 ex
3287 5602 3528 5656 amentia
3573 5607 3633 5656 et

2060 5701 2252 5755 insana
2301 5698 2534 5754 audacia
2575 5696 2837 5768 quadam,
2878 5703 2936 5748 ut
2977 5695 3252 5765 quispiam
3304 5693 3626 5748 arbitretur.

2059 5793 2195 5849 Nam
2235 5795 2367 5848 laeva
2416 5805 2614 5846 manus
2640 5789 2774 5846 huic
2815 5789 3062 5846 occurrit
3092 5787 3423 5860 suspicioni,
3465 5802 3629 5858 atque

2062 5887 2240 5943 virum
2286 5886 2355 5942 ab
2397 5899 2460 5942 ea
2503 5883 2664 5955 plane
2705 5879 2960 5940 defendit
2987 5889 3044 5940 et
3083 5892 3290 5939 tuetur.
3341 5879 3633 5954 Siquidem
