4038 6296
327 368 438 434 925

1191 381 1291 443 DE
1334 359 1858 447 PROCESSIONE
1939 393 2304 456 Sl’tRlTUS
2345 397 2644 463 SANCTI.

3498 407 3608 470 926

315 493 380 548 se
422 491 624 563 [θεμεν
665 494 954 564 πρότερον.
1000 495 1059 547 Ei
1099 493 1193 550 οῦν
1245 514 1331 566 τις
1390 501 1524 573 φαίη
1559 503 1644 556 διὰ
1683 507 1734 559 τί
1771 525 1900 560 καυ-

2021 509 2161 576 prius
2218 515 2593 580 supponimus.
2663 514 2724 568 Si
2789 513 2913 585 quis
3005 515 3190 588 itaque
3255 519 3602 590 interroget.

323 586 516 640 στικόν
545 586 664 641 εστι
692 588 754 641 τὸ
787 587 896 658 πῦρ
931 593 1278 657 καυστικῶς;
1315 595 1376 647 οὐ
1423 596 1588 649 καλὸν
1614 599 1915 667 ἀπολογεῖ.

320 682 482 747 σθαι,
521 678 658 734 διότι
707 682 854 734 καίει
893 683 953 734 τὸ
993 684 1173 750 ξύλον.
1228 687 1533 759 Ἐνδέχεται
1565 692 1674 764 γὰρ
1710 694 1803 747 καὶ
1838 694 1912 765 μὴ

316 774 503 825 καίειν
547 774 608 826 τὸ
639 773 795 839 ξύλον
825 778 886 829 τὸ
929 777 1060 846 πῦρ,
1100 778 1224 848 μηδ’
1257 782 1507 853 ἐνεργεῖν
1530 783 1654 854 ἔχον
1681 786 1780 858 τὴν
1814 805 1916 856 φυ-

322 867 486 934 σικὴν
513 868 766 938 δύναμιν.
799 870 1004 935 Διττῶς
1041 871 1172 939 γοῦν
1207 874 1520 947 ἁμαρτάνει
1569 881 1598 932 ὁ
1649 879 1910 952 τοιαύτην

320 961 510 1014 αἰτίαν
544 961 736 1025 τιθεὶς,
766 961 845 1033 τῷ
878 980 937 1017 τε
980 964 1091 1036 γὰρ
1124 965 1354 1038 ὕστερον
1389 970 1574 1038 λέγειν
1609 974 1779 1026 αἴτιον
1815 974 1910 1028 τοῦ

326 1056 625 1124 προτέρου,
660 1057 751 1109 καὶ
793 1055 872 1127 τῷ
900 1059 959 1110 τὺ
986 1058 1342 1131 ἐνδεχόμενον
1375 1063 1450 1132 μὴ
1493 1059 1657 1129 εἶναι,
1687 1064 1780 1118 τοῦ
1810 1083 1913 1134 φυ-

325 1143 500 1207 σικῶς
532 1147 626 1201 καὶ
663 1147 721 1214 ἐξ
776 1148 1030 1221 ἀνάγκης
1064 1151 1242 1210 ὄντος.
1304 1154 1366 1207 ΕΞ
1401 1154 1456 1207 δέ
1485 1171 1567 1218 τις
1615 1156 1914 1227 ἐρωτήσειε

322 1239 415 1293 διὰ
439 1236 492 1293 τί
517 1241 659 1294 καίει
695 1242 757 1295 τὸ
786 1242 898 1313 πῦρ
929 1244 996 1297 τὰ
1030 1245 1199 1311 Etim;
1232 1247 1453 1315 εὔλογον
1478 1249 1787 1306 ἀποδιδόναι
1817 1252 1914 1322 τὴν

308 1328 528 1394 αἰτίαν,
562 1329 644 1384 ὅτι
679 1337 976 1388 καυστικόν
1006 1337 1122 1390 ἐστι
1156 1339 1318 1405 φύσει
1358 1340 1418 1392 τὸ
1447 1339 1582 1412 πῦρ.
1631 1342 1836 1396 Τούτου
1859 1344 1916 1398 δὲ

322 1423 375 1474 εί
403 1423 596 1492 ζητοξη
633 1427 796 1481 πάλιν
819 1428 877 1480 τὸ
907 1428 1104 1494 αἴτιον,
1128 1429 1211 1482 ὅτι
1236 1432 1356 1496 πῶς
1385 1435 1684 1488 καυστικὸν
1713 1435 1773 1488 τὸ
1801 1436 1914 1508 πῦρ

325 1517 523 1584 φύσεις
558 1520 690 1574 ἄλλο
723 1537 806 1585 τις
838 1525 1106 1595 πρότερον
1135 1526 1435 1593 ὲννοήσειι,
1467 1529 1562 1582 καὶ
1604 1527 1667 1583 οὐ
1703 1529 1784 1596 to,
1827 1531 1916 1586 δτι

327 1611 478 1667 καίει
511 1612 777 1680 τὰξύλα.
820 1614 994 1673 Τοῦτο
1035 1619 1146 1690 γὰρ
1174 1619 1388 1693 ἐδείχθη
1419 1622 1515 1676 καὶ
1544 1621 1791 1697 ὕστερον,
1822 1626 1919 1680 καὶ

291 1712 294 1714 ’
329 1705 688 1779 ἐνδεχόμενον
717 1711 795 1781 μὴ
828 1711 1098 1781 γίνεσθαι.
1149 1714 1274 1779 Πῶς
1303 1710 1396 1769 οὖν
1449 1716 1512 1771 τὸ
1545 1719 1625 1790 μὴ
1666 1720 1918 1788 γίνεσθαι

325 1801 716 1873 ἐνδεχόμενον,
754 1805 847 1858 καὶ
881 1804 944 1859 τὸ
981 1805 1206 1880 ὕστερον
1248 1807 1343 1863 τοῦ
1381 1810 1560 1880 φύσει,
1594 1814 1689 1866 καὶ
1727 1815 1920 1885 προτέ-

328 1867 638 1966 pauidi-uoti
667 1896 736 1953 ἂν
788 1899 900 1970 εῐη;
948 1867 1128 1955 Ἀλλὰ.
1151 1903 1316 1973 τυχὸν
1364 1867 1659 1960 αἰτιάσαιτ’
1709 1867 1915 1972 ἂν,ῦτι
1944 1867 1992 1929 Β

323 1987 664 2064 λεπτομερὲς
697 1993 758 2046 τὸ
792 1997 1056 2064 στοιχεῖον
1096 2000 1192 2052 καὶ
1240 1998 1524 2068 εὐκίνητον
1573 2003 1756 2074 φύσει.
1804 2005 1916 2058 Καὶ

323 2086 411 2138 ὅτι
457 2085 797 2158 διεγερτικδν
836 2087 1059 2143 ἔνδοθεν
1105 2093 1244 2162 πρὸς
1297 2093 1488 2162 ἔξαψιν
1532 2098 1778 2164 φυσικῶς
1819 2101 1914 2166 τῆς

327 2178 822 2265 ρὠηςνώκύτητι,
867 2183 964 2236 καὶ
991 2183 1072 2254 τῷ
1119 2185 1470 2259 λεπτομερεῖ,
1511 2189 1605 2248 καὶ
1638 2191 1915 2263 δραστικῷ

324 2271 428 2340 τῆς
457 2271 705 2341 φύσεως,
758 2275 853 2329 καὶ
889 2274 1101 2347 τοιαῦθ’
1125 2276 1314 2350 ἱτερα.
1354 2277 1513 2333 Οὕτω
1548 2283 1643 2336 καὶ
1688 2282 1784 2338 ἐπὶ
1820 2284 1914 2338 τοῦ

327 2365 696 2434 προκειμένου
751 2366 1071 2440 ζητήματος
1141 2371 1416 2442 ἑννοήσειέ
1481 2391 1566 2440 τις
1633 2377 1914 2448 τολμήσας

325 2457 515 2530 μικρῷ
542 2459 690 2530 λόγῳ
718 2460 788 2514 τὰ
831 2463 1046 2531 μεγάλα
1080 2467 1454 2536 σταθμᾶσθαι.
1487 2469 1553 2525 Et
1596 2473 1706 2540 γὰρ
1738 2471 1913 2542 ὑπερ-

322 2553 536 2624 χρὸνως
571 2553 672 2625 μὲν
701 2554 928 2625 Πνεῦμα
957 2556 1090 2610 Υίοῦ
1135 2559 1197 2612 τὸ
1249 2559 1474 2629 Πνεῦμα
1505 2564 1566 2616 τὲ
1612 2563 1791 2632 ἅγιον,
1821 2566 1915 2619 καὶ

322 2646 441 2699 ἐστι
463 2663 545 2711 τε,
581 2647 678 2701 καὶ
703 2648 958 2715 λέγεται,
986 2649 1190 2704 δίδοται
1219 2651 1273 2704 δὲ
1299 2652 1573 2723 ὲγχρόνως
1597 2659 1712 2720 τοῖς
1741 2656 1915 2724 ἀξίοις

321 2739 479 2808 παρὰ
501 2740 598 2793 τοῦ
626 2739 760 2794 Υίοῦ
791 2742 886 2794 καὶ
914 2745 1236 2814 χορηγεῐται
1261 2747 1321 2800 τὸ
1351 2747 1599 2818 Πνεῦμα,
1627 2754 1918 2822 ὁμολογού-

326 2849 493 2902 μενον
526 2833 920 2905 ἀναμφιϐόλως
975 2837 1164 2904 παντὶ,
1215 2839 1292 2902 ὼς
1337 2839 1398 2893 τὸ
1434 2841 1773 2914 ῦπὲρχρονον
1819 2847 1914 2900 τοῦ

322 2927 589 3000 ἑγχρόνου
621 2929 915 3000 πρότερον,
959 2933 1052 2984 καὶ
1083 2933 1144 2985 τὸ
1185 2934 1348 3002 φύσει
1381 2935 1482 3004 τῆς
1513 2938 1816 3008 ἐνεργείας.
1851 2943 1913 2997 Ei

321 3024 458 3090 γοῦν
506 3039 592 3086 τις
640 3024 853 3094 ζητοίη,
899 3025 987 3079 διὰ
1041 3024 1095 3079 τί
1127 3031 1447 3098 χορηγείται
1484 3037 1596 3095 τοῖς
1633 3035 1806 3100 ἀξίοις
1854 3040 1914 3091 τὸ

325 3117 555 3187 Πνεῦμα
589 3120 748 3192 παρὰ
768 3113 866 3174 τοῦ
895 3119 1061 3186 Υιοῦ;
1093 3121 1316 3192 εὔλογος
1343 3128 1376 3196 ή
1405 3127 1735 3198 ἀπάντησις,
1767 3131 1912 3185 Διότι

2018 616 2188 672 quare
2220 602 2361 672 ignis
2401 607 2655 662 facultate
2689 608 2789 663 sibi
2824 609 3006 664 innata
3049 610 3280 667 adurat?
3322 627 3428 669 non
3465 631 3609 671 recte

2019 695 2140 763 quis
2192 699 2570 764 responderet,
2615 701 2760 769 quod
2813 701 3014 773 lignum
3061 702 3280 759 adurit:
3315 705 3429 762 ﬁeri
3463 709 3608 764 enim

2022 797 2222 856 potest,
2260 799 2318 843 ut
2354 791 2497 859 ignis
2534 791 2738 861 lignum
2773 810 2878 848 non
2913 797 3124 862 adurat,
3161 813 3264 852 nec
3295 809 3442 870 agat,
3483 802 3607 855 licet

2022 881 2331 937 iaCttltatetn
2370 885 2665 940 natura-lem
2699 886 2750 940 id
2781 887 2982 942 habeat
3013 890 3228 959 agendi.
3286 890 3352 947 Et
3380 893 3610 962 duplici-

2023 985 2103 1030 ter
2132 987 2339 1043 peccat,
2367 978 2457 1047 qui
2487 981 2797 1048 praedictam
2821 997 3044 1035 causam
3073 984 3322 1052 assignat
3349 1000 3365 1040 :
3394 987 3612 1058 etquod

2019 1070 2291 1138 posterius
2317 1085 2540 1125 causam
2563 1072 2769 1128 diceret
2793 1073 3112 1140 anterioris,
3132 1087 3214 1140 et,
3240 1079 3382 1146 quod
3409 1093 3517 1133 non
3541 1080 3610 1133 sit

2019 1161 2074 1217 id
2117 1161 2264 1232 quod
2301 1162 2420 1218 ﬁeri
2469 1173 2673 1234 potest,
2707 1167 2851 1222 illius
2887 1169 3033 1238 quod
3070 1171 3392 1225 naturaliter
3419 1180 3474 1225 et
3505 1187 3607 1226 ne-

2019 1256 2260 1312 cessario
2293 1266 2395 1309 est.
2433 1259 2488 1310 Si
2516 1257 2639 1326 quis
2694 1271 2822 1313 vero
2862 1259 3190 1330 postularit,
3243 1276 3414 1331 quare
3471 1262 3614 1332 ignis

2020 1348 2219 1404 adurat
2255 1350 2439 1420 ligna?
2492 1352 2771 1421 responsio
2819 1369 2915 1408 nec
2970 1355 3174 1433 absona
3226 1354 3431 1425 fuerit,
3465 1358 3612 1429 quod

2021 1457 2216 1499 natura
2248 1460 2344 1499 sua
2376 1445 2518 1518 ignis
2547 1446 2744 1500 adurit.
2778 1445 3010 1516 ilujusce
3036 1455 3245 1514 autem,
3273 1448 3318 1504 si
3347 1449 3470 1521 quis
3494 1465 3615 1503 rur-

2021 1553 2140 1593 sum
2171 1553 2392 1594 causam
2427 1539 2734 1611 sciscitatus
2763 1539 2948 1606 fuerit,
2981 1544 3256 1610 quomodo
3285 1543 3422 1615 ignis
3456 1554 3615 1599 natu-

2022 1647 2080 1687 ra
2116 1647 2209 1685 sua
2245 1632 2483 1687 adurat?
2509 1634 2653 1686 aliud
2682 1633 2960 1702 quidpiam
2985 1635 3166 1704 potius
3193 1637 3313 1705 quis
3337 1637 3614 1707 excogita-

2021 1725 2185 1790 verit,
2213 1735 2399 1781 etnon
2433 1725 2560 1789 hoc,
2590 1731 2730 1795 quod
2768 1727 2910 1794 ligna
2941 1730 3155 1782 adurat.
3191 1729 3306 1784 Hoc
3343 1729 3514 1796 enim,
3553 1743 3614 1786 ut

2022 1817 2379 1879 ostendimus,
2409 1820 2679 1888 posterius
2700 1829 2856 1873 estet
2879 1829 3056 1886 potest
3089 1820 3226 1886 liut'i,
3248 1832 3303 1874 nt
3334 1837 3438 1875 non
3465 1829 3608 1892 agat.

2022 1908 2274 1978 Quanam
2329 1913 2515 1979 itaque
2563 1913 2795 1976 ratione,
2829 1914 2971 1980 quod
3013 1911 3124 1967 ﬁeri
3162 1924 3360 1983 potest,
3411 1924 3470 1970 ut
3502 1931 3610 1971 non

2025 2003 2140 2069 (lat,
2183 2011 2236 2058 et
2259 2003 2401 2072 quod
2430 2003 2702 2074 posterius
2724 2013 2808 2058 est
2833 2003 2999 2070 illius,
3025 2009 3170 2075 quod
3197 2019 3386 2061 natura
3411 2024 3506 2063 sua
3529 2020 3613 2064 est

2021 2108 2076 2152 et
2107 2099 2256 2166 prius
2287 2114 2450 2152 causa
2475 2098 2680 2152 fuerit?
2730 2096 2792 2150 Et
2821 2096 2960 2154 forte
2992 2100 3155 2152 etiam
3189 2099 3313 2156 illud
3350 2101 3610 2170 adducet,

2022 2196 2165 2260 quod
2196 2191 2531 2246 elementum
2559 2192 2790 2260 partium
2824 2193 3092 2247 tenuitate
3121 2193 3342 2263 polleat,
3374 2204 3429 2250 et
3460 2197 3609 2252 facili

2021 2294 2168 2340 mutu
2193 2295 2382 2340 natura
2411 2300 2508 2342 sua
2535 2285 2774 2349 cieatur;
2803 2295 2858 2340 et
2885 2287 3032 2355 quod
3056 2287 3270 2343 interno
3290 2291 3613 2346 naturaliter

2020 2379 2234 2434 ruboris
2259 2378 2566 2444 velocitate,
2599 2387 2656 2433 et
2678 2376 3070 2448 particularum
3104 2383 3393 2446 tenuitate,
3423 2391 3486 2438 et
3515 2399 3614 2438 na~

2021 2476 2158 2525 tura:
2182 2467 2526 2533 .elﬁcacitate,
2546 2470 2610 2522 sd
2633 2468 3033 2524 incendendum
3068 2485 3156 2528 res
3185 2471 3443 2539 concitet,
3461 2481 3515 2528 et
3531 2474 3612 2528 si-

2018 2561 2191 2616 milia.
2226 2561 2348 2616 Pari
2384 2563 2592 2615 ratione
2620 2574 2674 2614 et
2703 2562 2757 2616 in
2794 2560 3072 2634 proposita
3098 2566 3407 2634 quaestione
3449 2581 3612 2637 argu-

2019 2656 2353 2711 mentabitur
2375 2660 2667 2725 quispiam,
2691 2655 2899 2711 audens
2924 2657 3125 2732 pusillo
3147 2657 3396 2713 discursu
3426 2658 3612 2728 ingen-

2019 2750 2095 2802 tia
2133 2747 2339 2804 metiri.
2378 2745 2648 2818 Namque,
2681 2748 2727 2804 si
2761 2757 2891 2804 ante
2933 2760 3176 2818 tempora
3214 2750 3453 2819 Spiritus
3490 2749 3609 2804 Filii

2020 2841 2252 2912 Spiritus
2275 2852 2500 2898 sanctus
2527 2851 2581 2896 et
2605 2851 2762 2898 estet
2789 2842 3012 2906 dicitur,
3032 2845 3204 2897 datur,
3227 2858 3358 2897 vero
3388 2845 3441 2898 in
3473 2853 3612 2900 tem-

2017 2954 2148 3008 pore
2183 2938 2361 3009 dignis
2385 2953 2412 2992 a
2438 2937 2596 3004 Filio,
2628 2949 2685 2991 et
2709 2937 3090 3006 suppeditatur
3111 2936 3369 3007 Spiritus,
3392 2940 3447 2992 in
3475 2953 3608 2994 con-

2025 3037 2171 3091 fesso
2223 3049 2342 3090 esse
2377 3035 2559 3097 debet,
2604 3034 2721 3088 sine
2759 3033 2864 3087 ullo
2905 3032 3073 3087 dubio
3103 3034 3246 3103 apud
3280 3049 3498 3098 omnes,
3535 3035 3609 3099 id,

2019 3127 2159 3197 quod
2189 3139 2319 3183 ante
2347 3136 2594 3196 tempora
2624 3137 2726 3191 cst,
2757 3142 2842 3191 eo,
2879 3127 3024 3192 quod
3058 3127 3110 3181 in
3142 3136 3385 3194 tempore
3414 3137 3521 3191 est,
3552 3134 3615 3183 et

323 3213 441 3268 εστι
473 3229 554 3281 τε,
589 3216 686 3268 καὶ
740 3215 960 3281 λέγεται
1014 3218 1239 3289 Πνεῦμα
1277 3220 1426 3276 Υίοῦ.
1475 3222 1682 3277 Ἐκιίνο
1720 3227 1830 3294 γὰρ
1857 3227 1916 3279 τὺ

2021 3220 2164 3291 quod
2183 3229 2385 3275 natura
2413 3231 2517 3281 est,
2548 3218 2700 3286 prius
2723 3234 2843 3273 esse
2875 3219 2991 3289 ipsa
3013 3221 3250 3273 actione.
3282 3219 3337 3273 Si
3367 3219 3488 3288 quis
3509 3217 3614 3273 ita-

323 3308 521 3376 αἷτιον,
543 3308 703 3364 τοῦτο
735 3309 793 3364 δὲ
835 3315 897 3363 τὸ
921 3314 1187 3367 αίτιατόν.
1220 3315 1282 3367 Et
1305 3311 1364 3366 δι
1398 3315 1562 3369 πάλιν
1585 3312 1792 3390 ζητοίη,
1825 3319 1914 3374 διὰ

321 3402 379 3458 τί
403 3405 520 3458 lost
547 3403 642 3457 καὶ
671 3403 894 3474 λέγεται
925 3403 1152 3476 Πνεῦμα
1187 3405 1321 3460 Υίοῦ
1353 3408 1380 3459 ὁ
1409 3409 1791 3482 Παράκλητος,
1815 3414 1918 3468 οὐκ

322 3494 653 3565 εστι.λέγιιν
684 3496 815 3561 τινὶ,
841 3497 923 3552 δτι
951 3497 1087 3552 διότι
1123 3503 1236 3563 τοῖς
1265 3499 1440 3566 ἀξίοις
1473 3505 1627 3574 παρά
1658 3507 1752 3560 τοῦ
1783 3507 1914 3563 Υίοῦ

320 3589 389 3644 τῦ
412 3589 640 3660 Πνεῦμα
675 3593 1019 3662 χορηγεῖται.
1051 3589 1225 3646 Τοῦτο
1257 3593 1366 3666 γὰρ
1401 3593 1648 3665 ὕστερον,
1683 3602 1780 3654 καὶ
1824 3600 1916 3672 ἐγ-

317 3699 540 3756 χρονον,
577 3687 673 3738 καὶ
720 3685 809 3737 διὰ
848 3684 1009 3739 τοῦτο
1051 3686 1316 3742 αἰτιατόν.
1354 3690 1620 3762 ,Ἀμαθὴς
1659 3693 1842 3747 τοίνυν
1879 3695 1912 3765 ἡ

320 3778 642 3848 ἀπόκρισις,
667 3777 728 3830 τδ
753 3777 798 3830 δ’
825 3779 1090 3848 ἐρώτημα
1128 3778 1375 3846 εὔλογον.
1407 3783 1517 3836 Καὶ
1545 3785 1607 3837 οὐ
1652 3788 1782 3858 περὶ
1815 3787 1913 3841 τοῦ

321 3872 412 3925 ὅτι
444 3868 508 3924 «ca
539 3869 766 3941 Πνεῦμα
798 3871 902 3940 μέν
927 3871 1048 3926 ἐστι
1085 3870 1183 3925 τοῦ
1241 3871 1376 3927 Υίοῦ
1420 3874 1798 3946 ὑπερχρύνως,
1831 3877 1914 3932 δί-

317 3960 475 4014 δοται
503 3958 560 4012 δὲ
592 3960 894 4030 ιγχρόνως,
926 3961 1450 4033 ἁμφισϐητήσομιν,
1487 3965 1627 4019 ἀλλὰ
1657 3969 1790 4039 περὶ
1817 3969 1914 4022 τοῦ

318 4052 408 4108 ὅτι
438 4051 498 4106 τὸ
529 4050 758 4124 ὕστερον
798 4053 894 4107 τοῦ
928 4054 1220 4126 προτέρου,
1267 4057 1363 4110 καὶ
1411 4057 1471 4110 τὺ
1519 4057 1778 4130 ἐγχρονον
1820 4061 1914 4116 τοῦ

323 4149 667 4220 ὑπερχρόνου
717 4147 1048 4220 αἰτιώμεθα.
1097 4151 1276 4222 Ὅπερ
1327 4151 1616 4209 ἀδύνατον.
1648 4156 1812 4210 Ὥστε
1859 4161 1914 4212 εί

325 4244 404 4312 μή
435 4242 586 4307 ἔστιν
611 4232 790 4296 αἴτιον
816 4244 877 4294 τὸ
903 4244 1262 4314 χορηγεῖσθαι
1285 4247 1348 4297 τὸ
1377 4247 1602 4318 Πνεῦμα
1635 4252 1785 4321 παρὰ
1813 4251 1910 4305 τοῦ

275 4381 282 4390 .
322 4334 460 4390 Υίοῦ
509 4339 624 4398 τοῖς
676 4335 872 4400 ἀξίοις.
917 4337 1025 4391 Τοῦ
1058 4331 1200 4394 εἶναι
1239 4342 1336 4396 καὶ
1380 4341 1638 4410 λέγεσθαι
1687 4345 1915 4415 Πνεῦμα

324 4427 479 4490 Υίοῦ,
511 4429 762 4499 καθάπερ
794 4429 987 4499 ἀμέλει
1019 4433 1113 4483 καὶ
1155 4431 1249 4486 τοῦ
1285 4435 1515 4504 πατρὸς.
1547 4435 1678 4489 ἄλλο
1718 4456 1770 4491 τι
1818 4439 1916 4511 gn-

323 4524 524 4592 τητὲον
557 4522 749 4576 τούτου
777 4523 839 4576 τὸ
863 4524 1039 4578 αἴτιον
1067 4526 1182 4589 τοῖς
1225 4527 1421 4596 ἀξίοις,
1458 4529 1628 4595 ὅντως
1670 4532 1767 4601 τῆς
1797 4549 1911 4587 τοιο

2017 3328 2124 3386 que
2157 3313 2536 3384 interrogabit,
2572 3323 2800 3383 propter
2827 3314 2960 3381 quid
2993 3311 3172 3385 dignis
3209 3310 3446 3381 Spiritus
3479 3327 3616 3382 sup—

2019 3408 2291 3478 peditetur
2322 3422 2352 3462 a
2384 3406 2564 3462 Filio?
2600 3422 2703 3462 non
2739 3409 2858 3461 sine
2896 3408 3106 3462 ratione
3141 3407 3563 3475 respondebitur
3595 3422 3611 3460 :

2022 3499 2164 3568 Quia
2193 3509 2297 3565 est,
2326 3508 2382 3554 et
2411 3499 2611 3555 dicitur
2643 3498 2879 3566 Spiritus
2910 3496 3070 3561 Filii;
3101 3495 3236 3551 illud
3272 3497 3417 3551 enim
3449 3509 3612 3552 causa

2018 3604 2123 3662 est,
2154 3594 2260 3649 boc
2288 3591 2540 3650 ed‘ectus.
2569 3593 2727 3662 Quod
2752 3595 2795 3647 si
2817 3597 3014 3647 iterum
3039 3600 3248 3663 quaret
3271 3611 3288 3646 :
3310 3592 3490 3659 Quare
3509 3590 3614 3647 Ps-

2021 3687 2260 3742 racletus
2283 3686 2490 3741 dicitur
2512 3697 2565 3741 et
2588 3697 2673 3742 est
2705 3685 2942 3755 Spiritus
2966 3685 3126 3740 Filii?
3153 3686 3360 3742 absone
3385 3701 3610 3754 respon-

2019 3781 2190 3844 debit,
2226 3779 2269 3832 si
2294 3779 2417 3848 quis
2437 3778 2678 3833 dixerit:
2713 3779 2865 3845 Quod
2939 3779 3115 3844 dignis
3149 3791 3178 3829 a
3209 3777 3348 3832 Filio
3375 3779 3612 3847 Spiritus

2019 3871 2401 3942 suppeditatur
2429 3887 2447 3926 :
2483 3871 2589 3925 hoc
2613 3873 2760 3925 enim
2795 3871 3065 3938 posterius
3095 3880 3200 3932 est,
3227 3871 3455 3939 tempori
3482 3870 3613 3926 suls-

2016 3961 2225 4031 jaceus,
2255 3963 2486 4031 ideoque
2512 3960 2761 4016 t-liectus.
2807 3961 3013 4014 insulsa
3045 3961 3229 4030 itaque
3247 3961 3356 4015 erit
3381 3951 3612 4030 responé

2019 4058 2122 4123 sio,
2159 4057 2290 4112 licet
2319 4057 2677 4126 interrogatio
2700 4072 2824 4111 cum
2857 4056 3069 4109 ratione
3099 4055 3244 4110 facta
3281 4055 3382 4119 sit.
3417 4053 3484 4108 Et
3512 4070 3610 4112 nos

2021 4164 2128 4203 non
2165 4147 2556 4216 dubitabimus,
2590 4150 2856 4218 Spiritum
2889 4163 3012 4203 esse
3039 4146 3161 4203 Filii
3181 4159 3308 4203 ante
3340 4157 3604 4218 tempora.

2017 4239 2471 4313 suppeditarique
2500 4242 2569 4296 ab
2600 4241 2792 4296 eodem
2826 4241 2880 4298 in
2913 4251 3179 4309 tempore,
3211 4243 3304 4297 sed
3337 4241 3479 4309 quod
3510 4257 3608 4295 an-

2018 4339 2236 4394 terioris
2287 4334 2583 4407 posterius,
2637 4345 2693 4390 et
2744 4334 2886 4404 quod
2917 4335 2970 4388 in
2997 4345 3261 4404 tempore,
3292 4333 3435 4388 illius
3460 4335 3606 4404 quod

2018 4443 2147 4486 ante
2175 4441 2420 4501 tempora
2451 4437 2557 4494 est,
2614 4442 2840 4484 causam
2877 4427 3175 4487 faciamus;
3211 4429 3352 4498 quod
3384 4429 3608 4482 omnino

2025 4524 2143 4580 ﬁeri
2191 4525 2402 4595 nequit.
2447 4521 2626 4590 Quare
2656 4523 2702 4576 si
2736 4523 3114 4591 suppeditandi
3150 4519 3390 4588 Spiritus
3413 4535 3442 4574 tt
3469 4519 3606 4574 Filio

324 4616 500 4689 αὑτης
554 4614 859 4688 ζητήσεως.
881 4608 948 4672 Ei
976 4618 1034 4673 δὲ
1075 4618 1158 4672 δεῖ
1203 4637 1258 4674 τι
1299 4621 1529 4692 τολμᾷν,
1567 4623 1648 4678 ὅτι
1680 4626 1768 4679 διὰ
1812 4625 1906 4680 τοῦ

2021 4618 2213 4687 dignis,
2254 4633 2360 4672 non
2401 4627 2486 4672 est
2512 4631 2703 4682 causa,
2727 4616 2869 4685 quod
2898 4616 2993 4676 sit,
3019 4625 3073 4668 et
3107 4615 3325 4670 dicatur
3371 4611 3608 4683 Spiritus

326 4707 461 4764 Υἱοῦ
485 4711 550 4763 ὲκ
580 4711 676 4763 τοῦ
703 4708 918 4778 Πατρδς
946 4711 1251 4783 προοδικῶς
1281 4714 1400 4768 ἐστι
1431 4715 1492 4767 τὸ
1523 4715 1751 4786 Πνεῦμα
1779 4757 1792 4782 ,
1825 4723 1918 4774 καί

323 4804 416 4858 διὰ
465 4802 569 4872 τὴν
617 4805 857 4873 φυσικὴν
903 4798 1186 4872 μεσιτείαν
1216 4805 1313 4861 τοῦ
1358 4807 1510 4870 rio-3,
1553 4809 1618 4861 δι’
1650 4804 1719 4881 ἧς
1757 4811 1818 4865 τό
1858 4830 1919 4864 τε

331 4895 620 4966 μονογενὲς
646 4894 986 4964 ’φυλάττεται
1027 4896 1077 4949 οἱ
1100 4938 1116 4963 ,
1143 4899 1235 4950 καὶ
1268 4898 1328 4950 τὸ
1361 4897 1588 4969 Πνεῦμα
1615 4901 1711 4954 τοῦ
1754 4899 1814 4965 ἐξ
1839 4905 1920 4954 αἰ·-

327 4991 445 5043 τίου
475 4987 568 5042 τοῦ
601 4988 818 5059 nam;
842 4985 982 5044 εἶναι
1012 4993 1111 5044 οὐκ
1135 4992 1484 5064 ἀπείργεται.
1522 4995 1586 5048 Ὶι
1615 4995 1724 5066 γὰρ
1751 4996 1838 5051 διὰ
1860 4999 1919 5049 τὸ

328 5080 390 5149 ἐξ
421 5076 482 5137 οὗ
515 5083 691 5138 αἰτίου
719 5085 841 5137 ἐστὶ
863 5123 878 5149 ,
905 5086 1001 5139 καὶ
1033 5087 1094 5138 οὐ
1122 5086 1248 5140 καθ’
1289 5089 1458 5156 αὐτὴν
1489 5091 1729 5144 ἵσταται.
1770 5088 1837 5144 Ἦ
1864 5091 1916 5142 δὲ

330 5179 402 5245 ἐξ
424 5181 587 5248 ἱκανή
623 5180 740 5232 ἐστι
777 5180 912 5250 πρὸς
943 5181 1004 5232 τὸ
1034 5180 1157 5234 ὅθεν
1191 5183 1285 5234 καὶ
1331 5182 1492 5250 μόνον
1535 5183 1754 5256 δηλοῦν,
1785 5187 1920 5256 προς

327 5273 384 5327 δὲ
413 5272 511 5346 τὴν
542 5271 802 5344 δευτῳαν
823 5275 1154 5344 ἀπάντησιν,
1184 5277 1302 5345 τὴν,
1341 5277 1422 5329 ὅτι
1447 5275 1519 5339 ὡς
1544 5277 1834 5346 ὁμοούσιον
1857 5280 1917 5330 τὸ

329 5365 562 5437 Πνεῦμα
605 5363 681 5437 τῷ
721 5367 833 5435 Υίῷ
866 5367 1089 5434 λέγεται
1137 5369 1358 5437 Πνεῦμα
1404 5366 1496 5423 τοῦ
1543 5369 1696 5424 Υίοῦ.
1735 5369 1920 5434 Οὕτως

330 5457 466 5529 ημῖν
492 5458 714 5528 ῥητέον.
744 5457 806 5511 Ei
835 5457 1127 5528 ὁμοούσιον
1161 5459 1221 5512 τὸ
1257 5459 1371 5528 φῶς
1394 5463 1460 5531 τῇ
1486 5463 1685 5515 ἀκτῖνι.
1723 5453 1920 5533 ’Δμὶρω

331 5553 442 5625 γὰρ
473 5549 592 5620 ἅμα
624 5553 688 5606 ὲκ
717 5551 812 5605 τοῦ
859 5553 1036 5624 ἡλίου,
1087 5554 1178 5607 καὶ
1219 5555 1337 5622 φῶς
1371 5554 1472 5622 μὲν
1520 5556 1735 5620 ἀκτῖνος
1771 5557 1923 5625 λέγε-

329 5661 446 5712 ιιται⁹
470 5643 726 5717 καθάπερ
757 5647 952 5717 ἀμέλει
989 5648 1082 5701 καὶ
1127 5647 1299 5718 ἡλίου.
1360 5649 1534 5711 Ἄκτὶς
1564 5648 1621 5701 δὲ
1654 5649 1831 5716 φωτὸς
1859 5652 1918 5702 οὐ

331 5737 572 5808 λέγεται,
640 5740 691 5792 εἰ
756 5737 832 5810 μὴ
885 5739 1323 5809 διεσταλμένως,
1363 5741 1540 5810 φωτὸς
1587 5743 1917 5811 παρεκτική.

335 5833 609 5906 Ζητητέον
654 5834 753 5906 τὴν
804 5834 989 5888 αἰτίαν
1033 5833 1132 5887 τοῦ
1183 5833 1360 5896 οὕτως
1403 5835 1551 5904 ἔχειν
1596 5833 1793 5904 ταῦτα,
1825 5837 1922 5889 καὶ

339 5925 614 5998 λέγεσθαι.
648 5927 921 6001 Ζητητὲον
950 5927 1128 5984 τοίνυν
1172 5928 1265 5982 uti
1297 5929 1404 5984 τῶν
1433 5930 1688 5983 τοιούτων
1717 5929 1775 5983 τὸ
1804 5930 1920 5985 ἑπι-

2024 4714 2168 4777 Filii,
2206 4715 2659 4783 quemadmodum
2689 4715 2956 4767 duntaxat
2974 4723 3028 4766 et
3052 4711 3262 4778 Patris,
3295 4712 3396 4766 alia
3427 4709 3613 4780 hujus-

2023 4821 2084 4859 ce
2115 4819 2280 4860 causa
2311 4805 2400 4871 iis,
2428 4806 2524 4875 qui
2552 4819 2679 4860 vere
2708 4805 2856 4874 digni
2886 4815 3011 4858 sunt
3041 4805 3142 4858 bac
3169 4805 3492 4872 quaestione,
3526 4803 3608 4856 in-

2022 4900 2286 4966 quirenda
2319 4911 2424 4954 est.
2455 4898 2522 4952 Et
2545 4898 2593 4954 si
2623 4898 2831 4967 aliquid
2864 4899 3173 4951 audendum
3205 4906 3310 4958 est,
3334 4896 3480 4965 quod
3515 4911 3609 4964 per

2026 4991 2220 5044 Filium
2258 5007 2324 5046 ex
2365 4991 2527 5045 Patre
2583 4990 2968 5060 progrediatur
3014 4987 3274 5057 Spiritus,
3307 4998 3362 5043 et
3392 4997 3608 5058 propter

2025 5085 2323 5139 naturalem
2360 5084 2482 5140 Filii
2517 5085 2904 5147 interventum,
2933 5098 3028 5152 per
3056 5097 3220 5154 quem
3249 5083 3326 5136 illi
3355 5081 3607 5151 unigeni-

2024 5186 2135 5230 tum
2161 5187 2533 5241 conservatur,
2597 5176 2838 5244 Spiritus
2871 5175 3034 5230 Patre
3069 5191 3211 5240 csse,
3285 5185 3541 5242 tanquam
3575 5189 3604 5227 a

2025 5287 2185 5325 causa
2208 5287 2314 5325 non
2347 5269 2661 5340 impeditur.
2692 5270 2815 5333 Per,
2845 5271 2989 5323 enim
3013 5285 3073 5324 es
3103 5269 3284 5339 aliqua
3307 5282 3470 5324 causa
3501 5276 3605 5332 est,

2025 5382 2122 5419 nec
2160 5381 2255 5434 per
2286 5381 2345 5420 se
2377 5364 2648 5419 subsistit.
2689 5362 3202 5430 Verumtameu,ex,
3233 5364 3367 5419 satis
3400 5379 3458 5418 se
3493 5366 3606 5432 ipsa

2024 5460 2312 5528 solumque
2345 5459 2708 5524 demonstrat,
2756 5459 2903 5514 unde
2935 5459 3138 5528 aliquid
3169 5460 3261 5513 sit.
3301 5461 3378 5511 Ad
3415 5474 3608 5513 secun-

2025 5553 2148 5606 dam
2183 5561 2366 5606 autem
2394 5551 2827 5622 responsionem,
2855 5567 2975 5626 qua:
3005 5562 3142 5619 erat,
3173 5552 3455 5622 Spiritum.
3491 5566 3612 5605 tan-

2027 5661 2188 5715 quam
2223 5644 2468 5715 ejusdem
2507 5657 2714 5708 natura
2738 5661 2881 5702 ‘cutn
2914 5645 3074 5711 Filio,
3107 5645 3216 5701 dici
3263 5645 3386 5701 Filii
3436 5645 3611 5713 Spiri-

2025 5751 2160 5804 tum,
2190 5742 2262 5793 ita
2314 5745 2712 5797 occurrendum
2767 5751 2871 5799 est.
2910 5742 2965 5796 Si
2994 5742 3237 5810 ejusdem
3271 5752 3479 5795 naturae
3523 5741 3609 5795 cst

2022 5838 2208 5892 lumen
2235 5853 2358 5892 cum
2387 5837 2562 5904 radio,
2581 5852 2883 5910 utrumque
2903 5837 3048 5894 enim
3084 5838 3244 5895 simul
3271 5854 3337 5893 ex
3361 5838 3474 5892 sole
3497 5845 3604 5901 est,

2028 5943 2077 5986 et
2107 5932 2290 5989 lumen
2326 5933 2543 6006 quidem
2574 5933 2712 5992 radii
2732 5933 2960 6002 dicitur,
3006 5931 3464 6005 quemadmodum
3495 5928 3609 5989 sci-
