4038 6296
466 392 574 460 927

1215 390 1537 454 GEORGII
1578 390 2059 453 PACHYMERE
2097 392 2196 452 DE
2221 391 2539 455 SPIRITU
2582 393 2902 457 SANCTO.

3611 401 3724 466 938

467 514 599 569 licet
625 521 682 570 et
711 511 875 581 solis,
907 509 1094 570 radlus
1120 527 1254 569 vero
1302 512 1523 568 luminis
1551 528 1655 568 non
1686 512 1890 568 dicitur
1939 513 2041 566 nisi

2149 513 2308 565 πλέον
2346 512 2442 567 καὶ
2466 493 2783 567 ἐπέλαττον.
2816 511 3056 585 Πότερον
3088 511 3346 567 emittm
3385 511 3451 568 τδ
3480 513 3599 568 τόδε
3624 515 3718 569 τοῦ

468 621 592 660 cum
641 591 1021 672 distinctione,
1062 603 1282 660 luminis
1335 605 1723 675 suppeditans:
1754 604 2047 674 quaerenda-

471 713 639 752 causa
670 707 776 761 est,
803 707 1022 769 propter
1046 713 1209 769 quam
1242 698 1315 753 ita
1347 713 1406 753 se
1435 698 1670 752 habeant
1695 707 1751 751 et
1775 698 2047 752 dicantur.

473 789 653 858 Quare
681 789 734 844 in
764 789 848 845 itis
879 777 1187 860 quieramtis
1219 789 1389 860 magis
1412 800 1464 844 et
1489 791 1696 856 minus;
1723 798 1900 844 utrum
1932 804 2044 842 ma-

473 881 555 954 gis
577 893 756 958 pateat
785 884 909 948 hoc,
933 873 1156 953 hujusce
1181 882 1641 939 consubstantiale
1665 897 1806 945 esse,
1831 897 1895 934 an
1917 877 2049 936 con;

471 972 863 1038 substantiale,
897 971 1124 1042 hujusce
1153 987 1275 1027 esse
1300 971 1548 1040 alicujus.
1586 970 1823 1037 Quilibet
1853 971 2046 1026 latebi-

473 1075 586 1132 tur,
609 1079 699 1131 eo,
725 1065 871 1134 quod
907 1063 1132 1133 hujusce
1154 1075 1239 1121 est
1260 1067 1618 1122 universalius
1647 1065 1926 1134 praedicari
1960 1082 2050 1131 eo,

472 1150 616 1222 quod
640 1167 747 1224 est,
781 1159 1244 1215 consubstantiale
1282 1174 1428 1215 esse.
1465 1159 1666 1215 Domus
1699 1160 1896 1214 etenim
1934 1160 2047 1214 haec

476 1248 719 1308 Socratis
745 1260 796 1306 et
822 1253 980 1307 sedes
1005 1251 1279 1321 Platonis;
1305 1253 1400 1307 sed
1430 1268 1534 1308 non
1566 1254 2050 1310 consubstantiaiia

472 1354 580 1410 est,
601 1359 776 1415 neque
794 1343 1009 1411 domus,
1027 1361 1202 1415 neque
1212 1345 1367 1400 sedes
1382 1345 1722 1416 philosophis
1746 1346 1870 1401 illis.
1891 1342 2044 1412 Quod

473 1439 519 1493 si
556 1441 608 1492 in
635 1438 1192 1494 consubstantialibus
1223 1439 1385 1491 etiam
1418 1436 1550 1492 solis
1582 1452 1910 1506 quaeramus,
1943 1439 2048 1493 tui-

474 1530 621 1586 nime
641 1530 999 1597 inveniemus,
1029 1531 1083 1586 in
1106 1529 1666 1585 consubstantialibus
1686 1532 1939 1586 omnibus
1959 1548 2048 1586 se-

473 1623 593 1693 qui,
626 1623 730 1677 hoc
758 1623 984 1691 hujusce
1013 1637 1157 1678 esse.
1195 1622 1300 1679 Sed
1325 1633 1377 1678 et
1407 1623 1465 1677 in
1497 1622 1586 1680 his
1608 1625 1769 1678 etiam
1802 1623 2048 1693 plurimis

475 1714 654 1770 modis
685 1713 920 1770 deiicere
954 1713 1302 1785 comperitur.
1334 1713 1825 1772 Conaubstantialis
1851 1718 2046 1787 quippe

477 1805 670 1861 Petrus
695 1814 780 1860 est
809 1804 995 1869 Paulo,
1027 1815 1086 1860 ει
1113 1804 1310 1861 Paulus
1341 1805 1540 1862 Petro:
1569 1806 1664 1861 sed
1703 1822 1876 1876 neque
1899 1807 2044 1864 Pau-

473 1897 560 1953 lus
583 1897 729 1952 Petri
755 1913 933 1968 neque
960 1896 1156 1953 Petrus
1179 1897 1352 1952 Pauli.
1381 1898 1504 1952 ideo
1540 1897 1707 1953 multo
1741 1901 1920 1952 minus
1944 1913 2043 1968 pa-

477 1990 608 2045 tebit
645 1990 721 2058 id,
751 1991 893 2062 quod
924 2002 1008 2047 est
1041 1992 1510 2048 consubstantiale
1542 2007 1684 2058 esse,
1721 2008 1882 2062 quam
1920 1993 2044 2058 hoc,

475 2083 706 2150 alicujus
735 2099 856 2138 esse
883 2095 939 2138 et
968 2084 1096 2141 dici.
1130 2084 1283 2138 Tunc
1305 2083 1452 2139 enim
1475 2084 1701 2138 omnino
1733 2085 1913 2140 minus
1937 2084 2043 2138 dii.

473 2174 793 2230 funderetur
823 2174 1306 2238 consubstantiale.
1338 2191 1499 2244 quam
1521 2175 1646 2240 hoc,
1679 2174 1908 2244 alicujus
1925 2189 2047 2230 esse

474 2277 529 2321 et
565 2267 697 2333 dici,
733 2267 778 2321 si
815 2266 915 2322 hoc
941 2267 1159 2337 quidem
1199 2265 1275 2320 illi
1305 2283 1372 2321 ex
1403 2265 1572 2321 altera
1607 2275 1759 2335 parte
1792 2282 1896 2321 nou
1953 2282 2043 2322 re-

471 2358 784 2426 sponderet,
807 2366 864 2412 et
877 2357 1338 2415 consubstantiale
1357 2359 1725 2426 responderet.
1749 2358 1883 2414 Cum
1916 2374 2045 2414 vero

475 2449 657 2504 minus
685 2451 776 2518 sit,
802 2458 853 2504 et
885 2465 990 2504 nou
1011 2465 1190 2516 omne,
1216 2451 1358 2519 quod
1384 2462 1469 2505 est
1497 2451 1656 2506 alicui
1684 2452 2045 2506 consubstan-

475 2535 627 2600 tiale,
684 2537 916 2607 hujusce
965 2540 1183 2604 dicitur,
1232 2541 1481 2610 ampliori
1517 2557 1768 2598 mensura
1805 2542 2044 2598 consub-

471 2630 715 2685 stantiali
745 2631 907 2685 inerit
943 2630 1123 2688 minus
1151 2648 1275 2689 esse
1316 2648 1477 2702 quam
1509 2634 1610 2699 illi,
1639 2634 1784 2704 quod
1817 2636 2046 2707 hujusce

470 2731 581 2778 est.
624 2722 738 2778 Hoc
764 2738 1048 2789 concesso,
1085 2725 1465 2795 inquirendum
1505 2737 1611 2794 est,
1641 2738 1822 2784 utrum
1844 2738 1848 2742 ‘
1871 2729 2046 2800 magis

472 2829 533 2870 se
564 2815 847 2880 extendat;
878 2831 1040 2872 causa
1068 2832 1140 2873 an
1165 2817 1433 2874 eliectusi
1455 2817 1524 2874 Et
1545 2818 1790 2887 omnino,
1830 2821 2046 2875 nemine

470 2911 904 2971 contradicente.
937 2913 1261 2968 extendetur
1282 2928 1466 2968 causa.
1502 2914 1703 2981 Quare,
1733 2915 1778 2970 si
1800 2915 1922 2986 quis
1946 2930 2045 2984 po-

472 3000 694 3056 stularit
723 3015 890 3070 quare
918 3001 1097 3055 lumen
1131 3003 1270 3057 radii
1301 3002 1539 3058 dicitur!
1562 3003 1726 3060 stulte
1757 3007 2048 3074 responde-

471 3102 558 3149 ret
583 3093 630 3149 si
665 3093 892 3158 diceret,
915 3092 1054 3160 Quia
1089 3093 1552 3152 consubstantiaie
1581 3107 1688 3152 est.
1721 3095 1828 3152 Sed
1851 3099 1895 3151 si
1920 3100 2044 3166 quis

469 3183 780 3253 postularit:
815 3183 1097 3249 Quomodo
1123 3185 1240 3240 haec
1264 3186 1746 3242 eonsubstantialia
1769 3187 1922 3243 sunt?
1951 3205 2046 3260 po—
2067 3224 2114 3287 Ο

472 3281 599 3335 terit
629 3282 979 3350 respondere,
1005 3283 1146 3352 quod
1176 3281 1278 3337 hoc
1307 3281 1533 3350 hujusce
1559 3283 1792 3353 dicitur;
1831 3286 1955 3340 licet
1983 3286 2036 3339 in

469 3368 740 3444 plerisque
775 3374 1328 3430 consubstantialibus
1360 3390 1523 3430 causa
1561 3375 1656 3430 illa
1688 3391 1795 3431 non
1827 3378 1918 3432 sit.
1948 3375 2040 3434 Sic

468 3475 526 3520 et
552 3467 605 3521 iu
641 3467 912 3536 proposita
939 3468 1239 3538 quaestione
1266 3468 1535 3538 quispiam
1571 3468 1788 3524 audebit
1817 3469 2038 3528 eﬂ‘erre.

472 3557 530 3610 Si
559 3557 730 3628 magis
752 3558 858 3611 iate
881 3567 1048 3626 patet,
1077 3571 1202 3611 esse
1223 3566 1276 3612 et
1301 3556 1407 3611 dici
1430 3555 1692 3626 Spiritum
1719 3555 1863 3617 Filii.
1889 3567 1947 3613 ut
1975 3572 2040 3612 ex

463 3651 576 3720 jam
602 3651 762 3706 dictis
788 3652 856 3705 de
892 3650 1344 3706 consubstantiali
1378 3649 1534 3704 lateri
1552 3652 1814 3723 cogimur.
1835 3650 1890 3704 Si
1919 3652 2044 3722 quis

473 3744 786 3812 postularit,
813 3741 994 3810 Quare
1015 3743 1496 3799 consubstantialis
1519 3742 1753 3810 Spiritus
1776 3743 1912 3798 Filio
1928 3744 2046 3798 est?

469 3837 757 3893 commode
787 3838 1224 3906 respondebitur,
1256 3839 1399 3908 quod
1430 3837 1666 3907 Spiritus
1691 3836 1890 3893 dicitur
1919 3837 2045 3894 Filii

472 3925 713 4002 Spiritus
745 3940 986 3986 sanctus.
1021 3929 1204 4000 Neque
1241 3933 1385 3985 enim
1430 3931 1694 3986 aacititius
1727 3941 1812 3987 est
1841 3930 1939 3998 illi,
1987 3942 2048 3987 ut

473 4028 632 4082 nobis
663 4037 789 4082 sunt
818 4041 903 4087 ea,
931 4041 1050 4094 quae
1077 4027 1435 4094 possidemus,
1455 4026 1548 4080 sed
1576 4035 1776 4080 aeterne
1799 4040 1865 4080 ac
1892 4034 2050 4080 natu-

472 4121 662 4179 raliter
683 4136 1026 4191 promauans.
1052 4119 1543 4185 Quemadmodum,
1562 4121 1604 4175 si
1624 4121 1744 4189 quis
1760 4131 2044 4190 quareret,

469 4208 652 4281 Quare
690 4213 1172 4268 consubstantialis
1221 4223 1304 4267 est
1343 4210 1510 4267 Filius
1565 4212 1746 4268 Patri?
1790 4213 2044 4280 dicimus,

470 4308 616 4377 quod
650 4306 826 4360 Patris
875 4305 1044 4360 Filius
1073 4307 1144 4361 sit
1166 4303 1412 4372 Filius,et
1438 4315 1522 4361 est
1551 4315 1810 4374 preterea
1855 4321 2051 4362 secun-

467 4402 598 4457 dum
626 4400 984 4456 substantiam
1003 4416 1030 4452 a
1050 4398 1231 4460 Patre.
1258 4401 1352 4454 sed
1379 4414 1485 4454 non
1513 4400 1591 4454 uti
1621 4399 1738 4454 alia:
1754 4410 2046 4457 creaturae.

467 4495 542 4550 At
569 4509 700 4548 vero
747 4490 1097 4561 respondere,
1145 4493 1271 4546 dum
1312 4493 1603 4561 quaeritur,
1635 4480 1816 4560 Quare
1844 4491 2047 4548 dicitur

2074 1859 2121 1920 B

2146 603 2202 659 δέ
2233 622 2378 668 τινος
2403 599 2545 660 εἶναι
2566 604 2661 658 τοῦ
2687 606 2997 673 ὁμοουσὶου,
3029 605 3061 677 ἢ
3093 605 3153 659 τὸ
3175 606 3459 676 ὀμοοῦσιον
3478 607 3577 662 τοῦ
3595 606 3719 662 ,τόδε

2144 696 2240 752 τοῦ
2265 698 2321 751 δέ
2343 715 2488 762 τινος
2515 693 2678 752 εἶναι.
2706 697 2812 750 Καὶ
2837 700 2947 761 πᾶς
2969 717 3052 762 τις
3079 699 3462 770 ὁμολογήσειεν
3492 699 3560 755 ἂν
3594 702 3717 755 τόδε

2145 786 2242 840 τοῦ
2284 785 2343 840 δέ
2382 781 2528 852 ⁸τινος
2576 781 2739 850 εἶναι,
2785 785 3045 840 ὲπιπλέον
3081 786 3172 840 τοῦ
3219 786 3507 857 ὁμοοῦσιον
3555 783 3730 842 εἶναι-

2148 874 2308 941 Οἶκος
2337 876 2446 948 γὰρ
2479 871 2632 939 οὗτος
2667 878 3012 949 Σωκράτους,
3049 882 3144 932 καὶ
3193 879 3381 949 Θρόνος
3410 880 3721 944 Πλάτωνος,

2148 969 2264 1024 ἀλλ’
2297 973 2395 1040 οὐχ
2423 970 2711 1040 ομοοὺσιος
2747 974 2774 1024 ὁ
2819 966 2988 1035 οἶκος,
3041 971 3075 1040 ἢ
3133 966 3319 1041 Θρόνος
3369 974 3482 1037 τοῖς
3515 954 3731 1042 φιλοπε-

2149 1081 2269 1131 φοις
2299 1065 2553 1124 ἐκείνοις.
2590 1064 2652 1116 Et
2681 1063 2737 1115 δὲ
2777 1064 2866 1115 ἐπὶ
2919 1062 3220 1132 ὁμοουσίων
3271 1063 3368 1117 καὶ
3413 1063 3590 1133 μόνων
3625 1063 3724 1132 ζη-

2147 1156 2392 1219 τοῦντες,
2429 1157 2525 1227 οὐχ
2579 1158 2907 1226 εὑρίσκομεν
2964 1159 3054 1209 ἐπὶ
3091 1158 3235 1210 πᾶσι·
3263 1160 3374 1217 τοῖς
3417 1156 3726 1225 ὁμοουσίοις

2148 1250 2419 1320 ἑπόμενον
2454 1249 2516 1302 τὸ
2549 1249 2666 1303 τόδε
2729 1249 2890 1303 τοῦδέ
2919 1267 3056 1311 τινος
3103 1248 3264 1312 εἶναι.
3304 1249 3454 1302 Ἀλλ’
3489 1250 3726 1303 ἐλλείπει

2149 1345 2242 1398 καὶ
2267 1343 2362 1397 ἐπὶ
2385 1343 2600 1406 τούτοις
2628 1342 2980 1402 τὰπλεῖστα.
3027 1342 3344 1411 Ὀμοοῦσιος
3375 1341 3482 1411 γὰρ
3519 1342 3727 1409 Πέτρος

2147 1437 2368 1508 Παύλῳ,
2421 1437 2514 1490 καὶ
2564 1427 2776 1501 Παῦλος
2809 1435 3025 1506 Πέτρῳ.
3096 1434 3384 1490 ’Δλλόῦτε
3436 1437 3466 1487 ὁ
3514 1432 3726 1494 Παῦλος

2149 1533 2379 1602 Πέτρου,
2414 1529 2529 1584 οὔτ’
2573 1532 2601 1583 ὅ
2649 1531 2864 1600 Πέτρος
2903 1529 2999 1583 τοῦ
3042 1528 3288 1584 Παύλου.
3336 1527 3524 1599 nam;
3563 1526 3729 1581 πλέον

2147 1623 2235 1677 ἐπ’
2263 1624 2488 1677 ἔλαττον
2519 1624 2586 1678 ἂν
2619 1624 2704 1694 εἴη
2725 1623 2786 1676 τὸ
2818 1623 3108 1694 ὀμοοῦσιον
3141 1624 3280 1694 πρὸς
3308 1623 3372 1678 τὸ
3397 1624 3520 1678 τόδε
3572 1621 3728 1676 τοῦδέ

2144 1733 2290 1779 τινος
2315 1716 2410 1769 καὶ
2445 1712 2585 1770 εἶναι
2619 1717 2714 1770 καὶ
2738 1716 3024 1784 λέγεσθαι.
3063 1717 3200 1772 Τότε
3231 1715 3342 1788 γὰρ
3379 1715 3470 1770 ἀπ’
3501 1696 3729 1768 ἔλαττον

2148 1807 2335 1873 ἀπλῶς
2363 1809 2422 1861 τὸ
2446 1807 2730 1879 ὀμοούσιον
2757 1809 2853 1862 τοῦ
2885 1808 3004 1863 τόδε
3033 1808 3127 1864 τοῦ
3158 1808 3231 1864 δι-
3261 1827 3428 1873 τινος,
3460 1808 3556 1862 τοῦ
3587 1803 3728 1861 εἶναι

2150 1902 2244 1958 καὶ
2274 1900 2567 1970 λέγεσθαι,
2625 1901 2785 1973 ειπερ
2839 1902 2996 1956 τοῦτο
3053 1901 3152 1972 μὲν
3197 1903 3393 1974 ἐκείνῳ
3422 1900 3524 1956 οὐκ
3575 1901 3731 1954 ἀντέ-

2149 2010 2376 2064 στρεφε,
2400 1993 2463 2048 τὸ
2493 1993 2550 2048 δᾶ
2579 1993 2868 2064 ὀμοοὺσιον
2892 1996 3067 2067 τούτῳ
3087 1995 3471 2066 ἀντέστρεφεν.
3489 1994 3645 2048 Ἐπεὶ
3672 1993 3728 2046 δὲ

2146 2087 2407 2153 ἐλλείπει,
2433 2087 2528 2142 καὶ
2554 2087 2614 2140 οὐ
2647 2088 2758 2141 πᾶν
2793 2088 2856 2142 τὺ
2887 2088 3182 2159 ὀμοούσιονο
3226 2089 3356 2151 τινὶ,
3406 2088 3526 2142 τόδε
3572 2087 3732 2142 τοῦδε.

2144 2178 2386 2249 λέγεται,
2440 2179 2624 2250 πολλῷ
2669 2197 2778 2235 τινι
2811 2179 2874 2234 τὸ
2921 2181 3017 2235 ἐπ’
3063 2179 3286 2236 ελαττον
3319 2180 3398 2252 τῷ
3449 2181 3731 2250 ὁμοουσίῳ

2146 2273 2286 2344 πρὸς
2315 2273 2375 2326 τὸ
2405 2273 2525 2327 τόδε
2554 2272 2715 2329 τοῦδε
2741 2269 2884 2328 εἶναι
2914 2275 3200 2344 πρόσεστι.
3224 2272 3432 2327 Τούτου
3453 2272 3732 2344 δὶὸμολο-

2146 2363 2412 2434 γηθέντος
2449 2365 2717 2436 ζητητέον
2752 2366 3042 2436 πρότερον,
3073 2364 3334 2419 ἐπιπλέον
3372 2364 3440 2419 ab
3467 2363 3665 2428 αἴτιον,
3695 2364 3729 2436 ἢ

2143 2459 2204 2513 τδ
2239 2458 2509 2527 αἰτιατὸν,
2553 2459 2650 2512 καὶ
2679 2459 2900 2522 πάντως
2930 2457 3320 2529 ἀναμφιλόγως
3345 2457 3407 2512 τδ
3436 2458 3632 2512 αῐτιον.
3666 2457 3732 2512 Et

2143 2551 2276 2621 γοῦν
2302 2551 2496 2623 ζητοίη
2519 2568 2627 2618 τις,
2653 2551 2741 2605 διά
2778 2550 2834 2605 τί
2889 2551 3002 2619 φῶς
3043 2551 3262 2615 ἀκτῖνος
3309 2549 3550 2618 λέγεται,
3581 2553 3730 2621 ἀμα-

2147 2645 2240 2708 θὲς
2267 2644 2329 2698 τὸ
2371 2645 2701 2707 ἀποδιδόναι,
2734 2645 2819 2699 δτι
2848 2642 3158 2713 ὁμοοῦσιον.
3204 2643 3269 2699 El
3295 2643 3354 2698 δὲ
3391 2644 3583 2713 ζητοίη
3622 2661 3730 2708 τις,

2145 2737 2265 2800 πῶς
2291 2737 2554 2806 ὀμοοῦσια
2583 2735 2794 2801 ταῦτα,
2825 2733 3018 2807 χώραν
3042 2734 3157 2806 εχει
3201 2734 3596 2803 ἀπολογεῖσθαί
3621 2752 3730 2799 τις,

2144 2830 2228 2884 ὄτι
2253 2831 2370 2884 τόδε
2400 2830 2552 2883 τοῦδε
2582 2828 2803 2898 λέγεται
2823 2867 2839 2894 ,
2869 2831 2918 2883 εί
2950 2831 3048 2882 καὶ
3092 2828 3166 2902 μὴ
3197 2829 3291 2883 ἐπὶ
3319 2830 3533 2884 πολλῶν
3567 2811 3734 2885 τοῦτό

2144 2920 2262 2972 ἐστι
2293 2918 2405 2972 τῶν
2441 2919 2750 2989 ὁμοουσίων
2793 2917 2859 2972 τὸ
2885 2919 3080 2974 αῐτιον.
3134 2917 3293 2974 οὕτω
3337 2922 3434 2974 καὶ
3490 2920 3588 2975 ἀπὶ
3634 2918 3735 2975 τοῦ

2145 3010 2510 3082 προκειμένου
2543 3011 2860 3081 ζητήματος
2915 3010 3242 3082 τολμήσειεν
3290 3011 3356 3067 ἀν
3383 3029 3466 3078 τις
3516 3012 3726 3080 λέγειν.

2145 3101 2208 3157 El
2241 3105 2348 3172 7&9
2384 3102 2643 3157 ὶπιπλέον
2667 3103 2729 3157 τὸ
2755 3099 2920 3169 εἶναι,
2950 3106 3048 3157 καὶ
3095 3103 3350 3174 λέγεσθαι
3395 3106 3459 3159 τὸ
3505 3106 3731 3176 Πνεῦμα

2145 3197 2241 3250 τοῦ
2290 3195 2446 3262 Υίοῦ,
2497 3197 2644 3250 κατὰ
2690 3195 2791 3266 τὴν
2844 3197 3141 3266 ὁμολογίαν
3185 3200 3286 3268 τῆς
3333 3196 3590 3264 διδάξεως
3633 3199 3730 3251 τοῦ

2143 3288 2454 3360 ὁμοουσίου.
2483 3289 2545 3342 Ei
2569 3288 2760 3360 ζητοίη
2785 3307 2892 3356 τις,
2911 3289 3002 3345 διὰ
3033 3290 3088 3345 τί
3107 3291 3398 3362 ὀμοοῦσιον
3417 3291 3478 3345 τὸ
3508 3291 3734 3361 Πνεῦμα

2143 3380 2223 3452 τῷ
2253 3380 2407 3452 Υίῷ;
2451 3382 2785 3453 ἀποκριτέον
2813 3381 3076 3452 εὐλόγως,
3120 3383 3205 3439 ὅτι
3247 3383 3474 3454 Πνεῦμα
3505 3383 3733 3452 λέγεται

2144 3472 2239 3528 τοῦ
2277 3473 2410 3528 Υίοῦ
2436 3473 2499 3527 τὸ
2533 3473 2763 3544 Πνεῦμα
2785 3473 2847 3527 τδ
2878 3473 3055 3542 ἅγιον.
3092 3475 3231 3530 Οὐδὲ
3259 3476 3368 3545 γὰρ
3393 3475 3470 3539 ὡς
3496 3475 3740 3546 ἐπίκτη-

2144 3582 2237 3620 τον
2268 3567 2412 3621 κατά
2442 3567 2511 3620 τὰ
2540 3567 2778 3636 κτητικὰ
2811 3568 2910 3621 καὶ
2953 3568 3229 3640 ἡμέτερα,
3268 3569 3388 3622 ἀλλ’
3417 3568 3606 3632 ἀϊδίως
3633 3569 3736 3621 καὶ

2147 3660 2415 3730 φυσικῶς.
2470 3659 2684 3732 Ὠσπερ
2727 3662 2834 3731 ἀρα
2866 3663 2964 3715 καί
3016 3663 3064 3714 εί
3118 3661 3309 3732 ζητοίη
3358 3678 3466 3726 τις,
3527 3660 3617 3714 διὰ
3675 3659 3734 3713 τί

2144 3753 2437 3822 ὁμοούσιος
2491 3753 2619 3816 Υἱὸς
2657 3753 2752 3823 Δτῷ
2802 3755 3020 3822 Πατρίς
3075 3754 3338 3826 λέγομεν,
3383 3755 3468 3810 ὃτι
3516 3753 3731 3823 nam;

2147 3842 2277 3906 Υἱὸς
2302 3845 2330 3897 ὁ
2371 3842 2518 3909 Υίὸς,
2545 3843 2629 3897 ετ.
2651 3843 2710 3897 δὲ
2753 3845 2851 3897 καὶ
2892 3846 2958 3899 ὲκ
2985 3843 3081 3898 τοῦ
3115 3845 3331 3916 Πατρδς
3362 3845 3486 3898 κατ’
3514 3843 3731 3909 οὐσίαν,

2146 3934 2265 3990 ἀλλ’
2296 3935 2396 4006 οὐχ
2437 3934 2514 3998 ὡς
2563 3933 2634 3989 τὰ
2677 3935 2976 4006 κτίσματα.
3027 3937 3102 3990 Τὸ
3142 3936 3189 3991 δ’
3214 3937 3608 4006 ἀπολογεῖσθαι
3639 3937 3742 4008 ζη-

2146 4025 2384 4079 τούντων
2431 4025 2618 4090 τινῶν,
2652 4023 2741 4080 διὰ
2791 4025 2843 4080 τί
2901 4027 3123 4094 λέγεται
3156 4025 3381 4098 Πνεῦμα
3433 4027 3527 4082 τοῦ
3559 4028 3731 4092 nos;

2148 4119 2230 4173 ὅτι
2259 4120 2406 4191 αῦτῷ
2429 4120 2738 4190 ὀμοούσιον,
2772 4121 2994 4192 ἀμαθὴς
3023 4123 3116 4176 καὶ
3145 4122 3208 4176 οὐ
3240 4123 3382 4177 κατά
3407 4124 3536 4186 τοῦς
3557 4124 3736 4177 διαλε-

2150 4214 2366 4276 κτικοὺς
2389 4214 2589 4284 νόμους
2620 4214 2653 4283 ἡ
2690 4213 3003 4284 ἀπόκρισις.
3049 4214 3250 4268 Κεῖται
3293 4215 3402 4285 γὰρ
3436 4213 3525 4269 ἐπ’
3573 4214 3730 4269 ἔλατ.

2147 4322 2242 4359 τον
2270 4305 2331 4358 τὸ
2361 4304 2648 4376 ὁμοούσιον
2671 4303 2768 4358 τοῦ
2799 4307 2918 4359 τόὸε
2945 4304 3098 4360 τοῦδέ
3126 4323 3273 4369 τινος
3297 4302 3459 4362 εἶναι.
3505 4306 3631 4371 Πῶς
3673 4309 3732 4362 δὲ

2146 4395 2243 4450 τοῦ
2290 4396 2548 4449 ἰπιπλέον
2605 4395 2966 4464 αίτιασὸμεθα
2995 4395 3058 4449 τὺ
3107 4395 3197 4448 ἐπ’
3238 4395 3494 4463 (lassati;
3527 4398 3589 4451 τὸ
3624 4400 3732 4469 γάρ

2151 4487 2327 4542 αἴτιον
2368 4486 2719 4558 ἢὲπιπλέον,
2767 4487 2802 4559 ἢ
2860 4486 3082 4556 δπίσης,
3128 4487 3179 4540 εί
3223 4489 3594 4559 ἀντιστρέφει,
3643 4491 3729 4544 ἐπ’

473 4577 710 4656 Spiritus
730 4584 890 4639 Filii?
922 4585 1064 4654 quod
1092 4583 1168 4638 illi
1199 4585 1674 4640 consubstantialis
1688 4596 1806 4652 est;
1842 4586 2043 4642 insulsa

2150 4582 2371 4634 ἔλαττον
2398 4580 2455 4634 δὲ
2481 4581 2761 4634 οὐδέποτε.
2793 4580 2957 4634 Ὥστε
2988 4580 3182 4634 τούτου
3215 4581 3601 4651 ἀναιρεθέντος
3634 4583 3731 4653 ζη-

472 4695 559 4737 est
583 4679 884 4750 responsio,
902 4689 953 4732 et
977 4688 1128 4732 extra
1151 4679 1459 4732 dialecticas
1487 4680 1654 4749 leges.
1703 4678 1878 4734 Minus
1899 4681 2044 4734 enim

472 4783 618 4843 patet
646 4772 1128 4836 consubstantiale,
1157 4786 1224 4826 eo
1251 4777 1391 4841 quod
1420 4783 1524 4833 est,
1555 4770 1780 4841 hujusce
1806 4787 1949 4827 esse.
1979 4773 2047 4826 Et

472 4863 767 4934 quomodo,
799 4864 941 4933 quod
975 4864 1154 4917 minus
1187 4879 1245 4916 se
1277 4864 1540 4928 extendit,
1572 4864 1718 4919 illius
1760 4867 1902 4934 quod
1937 4881 2049 4920 ma-

473 4961 580 5027 gis,
613 4973 834 5012 causam
860 4972 982 5010 esse
1011 4955 1334 5020 fatebimur?
1361 4955 1532 5012 Causa
1567 4959 1764 5013 etenim
1790 4960 1855 5014 de
1886 4959 2049 5029 pluri-

473 5053 574 5106 bus
600 5050 678 5104 vel
707 5050 950 5118 paribus,
974 5053 1017 5105 si
1040 5059 1226 5105 contra
1247 5061 1508 5116 vertatur,
1535 5067 1808 5121 nunquam
1832 5067 1961 5108 vero
1985 5055 2050 5108 de

473 5144 841 5214 paucioribus.
890 5143 1227 5211 Quapropter
1260 5146 1358 5196 hoc
1399 5143 1635 5210 sublato,
1668 5158 1832 5197 causa
1865 5144 2050 5212 inqui-

476 5236 644 5291 renda
673 5245 778 5299 est,
823 5237 1091 5304 quomodo
1141 5235 1376 5304 Spiritus
1420 5236 1540 5290 Filii
1585 5237 1783 5291 dicitur
1813 5237 2048 5304 Spiritus

477 5326 736 5381 sanctus?
769 5326 920 5391 Quod
954 5328 996 5380 si
1031 5327 1082 5380 in
1115 5328 1215 5380 hoc
1256 5343 1471 5396 quoque
1511 5328 1709 5397 aliquid
1740 5329 2045 5383 audendum

473 5420 730 5488 esl,quod
768 5437 831 5473 ex
863 5423 1023 5474 Patre
1061 5436 1154 5484 per
1177 5420 1370 5476 Filium
1399 5421 1628 5489 Spiritus
1658 5424 1760 5484 sit;
1794 5423 2052 5491 quemad-

474 5516 691 5570 modum
718 5515 878 5568 etiam
910 5516 975 5568 de
1001 5517 1114 5570 sole
1137 5517 1503 5574 euuntiantes.
1528 5531 1620 5584 per
1642 5519 1851 5569 radium
1879 5532 1944 5568 ex
1970 5530 2058 5570 so-

472 5608 750 5674 lelutuen,
783 5618 837 5663 et
870 5611 1232 5664 interventum
1265 5610 1402 5665 radii
1433 5611 1827 5674 signiﬁcamus,
1853 5621 1904 5664 et
1925 5624 2057 5665 cau-

476 5713 592 5753 sam
630 5700 848 5755 luminis
877 5701 1045 5755 solent
1079 5704 1149 5754 ob
1179 5700 1367 5756 oculos
1402 5703 1761 5766 exhibemus;
1797 5702 1874 5755 sic
1905 5708 1962 5754 et
1989 5701 2055 5754 de

476 5787 580 5852 hoc
607 5793 915 5868 asserentes
937 5805 1033 5862 per
1049 5790 1244 5847 Filium
1277 5791 1564 5863 Spiritum,
1597 5793 1940 5863 quaerendam
1969 5805 2057 5845 rc-

2144 4671 2339 4743 τητέον
2373 4672 2435 4724 τὸ
2483 4672 2679 4736 αἴτιον,
2741 4671 2860 4736 πῶς
2920 4670 3147 4742 Πνεῦμα
3208 4671 3340 4726 Υίοῦ
3395 4673 3618 4742 λέγεται
3671 4675 3732 4728 τὸ

2148 4763 2374 4832 Πνεῦμα
2396 4763 2457 4816 τδ
2483 4762 2658 4831 ἅγιον.
2692 4763 2758 4818 El
2782 4765 2837 4817 δὲ
2867 4763 2950 4817 δεῖ
2971 4781 3026 4817 τι
3054 4764 3261 4837 τολμᾷν
3294 4767 3730 4831 κάνταῦθα,διὸτι

2135 4857 2214 4908 ’ὲκ
2247 4855 2339 4909 τοῦ
2373 4855 2588 4926 Πατρὸς
2633 4855 2722 4908 διὰ
2746 4855 2843 4909 τοῦ
2887 4855 3166 4925 Υξοῦηὲστι
3223 4856 3284 4909 τὸ
3331 4856 3576 4928 Πνεῦμα.
3633 4858 3734 4938 Καὶ

2151 4956 2339 5024 ὥσπερ
2381 4957 2474 5008 ἐπὶ
2503 4951 2598 5006 τοῦ
2629 4953 2784 5022 ἡλίου
2838 4953 3089 5021 λέγοντες
3135 4951 3227 5007 διὰ
3268 4952 3370 5024 τῆς
3404 4954 3624 5012 ἀκτῖνος
3669 4957 3730 5009 ἐκ

2151 5045 2245 5099 τοῦ
2272 5045 2426 5116 ἡλίου
2461 5044 2521 5098 τὸ
2559 5043 2675 5112 φῶς
2698 5083 2716 5110 ,
2761 5044 2857 5096 καὶ
2903 5043 3004 5113 τὴν
3057 5043 3336 5114 μεσιτείαν
3379 5045 3478 5113 τῆς
3515 5045 3730 5109 ἀκτῖνος

2151 5136 2442 5207 δηλοῦμεν,
2477 5135 2572 5188 καὶ
2600 5134 2693 5188 τὸν
2721 5133 2896 5188 αἴτιον
2926 5133 3023 5187 τοῦ
3056 5135 3234 5204 φωτὸς
3264 5135 3618 5206 παριστῶμεν
3640 5138 3728 5190 τὸν

2151 5234 2324 5302 ἥλιονυ
2376 5230 2521 5284 οῦτω
2569 5229 2664 5283 καὶ
2717 5231 2811 5282 ἐπὶ
2853 5228 3042 5284 τούτου
3092 5228 3342 5297 λέγοντες
3391 5229 3462 5283 δι’
3501 5229 3633 5284 Υίοῦ
3669 5231 3726 5283 τὸ

2157 5325 2402 5394 Πνεῦμα,
2443 5324 2627 5393 ζητεῖν
2679 5322 2914 5392 ἀφίεμεν
2943 5323 3041 5393 τὴν
3069 5322 3191 5375 ὅθεν
3236 5316 3441 5386 αἰτίαν,
3563 5325 3625 5376 τὸ
3666 5325 3726 5375 ὲκ

2152 5416 2397 5486 ἀρχικῶς
2426 5415 2910 5486 ἀποκεκλήρωται.
2947 5415 3021 5467 Οὐ
3057 5414 3164 5484 μὴν
3195 5413 3256 5468 δὲ
3284 5415 3375 5467 ὅτε
3418 5419 3512 5467 καὶ
3544 5415 3609 5468 ὲκ
3637 5415 3724 5467 τοῦ

2153 5510 2282 5562 Υἰοῦ
2335 5512 2479 5562 εἴποι
2531 5525 2616 5572 τις
2668 5509 2755 5574 ἂν,
2789 5508 2948 5562 τοῦτο
2983 5509 3228 5581 συμϐαίη
3258 5507 3345 5566 ἀν.
3385 5507 3594 5578 Ἰστησι
3622 5509 3725 5577 γὰρ

2149 5603 2210 5654 τὸ
2234 5603 2301 5653 ἑκ
2331 5602 2430 5672 τὴν
2455 5601 2715 5665 διάνοιαν,
2743 5601 2841 5654 καὶ
2876 5601 2980 5655 οὐκ
3020 5601 3235 5672 ἀνάγκη
3267 5599 3348 5672 τῷ
3383 5601 3634 5655 ἀκούοντι
3665 5603 3726 5655 ἐκ

2150 5695 2244 5748 τοῦ
2278 5695 2433 5761 λόγου
2464 5694 2657 5746 τούτου
2689 5697 2996 5765 προχωρεῖν
3026 5696 3384 5769 πορρωτέρω,
3417 5699 3511 5752 καὶ
3544 5697 3724 5768 ζητεῖν

2151 5789 2211 5842 τὸ
2243 5789 2472 5858 ἀρχικὸν
2507 5787 2702 5842 αἴτιον.

475 5884 773 5952 linquimus
812 5901 1054 5949 causam,
1091 5903 1154 5942 cx
1196 5905 1299 5958 qua
1337 5892 1376 5943 is
1411 5890 1498 5954 sil,
1548 5890 1654 5948 cui.
1691 5905 1752 5942 ex
1791 5899 2044 5959 tamquam
2088 5902 2247 5944 causa
2274 5883 2581 5957 principali,
2618 5880 2955 5938 attribuitur.
2984 5883 3136 5952 Quod
3164 5900 3270 5939 non
3329 5898 3482 5954 aeque
3541 5895 3724 5938 succe-
