4038 6296
416 367 520 435 957
1883 378 2216 440 norma.
3559 364 3667 430 958

415 499 473 542 ν.
500 481 662 556 not.].
703 483 917 540 Titulus
954 493 1039 542 est
1083 502 1101 540 :
1145 481 1442 558 Σύνταγμα
1488 485 1632 541 κατὰ
1662 483 1928 556 στοιχὲῖον
1963 487 2076 540 τῶν
2113 482 2678 556 ἑμπεριειλημμίνων
2715 477 2944 538 ἁπασῶν
2985 478 3304 535 ὑποθέσεων
3342 481 3456 545 τοῖς
3503 481 3667 550 ίεροῖς

415 577 514 630 καὶ
571 576 740 640 θείοις
802 580 1020 644 κανόσι,
1084 580 1323 651 πονηθέν
1375 595 1435 633 τε
1482 579 1603 650 ἅμα
1649 579 1745 633 καὶ
1800 578 2064 632 συντεθὲν
2118 579 2196 649 τῷ
2249 581 2309 632 ἐν
2367 577 2747 648 ίερομονάχοις
2796 573 3069 645 ιλαχίστῳ
3107 571 3375 643 Ματθαίῳ
3427 572 3505 645 τῷ
3535 573 3671 625 Βλα-

415 669 592 739 arripit
615 685 628 701 °
663 668 958 740 Syntagma
988 671 1396 741 alptiabeticum,
1429 689 1531 740 quo
1563 672 1660 727 sub
1700 671 1894 737 titulis,
1923 671 2226 726 litterarum
2249 671 2435 725 ordine
2475 669 2714 739 digestis,
2751 684 2833 722 res
2865 683 3068 733 omnes,
3106 681 3225 737 qua
3254 667 3309 719 in
3335 665 3502 720 sacris
3540 665 3664 718 diri-

424 762 612 830 nisque
642 762 1498 835 canonibuslcomprelienduntur,
1520 765 1736 818 collatis
1762 764 1926 818 etiam
1959 763 2157 834 legibus
2188 762 2444 827 civilibus,
2467 761 2545 832 (ut
2566 760 2738 816 Alexii
2758 760 3041 824 Comneni,
3060 775 3113 828 p.
3145 759 3248 814 125
3274 758 3374 828 (⁶);
3400 756 3670 812 Conslan-

416 852 516 907 tini
558 852 1066 926 Porphyrogenetze,
1093 873 1146 926 p.
1179 857 1308 923 232,
1337 857 1480 926 258;
1516 855 1760 921 Novella,
1799 871 1855 926 p.
1883 855 1992 923 98;
2031 867 2084 912 et
2111 866 2258 911 tumo
2289 855 2526 919 unionis,
2567 869 2621 923 p.
2655 852 2759 919 64;
2794 850 2992 908 Leonis
3027 851 3180 923 Sap.,
3206 867 3280 931 ηρ.
3324 851 3420 916 51,
3459 849 3549 915 52,
3580 849 3673 913 61,

414 943 508 1006 62,
538 943 628 1010 61,
660 943 749 1013 66,
782 944 872 1013 75,
897 943 1036 1016 104;
1068 947 1326 1016 Heraclii,
1349 950 1530 1020 p.98;
1562 949 1826 1007 Manuelis
1851 947 2137 1014 Comueni,
2162 948 2313 1019 p.49,
2341 947 2439 1003 101
2467 964 2483 1015 ;
2514 947 2837 1012 Andronici,
2864 961 2916 1016 p.
2951 945 3056 1002 258
3081 963 3100 1014 ;
3135 945 3331 1011 Alexii,
3355 959 3410 1014 p.
3440 942 3529 1008 76,
3558 941 3669 1007 98;

415 1035 607 1092 isaacii
643 1037 856 1108 Angeli,
887 1054 941 1110 p.
975 1039 1038 1096 8i
1064 1057 1081 1108 ;
1119 1052 1173 1097 et
1197 1039 1493 1098 Iustiniani
1531 1040 1785 1112 passim),
1809 1042 2069 1106 exposita:
2109 1049 2256 1106 sunt,
2283 1056 2338 1111 p.
2378 1039 2563 1095 i-272.
2598 1039 2657 1094 in
2687 1036 3012 1093 Praciatione
3038 1037 3285 1109 pluribus
3308 1038 3526 1094 disserit
3553 1037 3674 1091 Bla-

417 1139 598 1205 ⁸ιειιιθιι
624 1131 691 1186 de
725 1131 946 1202 scriptis
973 1134 1108 1204 ipsis
1135 1143 1189 1191 et
1218 1134 1596 1203 scriptoribus,
1625 1149 1691 1192 ex
1723 1133 1918 1206 quibus
1945 1131 2242 1204 Syntsgma
2266 1147 2426 1188 suum
2452 1133 2799 1189 concinnavit
2824 1149 2838 1186 :
2863 1131 2931 1186 de
2955 1131 3254 1187 rationibus
3282 1130 3672 1198 apostolorum,

422 1221 491 1276 de
523 1221 732 1293 synodo
760 1221 1198 1296 Carthaginiensi
1227 1229 1328 1283 sub
1357 1227 1417 1284 S.
1452 1228 1744 1302 Cyprisno,
1768 1227 1835 1283 de
1869 1225 2126 1297 Dionysio
2146 1227 2307 1282 Alex.
2339 1225 2494 1294 cujus
2524 1225 2808 1296 epistolam
2849 1224 2915 1280 ad
2952 1221 3221 1278 Novatum
3250 1223 3435 1294 presb.
3473 1221 3676 1278 Roma-

426 1329 557 1367 num
617 1314 814 1381 ail‘ert;
875 1317 942 1372 de
1017 1321 1226 1389 synodo
1264 1321 1630 1388 Antiochens,
1683 1321 1752 1376 de
1811 1319 1960 1376 Petri
1999 1319 2157 1374 Alex.
2197 1318 2536 1386 canonibus;
2608 1318 2677 1374 de
2749 1318 2972 1388 synodis
3016 1318 3326 1388 Ancyram,
3394 1315 3679 1373 Neocesa-

419 1407 610 1472 riensi,
637 1407 876 1477 Nicaeus,
901 1413 1242 1471 Antiochena
1284 1418 1556 1484 secunda,
1584 1417 1917 1482 Sardicensi,
1954 1415 2286 1484 Laodicena;
2320 1415 2389 1471 de
2424 1417 2723 1472 canonibns
2763 1416 2864 1471 SS.
2904 1416 3214 1480 Athanasii,
3252 1415 3436 1470 Basilii
3472 1416 3674 1486 Magni,

417 1497 665 1570 Gregorii
697 1501 960 1575 Nysseni;
997 1506 1063 1562 de
1095 1509 1300 1580 synodo
1331 1494 1635 1581 (ἰωμένοηεί
1673 1520 1726 1566 et
1753 1509 1859 1566 (ΞΡ.
1887 1510 2004 1565 sive
2043 1509 2276 1564 secunda
2312 1509 2684 1576 mcumenica;
2729 1514 2796 1564 de
2840 1509 3143 1564 canonihus
3186 1509 3284 1565 SS.
3319 1509 3586 1564 Timothei
3621 1524 3678 1564 et

418 1593 606 1663 Cyrilli
629 1595 1122 1655 Alexandrinorum
1147 1620 1162 1670 ;
1195 1603 1266 1658 de
1291 1605 1502 1676 synodo
1528 1603 1794 1674 Ephesius
1829 1605 1947 1660 sive
1975 1603 2313 1659 aecumenicu
2343 1603 2518 1668 tertia,
2550 1618 2762 1658 necnon
2793 1602 3256 1675 Carthaginiensi,
3292 1612 3347 1658 et
3373 1601 3675 1658 Chalcedo-

421 1687 577 1742 nensi
607 1688 722 1744 sive
759 1693 1096 1748 meumenica
1126 1705 1363 1764 quarta;
1411 1698 1476 1750 de
1517 1697 1576 1753 S.
1615 1695 1895 1753 Gennadio
1927 1696 2058 1762 l2P.,
2094 1697 2162 1751 de
2197 1696 2408 1767 synodo
2447 1698 2785 1753 tecumenica
2821 1699 3031 1766 quinta,
3079 1707 3364 1766 sertaque,
3414 1712 3513 1752 nec
3565 1711 3673 1750 non

419 1779 729 1850 quiuisexta
763 1783 819 1840 in
854 1783 1077 1853 Trullo;
1109 1789 1176 1842 de
1203 1788 1408 1854 synodo
1439 1790 1669 1859 septima
1705 1789 2042 1845 mcumenica
2064 1789 2180 1845 sive
2207 1787 2425 1844 Nicaena
2449 1790 2728 1857 secunda;
2761 1773 2828 1844 de
2861 1790 2918 1843 S.
2949 1789 3175 1844 'l‘arasio
3209 1789 3341 1854 ΟΡ..
3374 1788 3442 1844 de
3468 1789 3677 1860 synodo

423 1874 838 1942 primosecnnda
874 1875 1017 1945 CP.;
1059 1879 1126 1933 de
1183 1881 1395 1952 synodo
1428 1882 1529 1938 sub
1557 1881 1787 1950 Pbotio;
1816 1893 1873 1937 et
1905 1883 1971 1937 de
1993 1881 2247 1937 civilibus
2287 1881 2497 1952 legibus
2527 1897 2824 1951 eorumque
2851 1883 3061 1952 origine
3090 1891 3144 1936 et
3171 1883 3577 1952 constitutione.
3621 1878 3677 1935 In

421 1977 586 2032 opere
619 1966 738 2036 ipso
779 1969 922 2024 inter
959 1970 1063 2025 alia
1096 1972 1163 2026 de
1191 1973 1462 2029 haereticis
1498 1990 1551 2046 p.
1592 1974 1744 2042 7-17,
1778 1975 2088 2031 disseritur.
2120 1971 2388 2030 Praeterea
2427 1974 2661 2030 citantur
2693 1979 3016 2044 quandoque
3049 1978 3216 2030 etiam
3266 1976 3563 2042 scriptores
3589 1974 3680 2031 alii

427 2067 626 2125 praeter
651 2059 764 2124 jam
794 2063 1128 2132 nominatos,
1162 2075 1221 2120 ut
1250 2064 1541 2133 Homerus,
1577 2085 1631 2137 p.
1659 2068 1726 2123 47
1750 2085 1768 2134 ;
1795 2067 2067 2138 Josephus
2089 2075 2144 2122 et
2168 2065 2346 2130 Philo.
2381 2084 2433 2137 ν.
2467 2066 2564 2122 20i
2600 2086 2614 2135 ;
2645 2067 2877 2123 lsidorus
2906 2068 3111 2130 Pelus.,
3137 2083 3189 2137 p.
3221 2068 3328 2123 255
3355 2085 3372 2135 ;
3421 2067 3676 2134 Photius,

429 2151 744 2218 patriarcha
767 2164 823 2211 et
852 2153 1174 2214 Theodorus
1198 2158 1434 2225 Studita,
1460 2176 1513 2231 p.
1543 2162 1681 2228 i09;
1707 2159 2029 2217 Theodorus
2051 2160 2204 2227 Tiro,
2234 2160 2301 2217 de
2324 2161 2585 2216 miraculo
2607 2161 2903 2226 κολλύὸων,
2937 2177 2991 2232 p.
3014 2160 3152 2227 240;
3186 2159 3447 2226 Zonaras,
3471 2175 3525 2231 p.
3554 2161 3678 2229 111,

421 2242 567 2310 254;
595 2243 904 2317 Balsamon,
937 2265 995 2322 p.
1025 2251 1118 2320 56,
1152 2253 1240 2318 76,
1283 2253 1380 2322 77;
1417 2253 1622 2310 Eccles.
1666 2255 1838 2322 ωσι,
1873 2270 1925 2324 p.
1964 2254 2107 2323 i58;
2145 2241 2590 2324 ClirysOstomus,
2633 2271 2686 2325 p.
2715 2254 2857 2332 232;
2908 2253 2948 2306 ll
2994 2255 3059 2309 ad
3104 2255 3446 2309 Theodorum
3490 2240 3678 2323 epist.,

423 2352 482 2407 ι).
513 2337 650 2406 195ς
682 2339 737 2395 in
763 2339 1098 2410 ﬁnitimum,
1131 2361 1186 2416 p.
1222 2346 1347 2412 152,
1373 2347 1520 2414 218;
1555 2349 1776 2404 homilia
1805 2349 1897 2409 2i.
1934 2350 2018 2418 Πει

2096 2347 2456 2416 ἀνδριάντων,
2484 2348 2601 2404 et'6
2636 2347 2840 2404 Contra
2868 2347 3108 2412 Judreos,
3140 2363 3194 2416 p.
3226 2348 3365 2412 175;
3400 2347 3442 2402 ll
3472 2347 3540 2404 de
3590 2361 3682 2402 sa-

422 2431 668 2488 cerdotio
703 2449 758 2505 p.
789 2435 916 2501 179,
944 2435 998 2492 in
1028 2439 1159 2493 Acta
1192 2455 1244 2510 p.
1272 2440 1364 2508 9'5,
1394 2443 1446 2495 in
1480 2441 1652 2511 Epist.
1689 2443 1755 2496 ad
1792 2442 2040 2497 Thessal.
2077 2457 2130 2512 p.
2178 2442 2302 2508 111,
2347 2440 2645 2511 Gregorius
2688 2440 2850 2509 Naz.,
2897 2456 2951 2510 p.
2991 2441 3084 2507 65,
3129 2439 3214 2508 7i,
3259 2439 3397 2506 106;
3444 2439 3680 2512 Cyrilius

426 2521 584 2579 Alex.
621 2525 675 2579 in
728 2528 947 2595 lsaism,
989 2544 1044 2599 p.
1078 2531 1221 2599 H2;
1252 2533 1616 2601 Paphnutius,
1669 2535 1724 2590 in
1764 2534 1997 2590 concilio

2107 2549 2181 2599 c.,
2230 2551 2283 2604 p.
2324 2535 2428 2602 60;
2479 2544 2652 2606 poeta!
2702 2534 2906 2590 dictum
2956 2534 3174 2603 γυναιξὶ
3223 2533 3427 2603 κόσμον
3472 2534 3508 2605 ὴ
3552 2533 3698 2604 σιγὴ,

429 2613 611 2688 φέρει,
647 2632 702 2688 p.
733 2619 832 2686 85;
856 2621 1140 2680 Chumnus
1172 2625 1698 2694 Thessalonicensis,
1724 2644 1776 2697 ρ.
1809 2629 1900 2688 b8.
1937 2629 2024 2695 Si;

2082 2626 2145 2684 io.
2179 2627 2486 2692 Nesteutes,
2514 2644 2570 2700 p.
2602 2627 2695 2694 3'5,
2728 2627 2864 2694 i6i;
2894 2627 3223 2697 patriarcha!
3252 2626 3362 2683 ΟΡ.
3395 2626 3595 2692 Lucas,
3624 2639 3677 2695 ρ.

431 2708 526 2776 46,
571 2709 664 2778 99,
696 2712 986 2782 166,178;
1017 2715 1299 2784 Nicolaus,
1348 2736 1399 2789 p.
1444 2721 1536 2786 49,
1561 2720 1701 2788 269;
1735 2721 2089 2784 Chliarenus,
2134 2737 2187 2791 p.
2231 2721 2365 2787 {72;
2401 2719 2510 2776 Leo
2539 2719 2728 2791 Stypa,
2778 2736 2832 2790 p.
2876 2719 2985 2786 50,
3024 2719 3128 2785 5i;
3175 2718 3419 2783 Alexius,
3449 2733 3503 2787 p.
3531 2716 3678 2783 232;

429 2805 781 2878 Athanasius,
803 2825 858 2882 p.
887 2811 1030 2880 258;
1066 2813 1316 2882 Michael,
1345 2831 1398 2886 p.
1425 2815 1554 2884 264,
1580 2817 1722 2886 269;
1748 2816 2084 2884 Theodotus,
2109 2833 2162 2888 p.
2193 2817 2280 2873 72.
2300 2817 2418 2874 Non
2448 2817 2566 2873 sine
2596 2817 2756 2873 laude
2784 2817 2972 2883 etiam,
2997 2831 3050 2886 p.
3076 2816 3166 2882 57,
3193 2813 3435 2871 meminit
3459 2812 3683 2885 Symeo-

430 2899 519 2954 nis
547 2899 929 2973 Metaphrsstze
960 2907 1046 2963 his
1091 2909 1270 2965 verbis
1302 2926 1319 2967 :
1350 2911 1522 2964 Πόσου
1554 2911 1737 2964 τοίνυν
1766 2912 1916 2979 ἀξιον
1947 2910 2013 2964 ἂν

2086 2912 2140 2984 [η
2170 2910 2528 2984 μακαρισμοῦ
2564 2912 2592 2964 ὸ
2618 2909 2924 2980 θαυμάσιος
2965 2906 3194 2980 Συμεὼν
3239 2909 3268 2962 ὁ
3303 2906 3366 2961 sb
3398 2905 3681 2962 καλεῖσθαι

427 2993 835 3072 Μιταφραστὴς
870 3001 1238 3076 διαφερόντως
1283 3005 1396 3061 τῶν
1435 3008 1611 3062 ἄλλων
1653 3009 2127 3080 ἀπενεγκάμενος,
2158 3009 2188 3061 ό
2222 3009 2288 3080 τῇ
2331 3007 2552 3079 ιπινοίᾳ
2587 3007 2685 3061 τοῦ
2723 3007 2884 3077 ἁγίου
2918 3006 3245 3076 Πνεύματος
3272 3004 3345 3059 τὰ
3373 3003 3484 3057 τῶν
3510 2991 3682 3072 ἁγίων

433 3091 736 3164 μαρτύρων
761 3093 906 3168 ὕπὶρ
925 3096 1188 3172 ἁληθὶιιίας
1212 3100 1361 3172 σκάμ
1371 3117 1518 3172 ματα
1548 3102 1768 3168 πολλοῖς
1789 3101 1978 3175 ίδρῶσι
2003 3102 2100 3156 καὶ
2127 3102 2316 3164 πόνοις
2336 3099 2821 3174 συγγραψάμενος,
2845 3101 2939 3178 καὶ
2960 3100 3190 3172 δυνάμει
3214 3098 3377 3165 λόγου
3399 3095 3499 3152 καὶ
3517 3095 3684 3169 σοφία

429 3182 704 3252 καλλὺνας
728 3189 810 3252 είς
839 3187 1012 3263 ὕμνον
1038 3191 1134 3246 τοῦ
1164 3193 1372 3268 Κυρίου
1394 3193 1557 3266 ἡμῶν
1597 3194 1773 3266 ’1ησοῦ
1803 3194 2068 3266 Χριστοῦ,
2095 3196 2191 3250 καὶ
2215 3193 2378 3262 δόξαν
2406 3194 2821 3259 διαιωνίζουσαν
2849 3193 2959 3247 τῶν
2983 3194 3125 3264 ὑπὲρ
3149 3190 3320 3246 αὑτοῦ
3354 3185 3682 3262 ἡγωνισμέ-

434 3292 542 3335 ww
577 3279 748 3349 ἁγίων
779 3285 1092 3356 μαρτύρων,
1116 3284 1209 3339 καὶ
1240 3287 1351 3341 πᾶν
1378 3286 1638 3352 δυσσεὸὲς
1685 3288 2012 3362 ἀπορράψας
2061 3289 2259 3359 στόμα,
2291 3288 2388 3342 καὶ
2427 3286 2552 3360 μηδ’
2582 3286 2866 3358 ἡντιναοῦν
2903 3286 3178 3357 πρόφασιν
3213 3281 3543 3356 ἀμφιϐολίας
3569 3281 3685 3344 τοῖς

431 3368 683 3430 εὐσεϐέσι
707 3375 1022 3430 καταλιπών
1046 3393 1062 3408 ·
1095 3377 1325 3444 Quanta:
1354 3380 1518 3451 igitur
1544 3379 1813 3436 beatitatis
1839 3382 2221 3452 prwdlcatione
2251 3382 2441 3453 dignus
2473 3390 2549 3437 est
2583 3379 2936 3436 admirandus
2965 3380 3056 3436 ille
3089 3377 3338 3450 Synteon,
3371 3377 3466 3448 qui
3505 3371 3684 3430 Mela-

434 3462 672 3530 plirasles
702 3465 813 3522 diei
845 3469 1050 3540 egregie
1091 3487 1202 3539 prie
1234 3473 1356 3528 aliis
1382 3474 1597 3539 meruit,
1630 3475 1724 3546 qui
1753 3477 1925 3530 sancti
1956 3475 2190 3546 Spiritus
2232 3477 2603 3546 inspiratione,
2634 3488 2937 3531 sanctorum
2985 3483 3284 3544 martyrum
3329 3487 3425 3542 pro
3463 3471 3685 3526 ueritate

429 3557 723 3610 certamina
751 3576 857 3615 non
887 3562 1002 3616 sine
1028 3563 1209 3617 multis
1233 3566 1515 3620 sudoribus
1543 3579 1595 3622 et
1615 3569 1887 3622 laboribus
1916 3569 2248 3641 conscripsit,
2285 3580 2334 3625 et
2371 3586 2607 3635 nervose,
2638 3573 2959 3640 eloquenter,
2988 3568 3354 3638 sapienterque
3383 3562 3683 3627 exornavit,

434 3649 506 3702 ad
544 3649 755 3707 laudem
804 3654 1015 3710 Domini
1059 3659 1402 3714 nostri-Jesu
1444 3660 1666 3729 Christi,
1697 3673 1745 3717 et
1775 3675 2080 3719 sanctorum
2105 3676 2424 3736 martyrum,
2454 3666 2542 3736 qui
2565 3681 2663 3736 pro
2694 3681 2752 3720 eo
2779 3665 3067 3719 certamina
3107 3660 3370 3721 obierunt,
3405 3672 3685 3728 perennem

432 3741 660 3810 gloriam
689 3761 708 3800 :
737 3747 928 3816 quique
953 3766 1102 3805 omne
1131 3767 1188 3807 os
1213 3751 1433 3822 impium
1457 3756 1746 3823 obturasit,
1772 3766 1822 3811 et
1847 3756 1950 3826 piis
1976 3755 2180 3811 nullum
2201 3758 2414 3813 omnino
2432 3755 2708 3812 dubitandi
2737 3763 3051 3826 prietextum
3073 3753 3308 3824 reliquit.
3335 3752 3571 3808 Secutus
3600 3759 3685 3805 est

435 3835 709 3894 Blastares
738 3839 1142 3913 Balsamonem,
1174 3846 1328 3915 cuius
1356 3847 1468 3904 haec
1495 3859 1621 3904 sunt
1646 3851 1714 3904 ad
1744 3865 1866 3905 can.
1904 3850 1975 3906 65
2004 3847 2030 3904 Ἰ

2090 3850 2279 3906 ullam:
2315 3851 2494 3922 Χάρις
2525 3849 2603 3922 τῷ
2633 3849 2914 3922 μακαρίτῃ
2946 3847 3318 3918 Μεταφραπῇ
3336 3844 3416 3916 τῷ
3443 3843 3511 3897 τὰ
3544 3859 3685 3914 μαρ-

430 3927 634 3996 τυρικά
659 3928 802 4004 ὕπδρ
829 3932 932 4006 τῆς
961 3935 1223 4008 ἀληθείας
1249 3940 1558 4013 σκάμματα
1586 3943 1803 4008 πολλοῖς
1835 3941 2021 4006 πόνοις
2051 3942 2150 3996 καὶ
2184 3942 2373 4015 ἱδρῶσι
2404 3942 2878 4000 κατακαλλύναντι
2908 3943 2991 4002 sic
3021 3939 3191 4013 ὕμνον
3223 3937 3361 3994 Θεοῦ
3399 3939 3496 3992 καὶ
3524 3936 3684 4002 δόξαν

434 4019 803 4172 αἰωνὶζοὲσαν
831 4027 941 4178 τεέν
973 4029 1169 4100 ἁγίων.
1193 4029 1457 4092 Addenda
1477 4036 1592 4094 haec
1615 4037 1740 4093 aliis
1756 4035 1989 4094 aliorum
2017 4036 2086 4094 de
2110 4031 2479 4108 Metaphraste
2499 4038 2852 4103 testimoniis,
2876 4033 2999 4106 quae
3021 4035 3178 4092 attuli
3209 4033 3319 4092 voi.
3341 4029 3480 4102 Vili,
3502 4046 3557 4105 p.
3580 4031 3681 4097 29;
3754 4051 3755 4054 η

434 4128 466 4169 e
519 4129 627 4172 vo.
716 4122 876 4179 ,n.i
921 4123 956 4179 0
989 4141 1109 4179 seu.

433 4128 492 4169 et
519 4128 627 4172 τοι.
666 4128 734 4186 ι,
759 4134 814 4192 p.
851 4128 956 4179 180
989 4141 1109 4198 seq.

495 4319 564 4396 Γ)
583 4327 795 4388 νιειωιι
823 4323 1053 4393 intelligo
1082 4326 1318 4382 editionis
1341 4326 1604 4396 Beveregii
1629 4344 1751 4396 quas
1781 4328 2003 4384 numeris
2029 4329 2376 4397 grandioribus
2397 4329 2450 4381 in
2474 4335 2618 4384 testu
2637 4330 2815 4383 Latino
2835 4327 3194 4392 expressimus.
