4038 6296
394 371 501 438 963

1577 362 1946 427 ΜΑΤΤΗΕί
1987 358 2407 430 BLASTARIS

3521 342 3628 440 an

391 485 610 539 cmlitus
660 481 889 538 demissa
925 481 1164 539 Ecclcsia
1216 481 1493 552 hucusque
1529 479 1690 532 etiam
1751 488 1973 530 venere-

2073 477 2284 546 ἀνδρῶν
2331 479 2486 548 ἔνιοι,
2531 475 2608 537 ὧν
2646 482 2672 536 ό
2720 480 2926 552 μεταξὺ
2963 482 3153 554 χρόνος
3198 482 3262 536 τὺ
3302 481 3497 552 περιθν
3527 482 3632 539 οὐκ

395 586 499 639 tur,
526 586 574 629 et
611 592 712 629 non
749 575 946 630 minori
999 592 1158 644 quant
1207 574 1387 630 divina
1440 571 1730 640 Evangelia
1764 569 1968 622 honore

393 671 768 739 prosequitur,
819 671 1018 738 quippe
1048 669 1189 738 quod
1234 668 1348 721 haec
1379 665 1540 720 etiam
1573 677 1760 718 eorum
1792 659 1969 714 fontes

393 773 579 813 revera
625 775 688 814 se
745 759 955 815 radices
986 757 1223 812 fuerunt.
1257 756 1396 822 Quin
1424 754 1582 809 etiam
1637 762 1971 821 quascunque

394 869 670 908 sacrorum
704 853 950 908 nonnulli
983 852 1285 918 hominum,
1317 864 1542 918 quorum
1578 846 1793 902 virtutis
1838 857 1973 914 prte-

397 929 657 998 stantiam
691 955 905 1014 tempus
936 943 1315 998 intermedium
1342 941 1614 995 occultare
1636 952 1740 991 non
1774 935 1968 1005 potuit.

394 1033 450 1089 in
493 1035 733 1104 epistolis
767 1037 834 1090 ad
880 1034 1194 1104 quaestionis
1241 1045 1296 1087 et
1345 1029 1708 1100 responsionis
1757 1027 1968 1080 modum

396 1129 715 1199 compositis
745 1129 832 1198 pie
852 1126 1275 1197 pronuntiarunt
1304 1123 1526 1178 canonis
1559 1135 1669 1189 pra
1697 1132 1762 1173 se
1793 1119 1974 1173 feren-

400 1219 472 1274 tia
510 1231 694 1291 typum
722 1261 737 1286 ,
769 1229 1025 1289 tanquam
1088 1231 1326 1274 canones
1353 1212 1591 1269 Ecclesia
1635 1210 1884 1274 admisit,
1916 1215 1973 1262 et

399 1316 673 1381 praedictis
727 1313 1059 1385 synodorum
1095 1308 1391 1365 canonibus
1442 1304 1633 1360 merito
1659 1299 1969 1357 connexuit.

399 1405 546 1461 Bene
614 1406 816 1460 etenim
877 1404 1106 1474 magnis,
1179 1401 1376 1457 Basilio
1414 1395 1863 1469 praestantissimo
1917 1403 1972 1449 et

340 1541 345 1547 .
400 1497 662 1567 Gregorio
695 1494 965 1567 Thcologo
985 1493 1239 1564 placitum
1285 1501 1388 1560 est,
1426 1505 1520 1548 eos
1570 1486 1972 1545 ecclesiasticos

399 1590 660 1645 dicendos
699 1577 831 1645 {esse
867 1599 1028 1659 atque
1080 1587 1382 1642 censendos
1410 1596 1662 1642 canones.
1695 1594 1800 1635 non
1832 1593 1971 1649 quos

398 1698 499 1739 suo
530 1683 800 1754 quispiam
839 1681 1094 1747 arbitrio;
1109 1680 1203 1735 sed
1234 1693 1371 1750 quos
1431 1677 1614 1748 plures
1643 1674 1815 1731 sancti
1873 1672 1973 1727 Pa-

405 1785 519 1832 tres
555 1777 743 1832 eodem
787 1775 842 1830 in
877 1775 1001 1831 loco
1033 1772 1342 1844 congregati
1377 1769 1647 1826 communi
1700 1767 1968 1823 sententia

326 1905 328 1908 μ
397 1878 453 1922 et
491 1867 724 1923 sollicita
764 1881 945 1921 rerum
991 1864 1366 1935 disquisitione
1419 1857 1972 1918 constituerunt.“-

402 1968 706 2015 rumtamen
748 1958 945 2014 idcirco
971 1958 1116 2027 quod
1145 1957 1234 2026 qui
1281 1957 1395 2012 hac
1443 1956 1796 2026 scripserunt,
1851 1959 1969 2007 tan-

399 2067 559 2122 quam
596 2051 770 2106 sidera
811 2063 1023 2121 semper
1059 2047 1403 2120 ‘eﬂ'ulserunt,
1455 2054 1510 2104 et
1540 2046 1788 2118 plurimis
1837 2057 1969 2098 con-

400 2145 536 2200 stitit
589 2142 913 2199 testimoniis
976 2143 1092 2196 ltme
1147 2142 1266 2196 sine
1311 2140 1562 2196 diviniori
1623 2138 1971 2208 inspiratione

405 2225 820 2304 haudquaquam
844 2232 1136 2287 constituta
1177 2244 1322 2294 esse,
1351 2230 1682 2299 synodorum
1734 2224 1970 2281 decretis

403 2327 571 2382 nihilo
589 2327 964 2390 dissentanea,
991 2325 1085 2380 sed
1113 2322 1368 2392 subjectae
1393 2320 1636 2376 materias
1658 2318 1967 2373 aiiinitatem

401 2409 588 2490 procul
608 2420 965 2481 ostendentia,
1003 2418 1114 2471 haec
1144 2417 1308 2471 etiam
1342 2428 1526 2470 sacros
1563 2413 1704 2467 inter
1735 2425 1969 2466 canones

320 2552 322 2554 τ
408 2522 782 2566 recensentur.
825 2506 989 2563 Hisce
1025 2507 1191 2578 igitur
1221 2521 1433 2576 semper
1463 2504 1776 2560 incumbere
1799 2501 1970 2572 pieta-

404 2602 476 2657 tis
521 2601 769 2657 alumnos
802 2602 974 2665 deret,
1011 2610 1063 2652 et
1097 2598 1415 2668 irrequietos
1461 2594 1654 2650 anima:
1705 2601 1882 2648 motus
1907 2590 1972 2645 iis

377 2694 634 2764 illigare,
685 2704 741 2749 et
793 2706 892 2748 nec
945 2690 1227 2746 minimum
1275 2689 1324 2744 el
1379 2686 1638 2756 temporis
1684 2681 1970 2739 articulum

405 2784 708 2840 concedere
763 2796 871 2851 quo
916 2781 1164 2851 genuinis
1211 2778 1549 2850 dogmatibus
1599 2774 1871 2832 derelictis
1903 2775 1970 2828 ad

406 2875 711 2930 adulterina
752 2863 1038 2928 delabatur
1068 2887 1086 2928 :
1115 2871 1191 2924 ita
1221 2874 1363 2925 enim
1395 2869 1575 2925 verbis
1611 2867 1974 2939 operibusque

405 2969 559 3024 bonis
593 2969 662 3020 ita
695 2975 955 3038 perpetuo
986 2973 1259 3034 occupatae
1282 2978 1348 3017 ex
1387 2962 1516 3032 ipsis
1547 2963 1708 3015 etiam
1735 2961 1977 3016 somnio-

406 3077 522 3114 tmu
572 3059 868 3114 visionibus
923 3057 1133 3113 divinas
1179 3054 1376 3110 habere
1418 3053 1822 3123 imaginationes
1878 3051 1975 3106 ob-

407 3152 603 3207 \eniet.
639 3149 742 3205 Per
775 3151 938 3204 hosce
969 3151 1137 3212 enim,
1178 3156 1437 3217 quantum
1461 3150 1526 3201 ad
1567 3147 1817 3216 dogmata
1844 3146 1973 3199 atti-
1996 3182 2042 3248 ο

407 3255 522 3308 net,
587 3256 791 3298 reetum
856 3241 924 3296 ab
956 3241 1195 3310 obliquo,
1258 3250 1311 3295 et
1355 3241 1643 3308 genuinum
1719 3253 1748 3292 a
1804 3237 1974 3292 notho

405 3333 714 3389 accuratius
757 3349 916 3402 quam
949 3348 1045 3403 per
1073 3331 1302 3402 Lydium
1337 3344 1709 3400 quemcunque
1742 3328 1974 3398 lapidem

402 3427 750 3497 dijudieatur.
780 3427 846 3484 lli
873 3427 1104 3482 dominis
1157 3425 1302 3494 leges
1337 3423 1514 3478 ferunt
1542 3432 1596 3477 et
1623 3423 1830 3489 servis;
1861 3437 1978 3477 ma-

405 3522 723 3590 gistratibus
758 3530 814 3573 et
845 3518 1120 3588 subjectis;
1167 3515 1478 3586 parentibus
1510 3525 1564 3570 et
1592 3515 1808 3580 liberis;
1844 3516 1977 3570 viris

404 3623 460 3668 et
481 3600 829 3675 mulieribus;
859 3609 1209 3664 matrimonio
1241 3618 1293 3662 et
1317 3607 1608 3674 caelibatui;
1633 3608 1976 3665 abstinentiae

403 3713 459 3757 et
491 3701 677 3768 victui;
737 3700 1018 3768 sapientia:
1071 3707 1128 3752 et
1185 3697 1524 3768 ignorantiae.
1577 3697 1844 3754 Praeterea
1918 3699 1972 3754 hi

403 3795 570 3849 ctiam
648 3792 1010 3870 imperatores
1077 3793 1317 3845 omnium
1398 3791 1633 3845 maxime
1712 3791 1977 3849 honorare

399 3886 680 3958 jubentes,
718 3884 834 3955 plus
867 3897 1054 3936 rursus
1078 3895 1238 3950 quam
1273 3897 1369 3951 par
1393 3891 1498 3946 est,
1549 3883 1977 3952 imprudentibus

403 3991 595 4032 eorum
631 3973 899 4029 mandatis
933 3988 992 4027 se
1025 3973 1340 4028 submittere
1375 3982 1563 4026 natura
1613 3987 1720 4028 non
1760 3988 1977 4043 compa-

408 4079 618 4135 rantur,
671 4064 841 4118 multo
895 4075 1069 4117 autem
1128 4062 1302 4118 minus
1327 4061 1638 4118 inferiorum
1686 4063 1975 4132 magistra-

407 4171 590 4225 tuum,
663 4157 745 4212 vel
821 4154 1145 4209 exercitibus
1204 4154 1603 4224 pra-lecturum.
1682 4154 1975 4209 Plurimum

404 4252 548 4308 enim
575 4266 760 4304 eorum
797 4249 1032 4302 studium
1063 4246 1202 4301 circa
1253 4249 1456 4316 regium
1504 4247 1754 4302 Ecclesiae
1795 4264 1974 4304 sacer-

406 4343 611 4398 dotium
668 4353 915 4394 versatur
951 4357 964 4392 :
999 4349 1054 4392 ut
1104 4354 1210 4393 non
1269 4340 1468 4410 indigni
1521 4339 1628 4394 Deo
1689 4343 1976 4410 appropin-

407 4445 610 4505 quante
636 4432 918 4488 videantur
964 4433 1054 4500 qui
1090 4428 1134 4484 ei
1164 4433 1597 4502 appropinquare
1625 4433 1800 4488 sortiti
1828 4441 1973 4498 sunt,

2030 643 2033 648 _
2071 569 2264 639 ῖσχυσε
2292 572 2501 642 κρύψαι
2534 574 2636 644 τῆς
2667 575 2893 644 ἀρετῆς,
2919 577 2976 627 ὲν
3000 574 3339 638 ἐπιστολαῖς,
3362 573 3469 646 ίδίᾳ
3495 577 3635 629 κατά

2071 661 2266 715 πεῦσιν
2297 665 2394 718 καὶ
2439 665 2734 736 ἀπόκρισιν
2766 665 3160 732 συντεθείσαις,
3199 664 3444 729 εὐσεϐῶς
3484 667 3639 738 εἰρη-

2069 772 2225 822 κασι,
2249 756 2474 821 κανόνος
2502 756 2736 827 φέροντα
2761 757 2953 822 τύπον,
2977 758 3051 821 ὡς
3075 758 3303 820 κανόνας
3327 759 3360 829 ἡ
3405 756 3638 828 Ἐκκλη-

2072 849 2164 902 σία
2191 848 2433 916 ἐδέξατο,
2476 852 2574 905 καὶ
2612 853 2728 915 τοῖς
2782 851 3116 923 προλαϐοῦσι
3157 850 3268 904 τῶν
3308 849 3546 903 συνόδων
3576 843 3636 905 εὖ

2075 944 2220 1014 μάλα
2244 946 2609 1017 συνήρμοσεν.
2641 946 2704 1000 Ei
2746 946 2856 1016 γὰρ
2897 947 2992 1000 καὶ
3029 947 3144 1007 τοῖς
3184 941 3448 1015 μεγάλοις
3474 943 3642 998 Βασι-

2071 1033 2202 1105 λείῳ
2243 1035 2319 1105 τῷ
2365 1035 2506 1088 πάνυ
2530 1075 2545 1099 ,
2605 1038 2702 1090 καὶ
2755 1036 3044 1107 Γρηγορίῳ
3084 1034 3164 1106 τῷ
3195 1035 3449 1106 Θεολόγῳ
3494 1034 3644 1089 δοκεῖ

2073 1132 2270 1200 χρῆναι
2299 1132 2528 1190 κανόνας
2567 1129 3061 1196 ἐκκλησιαστικοὺς
3097 1126 3342 1192 ικείνους
3366 1126 3553 1196 λέγειν
3578 1142 3642 1181 τε

2071 1220 2168 1274 καὶ
2198 1220 2462 1291 νομίζειν,
2492 1218 2587 1281 οὓς
2616 1218 2675 1271 ού
2709 1217 2833 1272 καθ’
2868 1219 3064 1271 ἑαυτόν
3103 1231 3206 1280 τις,
3243 1217 3382 1270 ἀλλὰ
3417 1216 3643 1280 πλείους

2073 1312 2221 1380 ἅγιοι
2252 1312 2498 1382 Πατέρες
2525 1311 2604 1373 είς
2628 1309 2793 1364 ταυτδ
2816 1310 3110 1374 συνιόντες,
3139 1312 3295 1380 κοινῇ
3322 1307 3519 1381 γνώμῃ
3544 1309 3646 1364 καὶ

2075 1403 2538 1477 μεμεριμνημένῃ
2571 1402 2793 1473 βασάνῳ
2829 1399 3162 1468 διετάξαντο,
3183 1400 3317 1456 ἀλλά
3343 1416 3409 1470 γε
3443 1401 3525 1473 τῷ
3549 1400 3643 1456 διὰ

2073 1498 2294 1551 πάντων
2320 1494 2617 1565 ἐκλάμψαι,
2641 1495 2738 1549 καὶ
2760 1494 2887 1558 τοὺς
2908 1493 3083 1547 ταῦτα
3106 1492 3428 1566 γράψαντας
3451 1491 3644 1562 ὥσπερ

2071 1589 2331 1658 ἀστέρας,
2368 1589 2460 1642 καὶ
2495 1587 2574 1659 τῷ
2604 1587 2821 1652 πολλοῖς
2854 1586 3180 1659 μαρτυρίοις
3205 1585 3644 1656 ἐπιγνωσθῆναι,

2077 1681 2152 1750 μὴ
2179 1680 2468 1752 θειοτέρας
2495 1678 2668 1752 χωρὶς
2697 1677 2990 1749 ἐπιπνοίας
3019 1674 3195 1734 ταῦτα
3226 1676 3642 1748 συντεταχέναι,

2072 1774 2278 1846 ἧκιστα
2307 1774 2430 1836 ταῖς
2449 1769 2560 1826 τῶν
2597 1770 2837 1834 συνόδων
2864 1771 3164 1843 ζητήσεσιν
3194 1771 3642 1843 ἀπεμφαίνοντα,

2074 1864 2211 1918 ἀλλὰ
2237 1863 2300 1918 τὸ
2322 1864 2592 1933 συγγενὲς
2616 1865 2719 1936 τῆς
2743 1864 3118 1936 προκειμένης
3152 1864 3439 1938 πόρρωθεν
3459 1863 3648 1934 tunc

2077 1955 2291 2020 νίζοντα
2323 1953 2734 2027 πραγματείας,
2766 1957 2882 2020 τοῖς
2909 1956 3076 2028 ίεροῖς
3116 1956 3505 2026 ἐνεγράφησαν
3545 1956 3645 2010 καὶ

2073 2048 2144 2101 τὰ
2164 2046 2373 2101 τούτων
2398 2047 2610 2101 κανόσι.
2643 2045 2868 2109 Τούτοις
2889 2046 3071 2100 τοίνυν
3096 2045 3366 2116 προσήκει
3385 2046 3512 2108 τοὺς
3541 2045 3644 2116 τῆς

2076 2139 2365 2202 εὐσεϐείας
2388 2138 2692 2209 τροφίμους
2733 2139 2999 2192 ἑκάστοτε
3036 2137 3417 2207 προσανέχειν,
3452 2137 3551 2191 καὶ
3575 2136 3639 2191 τδ

2074 2235 2173 2302 τῆς
2198 2231 2380 2300 ψυχῆς
2409 2230 2718 2298 ἀεικίνητον
2759 2228 3142 2298 πρωδεσμεῖν,
3185 2227 3284 2280 καὶ
3324 2228 3402 2297 μὴ
3433 2226 3641 2281 διδόναι

2075 2323 2268 2392 καιρὸν
2310 2323 2448 2392 αὐτῇ
2492 2321 2604 2375 τῶν
2631 2319 2872 2389 γνησίων
2899 2317 3151 2389 ἀφεμένη
3187 2317 3477 2388 δογμάτων
3503 2317 3644 2389 πρὸς

2075 2417 2146 2470 τά
2179 2413 2307 2468 νόθα
2337 2412 2803 2468 κατολισθαίνειν·
2851 2410 2996 2464 οὕτω
3025 2411 3135 2480 γάρ
3164 2410 3301 2481 αὐτῇ
3328 2396 3513 2478 λόγοις
3544 2408 3641 2463 καὶ

2038 2564 2040 2566 τ
2075 2506 2404 2576 πράγμασιν
2429 2504 2655 2572 ἀγαθοῖς
2687 2501 3121 2578 ἐνδιατρισούσῃ,
3151 2505 3366 2567 καὶτὰς
3384 2505 3445 2573 ἐξ
3464 2503 3642 2572 ὅψεως

2075 2599 2304 2668 όνείρων
2335 2596 2642 2667 φαντασίας
2682 2596 2902 2660 ἐνθέους
2948 2596 3096 2666 ἔχειν
3127 2594 3395 2668 ύπάρξει’
3428 2595 3647 2659 τούτοις

2077 2692 2188 2763 γὰρ
2217 2690 2278 2745 τὸ
2306 2690 2439 2762 περὶ
2466 2689 2537 2745 τὰ
2559 2688 2810 2759 δόγματα
2841 2689 2999 2753 sset;
3029 2688 3125 2742 τοῦ
3158 2687 3394 2751 σκολιοῦ,
3444 2689 3542 2744 καὶ
3577 2687 3642 2741 τὸ

2079 2785 2303 2854 γνήσιον
2329 2781 2428 2835 τοῦ
2457 2781 2637 2845 νόθου,
2663 2781 2844 2850 πάσης
2867 2780 3018 2834 λίθου
3039 2779 3229 2846 Γυδίας
3249 2780 3645 2851 ἀκριϐέστερον

2077 2876 2414 2945 διακρίνεται
2434 2889 2450 2905 ·
2479 2863 2627 2927 οὗτοι
2657 2873 2949 2937 δεσπόταις
2985 2873 3341 2943 νομοθετοῦσι
3388 2873 3486 2928 καὶ
3523 2872 3646 2928 δούο

2079 2971 2215 3034 λοις,
2249 2968 2478 3040 ἄρχουσι
2519 2966 2614 3021 καὶ
2648 2967 2996 3038 ἀρχομὲνοις,
3030 2966 3248 3035 γονεῦσι
3279 2969 3376 3022 καὶ
3405 2967 3642 3034 τέκνοις,

2079 3061 2308 3133 ἀνδράσι
2339 3062 2437 3115 καὶ
2462 3057 2699 3128 γυναιξὶ,
2741 3058 2906 3129 γάμῳ
2931 3058 3028 3112 καὶ
3069 3060 3310 3130 ἀγαμίᾳ,
3341 3057 3646 3130 ἐγκρατείᾳ

2081 3157 2174 3209 καὶ
2196 3155 2402 3225 τρυφῇ,
2433 3152 2601 3222 σοφίᾳ.
2630 3153 2726 3205 καὶ
2751 3152 2995 3224 ἀμαθίᾳ·
3027 3151 3193 3208 ταῦτ’
3219 3154 3331 3224 ἀρα
3361 3151 3457 3207 καὶ
3488 3152 3646 3224 βασιο

2075 3247 2205 3309 λέας
2230 3244 2437 3306 παντὸς
2469 3243 2671 3314 μᾶλλον
2713 3243 2881 3315 τιμᾷν
2909 3241 3310 3306 ἐπιτάττοντες,
3345 3242 3510 3298 πλέον
3545 3236 3646 3297 αὗ·-

2077 3338 2165 3400 θις
2216 3338 2250 3410 ἢ
2301 3336 2447 3407 χρὴ,
2486 3337 2607 3399 ταῖς
2654 3336 2968 3402 ἀλογίστοις
3017 3336 3225 3392 τούτων
3271 3338 3372 3390 οὐκ
3424 3335 3644 3405 εφιᾶσιν

2077 3427 2412 3483 ὑποπίπτειν
2461 3427 2778 3494 ἒπιταγαῖς,
2824 3425 3023 3481 πολλοῦ
3061 3444 3125 3496 γε
3171 3427 3256 3482 δεῖ
3296 3425 3564 3498 ὑπάρχων
3606 3423 3642 3497 ἢ

2077 3519 2425 3591 στρατηγῶν.
2455 3517 2593 3585 Ἥγε
2628 3517 2736 3587 μὴν
2775 3517 2978 3573 πλείων
3019 3517 3230 3584 τούτοις
3261 3518 3470 3590 σπουδὴ
3513 3522 3645 3588 περὶ

2075 3613 2141 3666 τὸ
2195 3610 2467 3682 βασίλειον
2511 3609 2614 3678 τῆς
2686 3608 3018 3680 Ἐκκλησίας
3090 3611 3432 3679 καθέστηκεν
3497 3611 3646 3680 ίεράιο

2076 3720 2274 3771 τευμα.
2330 3703 2476 3763 ὅπως
2535 3701 2610 3770 μὴ
2663 3698 2875 3764 ἀνάξιοι
2921 3701 3017 3755 τοῦ
3061 3701 3374 3772 ὲγγίζοιτος
3425 3701 3645 3770 ὀφθεῖεν

2076 3794 2212 3848 Θεοῦ
2238 3795 2286 3847 oi
2318 3793 2562 3862 ἐγγίζειν
2592 3793 2852 3863 λαχόντες
2880 3794 3052 3865 αὐτῷ,
3085 3793 3161 3861 τῷ
3191 3797 3270 3866 μὴ
3297 3795 3444 3849 κατά
3483 3794 3642 3865 θέληο

2079 3906 2164 3942 σιν
2195 3888 2406 3942 ἐκείνου
2431 3886 2645 3956 βιῶναι,
2680 3886 2798 3940 ἀλλ’
2839 3889 2919 3948 είς
2957 3885 3103 3939 τοῦθ’
3139 3887 3377 3957 ἥκοντας
3413 3889 3639 3957 ἀρετῆς.

2075 3980 2152 4042 ὡς
2202 3979 2324 4041 ταῖς
2377 3979 2509 4048 περὶ
2562 3977 2697 4031 Θεὸν
2752 3979 3073 4046 ἀγγελικαίς
3104 3980 3390 4049 δυνάμεσι,
3441 3980 3506 4033 τὸ
3543 3983 3642 4047 τῆς

2073 4071 2254 4142 ψυχῆς
2284 4073 2348 4124 ὲκ
2394 4069 2505 4123 τῶν
2549 4069 2784 4122 ἐνόντων
2832 4069 3128 4138 ἀφομοιοῦν
3159 4071 3402 4140 εὐγενὲς,
3440 4072 3536 4126 καὶ
3572 4075 3642 4126 τά

2075 4163 2279 4217 τούτων
2312 4163 2449 4230 μετά
2481 4160 2582 4229 τῆς
2620 4160 2752 4231 ῦλης
2788 4161 3091 4226 δεικνύναι,
3148 4163 3224 4234 μὴ
3257 4163 3322 4216 τὸ
3365 4165 3434 4234 τῇ
3477 4162 3638 4231 φύσει

2076 4253 2461 4324 περικείμενον
2488 4253 2652 4322 ἄχθος
2693 4255 3126 4323 προῖστάμενοιο
3169 4254 3394 4319 τούτους
3437 4259 3540 4310 οὐκ
3574 4258 3638 4311 άν

2073 4363 2162 4409 τις
2215 4345 2454 4416 ἁμάρτοι
2495 4346 2674 4399 κοινὸν
2721 4345 3034 4416 προσειπὼν
3091 4346 3351 4417 ἰατρεῖον,
3385 4349 3637 4412 ἑκάστοις

2075 4439 2187 4492 τῶν
2207 4438 2508 4492 νοσούντων
2532 4439 2839 4510 κατάλληλα
2865 4439 3236 4509 κεραννύντας
3258 4441 3327 4494 τὰ
3349 4442 3636 4512 φάρμακα.

404 4541 468 4580 eo
497 4525 642 4592 quod
697 4538 800 4578 non
826 4521 978 4591 juxta
1027 4522 1197 4591 ipsius
1231 4521 1557 4578 voluntatem
1614 4525 1779 4577 vitam
1812 4539 1964 4578 suam

2073 4530 2148 4583 υὺ
2183 4531 2289 4600 μὴν
2315 4529 2452 4584 ἀλλὰ
2488 4533 2583 4582 καὶ
2621 4530 2731 4584 τῶν
2766 4532 2992 4603 νωθρῶς
3034 4533 3165 4601 περὶ
3202 4533 3300 4604 τὴν
3340 4534 3636 4604 θεραπείαν

405 4619 712 4677 instituant.
773 4617 866 4670 sed
894 4629 958 4670 eo
991 4615 1206 4668 virtutis
1236 4616 1572 4684 perveniant,
1605 4626 1661 4669 ut
1712 4618 1970 4686 angelicis

2073 4622 2429 4693 διακειμένων
2459 4623 2587 4685 τοὺς
2621 4623 2743 4691 μὲν,
2775 4625 3184 4694 ἀνατεινόμενοι
3223 4629 3291 4680 τά
3333 4627 3637 4692 δεινότατα,

404 4725 526 4779 qua:
575 4708 740 4762 Deum
813 4707 1168 4762 circumstant
1225 4709 1576 4773 putestatibus
1647 4710 1962 4764 nobiliorem

404 4802 597 4854 anima:
625 4810 850 4868 partem,
887 4809 1144 4867 quantum
1179 4800 1293 4858 fieri
1328 4809 1523 4869 potest,
1576 4802 1807 4856 similem
1845 4806 1968 4857 red-

404 4894 556 4956 dant,
585 4905 782 4956 easque
813 4891 863 4943 in
907 4893 1128 4944 materia
1178 4899 1583 4960 reprazsentcut.
1631 4893 1814 4946 ﬂorent
1870 4909 1967 4948 na-

406 4995 524 5038 tura
572 4982 1016 5051 circumpositum
1076 4997 1413 5052 nequaquam
1455 4984 1823 5051 prarl'erentes.
1861 4983 1970 5039 llos

407 5078 452 5131 si
485 5077 602 5145 quis
653 5089 938 5129 commune
989 5074 1335 5145 appellaverit
1368 5078 1882 5147 pltartuacopolium,
1939 5094 1972 5132 ιι

409 5183 536 5222 vero
566 5183 670 5222 non
699 5170 996 5235 aberraret,
1030 5177 1086 5220 ιιι
1113 5169 1202 5234 qui
1241 5167 1467 5236 singulis
1490 5171 1705 5237 aegrotis
1733 5185 1971 5238 congrua

407 5261 763 5314 commiscent
796 5259 1106 5328 pbarmaca.
1153 5259 1289 5323 Quin
1321 5262 1480 5313 etiam
1516 5275 1580 5314 ex
1635 5262 1700 5314 iis
1737 5262 1829 5331 qui
1866 5270 1974 5314 tar-

409 5354 586 5406 diores
638 5353 686 5404 iu
737 5352 1014 5404 curatione
1070 5351 1398 5405 admittenda
1454 5367 1512 5406 se
1573 5363 1788 5422 gerunt,
1840 5371 1975 5408 non-

413 5446 572 5499 nullis
607 5445 824 5513 quidem
853 5445 1110 5498 terribilia
1179 5445 1496 5499 intentando
1537 5447 1796 5511 excitant,
1855 5448 1974 5502 aliis

409 5548 585 5592 autem
620 5536 923 5592 futurorum
949 5540 1207 5606 promissa
1236 5539 1287 5591 in
1319 5539 1632 5594 memoriam
1662 5551 1974 5597 revocantes

408 5645 512 5684 non
538 5630 817 5685 diﬂiculter
844 5631 1103 5685 alliciunt.
1140 5631 1528 5700 Nonnunquam
1557 5644 1736 5687 autem
1761 5649 1853 5690 eos
1880 5636 1970 5704 qui

408 5738 508 5777 nec
570 5723 958 5778 medicamenta
1000 5723 1312 5787 admittunt,
1345 5739 1443 5777 nec
1478 5727 1728 5778 mandata
1763 5741 1970 5789 eorum,

407 5813 501 5870 sed
533 5815 748 5871 sibimet
799 5817 1126 5884 pmnitentire
1181 5826 1390 5884 portum
1432 5831 1527 5884 per
1577 5819 1972 5872 contumaciam

2072 4714 2423 4785 διεγείρουσι,
2450 4717 2560 4776 τοῖς
2591 4714 2668 4777 δὲ,
2706 4718 2806 4779 τὰς
2836 4717 2945 4770 τῶν
2973 4718 3280 4786 μελλόντων
3303 4722 3639 4791 ἐπαγγελίας

2075 4805 2496 4876 π-ρομνῶμενοι,
2544 4807 2604 4857 ού
2662 4807 2918 4875 χαλεπῶς
2966 4812 3376 4879 προσάγονταν
3425 4813 3544 4866 εστι
3586 4814 3640 4866 δὲ

2072 4895 2165 4958 οὒς
2210 4895 2288 4963 μὴ
2325 4900 2718 4967 προσιεμένους
2765 4901 2901 4966 μήτε
2949 4899 3018 4952 τὰ
3055 4899 3343 4970 φάρμακα,
3394 4907 3533 4973 μήτε
3575 4905 3642 4959 τά

2072 4987 2428 5054 ἐπιτάγματα
2459 4988 2684 5050 τούτων,
2723 4990 2838 5042 ἀλλ’
2866 4992 3084 5056 ἑαυτοῖς
3113 4993 3205 5046 τὸν
3229 4993 3328 5064 τῆς
3353 4999 3642 5066 μετανοίας

2075 5077 2272 5148 λιμένα
2291 5082 2357 5148 τῇ
2384 5080 2644 5150 ἀπειθείᾳ
2672 5083 3120 5152 προσχώσαντας,
3148 5090 3354 5150 παντὸς
3377 5088 3640 5159 βασιλέως

2075 5169 2543 5241 αὐθεντικώτερον
2579 5173 2856 5240 μετιόντες
2898 5177 3001 5244 τῆς
3046 5176 3268 5231 αίωνίου
3313 5179 3642 5250 κληρουχίας

2076 5263 2521 5333 ὑπερορίζουσιν.
2556 5265 2747 5317 Ἔνθεν
2789 5283 2904 5331 τοι,
2953 5269 3047 5322 καὶ
3088 5270 3149 5323 τὸ
3197 5272 3362 5324 πάλαι
3397 5278 3504 5331 τινὶ
3535 5276 3641 5330 τῶν

2075 5354 2312 5424 θύραθεν
2344 5355 2659 5426 εἰρημένον,
2695 5354 2810 5420 τοῖς
2845 5358 3012 5424 θείοις
3036 5362 3136 5432 οὐχ
3160 5363 3362 5432 ἥκιστα
3396 5368 3634 5436 θεσμοῖς.

2079 5447 2153 5509 ὥς
2201 5448 2266 5514 γέ
2321 5465 2411 5517 μοι
2441 5448 2610 5514 δοκεῖ,
2670 5451 2964 5518 ἁρμὸσειεν
2993 5450 3096 5505 ἄν·
3134 5454 3480 5524 πεπείσμεθα
3536 5461 3639 5527 γὰρ

2078 5538 2324 5604 τούτους,
2363 5539 2583 5608 εὕρημα
2616 5540 2710 5608 μὲν
2760 5543 2855 5593 καὶ
2885 5542 3056 5611 δῶρον
3103 5540 3245 5598 εἶναι
3279 5545 3436 5612 Θεοῦ,
3466 5548 3640 5616 δόγμα

2077 5631 2133 5685 δὲ
2164 5632 2431 5700 γενναίων
2466 5634 2564 5686 καῖ⁴
2611 5633 2886 5704 θεοφόρων
2915 5637 3126 5706 ἀνδρῶν
3147 5677 3164 5703 ,
3218 5640 3493 5710 συνθήκην
3547 5642 3640 5710 τῆς

2093 5726 2423 5796 Ἐκκλησίας
2459 5736 2667 5799 κοινὴν,
2703 5731 3068 5802 ἐπανόρθωμα
3098 5731 3208 5785 τῶν
3241 5733 3509 5788 ἑκουσίων
3551 5735 3639 5788 καὶ

2079 5821 2186 5874 τῶν
2218 5822 2373 5891 παρά
2424 5820 2679 5893 βούλησιν
2730 5825 3171 5896 ἁμαρτημάτων,
3225 5827 3320 5881 καὶ
3371 5827 3640 5892 πολιτείας
