4038 6296
339 367 471 437 ’965

1757 365 1868 429 ΡΒ
1881 362 2196 430 BFATIO.

3521 356 3627 420 966

342 480 621 548 Ibos6eiic,
671 498 730 536 τε
780 480 881 534 ’καὶ
935 477 1070 550 arpi;
1118 475 1480 548 ἀτελεύτητον
1515 471 1760 549 ἀγούσης
1794 479 1930 545 ζωὴν

2050 487 2305 549 tanquam
2377 489 2476 547 per
2538 488 2790 548 aggerem
2849 471 3170 539 occludunt,
3225 470 3419 543 majori
3460 488 3627 544 quam

344 574 640 649 ἡγεμόνας
665 574 760 628 καὶ
788 569 1066 642 ἀγωγούς.
1101 568 1243 639 Ἐγὼ
1272 569 1402 640 γοῦν
1433 571 1558 633 τοὺς
1581 569 1673 622 ἐπὶ
1702 570 1939 639 βεϐαιώ-

356 687 447 724 σει
494 664 589 722 τοῦ
640 663 913 737 σωτηρίου
969 663 1276 734 δόγματος,
1336 663 1430 721 καὶ
1478 666 1688 734 χρηστῇ
1725 662 1940 744 παντων

353 767 689 838 ἀνθρώπων,
723 765 801 828 ὡς
827 763 1071 834 εἴρηται,
1097 760 1418 832 διδασκαλίᾳ
1453 761 1780 832 θεοπρεπεῖί
1801 760 1942 830 σύμ-

353 855 572 926 παντας
611 860 840 923 κανόνας
892 857 1191 930 ἀθροίσας,
1228 858 1328 911 καὶ
1375 859 1583 912 τούτων
1639 857 1734 911 τὸν
1787 857 1937 922 νοῦν,

353 956 477 1027 ἅμα
506 956 563 1009 δὲ
595 956 691 1009 καὶ⁹
719 953 831 1007 τῶν
875 951 1078 1015 αὐτοὺς
1126 950 1365 1022 φιλοθέῳ
1417 950 1617 1024 γνώμῃ
1663 949 1940 1020 ιρμηνευ·

356 1050 593 1112 σάντων,
622 1047 698 1110 ὡς
721 1041 840 1100 οἷόν
865 1063 948 1112 τε,
976 1044 1366 1116 περιφράσεως
1394 1045 1453 1097 ἐν
1476 1043 1608 1096 εἴδει
1631 1041 1936 1113 ἐπιτεμὼν,

359 1141 529 1211 μηδὲν
561 1140 748 1210 μέντοι
799 1136 1264 1207 παραλελοιπέναι
1309 1137 1406 1206 τῆς
1442 1135 1626 1191 αὐτῶν
1669 1135 1934 1201 διανοίας.

352 1234 420 1285 τό
439 1250 503 1301 γε
535 1232 615 1295 είς
661 1233 811 1303 ἡμᾶς
849 1224 1012 1302 ἧκον,
1048 1229 1368 1302 φροντίσας,
1421 1229 1480 1283 οὐ
1517 1227 1626 1300 μὴν
1672 1228 1811 1285 ἀλλὰ
1843 1231 1938 1284 καὶ

354 1328 457 1381 ὅσα
481 1328 596 1391 τοῖς
628 1324 837 1379 τούτων
864 1323 1163 1393 ἐξηγηταῖς
1197 1321 1312 1377 ἔσθ’
1339 1323 1448 1394 ὅπη
1493 1325 1768 1395 παρεῖται,
1804 1325 1938 1394 ἡμῖν

352 1419 412 1470 δὲ
449 1417 542 1470 ἐπὶ
573 1417 698 1470 νοῦν
727 1415 929 1486 συνέϐη
964 1417 1179 1484 πεσεῖν,
1211 1414 1491 1484 ἀναγκαῖα
1525 1410 1685 1486 οἴμαι
1716 1418 1812 1471 καὶ
1844 1433 1939 1486 (pt-

350 1513 556 1566 λοθέων
598 1512 802 1582 ψυχαῖς
855 1508 1237 1581 περιμάχητα,
1277 1511 1390 1574 τοῖς
1434 1509 1825 1581 ἐντυγχάνουσι
1861 1507 1936 1581 μὴ

354 1605 750 1674 φθονήσαντες,
785 1603 1078 1675 πρόχειρον
1102 1584 1245 1657 κατὰ
1274 1603 1376 1676 τὴν
1401 1603 1681 1674 ἡμετέραν
1701 1601 1937 1672 δύναμιν

352 1698 744 1769 πεποιήκαμεν
777 1694 1087 1766 σύνταγμα.
1109 1695 1336 1750 Πάντων
1361 1695 1418 1750 δὲ
1449 1695 1556 1750 τῶν
1586 1695 1937 1766 συνειλεγμέο

2043 573 2336 639 imperator
2371 568 2597 638 quilibet
2630 567 2958 624 auctoritate
3034 574 3329 620 tractantes
3353 605 3368 630 ,
3427 579 3630 621 aeterm

2041 661 2360 718 haereditate
2407 661 2796 716 exterminant.
2833 657 3145 729 Antiquitas
3183 659 3327 711 enim
3358 671 3418 710 ex
3454 656 3630 712 altera

2039 756 2258 827 quidem
2337 762 2492 825 parte
2544 751 2826 806 nonnihilo
2878 765 3065 806 eorum
3118 765 3238 819 quae
3305 748 3439 805 loris
3488 750 3630 804 dicta

2038 857 2187 915 sunt,
2213 846 2311 904 sed
2342 845 2548 902 divinis
2582 844 2844 905 maxime.
2871 849 2931 898 ut
2957 841 3088 898 mihi
3120 840 3357 908 videtur,
3389 842 3636 896 sanctio-

2038 944 2204 999 nibus
2236 956 2294 996 se
2323 938 2669 1009 applicuerit.
2705 935 2872 990 Nobis
2897 936 3044 989 enim
3085 948 3404 1005 persuasum
3427 940 3510 988 est
3537 948 3633 987 eas

2035 1037 2315 1093 inventum
2368 1044 2490 1085 esse
2520 1043 2586 1084 c
2617 1027 2821 1083 donum
2874 1026 2995 1092 Dei,
3043 1040 3435 1098 generosorum
3490 1023 3633 1078 divi-

2036 1139 2340 1194 norumque
2367 1121 2648 1179 hominum
2705 1119 3005 1181 decretum,
3034 1133 3327 1174 commune
3370 1119 3632 1174 Ecclesia

2039 1221 2372 1281 institutum,
2435 1224 2780 1286 peccatorum
2844 1225 2949 1267 tam
2993 1212 3426 1267 voluntariorum
3467 1228 3630 1280 quint

2036 1313 2539 1372 involuntariorum
2589 1307 2990 1364 correctionem
3020 1347 3033 1370 ,
3089 1315 3145 1362 ct
3193 1306 3633 1362 conversationis

2039 1407 2309 1477 religiosae
2336 1421 2399 1461 ac
2429 1405 2496 1459 ad
2553 1401 2940 1472 sempiternam
2993 1398 3244 1455 ducentis
3267 1397 3435 1454 vitam
3464 1399 3634 1454 duces

2035 1511 2087 1557 et
2115 1507 2376 1556 rectores.
2417 1497 2756 1566 Quapropter
2804 1508 2907 1566 ego
2962 1493 3084 1548 cum
3118 1491 3183 1547 ad
3215 1491 3473 1548 salutaris
3498 1505 3634 1547 sen-

2039 1596 2222 1651 tentiae
2262 1592 2758 1651 confirmationem.
2794 1598 2849 1644 et
2901 1586 3087 1641 utilem
3119 1585 3364 1639 omnium
3392 1583 3489 1654 (ut
3510 1584 3633 1640 dic-

2040 1697 2154 1745 tum
2213 1687 2326 1758 est)
2361 1686 2638 1741 hominum
2672 1679 3091 1739 instructionem
3163 1677 3374 1732 divinos
3438 1689 3633 1732 omnes

350 1809 464 1844 νων
489 1793 737 1844 κανόνων
768 1789 865 1860 τὴν
898 1789 1152 1858 δύναμιν,
1202 1791 1282 1854 εἰς
1325 1789 1541 1853 τίτλους
1573 1791 1749 1843 εἴκοσι
1798 1790 1930 1858 πρὸς

2039 1780 2376 1853 collegissem
2407 1792 2671 1841 canones.
2732 1775 3083 1846 ipsorumque
3115 1771 3321 1842 pariter
3349 1783 3413 1825 ac
3439 1785 3630 1826 eorum

349 1885 468 1948 τοῖς
489 1884 782 1952 τέσσαρσι,
812 1856 953 1936 κατὰ
975 1856 1068 1934 τὸν
1088 1881 1328 1952 ,ἀριθμὸν
1355 1881 1467 1936 τῶν
1485 1878 1615 1954 παρ’
1636 1883 1769 1950 ἡμῖν
1796 1856 1930 1935 στοι-

2042 1874 2140 1943 qui
2173 1875 2318 1942 ipsos
2360 1870 2544 1926 animo
2603 1867 2861 1938 religioso
2896 1863 3238 1935 interpretati
3294 1869 3444 1929 sunt,
3481 1875 3634 1916 men-

340 1981 542 2048 χειων,
570 1973 787 2043 διελὼν,
821 1974 915 2028 καὶ
946 1973 1157 2028 τούτων
1201 1972 1424 2047 ἑκάστῳ
1455 1976 1556 2046 τὴν
1603 1975 1937 2046 προϊσχομέ-

349 2086 451 2138 νην
479 2067 762 2130 ὑπόθεσιν,
796 2067 860 2120 τδ
889 2065 1111 2140 πρῶτον
1141 2067 1242 2138 τῆς
1275 2067 1414 2132 Ιδίας
1434 2067 1636 2133 λέξεως
1665 2069 1935 2136 συγγενὲς

335 2161 500 2232 αὐτῷ
531 2161 768 2231 γράμμα
817 2160 996 2224 καλῶς
1026 2161 1373 2232 έφαρμόσας,
1412 2161 1514 2227 τάς
1552 2177 1613 2216 τε
1651 2176 1936 2232 προσηγο-

342 2255 480 2326 ρίας
515 2254 626 2308 τῶν
674 2254 872 2318 αὐτοὺς
922 2254 1234 2325 εὑρομένων
1285 2254 1560 2325 δηλώσας.
1596 2257 1690 2308 καὶ
1721 2255 1790 2308 τὰ
1823 2255 1936 2307 τῶν

344 2349 546 2402 τίτλων
572 2345 730 2411 αὖθις
761 2347 1036 2414 κεφάλαια
1074 2347 1165 2402 διὰ
1193 2347 1302 2401 τῶν
1329 2346 1718 2420 ἀριθμητικῶν
1752 2349 1935 2419 ἐμφή-

345 2459 446 2502 νας
476 2439 780 2510 στοιχείων,
813 2439 1032 2513 ρᾳδίαν,
1055 2437 1130 2504 ὡς
1154 2435 1332 2508 οἶμαι,
1365 2441 1460 2494 καὶ
1485 2443 1935 2512 έπιτετμημένην

345 2534 490 2604 πρὸς
531 2534 634 2604 τὴν
680 2532 866 2587 αὐτῶν
901 2534 1109 2602 γνῶσιν
1146 2533 1419 2605 φέρουσαν
1467 2535 1666 2605 ἔτεμον
1703 2534 1928 2605 τρίϐον·

344 2626 449 2699 τὴν
477 2627 758 2696 πρόφασιν
789 2624 1045 2680 ἐντεῦθεν
1073 2626 1401 2697 περιαιρῶν,
1432 2625 1545 2682 τῶν
1574 2629 1934 2698 ἐντυγχάνειν

346 2721 534 2784 αὐτοῖς
557 2721 976 2782 ἀποκνούντων,
1009 2719 1071 2771 τὺ
1112 2719 1421 2791 προσκορές
1460 2721 1562 2790 τῆς
1596 2721 1806 2775 τούτων
1836 2738 1934 2774 πω

342 2811 606 2875 λυεπείας
642 2809 1103 2882 προϐαλλομένων
1130 2814 1230 2883 τὴν
1260 2812 1444 2866 αὐτῶν
1484 2813 1727 2868 διάνοιαν
1758 2831 1932 2867 κατα-

332 2902 748 2973 ὖαπτιζούσης,
785 2902 922 2974 πρὸς
947 2903 1031 2968 δὲ,
1071 2903 1168 2958 καὶ
1197 2905 1258 2957 τὸ
1293 2904 1370 2976 μὴ
1411 2905 1467 2958 ὲν
1494 2905 1576 2960 ἐνὶ
1613 2904 1770 2977 μέρει
1796 2906 1928 2961 ἐκά-

335 3013 481 3068 ·στης
505 2996 614 3049 τῶν
642 2993 956 3050 ὑποθέσεων
990 2995 1120 3060 τοὺς
1167 2995 1405 3060 κανόνας
1437 2997 1774 3067 ἀφωρίσθαι.
1806 2998 1931 3051 Τῶν

322 3089 636 3162 ῖχρησίμων
663 3088 709 3140 δ’
743 3088 855 3159 ἄρα
889 3088 1178 3157 νενόμικα,
1204 3089 1422 3159 καὶτῆς
1456 3089 1746 3164 πολιτικῆς
1773 3109 1934 3163 νομο-

2040 1977 2150 2024 tem
2185 1967 2362 2036 quoad
2421 1965 2536 2019 fieri
2595 1964 2771 2034 potuit
2818 1959 3206 2032 periphraseos
3237 1957 3303 2012 ad
3340 1957 3518 2010 instar
3573 1954 3626 2009 in

2045 2058 2428 2129 compendium
2455 2056 2813 2127 redegissem,
2849 2053 2990 2109 nihil
3023 2066 3209 2107 eorum
3241 2047 3630 2118 intelligentia,
3709 2076 3711 2079 -

2033 2163 2300 2222 quantum
2332 2153 2385 2204 in
2421 2167 2504 2205 me
2539 2148 2660 2213 fuit,
2687 2149 2879 2203 deesse
2911 2148 3210 2202 arbitratus
3240 2158 3259 2198 :
3293 2143 3423 2212 quin
3462 2141 3628 2196 etiam

2035 2259 2371 2316 quaecunque
2402 2241 2471 2298 ab
2502 2256 2691 2298 eorum
2744 2239 3132 2312 interpretibus
3173 2236 3372 2291 alicubi
3404 2244 3634 2305 praeter-

2038 2342 2202 2393 missa
2235 2347 2386 2401 sunt,
2417 2335 2576 2391 nobis
2598 2343 2780 2388 autem
2816 2334 2868 2387 in
2894 2340 3140 2387 mentem
3170 2329 3362 2401 venire,
3383 2327 3631 2397 ccutigir,

2037 2427 2344 2485 necessaria
2382 2425 2640 2479 nimirum
2689 2424 2906 2493 piisque
2939 2421 3101 2476 nimis
3127 2434 3334 2476 summa
3357 2420 3632 2474 contenti-

2035 2537 2142 2575 one
2173 2519 2430 2587 eXpetita,
2464 2516 2860 2586 postulantibus
2891 2529 2999 2569 non
3049 2512 3359 2568 invidentes
3409 2525 3631 2580 promp-

2041 2624 2153 2668 tum
2201 2627 2300 2682 pro
2335 2610 2542 2664 viribus
2565 2608 2766 2664 nostris
2801 2615 3084 2680 syntagma
3121 2604 3474 2683 perfecimus.
3501 2601 3632 2659 Om-

2039 2709 2189 2762 nium
2219 2713 2400 2760 autem
2434 2704 2784 2757 rollectorum
2830 2715 3101 2756 canonum
3155 2697 3452 2768 potentiam
3504 2711 3628 2752 cum

2038 2801 2092 2854 in
2123 2799 2311 2871 viginti
2333 2807 2568 2869 quatuor
2602 2794 2956 2864 titulosjuxta
2980 2793 3283 2848 litterarum
3316 2801 3631 2844 nostrarum

2035 2905 2320 2946 numerum
2358 2888 2750 2951 dis-tribuerim,
2792 2895 2845 2940 et
2873 2883 3097 2940 cuilibet
3131 2895 3318 2937 eorum
3345 2879 3630 2935 materiam

2035 2982 2337 3054 subiectam
2370 2980 2524 3049 juxta
2549 2980 2779 3050 primam
2814 2975 3048 3048 propriae
3071 2974 3358 3032 sententiae
3388 2973 3629 3028 litteram

2035 3073 2085 3131 ei
2143 3088 2462 3142 congruam,
2517 3081 2664 3124 recte
2715 3067 3268 3134 accommodaverim,
3325 3075 3380 3121 et
3412 3063 3632 3120 nomina

341 3157 535 3247 asciae
559 3180 768 3253 βραχέα
784 3157 858 3235 -τε
892 3181 988 3235 καὶ
1017 3157 1466 3253 συντετμημένα,
1507 3185 1620 3247 τοῖς
1643 3157 1930 3253 συγγενέσι

2040 3168 2254 3222 illorum
2287 3167 2379 3232 qui
2450 3178 2544 3218 eos
2574 3164 2896 3216 invenerunt
2943 3160 3318 3222 indicaverint,
3356 3171 3408 3213 et
3443 3157 3633 3215 titulo-

338 3275 454 3330 τῶν
505 3252 754 3330 κανόνων
806 3271 1128 3344 κεφαλαίοις
1181 3252 1550 3344 συναρμόσαι,
1603 3278 1717 3340 τοῖς
1761 3252 1929 3347 ίεροῖς

2037 3275 2159 3313 rum
2190 3261 2349 3314 etiam
2395 3255 2574 3324 capita
2620 3269 2716 3322 per
2745 3253 3088 3308 arithmetica
3140 3252 3474 3307 ostenderim
3515 3253 3629 3304 ele-

338 3370 538 3424 κανόσι
573 3341 972 3440 συμμαχοῦντα
1009 3369 1107 3420 καὶ
1159 3341 1634 3437 συμφθεγγόμενα
1657 3410 1672 3434 ,
1715 3341 1827 3423 καὶ-
1864 3375 1930 3425 έκ

2037 3363 2244 3417 menta,
2305 3347 2544 3413 facilem,
2607 3346 2659 3400 ni
2715 3344 2896 3411 fallor,
2948 3357 3002 3400 et
3059 3344 3506 3414 compendiosam
3559 3341 3628 3398 ad

323 3437 664 3532 ’περιουσίας
690 3437 751 3514 τὸ
775 3437 1031 3530 νασφαλὶς
1061 3461 1244 3522 αὐτοῖς
1280 3442 1800 3531 ἑπιμαρτυροῦντα.

2037 3441 2286 3511 ipsorum
2310 3441 2670 3510 cognitionem
2695 3439 2982 3492 ducentem
3013 3437 3153 3490 viam
3178 3437 3323 3490 secui
3351 3453 3364 3489 :
3399 3446 3634 3506 prietes-

320 3567 459 3612 :tum
512 3555 708 3609 exinde
761 3568 946 3608 eorum
1007 3553 1374 3621 pnescindens
1421 3569 1558 3622 quos
1606 3570 1824 3626 operam
1887 3556 1954 3613 iis
2013 3557 2368 3627 assequendis
2413 3569 2615 3610 navare
2647 3553 2814 3623 piget,
2850 3553 3186 3607 lastidiosurn
3241 3567 3427 3608 eorum
3485 3555 3630 3608 mul-

324 3647 626 3718 -ιιιιιψιὶιιιιι
699 3655 933 3702 mentem
1001 3647 1241 3713 ipsorum
1296 3646 1535 3701 obruens
1591 3649 1928 3718 objicientes,
1991 3661 2048 3706 et
2111 3662 2370 3719 prro-terea
2419 3649 2684 3718 cuiusque
2749 3647 2992 3701 materiae
3043 3661 3286 3701 canones
3316 3649 3501 3701 eodem
3569 3649 3625 3703 in

325 3745 464 3796 loco
503 3755 609 3794 non
637 3737 913 3795 collocari.
970 3737 1170 3793 Adhaec
1227 3739 1410 3793 brevia
1443 3749 1498 3794 et
1518 3743 1733 3796 concisa
1774 3743 1908 3813 legis
1935 3746 2102 3799 etiam
2140 3743 2317 3799 civilis
2371 3742 2604 3812 capitula
2653 3742 2824 3797 sacris
2879 3741 3174 3796 canonibus
3218 3742 3631 3798 commilitautia

323 3841 398 3888 σει
425 3846 684 3896 consona,
718 3839 867 3886 et‘ex
900 3831 1225 3886 abundantia
1277 3833 1341 3886 iis
1375 3835 1686 3888 attestautia
1717 3837 1975 3908 congruis
2003 3853 2275 3894 canonum
2312 3835 2580 3906 capitibus
2606 3835 2912 3905 appendere
2974 3849 3153 3904 opera:
3186 3835 3418 3902 pretium
3469 3835 3624 3892 duxi.

403 3925 662 3987 Κανόνας
712 3925 769 3978 δὲ
808 3925 862 3978 οι
900 3924 1144 3996 Πατέρες
1175 3927 1244 3981 τὰ
1285 3926 1438 3995 σφῶν
1485 3928 1667 3982 αὐτῶν
1719 3932 1929 3984 ἐπωνό-

338 4035 528 4090 μασαν
556 4017 930 4088 διατάγματα,
961 4018 1246 4086 τροπικῶς
1280 4023 1344 4090 τῇ
1381 4017 1527 4084 λέξει
1558 4022 1926 4093 χρησάμενοι,

333 4112 457 4164 ἀπὺ
490 4111 808 4182 μεταφορᾶς
841 4108 936 4162 τοῦ
961 4107 1128 4180 όρθοῦ
1164 4109 1346 4175 ξύλου,
1381 4105 1426 4180 ᾧ
1469 4112 1711 4183 χρῆσθαι
1737 4113 1928 4168 annos-

338 4221 452 4257 σαν
478 4205 528 4256 οῖ
562 4203 664 4267 τὰς
696 4201 1007 4273 βαναύσους
1045 4203 1154 4255 τῶν
1179 4203 1385 4273 τεχνῶν
1423 4207 1703 4274 μετιόντες
1729 4208 1809 4267 εἰς
1837 4206 1931 4274 ξύ-

335 4291 476 4359 ηλων,
509 4290 545 4361 ἢ
575 4289 821 4362 λίθων,ἢ
859 4289 1159 4345 ὁποιωνοῦν
1203 4291 1409 4361 ιτέρων
1453 4294 1764 4366 εὐθύτητα·
1803 4300 1934 4352 ἀπο-

337 4383 628 4454 ξυομένοις
659 4383 772 4456 γὰρ
816 4382 1064 4448 έκείνοις
1094 4386 1538 4458 παρατιθέμενον
1565 4387 1718 4459 ὀρθοῖ
1755 4389 1931 4445 ταῦτα

338 4477 437 4530 καὶ
463 4475 640 4541 ὲξισοῖ
668 4477 807 4548 πρὸς
847 4476 950 4547 την
978 4475 1231 4547 ἀλλήλων
1262 4478 1473 4551 ἀκριϐῆ
1517 4479 1816 4554 σύμπηξιν.
1862 4483 1929 4540 Ἦ

2106 3931 2280 3986 Porro
2305 3931 2496 3986 Patres
2528 3943 2624 3985 sua
2656 3930 2901 3999 ipsorum
2932 3929 3150 3982 decreta
3192 3929 3618 3985 denominarnnt

2034 4039 2294 4087 canones,
2321 4021 2590 4077 vocabulo
2623 4020 2731 4076 isto
2753 4020 2960 4090 tr0pice
2988 4021 3094 4084 usi,
3120 4036 3219 4089 per
3245 4024 3620 4091 metaphoram

2033 4134 2064 4172 α
2117 4124 2266 4173 recto
2316 4116 2462 4186 ligno
2501 4122 2803 4184 sumptam,
2840 4127 2972 4182 quo,
3014 4108 3106 4182 qui
3142 4113 3354 4172 artibus
3395 4115 3621 4170 meclia-

2032 4209 2182 4266 tricis
2220 4216 2588 4278 occupantur,
2624 4209 2699 4262 uti
2754 4205 2931 4262 solent
2960 4205 3027 4259 ad
3066 4205 3193 4276 ligni
3226 4217 3314 4260 aut
3350 4205 3617 4276 lapidum,

2036 4315 2130 4358 aut
2168 4303 2400 4360 aliarum
2434 4314 2890 4371 quarumcunque
2933 4313 3114 4352 rerum
3161 4299 3544 4355 rectitudineiu
3598 4321 3616 4358 :

2033 4395 2139 4453 hoc
2167 4396 2308 4450 enim
2345 4394 2409 4454 iis
2453 4392 2707 4463 expolitis
2742 4392 3070 4461 appositum,
3115 4405 3178 4446 ea
3219 4392 3422 4460 dirigit,
3457 4403 3512 4447 et
3547 4395 3616 4450 ad

2031 4493 2344 4541 accuratam
2374 4483 2516 4539 inter
2566 4496 2688 4536 sese
2710 4483 3144 4548 compactionem
3188 4493 3462 4550 exmquat.
3488 4480 3617 4538 Haec

335 4567 396 4620 δὲ
431 4567 527 4621 τοῦ
557 4566 783 4629 κανόνος
826 4563 974 4635 αὕτη
1013 4566 1365 4638 προσηγορία
1410 4566 1508 4621 καὶ
1549 4567 1765 4631 πολλοῖς
1811 4564 1930 4623 ἐτέο

2033 4586 2210 4630 autem
2239 4575 2462 4630 canonis
2489 4572 2780 4642 appellatio
2805 4587 2833 4625 ιι
2863 4572 3049 4626 multis
3074 4575 3238 4626 etiam
3265 4574 3387 4628 aliis
3416 4575 3616 4629 libera-
3698 4642 3702 4645 _

343 4676 460 4728 ροις
489 4659 872 4729 παρείληπται.⁵
901 4656 1142 4726 λογικῶν
1173 4657 1384 4730 τεχνῶν
1417 4660 1751 4730 ἑπιστήμοσι
1771 4677 1787 4692 °
1825 4663 1924 4717 καὶ

341 4754 390 4804 οι
421 4755 520 4820 τὴν
567 4748 972 4820 γραμματικὴν
1021 4751 1129 4821 γὰρ
1166 4752 1588 4822 τεχνησάμενοι,
1645 4754 1740 4807 καὶ
1772 4753 1925 4822 φιλό-

344 4860 524 4912 σοφοι,
563 4847 659 4897 καὶ
696 4842 898 4912 ἰατροὶ,
949 4841 1045 4894 καὶ
1077 4843 1126 4895 οῖ
1173 4841 1274 4907 τὰς
1307 4845 1576 4916 ἁρμονίας
1605 4845 1716 4898 τῶν
1745 4846 1924 4916 μελῶν

341 4934 708 5001 συντιθέντες,
750 4935 814 4988 οὐ
851 4933 962 5006 μὴν
1010 4933 1151 4988 ἀλλὰ
1199 4936 1296 4989 καὶ
1341 4937 1392 4990 οἳ
1443 4938 1574 5003 τοὺς
1605 4937 1922 5004 πολιτικοὺς

342 5024 709 5093 συντετάχασι
739 5025 961 5094 νόμους,
1001 5024 1074 5087 ὡς
1111 5026 1214 5078 οὐκ
1242 5026 1575 5097 ἀσύμφωνον
1604 5029 1668 5083 τὸ
1695 5023 1790 5082 τοῦ
1824 5046 1926 5083 κα.

338 5118 494 5180 νόνος
535 5117 706 5186 ὖνομα
736 5119 848 5179 τοῖς
883 5117 1095 5170 ἑαυτῶν
1127 5101 1510 5189 συντάγμασιν
1543 5123 1919 5193 ἐπεφήμισαν.

338 5210 462 5263 Εἰσὶ
496 5210 552 5262 δὲ
580 5210 672 5262 καὶ
699 5205 781 5272 οἷς
810 5209 972 5280 ὄρους
1004 5211 1170 5281 ἤρεσε
1199 5214 1267 5263 τὰ
1291 5211 1519 5265 τοιαῦτα
1552 5214 1921 5283 ἐπονομάσαι,

338 5304 414 5365 ὡς
443 5300 865 5372 ἁποδιαιροῦντα
900 5302 1010 5355 τῶν
1045 5302 1222 5357 ἄλλων
1250 5307 1344 5356 καὶ
1378 5305 1793 5373 ἁποδιῖστάντα,
1828 5293 1922 5360 καὶ

343 5393 747 5457 ἀπευθύνοντα,
802 5392 897 5446 τοῦ
945 5394 1021 5464 μὴ
1076 5393 1508 5466 παρέγγραπτόν
1549 5415 1602 5450 τι
1639 5401 1734 5452 καὶ
1767 5401 1919 5457 νόθον

341 5489 454 5549 τοῖς
485 5486 826 5558 ὁριζομένοις
855 5487 1232 5558 εἰσφέρεσθαι,
1262 5489 1339 5551 ὡς
1381 5490 1474 5542 καὶ
1507 5490 1586 5559 τῷ
1624 5492 1920 5564 Ἱπποκρά-

337 5594 422 5632 τει
458 5579 636 5641 καλῶς
670 5580 851 5643 ἔδοξεν
894 5579 1066 5650 ἔχειν,
1116 5579 1258 5634 οὕτω
1291 5581 1358 5634 τὰ
1405 5585 1757 5655 κεφαλαιώδη
1810 5587 1919 5641 τῶν

342 5671 690 5742 πονηθέντων
717 5672 867 5742 αὑτῷ
902 5674 1243 5742 ἐπονομάσαι
1277 5677 1712 5747 συγγράμματα.
1757 5679 1919 5735 Ἀλλὰ

339 5769 454 5829 τοῖς
485 5766 585 5836 μὲν
611 5767 722 5818 τῶν
752 5765 926 5819 ἄλλων
956 5768 1414 5838 συγγράμμασιν,
1439 5771 1488 5823 εί
1518 5769 1725 5842 κυρίως
1752 5773 1784 5843 ή
1821 5774 1914 5827 τοῦ

342 5859 566 5924 κλνόνος
623 5859 978 5931 ὲπεφημίσθη
1040 5861 1367 5931 ἐπωνυμία,
1418 5863 1630 5934 ἑτέροις
1682 5865 1916 5921 δεδόσθω

2029 4669 2159 4723 lium
2209 4671 2409 4722 artium
2469 4666 2660 4736 peritis
2715 4675 3033 4736 usurpatur.
3097 4666 3314 4722 Etenim
3369 4669 3462 4738 qui
3507 4670 3611 4725 arti

2028 4764 2396 4834 grammaticae
2426 4777 2647 4832 operam
2676 4759 2831 4826 dant,
2864 4773 2917 4814 et
2943 4759 3277 4830 philosophi.
3309 4775 3362 4815 et
3389 4763 3609 4827 medici,

2027 4867 2081 4912 et
2098 4857 2188 4926 qui
2209 4855 2445 4911 musicas
2469 4855 2783 4909 harmonias
2807 4861 3256 4921 composuerunt,
3289 4854 3607 4922 quinetiam

2026 4953 2117 5022 qui
2144 4951 2333 5006 civiles
2357 4949 2687 5004 ordinarunt
2719 4947 2886 5017 leges.
2914 4947 3137 5001 canonis
3167 4960 3387 5008 nomen,
3417 4959 3471 5000 ut
3501 4963 3607 5001 non

2026 5047 2408 5114 incongruum,
2443 5042 2557 5097 suis
2599 5041 2764 5094 etiarn
2803 5040 3059 5109 operibus
3105 5041 3438 5108 imposuere.
3488 5041 3606 5094 Non

2025 5140 2220 5192 desunt
2242 5149 2422 5191 autem
2459 5136 2658 5203 quibus
2682 5135 2994 5204 huiusmodi
3032 5149 3116 5189 res
3145 5138 3408 5190 terminos
3442 5137 3607 5191 etiam

2024 5214 2338 5298 nuncupare
2369 5229 2561 5297 placet,
2591 5237 2646 5281 ιιι
2668 5243 2788 5297 quae
2813 5229 2880 5281 ab
2899 5228 3020 5282 aliis
3039 5228 3313 5290 dividunt,
3337 5239 3389 5281 et
3414 5229 3607 5281 distin-

2023 5328 2212 5385 guunt,
2231 5327 2284 5371 et
2310 5318 2626 5388 disponunt,
2651 5333 2716 5372 ne
2735 5317 2861 5386 quid
2878 5318 3283 5386 supposititium
3303 5329 3356 5372 et
3377 5320 3602 5373 nothum

2022 5412 2184 5464 rebus
2227 5409 2607 5466 determinatis
2661 5410 3040 5465 introducatur
3079 5428 3092 5465 :
3139 5411 3600 5482 quemadmodum

2022 5513 2076 5556 et
2136 5502 2452 5572 Hippocrati
2513 5504 2651 5557 bene
2685 5505 2857 5560 visum
2886 5515 2991 5568 est,
3037 5505 3336 5562 summaria
3379 5521 3603 5561 suorum

2021 5594 2181 5648 etiam
2234 5608 2458 5660 operum
2493 5595 2890 5650 commentaria
2939 5596 3012 5649 ita
3068 5595 3371 5651 nominare.
3406 5595 3600 5652 Utrum

2023 5701 2154 5741 vero
2187 5686 2420 5741 aliorum
2481 5689 2702 5755 scriptis
2758 5689 2998 5744 Cononis
3048 5690 3338 5759 appellatio
3385 5691 3604 5758 proprie

2021 5781 2317 5845 tribuatur,
2369 5781 2492 5838 aliis
2547 5783 3008 5837 considerandum
3061 5784 3418 5852 relinquatur.
3455 5782 3604 5836 Heli-

2025 5874 2173 5944 giosa
2200 5883 2378 5929 autem
2427 5875 2650 5931 Patrum
2692 5877 2909 5933 decreta
2947 5892 3162 5934 summo
3197 5892 3305 5953 prae
3345 5879 3600 5936 omnibus
