4038 6296
542 341 562 402 1
575 337 678 401 02⁵7

1730 332 2100 396 ΜΑΤΤΗίΕΙ
2141 331 2565 394 BLASTARIS

3665 328 3800 396 1028

538 450 727 505 haberi
765 449 940 520 jubet,
979 448 1074 504 Dei
1140 447 1534 505 misericordiae
1577 449 1818 505 conlisos
1869 458 1923 504 et
1972 447 2115 500 inni-

2225 449 2464 514 κελεύει,
2506 454 2574 521 τῇ
2627 450 2720 504 τοῦ
2753 450 2889 506 θεοῦ
2935 441 3355 522 τεθαρρηκότας
3386 447 3479 504 καὶ
3515 463 3803 501 πεπιστευ-

537 552 737 600 ιυιιιοε.

610 637 837 710 Magnus
872 647 1057 692 autem
1090 635 1384 707 Gregorius
1410 635 1689 708 Nyssenus
1711 634 1769 689 in
1802 634 1982 706 primo
2026 647 2116 686 ca-

535 742 714 781 none:
761 727 861 793 Qui
916 727 1241 794 voluntarie,
1277 727 1504 795 inquit,
1537 726 1696 781 ﬁdem
1733 727 1786 779 in
1825 724 2114 779 Dominum

535 821 997 878 nostrumlesum
1043 819 1321 876 Christum
1376 820 1679 891 negaverit,
1737 829 1794 875 et
1829 817 2115 875 Judaismo

532 919 620 972 vel
678 915 1000 970 idololatriae
1047 916 1134 970 vel
1197 915 1626 979 Manichaeismo,
1680 914 1766 968 vel
1826 913 1988 968 alicui
2023 912 2115 967 alii

533 1011 836 1080 impietatis
877 1009 1068 1080 generi
1119 1023 1352 1079 quarum
1411 1023 1644 1076 magnus
1683 1016 1769 1060 est
1823 1021 2110 1070 numerus,

534 1116 656 1156 sese
700 1100 1035 1169 adiunxerit,
1099 1098 1299 1154 deinde
1356 1098 1597 1168 seipsum
1642 1094 2112 1158 condemnaverit,

532 1209 649 1252 toto
681 1197 805 1250 vita:
849 1211 962 1250 sua:
1012 1204 1258 1263 tempore
1338 1191 1719 1264 paenitentiam
1777 1189 1910 1260 agit.
1959 1188 2115 1243 Nun-

532 1305 695 1361 quam
725 1291 870 1345 enim
895 1283 944 1344 ei
967 1288 1321 1352 concedetur,
1355 1287 1576 1358 quando
1633 1284 1861 1356 mystica
1905 1283 2116 1354 peragi-

535 1396 626 1440 tur
647 1387 842 1450 oratio,
877 1383 1045 1438 Deum
1077 1400 1183 1438 una
1217 1397 1340 1436 cum
1397 1380 1649 1438 ﬁdelibus
1705 1379 1972 1442 adorare;
2018 1376 2111 1431 sed

533 1485 592 1534 et
610 1480 840 1533 seorsitn
896 1474 1238 1547 precabitur,
1274 1481 1328 1529 et
1366 1489 1396 1527 a
1455 1479 1927 1528 sacramentorum
1961 1484 2114 1525 com-

531 1570 794 1624 munione
824 1569 1049 1622 omnino
1076 1568 1184 1621 erit
1237 1565 1488 1628 alienius;
1549 1573 1728 1618 morte
1781 1569 1964 1616 autem
2025 1560 2114 1613 in-

533 1677 712 1723 stante
759 1680 1039 1721 sacrorum
1093 1678 1386 1718 munerum
1445 1659 1723 1730 particeps
1777 1657 1903 1712 erit.
1967 1655 2032 1710 At
2067 1653 2111 1707 si

532 1757 827 1829 contigerit
863 1770 987 1811 eum
1025 1763 1222 1825 praeter
1248 1767 1402 1823 spem
1453 1749 1858 1813 convalescere,
1918 1744 2109 1801 iisdem

535 1853 714 1923 pugnis
746 1867 844 1920 per
891 1851 1158 1920 integram
1214 1847 1377 1902 vitam
1424 1859 1620 1901 rursus
1675 1842 1780 1897 erit
1821 1840 2118 1906 obnoxius,
2149 1821 2192 1876 Β

533 1950 1003 1997 sacramentorum
1033 1940 1101 1994 ad
1136 1940 1347 1994 exitum
1368 1951 1540 2007 usque
1572 1948 1792 2006 expers.

533 2145 593 2216 6
627 2143 701 2198 De
727 2144 791 2198 iis
820 2146 910 2215 qui
938 2155 1214 2214 postquam
1245 2141 1404 2210 fidem
1432 2139 1762 2210 negaverint,
1789 2135 1927 2191 alios
1959 2138 2118 2190 etiam

1121 2223 1534 2282 persequuntur.
1606 2229 1609 2232 '

603 2306 762 2374 Quod
785 2306 830 2360 si
863 2307 1070 2376 aliqui,
1124 2303 1304 2373 inquit
1333 2301 1366 2357 9
1412 2303 1716 2372 Ancyranae
1753 2313 1953 2365 canon,
1990 2312 2119 2352 cru-

534 2383 777 2456 eiatuum
838 2400 1106 2471 gravitate
1156 2398 1292 2452 adeo
1345 2395 1585 2466 perculsi
1618 2393 1848 2458 fuerint,
1899 2403 1958 2447 ut
2006 2407 2120 2448 non

535 2494 713 2549 solum
742 2509 776 2549 a
807 2493 910 2548 lide
935 2493 1265 2556 desciscant,
1296 2491 1392 2545 sed
1423 2500 1480 2544 et
1508 2489 1566 2543 in
1623 2502 1719 2544 eos
1747 2488 1947 2558 quibus
1984 2485 2121 2541 ﬁdes

534 2602 683 2644 curae
707 2596 810 2652 est,
840 2587 1149 2658 insurgunt,
1207 2599 1416 2655 eosque
1443 2583 1514 2638 ad
1544 2581 1885 2639 daemonibus
1914 2577 2138 2635 sacrillv

535 2682 771 2737 tandum
805 2680 1056 2746 incitent,
1089 2689 1144 2734 et
1181 2677 1548 2741 Christianos,
1579 2673 1675 2746 qui
1731 2673 1910 2747 ignoti
1962 2679 2121 2728 erant

532 2775 622 2830 vel
649 2773 978 2839 absconditi,
1010 2775 1067 2828 in
1097 2773 1336 2828 medium
1359 2771 1602 2836 trahant,
1625 2768 1900 2839 perfectus
1926 2766 2118 2822 decem

534 2883 804 2923 annorum
848 2881 1112 2921 numerus
1144 2865 1211 2920 iis
1249 2858 1628 2936 paenitentiam
1657 2861 1942 2934 agentibus
1989 2875 2119 2931 per-

536 2964 738 3017 fectam
795 2950 1178 3014 remissionem
1226 2957 1540 3013 emetictur.
1574 2950 1880 3015 Natt’sni'm
1939 2967 2118 3008 canon

538 3058 627 3112 hic
670 3052 761 3110 de
819 3053 980 3108 {idem
1025 3066 1252 3123 prorsus
1313 3047 1641 3120 negantibus
1671 3087 1685 3113 ,
1731 3037 1787 3110 et!
1838 3044 2120 3118 religionis

2223 545 2390 608 κότας
2421 545 2826 617 φιλανθρωπίᾳ.

2309 636 2367 689 Ὀ
2398 637 2455 690 δὲ
2495 636 2721 708 Νύσσης
2763 639 2940 708 μέγας
2979 637 3286 710 Γρηγόριος
3313 640 3371 692 ἐν
3396 636 3476 707 τῷ
3508 642 3558 692 α’
3591 635 3798 703 κανόνι,

2235 730 2296 781 '0
2335 731 2624 794 ἑκουσίως,
2664 734 2821 802 φησὶ,
2867 732 2966 804 τὴν
2995 734 3078 796 είς
3129 732 3219 787 τὸν
3264 731 3471 803 Κύριον
3509 730 3666 799 ἡμῶν
3697 730 3804 799 Ἰη-

2226 819 2357 874 σοῦν
2387 823 2621 892 Χριστὸν
2653 823 3040 892 ἀρνησάμενος
3077 823 3282 888 πίστιν,
3331 822 3424 877 καὶ
3454 820 3797 891 Ἰουδαϊσμῷ,

2223 915 2256 985 ἢ
2291 915 2736 989 εἰδωλολατρείᾳ,
2774 917 2805 988 ἢ
2849 916 3247 989 Μανιχαῖσμῷ,
3288 918 3322 989 ἢ
3370 916 3518 985 ἄλλῳ
3554 916 3665 970 τινὶ
3693 916 3803 968 τῶν

2220 1010 2323 1080 τῆς
2351 1010 2542 1076 ἀθεΐας
2571 1011 2732 1066 εἰδῶν
2768 1011 2940 1065 ὄντων
2965 1011 3233 1065 πλειόνων
3257 1009 3658 1084 προσθέμενος,
3684 1005 3805 1064 εἶτα

2222 1106 2530 1170 καταγνοὺς
2602 1105 2841 1172 ἑαυτοῦ,
2902 1106 3203 1175 μετάνοιαν
3257 1105 3654 1175 εἰσπράττεται
3724 1101 3802 1174 τῷ

2221 1197 2401 1266 χρόνῳ
2425 1195 2527 1266 τῆς
2566 1196 2716 1267 ζωῆς
2757 1197 2926 1252 αὑτοῦ
2975 1199 3591 1272 συμπαρατεινομένην.
3635 1197 3804 1254 Οὐδέ-

2223 1307 2356 1343 ποτε
2385 1290 2494 1360 γὰρ
2548 1290 2646 1360 τῆς
2701 1293 2974 1361 μυστικῆς
3003 1292 3172 1363 εὐχῆς
3204 1291 3638 1362 ἐπιτελουμένης
3669 1289 3804 1345 σύν-

2222 1400 2344 1453 αμα
2397 1386 2510 1447 τοῖς
2539 1387 2755 1449 πιστοῖς
2785 1385 2876 1438 τὸν
2902 1384 3039 1438 Θεὸν
3071 1387 3401 1457 προσκυνεῖν
3427 1384 3604 1455 τούτῳ
3647 1385 3802 1453 ἐφεῖ-

2222 1490 2350 1539 ται,
2384 1475 2525 1530 ἀλλὰ
2574 1479 2671 1531 καὶ
2713 1479 2859 1531 κατά
2902 1479 3073 1548 μόνας
3122 1477 3508 1550 προσεύξεται,
3562 1477 3660 1531 καὶ
3703 1472 3804 1548 τῆς

2223 1570 2511 1634 κοινωνίας
2532 1570 2644 1625 τῶν
2673 1571 3035 1643 ἀγιασμάτων
3055 1571 3292 1626 καθόλου
3323 1572 3604 1642 ἀλλότριος
3626 1571 3801 1626 ἔσται’

2224 1661 2320 1714 τοῦ
2352 1662 2411 1715 δὲ
2440 1663 2676 1718 Θανάτου
2706 1664 3105 1735 ἐφισταμένου,
3127 1665 3229 1735 τῆς
3253 1664 3474 1737 μερίδος
3499 1664 3612 1718 τῶν
3641 1664 3805 1718 θείων

2226 1752 2602 1824 μεταλήψεται
2635 1753 2844 1824 δώρων.
2879 1754 3012 1826 Εἷγε
3039 1756 3148 1828 μὴν
3177 1755 3421 1829 συμϐαίη
3450 1756 3583 1828 παρ’
3611 1755 3804 1811 ἐλπίδα

2221 1847 2412 1901 τοῦτον
2470 1848 2784 1915 ἐπιϐιῶναι,
2833 1849 2945 1905 τῶν
2985 1850 3168 1905 αὐτῶν
3217 1849 3467 1915 είσαῦθις
3513 1851 3805 1923 ἐπιτιμίων

2222 1940 2478 2001 ὑπόδικος
2524 1942 2710 1996 ἔσεται
2755 1942 2845 1996 διὰ
2874 1943 3014 2014 βίον,
3047 1943 3160 1998 τῶν
3206 1943 3573 2014 ἀγιασμάτων
3609 1945 3805 2016 μέχρις

2222 2032 2394 2104 αὐτῆς
2426 2034 2747 2106 εἰργόμενος
2773 2035 2876 2107 τῆς
2901 2036 3106 2103 ὲξὸδου.

2327 2148 2469 2219 Περὶ
2511 2149 2632 2204 τῶν
2658 2153 2814 2219 μετὰ
2842 2152 2975 2228 thr:
3003 2153 3272 2228 ᾂρνησιν
3313 2157 3414 2215 καί
3460 2156 3704 2228 ἐτέρους

2829 2224 3201 2290 διωξάντων.

2297 2315 2357 2368 Εἰ
2392 2315 2448 2368 δέ
2484 2334 2652 2382 τινες,
2680 2321 2710 2373 ὁ
2739 2318 2961 2383 ἐννατος
3008 2319 3111 2392 τῆς
3146 2321 3205 2376 ιν
3237 2321 3489 2394 ’Δγκύρᾳ
3536 2325 3673 2394 φησὶ
3698 2341 3806 2378 κα-

2223 2407 2352 2474 νὼν,
2373 2408 2629 2463 τοσοῦτον
2655 2411 3091 2483 κατεπλάγησαν
3117 2414 3179 2468 τὸ
3204 2413 3344 2488 βαρὺ
3368 2415 3478 2470 τῶν
3501 2415 3803 2482 κολάσεων,

2221 2500 2298 2562 ὡς
2331 2499 2407 2571 μὴ
2437 2501 2522 2555 ὅτι
2549 2502 2650 2572 τῆς
2668 2503 2906 2568 πίστεως
2927 2505 3259 2578 ἀποστῆναι,
3290 2506 3431 2563 ἀλλά
3462 2508 3562 2565 καὶ
3594 2509 3800 2576 κατεξ-

2224 2592 2535 2663 αναστῆναι
2589 2588 2672 2658 οἷς
2706 2595 2946 2668 ἐμέλησε
2975 2599 3084 2653 τῶν
3109 2599 3208 2670 τῆς
3240 2599 3506 2669 πίστεως,
3543 2603 3686 2657 ὥστε
3710 2605 3805 2658 καὶ

2223 2683 2374 2752 θύειν
2415 2688 2757 2758 προτρέπειν
2805 2689 3086 2760 δαίμοσιν,
3124 2692 3158 2763 ἢ
3208 2692 3614 2766 ἀγνοουμένους
3654 2695 3805 2751 ἐστιν

2221 2775 2318 2841 οὓς
2376 2781 2758 2853 καταμηνύειν
2793 2775 2884 2838 οἷα
2927 2784 3316 2857 Χριστιανοὺς,
3343 2788 3379 2860 ἢ
3426 2787 3528 2844 καὶΔ
3562 2807 3806 2864 κρυπτοο

2225 2875 2426 2942 μένους
2471 2873 2552 2938 είς
2585 2875 2754 2945 μέσον
2791 2874 2999 2941 ἕλκειν,
3050 2878 3079 2930 δ
3113 2879 3213 2948 τῆς
3257 2877 3548 2948 δεκαετίας
3595 2883 3803 2947 τέλειος

2222 2966 2463 3038 ἀριθμὸς
2493 2967 2554 3021 τὸ
2582 2969 2800 3024 τέλειον
2823 2968 2927 3038 τῆς
2964 2971 3217 3040 ἀφέσεως
3239 2959 3457 3040 τούτοις
3483 2977 3804 3048 μεταμελο-

2225 3061 2411 3132 μένοις
2442 3062 2829 3144 ἐπιμετρήσει.
2861 3062 2936 3116 Οὐ
2969 3061 3080 3136 γὰρ
3114 3064 3288 3138 δήπου
3313 3066 3452 3139 ,περὶ
3495 3067 3606 3121 τῶν
3635 3068 3801 3139 ἑξάρο

535 3147 787 3217 ltostibus
831 3147 1073 3210 disserit,
1111 3146 1204 3216 qui
1253 3144 1516 3199 Ecclesia:
1567 3151 1950 3212 persecutores
1995 3153 2115 3194 sese

2221 3170 2328 3207 νων
2362 3154 2538 3227 πάντη
2564 3156 2973 3226 γεγενημένων,
2996 3158 3095 3211 καὶ
3123 3160 3460 3225 ἀπεναντίας
3491 3162 3803 3233 ἱσταμένων

536 3250 726 3314 aperte
776 3239 1181 3303 exhibucrunt;
1242 3236 1299 3291 hi
1344 3237 1490 3290 enim
1547 3234 1674 3289 licet
1736 3231 2118 3302 paenitentiam

532 3345 718 3407 agant,
745 3333 1086 3405 gravioribus
1136 3333 1319 3402 pomis
1340 3346 1504 3402 quam
1530 3330 1596 3385 iis
1626 3345 1761 3400 quas
1812 3327 1923 3383 dno
1981 3342 2119 3398 prte-

531 3429 664 3484 dicti
691 3442 932 3483 canones
955 3427 1283 3489 decernunt,
1316 3424 1359 3478 si
1417 3423 1532 3479 ﬁeri
1589 3430 1785 3494 potest.
1818 3421 2115 3491 subjicien-

532 3530 640 3577 tur.
671 3519 792 3574 Non
837 3519 1021 3589 itaque
1057 3519 1155 3573 hos
1193 3517 1466 3588 intelligit,
1532 3516 1629 3571 sed
1660 3531 1756 3570 eos
1785 3514 1876 3585 qui
1935 3512 2117 3569 adhuc

532 3612 840 3667 orthodoxe
904 3611 1197 3676 sentiunt,
1247 3621 1399 3664 metu
1453 3619 1634 3663 autem
1693 3615 2113 3671 tormentorum,

533 3722 593 3764 se
623 3707 914 3778 impiorum
949 3707 1218 3778 degmatis
1244 3706 1503 3761 assentiri
1550 3704 1834 3761 simulant.

604 3977 833 4050 Magnus
885 3987 1070 4033 autem
1102 3979 1549 4048 Athanasius,_in
1583 3981 1816 4052 epistola
1846 3980 1915 4035 ad
1943 3979 2116 4035 Rulli-

530 4076 759 4129 niauum
785 4112 798 4134 .
837 4073 908 4126 Ex
940 4073 1343 4137 sacerdotibus,
1371 4073 1567 4143 inquit,
1593 4073 1686 4144 qui
1742 4088 1868 4129 cum
1895 4073 2114 4130 Arianis

529 4167 1027 4228 communicarunt,
1067 4165 1104 4219 ii
1136 4166 1355 4234 quidem
1417 4165 1600 4235 quivi
1653 4166 1907 4222 subducti
1960 4179 2109 4234 sunt,

528 4258 796 4313 canonice
825 4257 1196 4328 corriguntur,
1225 4273 1256 4312 e
1285 4257 1409 4313 loco
1439 4270 1622 4314 autem
1672 4261 1886 4316 ordinis
1946 4276 2110 4330 quem

529 4350 710 4405 sortiti
737 4341 889 4410 sunt.
921 4365 1034 4404 non
1065 4349 1400 4418 ejiciuntur;
1434 4351 1710 4421 praecipue
1738 4353 1787 4407 si
1819 4353 2110 4422 rationem,

495 4439 497 4442 ⁴
529 4443 609 4497 uti
647 4444 924 4505 dixerunt,
987 4458 1113 4498 cum
1145 4443 1214 4497 iis
1250 4443 1477 4496 minime
1506 4445 1942 4499 consentientem
2006 4447 2110 4501 ba-

528 4535 775 4596 buerint,
810 4542 866 4587 et
897 4549 956 4588 se
986 4533 1245 4603 prudenti
1277 4534 1503 4588 consilio
1533 4550 1656 4589 cum
1679 4535 1749 4590 iis
1795 4540 2124 4594 communi-

528 4641 682 4682 (asse
708 4627 1112 4692 sitnulawrint,
1149 4637 1456 4682 metuentes
1510 4644 1578 4682 ne
1629 4629 1763 4697 ipsis
1819 4646 1924 4685 una
1982 4647 2105 4686 cum

530 4719 797 4789 religione
834 4717 1096 4788 expulsis,
1156 4717 1414 4774 Ecclesiae
1442 4736 1538 4788 per
1592 4721 1884 4790 impiorum
1933 4721 2108 4776 intro-

530 4812 845 4866 ductionem
877 4823 1387 4880 corrumperentur.
1417 4812 1521 4879 Qui
1556 4824 1739 4867 autern
1773 4830 1884 4869 non
1931 4817 2107 4870 solum

531 4906 1026 4965 communicarunt,
1055 4904 1150 4958 sed
1176 4915 1231 4958 et
1259 4921 1358 4974 pro
1388 4905 1596 4959 viribus
1645 4905 1758 4961 suis
1811 4907 2108 4975 impietatis

532 5004 973 5066 prapugnatores
1001 5003 1058 5049 et
1088 4997 1301 5066 patroni
1355 4995 1595 5061 fuerunt,
1628 4997 1673 5050 si
1727 4999 2108 5065 pcenitentiam

535 5099 719 5159 agant,
752 5103 862 5141 non
900 5088 1082 5157 pcenis
1112 5088 1391 5157 praedictis
1447 5088 1833 5159 subjiciuntur,
1864 5092 1959 5144 sed
2018 5107 2107 5145 sa—

531 5183 777 5237 cerdotio
828 5183 977 5237 exuti
1031 5183 1089 5238 in
1157 5184 1426 5239 laicorum
1477 5184 1596 5239 loco
1676 5187 2103 5242 constituuntur.

527 5275 708 5330 Laicis
742 5291 874 5330 vero
915 5277 1156 5330 seductis
1189 5286 1284 5331 aut
1328 5279 1436 5332 vim
1471 5277 1644 5345 passis
1704 5278 1860 5332 venia
1901 5279 2107 5334 indulta

525 5378 631 5432 est,
665 5378 953 5437 postquam
989 5370 1253 5436 canonice
1281 5371 1514 5425 correcti
1550 5371 1773 5433 fuenint,
1808 5380 1862 5426 et
1892 5373 2107 5427 haereti-

524 5475 718 5514 corum
750 5461 1042 5530 opiniones
1070 5473 1258 5532 aperte
1289 5463 1902 5539 auathematizaverint,
1931 5476 1985 5520 et
2046 5468 2109 5520 lt-

523 5546 649 5600 dem
684 5548 1049 5604 orthodoxam
1074 5550 1267 5607 Nicma:
1289 5553 1665 5608 conﬁrmatam
1724 5571 1783 5608 se
1812 5556 1866 5609 in
1893 5557 2105 5611 honore

524 5637 815 5695 habituros
874 5641 1107 5711 polliciti
1146 5643 1374 5699 fuerint.
1417 5643 1587 5709 Hanc,
1643 5645 1844 5716 inquit,
1884 5659 2108 5704 senten-

521 5732 652 5786 tiam
689 5748 799 5787 non
828 5734 947 5804 ipse
975 5736 1343 5802 solummodo,
1383 5738 1481 5792 sed
1508 5749 1564 5792 et
1599 5739 1775 5793 sancti
1801 5739 1989 5795 Patres
2047 5743 2104 5798 in

520 5839 639 5895 syn.
667 5827 980 5898 ubicunque
1008 5832 1316 5903 congregati
1352 5831 1579 5903 professi
1609 5844 1755 5887 sunt.

2219 3250 2288 3320 τῇ
2319 3245 2548 3320 ἀσεϐείᾳ
2579 3251 2608 3303 ὁ
2653 3249 2838 3302 κανὼν
2859 3242 3016 3315 οὗτος
3045 3250 3325 3318 διέξεισιν,
3364 3253 3528 3325 οἵπερ
3561 3254 3675 3325 ἄρα
3705 3257 3804 3310 καὶ

2219 3325 2579 3412 διῶκταιτῆς
2611 3339 2952 3416 Ἐκκλησίας
2983 3347 3294 3414 πεφήνασιν
3340 3345 3584 3418 ἀτεχνῶς
3607 3362 3628 3408 ο,
3657 3347 3802 3400 ἐκεῖ·

2219 3454 2300 3490 νοι
2331 3439 2465 3508 γὰρ,
2502 3437 2557 3490 εί
2583 3453 2646 3505 γε
2679 3436 2780 3492 καὶ
2807 3437 3026 3507 ἀληθῶς
3062 3440 3405 3508 μεταγνοῐεν,
3440 3440 3536 3493 καὶ
3573 3439 3802 3511 βαρυτέ-

2223 3546 2354 3600 ρων,
2387 3529 2438 3582 cl
2484 3521 2600 3582 οἷόν
2655 3545 2739 3591 τε,
2782 3529 3222 3601 πειραθήσονται
3254 3531 3362 3585 τῶν
3415 3531 3795 3604 ὲπιτιμίων,ἢ

2219 3620 2398 3692 οίπρδ
2439 3619 2631 3674 τούτου
2680 3618 2944 3692 ῥηθέντες
2988 3621 3156 3692 ἄμφω
3206 3622 3500 3682 δικαιοῦσι.
3548 3625 3794 3688 κανόνες.

2218 3715 2295 3770 Οὐ
2324 3715 2390 3787 δὴ
2421 3715 2647 3781 τούτους
2672 3717 3015 3788 cunmm
3039 3719 3166 3783 τοὺς
3187 3718 3266 3772 ἐτι
3297 3719 3398 3789 μὲν
3421 3720 3492 3773 τά
3511 3719 3620 3775 τῶν
3644 3721 3799 3792 ὀρθο-

2217 3805 2386 3871 aitng
2411 3807 2768 3877 φρονοῦντας,
2795 3806 2908 3862 δέει
2935 3824 3001 3877 γε
3032 3809 3142 3881 μὴν
3169 3809 3278 3865 τῶν
3304 3809 3554 3881 βασάνων
3589 3811 3660 3865 τὰ
3686 3809 3796 3865 τῶν

2219 3899 2435 3953 ἀσεϐῶν
2472 3901 2810 3972 ὑπέρχεσθαι
2853 3901 3300 3975 σκηπτομένους.

2264 4029 2266 4031 ›
2298 3992 2357 4048 Ὀ
2381 3992 2438 4046 δὲ
2477 3995 2652 4064 μένας
2683 3994 3006 4060 Ἀθανάσιος
3056 3999 3116 4052 ἐν
3143 4001 3212 4069 τῇ
3240 3999 3379 4069 πρὸς
3413 3997 3793 4070 Ῥουφινιανδν

2216 4086 2497 4157 ἑπιστολῇ,
2528 4087 2652 4141 Τῶν
2680 4089 3162 4161 κεκοινωνηκότων
3184 4094 3300 4155 τοῐς
3321 4090 3390 4144 τά
3415 4092 3630 4163 ’Δρείου
3662 4110 3793 4163 φρο-

2215 4178 2402 4232 νοῦσιν
2435 4179 2776 4251 ἱερωμένων,
2803 4182 2959 4252 φησὶ,
2991 4185 3039 4238 οί
3069 4184 3168 4257 μὲν
3223 4184 3317 4255 βίᾳ
3343 4185 3792 4257 καθυπαχθέντες

2215 4273 2522 4336 καπνικῶς
2553 4274 2655 4344 μὲν
2703 4275 3044 4343 εὐθύνονται,
3085 4275 3184 4332 τοῦ
3215 4278 3385 4335 τόπου
3443 4279 3502 4334 δὲ
3526 4274 3600 4353 ἧς
3634 4281 3783 4352 μετέ·

2214 4365 2378 4437 λαχον
2407 4365 2617 4431 τάξεως
2645 4369 2748 4422 οὐκ
2779 4369 3167 4437 ἐπιϐάλλονται,
3206 4373 3302 4426 καὶ
3349 4373 3589 4444 μάλιστα
3623 4378 3675 4430 εί
3701 4377 3792 4430 τὸν

2214 4461 2476 4531 λογισμὸν
2529 4460 2734 4530 ἥκιστα
2781 4457 2930 4535 εἶχον
2962 4465 3216 4529 ’ὶκείνοις
3276 4467 3669 4538 συμϐαίνοντα,
3718 4469 3792 4532 ὥς

2219 4567 2376 4620 φασι,
2403 4551 2477 4605 δι’
2507 4553 2827 4625 οίκονομίαν
2854 4553 2911 4606 δὲ
2947 4555 3411 4626 κεκοινωνηκέναι
3456 4560 3792 4630 προσεποιή-

2218 4656 2401 4705 σαντο,
2441 4640 2552 4694 δέει
2575 4638 2671 4696 τοῦ
2698 4643 2774 4715 μὴ
2795 4643 3076 4714 φθαρῆναι
3107 4645 3206 4711 τάς
3235 4646 3538 4718 ἐκκλησίας
3567 4652 3654 4722 -τῇ
3681 4651 3789 4705 τῶν

2213 4735 2499 4789 δυσσεϐὦν
2525 4721 2936 4812 ἀντεισαγωγῇ,
2965 4739 3149 4806 αὐτῶν
3183 4740 3496 4811 ὑπερορίων
3525 4721 3665 4813 μετά
3690 4745 3790 4816 τῆς

2213 4826 2496 4883 εὐσεϐείας
2528 4829 2946 4898 γεγενημένων.
2981 4831 3045 4884 Οἱ
3074 4831 3131 4884 δὲ
3161 4833 3298 4902 πρὸς
3340 4833 3422 4904 τῷ
3457 4851 3789 4907 κεκοινωνη-

2213 4907 2370 4971 κέναι
2401 4920 2497 4971 καὶ
2525 4922 2624 4989 τῆς
2656 4920 2914 4985 ἀσεϐείας
2933 4923 3496 4996 ύπεραγωνιζόμενοι,
3519 4928 3618 4981 καὶ
3657 4947 3786 4984 συν-

2211 5013 2543 5080 ηγοροῦντες
2591 5015 2673 5076 είς
2707 5015 2962 5087 δύναμιν,
2999 5019 3061 5072 οὐ
3125 5022 3239 5083 τοῖς
3278 5022 3585 5093 ἐπιτιμίοις
3622 5043 3788 5097 μεταο

2214 5105 2504 5174 μελόμενοι
2540 5110 3071 5175 καθυποϐἁλλονται,
3110 5113 3248 5166 ἀλλά
3286 5117 3659 5187 γυμνούμενοι
3689 5120 3786 5188 τῆς

2212 5198 2537 5268 ἱερωσύνης,
2566 5201 2621 5252 ἐν
2653 5203 2722 5272 τῇ
2751 5201 2863 5255 τῶν
2887 5203 3094 5258 λαῖκῶν
3123 5207 3413 5262 τάττονται
3457 5209 3634 5283 χώρᾳ.
3661 5213 3785 5277 Τοῖς

2209 5287 2267 5338 δὲ
2297 5288 2685 5360 ἀπατηθεῖσιν,
2720 5292 2752 5361 ἥ
2786 5292 2907 5362 βίαν
2940 5294 3174 5349 παθοῦσι
3215 5296 3449 5364 λαῖκοῖς,
3484 5303 3781 5376 συγγνώμη

2209 5381 2437 5448 δίδοται,
2493 5386 2798 5450 κανονικῶς
2856 5383 3125 5459 πρότερον
3181 5393 3642 5462 επιτιμωμένοις,
3692 5401 3784 5451 καὶ

2216 5478 2464 5545 φανερῶς
2496 5479 2932 5549 ἀναθεματίσασι
2959 5483 3026 5534 τὰ
3055 5483 3165 5536 τῶν
3209 5485 3526 5555 αἱρετικῶν,
3563 5491 3660 5543 καὶ
3686 5491 3783 5558 τὴν

2210 5570 2268 5619 εν
2301 5569 2507 5640 Νικαίᾳ
2539 5571 2821 5640 ὀρθόδοξον
2865 5575 3046 5631 πίστιν
3096 5577 3424 5647 πρεσϐεύειν
3494 5580 3786 5653 ὑπισχνου-

2213 5665 2419 5731 μένοις.
2461 5664 2681 5736 Ταύτην
2711 5669 2812 5720 οὑκ
2862 5671 2994 5738 ἐγὼ,
3042 5671 3195 5740 φησι,
3234 5672 3397 5740 μόνος
3445 5675 3543 5747 τὴν
3581 5676 3781 5748 ψῆφον,

2210 5757 2327 5809 ἀλλ’
2370 5759 2418 5809 οἱ
2451 5759 2541 5809 καὶ
2575 5761 2654 5819 εἰς
2691 5764 2944 5826 συνόδους
2979 5763 3212 5828 τοπικὰς
3245 5765 3625 5838 ἀθροισθέντες
3651 5771 3780 5825 θεῖοι

2214 5849 2455 5918 Ιίατέρες
2486 5849 2813 5922 ἐξήνεγκαν.
