4038 6296
532 322 668 387 1027

1720 316 2090 380 ΜΑΤΤΗᾸΞΙ
2130 315 2554 377 BLASTARIS

3658 312 3787 378 1028

527 435 715 490 haberi
754 433 930 504 jubet,
969 433 1063 489 Dei
1130 432 1523 490 misericordiae
1567 433 1808 489 conﬁsos
1859 442 1913 488 et
1961 431 2107 484 inni-

2214 432 2453 496 κελεύει,
2495 437 2564 504 τῇ
2617 433 2710 487 τοῦ
2743 433 2879 489 Θεοῦ
2925 423 3345 505 τεθαρρηκότας
3376 431 3470 487 καὶ
3504 446 3792 484 πεπιστευ-

526 537 726 584 tentes.

599 621 827 694 Magnus
861 632 1047 676 autem
1080 619 1374 692 Gregorius
1400 619 1678 692 Nyssenus
1700 619 1759 673 in
1791 618 1972 691 primo
2015 631 2106 670 ca-

524 727 703 766 none:
751 712 850 778 Qui
905 713 1231 778 voluntarie,
1268 711 1466 780 inquit,
1527 710 1686 765 ﬁdem
1723 711 1776 763 in
1815 709 2103 763 Dominum

524 806 987 863 nostrumlesum
1033 804 1311 861 Christum
1366 804 1669 876 negaverit,
1727 813 1784 859 et
1819 801 2104 858 Judaismo

523 904 610 958 vel
667 900 990 956 idololatria:
1036 901 1124 955 vel
1187 899 1616 963 Manichaeismo,
1670 898 1757 953 vel
1816 897 1977 952 alicui
2013 895 2105 951 alii

510 992 826 1066 impietatis
867 993 1058 1066 generi
1109 1007 1342 1063 quarum
1401 1007 1634 1061 magnus
1673 1000 1759 1045 est
1813 1005 2100 1053 numerus,

524 1101 646 1141 sese
690 1085 1026 1154 adiunxerit,
1089 1083 1289 1139 deinde
1346 1083 1587 1152 seipsum
1632 1078 2102 1143 condemnaverit,

523 1194 639 1236 toto
671 1182 795 1235 vitae
839 1197 952 1235 suae
1002 1189 1248 1248 tempore
1327 1176 1709 1248 paenitentiam
1767 1173 1900 1245 agit.
1949 1172 2105 1228 Nun-

522 1291 685 1346 quam
716 1275 859 1330 enim
885 1268 934 1330 ei
957 1273 1311 1337 concedetur,
1344 1271 1566 1342 quando
1623 1269 1851 1342 mystica
1895 1267 2105 1338 peragi-

525 1381 616 1426 tur
637 1372 832 1436 oratio,
867 1369 1036 1423 Dcum
1068 1385 1173 1424 una
1207 1383 1330 1421 cum
1388 1364 1639 1422 ﬁdelibus
1695 1363 1962 1426 adorare;
2008 1361 2101 1415 sed

523 1471 582 1519 et
601 1465 830 1518 seorsim
887 1459 1228 1532 precabitur,
1264 1467 1319 1514 et
1357 1474 1386 1512 a
1445 1464 1916 1512 sacramentorum
1950 1468 2104 1510 com-

522 1534 785 1610 munione
815 1554 1040 1608 omnino
1067 1552 1175 1606 erit
1227 1550 1478 1613 alienus;
1539 1557 1718 1603 morte
1771 1554 1955 1600 autem
2015 1544 2104 1598 in-

524 1663 702 1708 stante
751 1665 1030 1706 sacrorqu
1084 1662 1377 1703 munerum
1435 1644 1713 1715 particeps
1767 1641 1893 1697 erit.
1957 1639 2022 1694 At
2058 1637 2101 1691 si

523 1742 819 1814 contigerit
855 1755 978 1796 eum
1016 1748 1213 1810 praeter
1239 1752 1392 1808 spem
1442 1733 1848 1798 convalescere,
1908 1728 2099 1785 iisdem

526 1838 705 1906 pmnis
737 1853 836 1905 per
882 1835 1148 1905 integram
1204 1831 1367 1886 vitam
1415 1842 1610 1885 rursus
1665 1826 1770 1882 erit
1811 1823 2108 1890 obnoxius,
2139 1805 2182 1860 Β

525 1935 994 1982 sacramentorum
1024 1925 1092 1979 ad
1127 1925 1337 1978 exitum
1359 1936 1531 1992 usque
1563 1933 1783 1990 expers.

524 2130 583 2202 6
619 2128 692 2183 De
718 2129 781 2182 iis
811 2131 901 2200 qui
929 2140 1206 2198 postquam
1237 2125 1395 2194 ﬁdem
1422 2123 1752 2195 negaverint,
1779 2120 1917 2175 alios
1949 2123 2109 2174 etiam

755 2221 757 2224 ⁴
1111 2207 1524 2267 persequuntur.

594 2291 754 2358 Quod
775 2291 821 2344 si
854 2291 1061 2360 aliqui,
1115 2287 1296 2358 inquit
1324 2285 1357 2341 9
1403 2287 1706 2356 Ancyrame
1743 2297 1943 2348 canon,
1981 2296 2109 2336 cru-

526 2369 768 2441 eiatuum
829 2385 1097 2456 gravitate
1147 2382 1284 2437 adeo
1337 2379 1576 2451 perculsi
1608 2377 1839 2442 fuerint,
1889 2386 1949 2431 ut
1996 2391 2110 2432 non

526 2479 704 2535 solum
733 2494 766 2534 a
798 2477 901 2533 ﬁde
926 2477 1256 2540 desciscant,
1287 2475 1384 2529 sed
1414 2484 1471 2529 et
1499 2473 1556 2527 in
1613 2487 1709 2528 eos
1737 2472 1938 2542 quibus
1974 2469 2111 2525 ﬁdes

526 2587 674 2629 curae
698 2581 800 2637 est,
831 2572 1140 2643 insurgant,
1198 2583 1407 2639 eosque
1434 2568 1504 2623 ad
1535 2565 1875 2623 dtemonibus
1905 2561 2113 2619 sacriﬁ-

526 2667 762 2722 candum
796 2665 1047 2731 incitent,
1079 2673 1135 2719 et
1172 2661 1539 2726 Christianos,
1571 2657 1666 2731 qui
1722 2657 1900 2731 ignoti
1953 2663 2112 2712 erant

523 2760 613 2815 vel
640 2758 969 2824 absconditi,
1001 2759 1058 2813 in
1088 2755 1592 2820 mediumtrahant,
1616 2751 1890 2824 perfectus
1916 2751 2109 2806 decem

525 2869 804 2917 annorum.
839 2865 1103 2906 numerus
1135 2850 1202 2904 iis
1241 2843 1619 2921 paenitentiam
1648 2846 1932 2919 agentibus
1980 2859 2110 2915 per-

527 2949 728 3002 fectam
787 2945 1169 2999 remissionem
1217 2941 1532 2998 emetietur.
1566 2935 1685 2994 Neu
1726 2936 1871 2998 enim
1930 2951 2109 2992 canon

529 3043 618 3097 ltic
681 3037 752 3095 de
811 3038 972 3093 ﬁdem
1017 3051 1244 3108 prorsus
1304 3033 1632 3104 negantibus
1662 3071 1677 3096 ,
1722 3021 1778 3093 et
1829 3028 2111 3103 religionis

2213 528 2380 591 κότας
2411 529 2602 595 φιλανθ
2612 530 2816 601 ρωπίᾳ.

2299 620 2357 673 Ὀ
2388 621 2445 674 δὲ
2484 619 2710 692 Νύσσης
2752 622 2930 692 μέγας
2968 620 3276 693 Γρηγόριος
3303 623 3360 675 ὲν
3386 619 3465 690 τῷ
3497 625 3548 675 α’
3582 619 3787 687 κανόνι,

2182 729 2184 731 ’
2225 714 2285 765 '0
2325 715 2614 777 ἑκουσίως,
2654 717 2811 786 φησι,
2857 715 2956 786 τὴν
2984 717 3068 780 είς
3118 715 3209 770 τὸν
3253 713 3460 786 Κύριον
3499 712 3656 783 ἡμῶν
3689 713 3793 782 Ἰη-

2216 803 2347 858 σοῦν
2376 807 2610 876 Χριστὸν
2643 807 3030 876 ἀρνησάμενος
3067 806 3272 871 πίστιν,
3321 805 3414 860 καὶ
3443 803 3787 874 Ἰουδαϊσμῷ,

2211 899 2246 970 ἢ
2281 898 2726 973 εἰδωλολατρεία,
2764 901 2795 971 ἢ
2839 899 3237 972 Μανιχαῖσμῷ,
3278 901 3312 971 ἢ
3360 899 3509 968 ἄλλῳ
3544 898 3655 952 τινὶ
3684 899 3794 950 τῶν

2210 993 2312 1064 τῆς
2341 993 2532 1059 ἀθετας
2561 994 2721 1050 εἰδῶν
2758 995 2930 1048 όντων
2955 994 3223 1049 πλειόνων
3247 993 3646 1066 προσθέμενος,
3674 988 3797 1046 εἶτα

2211 1089 2520 1154 καταγνοὺς
2593 1088 2832 1155 ἑαυτοῦ,
2892 1089 3192 1158 μετάνοιαν
3247 1089 3643 1158 εἰσπράττεται
3715 1084 3794 1157 τῷ

2212 1181 2391 1249 Χρόνῳ
2415 1179 2517 1249 τῆς
2556 1180 2706 1250 ζωῆς
2747 1179 2916 1235 αὐτοῦ
2965 1183 3582 1253 συμπαρατεινομένην.
3625 1180 3796 1236 Οὐδέ-

2213 1291 2346 1327 ποτε
2375 1274 2485 1344 γὰρ
2538 1274 2636 1343 τῆς
2691 1277 2963 1344 μυστικῆς
2994 1275 3162 1347 εὐχῆς
3194 1274 3627 1345 ἐπιτελουμένης
3658 1272 3794 1328 σύν-

2212 1384 2334 1436 αμα
2387 1370 2500 1430 τοῖς
2529 1370 2744 1432 πιστοῖς
2775 1368 2866 1421 τδν
2893 1367 3029 1421 Θεδν
3061 1370 3390 1440 προσκυνεῖν
3417 1367 3594 1438 τούτῳ
3637 1368 3794 1436 ἐφεῖ-

2211 1477 2328 1523 ται,
2374 1459 2515 1513 ἀλλὰ
2564 1462 2662 1514 καὶ
2704 1462 2849 1514 κατὰ
2892 1462 3062 1530 μόνας
3113 1461 3498 1533 προσεύξεται,
3552 1460 3649 1514 καὶ
3695 1455 3796 1532 τῆς

2213 1555 2502 1618 κοινωνίας
2522 1554 2635 1609 τῶν
2662 1554 3025 1626 ἀγισσμάτων
3046 1553 3283 1610 καθόλου
3315 1555 3594 1624 ἀλλότριος
3616 1554 3794 1608 ἔσται’

2213 1645 2310 1698 τοῦ
2342 1646 2401 1699 δὲ
2430 1647 2667 1702 θανάτου
2696 1647 3096 1718 ἐφισταμένου,
3118 1647 3220 1718 τῆς
3243 1647 3464 1720 μερίδος
3489 1647 3602 1702 τῶν
3631 1647 3798 1701 θείων

2217 1736 2592 1808 μεταλήψεται
2625 1737 2834 1808 δώρων.
2869 1737 3004 1809 Ετγε
3030 1739 3139 1812 μὴν
3167 1739 3412 1812 συμϐαίη
3441 1739 3574 1812 παρ’
3601 1738 3800 1794 ἐλπίδα

2211 1830 2402 1885 τοῦτον
2461 1831 2774 1899 ἐπιϐιῶναι,
2823 1833 2936 1888 τῶν
2975 1833 3179 1889 αὐτῶν
3207 1832 3458 1899 είσαῦθις
3503 1834 3800 1906 ἐπιτιμίων

2213 1923 2468 1985 ὑπόδικος
2514 1925 2700 1980 ἔσεται
2745 1925 2835 1980 διὰ
2864 1927 3005 1997 βίου,
3038 1926 3151 1982 τῶν
3196 1926 3563 1998 άγιασμάτων
3599 1929 3800 1999 μέχρις

2212 2016 2385 2088 αὐτῆς
2417 2017 2738 2090 εἰργόμενος
2763 2019 2866 2090 τῆς
2891 2019 3096 2086 ἐξόδου.

2317 2132 2460 2203 Περὶ
2502 2133 2622 2188 τῶν
2649 2136 2805 2203 μετὰ
2833 2136 2964 2211 τὴν·
2993 2137 3263 2211 ᾆρνησιν
3303 2141 3406 2198 καί
3450 2139 3698 2211 ἐτέρους

2820 2207 3191 2274 διωξάντων.

2288 2299 2347 2352 Εἰ
2383 2298 2438 2352 δέ
2475 2317 2643 2366 τινες,
2671 2305 2700 2356 ὁ
2729 2303 2952 2366 ἔννατος
2999 2302 3102 2375 τῆς
3137 2303 3196 2359 ιν
3227 2305 3480 2378 ’Δγκύρᾳ
3526 2309 3665 2377 φησι
3693 2324 3804 2362 κα-

2213 2390 2342 2458 νὼν,
2365 2391 2620 2447 τοσοῦτον
2645 2394 3082 2467 κατεπλάγησαν
3107 2398 3169 2451 τὸ
3194 2397 3336 2471 βαρὺ
3359 2399 3469 2453 τῶν
3492 2399 3800 2466 κολάσεων,

2211 2485 2289 2547 ὡς
2321 2483 2398 2554 μὴ
2428 2485 2512 2538 ὅτι
2540 2486 2640 2556 τῆς
2658 2487 2896 2551 πίστεως
2917 2489 3251 2562 ἀποστῆναι,
3281 2490 3422 2547 ἀλλὰ
3453 2491 3552 2548 καὶ
3585 2493 3798 2558 κατεξ-

2215 2576 2526 2647 αναστῆναι
2581 2571 2662 2642 οἷς
2697 2579 2937 2656 ἐμέλησε
2965 2582 3075 2636 τῶν
3099 2583 3199 2654 τῆς
3231 2583 3498 2656 πίστεως,
3534 2586 3680 2641 ὥστε
3706 2588 3804 2641 καὶ

2214 2667 2365 2736 θύειν
2406 2671 2748 2742 προτρέπειν
2797 2673 3076 2744 δαίμοσιν,
3115 2676 3149 2747 ἢ
3199 2675 3606 2750 ἀγνοουμένους
3645 2679 3802 2734 ἔστιν

2211 2753 2309 2826 οὓς
2367 2765 2749 2836 καταμηνύειν
2784 2760 2875 2822 οἷα
2918 2767 3307 2840 Χριστιανοὺς,
3335 2772 3370 2843 ἢ
3418 2772 3514 2828 καὶ
3551 2791 3804 2847 κρυπτοο

2216 2859 2416 2926 μένους
2462 2858 2542 2922 είς
2577 2859 2745 2928 μέσον
2783 2859 2989 2925 ἕλκειν,
3040 2861 3069 2914 ό
3103 2863 3204 2931 τῆς
3249 2861 3538 2931 δεκαετίας
3586 2866 3802 2931 τέλειος

2213 2949 2454 3022 ἀριθμός
2483 2952 2546 3005 τὸ
2573 2953 2791 3008 τέλειον
2814 2951 2917 3022 τῆς
2955 2954 3208 3024 ἀφέσεως
3231 2943 3447 3023 τούτοις
3490 2960 3802 3032 μεταμελο-

2216 3044 2401 3115 μένοις
2433 3046 2821 3127 ἐπιμετρήσει.
2852 3046 2926 3100 Οὐ
2960 3045 3071 3119 γὰρ
3105 3047 3280 3119 δήπου
3303 3049 3443 3122 ,περὶ
3485 3051 3598 3105 τῶν
3627 3052 3799 3122 ἑξάρ-

526 3132 778 3190 hostibus
823 3131 1064 3195 disserit,
1103 3130 1196 3201 qui
1245 3128 1508 3183 Ecclesice
1558 3135 1940 3196 persecutores
1986 3137 2107 3177 sese

2213 3154 2319 3203 νων
2353 3137 2529 3210 πάντη
2555 3140 2964 3209 γεγενημένων,
2987 3141 3086 3194 καὶ
3115 3143 3449 3208 ἀπεναντίας
3481 3145 3802 3216 ἱσταμένων

527 3234 717 3298 aperte
767 3224 1172 3288 exbibucrunt;
1233 3221 1290 3275 hi
1335 3221 1481 3275 enim
1539 3218 1665 3274 licet
1727 3215 2109 3286 paenitentiam

523 3329 710 3391 agant,
737 3318 1079 3389 gravioribus
1127 3317 1311 3387 pomis
1332 3330 1495 3386 quam
1522 3314 1588 3369 iis
1617 3328 1752 3384 quas
1803 3312 1914 3368 duo
1972 3326 2110 3382 prae-

523 3413 656 3469 dicti
683 3427 924 3468 canones
947 3411 1274 3474 decernunt,
1307 3409 1350 3462 si
1409 3407 1523 3463 ﬁeri
1581 3414 1777 3478 potest,
1810 3405 2106 3474 subjicien-

523 3515 632 3561 tur.
663 3503 783 3559 Non
828 3504 1013 3574 itaque
1049 3503 1147 3558 hos
1185 3502 1457 3572 intelligit,
1524 3500 1621 3555 sed
1652 3514 1748 3554 eos
1777 3498 1867 3569 qui
1927 3495 2108 3552 adhuc

524 3597 832 3652 orthodoxe
896 3596 1189 3661 sentiunt,
1238 3606 1390 3649 metu
1445 3603 1626 3648 autem
1684 3599 2104 3655 tormentorum,

524 3707 584 3748 se
615 3692 906 3762 impiorum
940 3691 1210 3762 dogmatis
1236 3691 1494 3746 assentiri
1541 3688 1826 3745 simulant.

596 3961 824 4035 Magnus
877 3972 1062 4017 autem
1094 3964 1540 4032 Athanasius,'in
1575 3965 1807 4036 epistola
1838 3964 1907 4019 ad
1935 3963 2108 4019 Rulli-

522 4061 751 4113 niauum
777 4097 789 4118 .
829 4057 901 4111 Ex
932 4057 1334 4122 sacerdotibus,
1363 4057 1559 4127 inquit,
1584 4057 1678 4128 qui
1734 4072 1859 4113 cum
1887 4057 2106 4113 Arianis

521 4151 1020 4212 communicarunt,
1059 4150 1096 4203 ii
1128 4149 1346 4218 quidem
1409 4150 1503 4220 qui
1538 4149 1592 4205 vi
1645 4150 1900 4207 subducti
1952 4163 2101 4218 sunt,

520 4243 788 4298 canonice
817 4241 1189 4313 corriguntur,
1217 4257 1248 4297 e
1277 4241 1401 4297 loco
1431 4254 1614 4298 autem
1664 4244 1879 4300 ordinis
1938 4259 2102 4314 quem

521 4335 701 4390 sortiti
729 4343 882 4394 sunt.
913 4349 1027 4388 non
1058 4333 1392 4403 ejiciuntur;
1426 4335 1701 4405 praecipue
1729 4337 1778 4391 si
1811 4337 2102 4405 rationem,

520 4428 601 4482 uti
639 4428 916 4489 dixerunt,
980 4443 1106 4482 cum
1137 4427 1207 4481 iis
1242 4428 1469 4480 minime
1497 4413 1934 4483 consentientem
1998 4431 2102 4485 lia-

520 4520 767 4581 buerint,
803 4526 858 4572 et
889 4534 949 4572 se
978 4517 1238 4588 prudenti
1269 4518 1495 4572 consilio
1525 4534 1648 4573 cum
1671 4519 1741 4574 iis
1787 4495 2180 4577 communi-D

519 4627 674 4667 casse
700 4611 1104 4677 sitnulavcrint,
1142 4621 1449 4667 metuentes
1502 4628 1571 4666 ne
1621 4613 1754 4681 ipsis
1810 4630 1916 4669 una
1974 4631 2097 4670 cum

521 4704 789 4774 religione
827 4701 1089 4773 expulsis,
1148 4702 1406 4758 Ecclesia:
1435 4720 1531 4773 per
1584 4705 1876 4774 impiorum
1925 4706 2101 4760 intro-

523 4797 838 4852 ductionem
869 4807 1380 4864 corrumperentur.
1410 4797 1513 4863 Qui
1549 4807 1731 4852 autem
1765 4815 1877 4853 non
1923 4802 2100 4854 solum

522 4891 1019 4951 communiearunt,
1047 4888 1142 4943 sed
1168 4899 1223 4942 ct
1253 4905 1351 4958 pro
1380 4889 1589 4944 viribus
1637 4890 1751 4945 suis
1804 4893 2100 4959 impietatis

523 4990 966 5052 pmpugnatores
994 4989 1050 5034 et
1080 4981 1293 5050 patroni
1347 4979 1588 5045 fuerunt,
1621 4981 1666 5034 si
1719 4983 2100 5050 pmnitentiam

527 5084 710 5144 agant,
744 5088 854 5126 non
892 5073 1074 5142 poenis
1104 5073 1384 5142 praedictis
1439 5073 1825 5143 subjiciuntur,
1856 5076 1952 5128 sed
2010 5091 2100 5130 sa-

524 5170 769 5222 cerdutio
819 5168 969 5222 exuti
1023 5169 1081 5222 in
1150 5169 1419 5224 laicorum
1470 5169 1588 5223 loco
1668 5171 2096 5227 consumuntur.

520 5261 700 5315 Laicis
734 5277 866 5316 vero
906 5261 1149 5315 seductis
1182 5270 1277 5316 aut
1321 5263 1428 5316 vim
1464 5261 1637 5330 passis
1697 5262 1852 5316 venia
1893 5263 2099 5318 indulta

517 5362 624 5418 est,
658 5362 945 5423 postquam
981 5354 1246 5422 canonice
1273 5355 1506 5410 correcti
1543 5356 1766 5417 fuerint,
1801 5365 1855 5410 ct
1884 5357 2101 5411 haereti-

517 5461 710 5499 corum
743 5447 1035 5515 opiniones
1063 5458 1250 5517 aperte
1282 5447 1895 5524 auathematizaverint,
1923 5461 1978 5504 et
2039 5452 2102 5504 li-

517 5531 642 5585 dem
677 5533 1041 5589 orthodoxam
1066 5535 1260 5591 Nicma:
1282 5537 1658 5593 conﬁrmatam
1716 5555 1776 5592 se
1804 5539 1859 5593 in
1886 5541 2098 5596 honore

517 5623 808 5681 habituros
867 5626 1100 5696 polliciti
1139 5627 1367 5684 fuerint.
1409 5627 1579 5695 Hanc,
1636 5630 1837 5700 inquit,
1877 5643 2101 5688 senten-

513 5717 644 5771 tiam
681 5734 791 5772 non
819 5719 940 5789 ipse
968 5721 1336 5787 solummodo,
1376 5723 1473 5777 sed
1500 5733 1556 5777 et
1591 5724 1768 5777 sancti
1792 5723 1982 5780 Patres
2040 5727 2097 5782 in

513 5825 631 5881 syn.
659 5812 972 5884 ubicunque
1000 5817 1309 5888 congregati
1345 5815 1572 5888 professi
1602 5827 1748 5872 sunt.

2210 3235 2279 3304 τῇ
2311 3229 2539 3304 ἀσεόεεᾳ
2569 3235 2598 3287 ὁ
2644 3231 2830 3286 κανὼν
2849 3226 3007 3298 οὗτος
3035 3233 3316 3302 διέξεισιν,
3355 3236 3520 3308 οἵπερ
3552 3237 3666 3308 ἄρα
3700 3241 3802 3293 καὶ

2211 3308 2570 3396 διῶκταιτῆς
2602 3323 2943 3399 Ἐκκλησίας
2975 3330 3285 3398 πεφήνασιν
3331 3328 3576 3401 ἀτεχνῶς
3599 3345 3619 3390 ·,
3647 3331 3800 3382 ἐκεῖ·

2211 3438 2292 3474 νοι
2323 3423 2456 3491 γὰρ,
2493 3421 2548 3474 εί
2574 3437 2637 3489 γε
2670 3420 2771 3476 καὶ
2798 3420 3018 3490 ἀληθῶς
3053 3424 3396 3492 μεταγνοίεν,
3431 3424 3528 3477 καὶ
3563 3422 3800 3494 βαρυτέ-

2214 3529 2346 3584 ρων,
2378 3513 2429 3566 εί
2475 3505 2592 3566 οἷόν
2646 3529 2730 3575 τε,
2773 3513 3213 3584 πειραθήσονται
3245 3514 3354 3568 τῶν
3407 3515 3794 3587 ὲπιτιμίων,ἢ

2210 3603 2390 3676 οῑπρδ
2430 3603 2623 3659 τούτου
2671 3602 2935 3676 ῥηθέντες
2979 3605 3148 3675 ἄμφω
3197 3605 3472 3661 δικαιοῦσι
3539 3609 3793 3672 κανόνες.

2210 3698 2286 3753 Οὔ
2315 3699 2381 3770 δὴ
2413 3698 2639 3764 τούτους
2663 3701 2854 3771 φησὶν,
2869 3701 3006 3756 ἀλλὰ
3031 3703 3158 3768 τοὺς
3179 3702 3257 3756 ἔτι
3288 3702 3389 3773 μὲν
3413 3703 3483 3757 τὰ
3502 3703 3612 3758 τῶν
3635 3704 3796 3775 ὀρθο-

2209 3789 2377 3855 δόξων
2403 3790 2759 3861 φρονοῦντας,
2786 3790 2900 3845 δέει
2927 3808 2992 3862 γε
3024 3793 3134 3864 μὴν
3161 3792 3270 3848 τῶν
3295 3792 3546 3865 βασάνων
3580 3794 3649 3849 τὰ
3677 3794 3794 3848 τῶν

2210 3882 2427 3936 ἀσεϐῶν
2464 3885 2802 3956 ὑπέρχεσθαι
2844 3885 3291 3959 σκηπτομένους.

2290 3976 2349 4032 '0
2373 3975 2429 4030 δὲ
2468 3979 2644 4048 μένας
2674 3978 2998 4044 ’Δθανάσιος
3048 3983 3109 4036 ἐν
3134 3984 3204 4053 τῇ
3231 3983 3370 4052 πρὸς
3405 3981 3789 4053 Ῥουφινιανδν

2207 4070 2489 4140 ιπιστολῇ,
2519 4071 2644 4125 Τῶν
2671 4073 3154 4144 κεκοινωνηκότων
3176 4078 3291 4138 τοῖς
3312 4075 3382 4128 τὰ
3407 4076 3622 4147 Ἀρείου
3653 4094 3789 4146 φρο-

2207 4161 2394 4216 νοῦσιν
2427 4163 2768 4234 ἱερωμένων,
2794 4166 2951 4236 φησι,
2983 4169 3032 4221 oi
3062 4168 3160 4240 μὲν
3215 4167 3309 4239 βίᾳ
3335 4169 3788 4241 καθυπαχθέντες

2207 4257 2514 4319 κανονικῶς
2545 4257 2647 4327 μὲν
2695 4258 3036 4327 εὐθύνονται,
3078 4259 3177 4316 τοῦ
3208 4262 3376 4318 τόπου
3435 4263 3494 4317 δὲ
3519 4258 3591 4336 ἦς
3627 4266 3779 4335 μετέ-

2206 4349 2370 4421 λαχον
2399 4348 2610 4415 τάξεως
2637 4353 2740 4406 οὐκ
2771 4353 3159 4420 ἑκϐάλλονται,
3198 4357 3294 4411 καὶ
3342 4357 3582 4428 μάλιστα
3616 4361 3666 4414 εί
3694 4361 3787 4414 τὸν

2206 4444 2726 4516 λογισμδνῆκιστα
2773 4441 2922 4518 εἶχον
2955 4449 3208 4512 ’δκείνοις
3268 4450 3660 4521 συμσαίνοντα,
3712 4453 3786 4516 ῶς

2210 4547 2369 4604 φασι,
2396 4535 2469 4589 δι’
2499 4537 2819 4608 οἰκονομίαν
2846 4536 2903 4589 δὲ
2940 4532 3403 4610 κεκοινωνηκέναι
3448 4543 3787 4613 προσεποιήο

2210 4641 2394 4689 σαντο,
2433 4625 2545 4680 δέει
2567 4622 2663 4680 τοῦ
2690 4627 2766 4698 μὴ
2788 4627 3069 4706 φθαρῆναι
3099 4629 3199 4694 τὰς
3227 4630 3531 4701 ἐκκλησίας
3559 4636 3646 4706 -τῇ
3673 4635 3783 4689 τῶν

2205 4719 2491 4773 δυσσεϐῶν
2517 4721 2929 4797 ἀντεισαγωγῇ,
2958 4723 3142 4777 αὐτῶν
3177 4723 3488 4794 ὑπερορίων
3518 4729 3657 4796 μετὰ
3682 4728 3785 4799 τῆς

2183 4810 2488 4883 ἐὐσεϐείας
2520 4813 2939 4882 γεγενημένων.
2974 4815 3038 4867 Οἱ
3067 4814 3124 4868 δὲ
3155 4817 3291 4886 πρὸς
3333 4817 3414 4887 τῷ
3450 4835 3783 4889 κεκοινωνη-

2205 4903 2363 4955 κέναι
2393 4905 2490 4955 καὶ
2517 4906 2617 4973 τῆς
2648 4904 2906 4969 ἀσεϐείας
2925 4906 3488 4980 ὕπεραγωνιζόμενοι,
3511 4910 3610 4964 καὶ
3649 4929 3780 4967 συνο

2203 4998 2535 5065 ηγοροῦντες
2583 5000 2664 5061 είς
2699 4999 2956 5072 δύναμιν,
2991 5003 3054 5056 οὐ
3117 5006 3232 5067 τοῖς
3271 5006 3577 5077 ἐπιτιμίοις
3615 5026 3781 5079 μετα-

2206 5090 2496 5158 μελόμενοι
2533 5094 3064 5158 καουποσάλλονται,
3103 5096 3241 5150 ἀλλὰ
3278 5101 3651 5170 γυμνούμενοι
3680 5102 3779 5170 τῆς

2205 5182 2529 5253 ἱερωσύνης,
2558 5185 2614 5236 ἐν
2645 5187 2714 5256 τῇ
2744 5185 2855 5239 τῶν
2879 5186 3088 5242 λαῖκῶν
3116 5191 3406 5245 τάττονται
3450 5192 3627 5266 χώρᾳ.
3654 5196 3777 5260 Τοῖς

2201 5271 2260 5323 δὲ.
2289 5272 2676 5345 ἀπατηθείσιν,
2713 5276 2744 5346 ἦ
2778 5276 2899 5346 βίαν
2932 5278 3168 5333 παθοῦσι
3209 5280 3441 5348 λαῖκοῖς,
3476 5286 3772 5358 συγγνώμη

2202 5365 2429 5432 δίδοται,
2486 5370 2790 5434 κανονικῶς
2849 5366 3118 5444 πρότερον
3175 5377 3634 5446 επιτιμωμένοις,
3684 5383 3775 5434 καὶ

2209 5462 2456 5529 φανερῶς
2488 5464 2924 5533 ἀναθεματίσασι
2951 5466 3018 5518 τὰ
3048 5466 3158 5520 τῶν
3203 5469 3519 5538 αἱρετικῶν,
3555 5474 3653 5527 καὶ
3678 5473 3775 5541 τὴν

2203 5554 2260 5604 έν
2294 5553 2499 5624 Nattath
2531 5555 2814 5623 όρθόδοξον
2857 5559 3039 5614 πίστιν
3089 5559 3416 5631 πρεσὸεύειν
3487 5564 3778 5636 ὑπισχνου-

2206 5649 2411 5714 μένοις.
2453 5648 2673 5721 Ταύτην
2704 5652 2804 5704 οὑκ
2853 5654 2986 5722 ἐγὼ,
3034 5654 3189 5724 φησὶ,
3228 5655 3389 5725 μόνος
3437 5658 3536 5730 τὴν
3573 5660 3773 5732 ψῆφον,

2203 5740 2320 5792 ἀλλ’
2362 5742 2410 5793 οἱ
2443 5743 2534 5793 καὶ
2568 5745 2648 5803 εἰς
2684 5748 2937 5810 συνόδους
2971 5747 3205 5812 τοπικὰς
3238 5749 3618 5822 ἁθροισθέντες
3645 5755 3773 5807 θεῖοι

2206 5833 2447 5902 Ιίατέρες
2478 5834 2806 5906 ἐξήνεγκαν.
