4038 6296
393 405 530 468 105.9

1346 409 1750 472 SYNTAGMA
1784 405 2406 470 ALPHABETICUM.
2445 433 2517 446 -
2552 411 2619 470 Α.

3523 404 3659 475 1050

384 519 463 580 είς
489 516 707 586 ἔλεγχον
749 518 850 586 μὲν
888 515 989 587 τῆς
1019 517 1320 589 Νεστορίου
1350 519 1693 586 κακοδοξίας,
1728 536 1956 590 στηριγ-

2081 520 2321 574 'utandos
2343 519 2580 576 Nestor-ii
2606 533 2824 576 errores
2842 517 3117 590 ﬁdemque
3138 515 3516 575 stabiliendam
3540 517 3629 573 edi
3642 543 3659 556 -

387 608 488 682 μδν
516 609 571 663 δὲ
597 611 697 679 τῆς
728 608 1012 680 ὂρθοδόξου
1043 610 1302 675 πίστεως,
1338 612 1610 684 κεφάλαια
1638 611 1802 681 ἕτερα
1832 626 1960 664 τοσα-

384 703 526 757 αὖτα
553 702 841 768 ἐκδέδωκε,
879 704 970 757 καὶ
993 708 1020 757 ὁ
1054 705 1208 770 ’ῐὸας
1248 706 1448 775 ὁμοίως
1494 706 1822 777 ἐπιστολήν·
1866 703 1962 757 καὶ

387 793 619 875 μεγίστη
667 797 859 864 γέγονε
915 796 1119 867 μεταξὺ
1151 797 1354 851 τούτων
1384 799 1419 869 ή
1458 797 1714 868 διαφορὰ,
1755 797 1830 858 ὡς
1863 797 1960 848 καὶ

385 885 704 958 καθαίρεσιν
730 887 886 951 αὖθις
906 889 1006 959 τὴν
1031 889 1245 962 σύνοδον
1267 891 1375 944 τῶν
1398 891 1697 961 ἀρχιερέων
1732 891 1960 944 ἐκείνων

375 979 895 1049 καταψηφίσασθαι,
951 976 1041 1036 οἷα
1091 981 1156 1052 δὴ
1196 974 1307 1046 τοῖς
1358 980 1450 1036 τοῦ
1499 982 1797 1053 Νεστορίου
1831 982 1966 1035 ὑπο-

384 1072 728 1127 πτευθέντων
760 1055 1016 1146 στοιχεῖν.
1046 1068 1202 1130 Ἐπεὶ
1228 1071 1323 1129 οὖν
1356 1071 1500 1130 οὕτω
1532 1077 1602 1130 δι’
1641 1075 1887 1145 ἀλλήλων
1907 1076 1959 1128 oi

387 1166 664 1244 ἀρχιερεῖς
689 1166 1063 1238 κεχωρήκασι,
1111 1171 1206 1224 καὶ
1233 1168 1440 1239 σχίσμα
1465 1163 1534 1238 ἦν
1582 1168 1712 1240 παρ’
1754 1167 1958 1232 αὐτοῖς,

377 1259 414 1312 ό
441 1256 698 1330 ’βασιλεῦς
739 1254 949 1323 πάντας
971 1262 1051 1324 είς
1083 1260 1183 1330 τὴν
1210 1260 1610 1333 βασιλεύουσαν
1660 1260 1965 1330 μετακαλε-

372 1347 646 1431 ’σᾶμἐνὸς,
676 1348 746 1406 τὰ
767 1349 864 1423 τῆς
886 1349 1276 1424 ’ὁμοφροσύνης
1331 1353 1425 1407 καὶ
1475 1354 1643 1424 ἄμφω
1694 1353 1760 1407 τὰ
1815 1353 1961 1424 μέρη

389 1443 745 1498 ἀσπάσασθαι
779 1441 1196 1515 ’παρεσκεύασεν
1222 1462 1237 1477 ·
1273 1448 1301 1500 ό
1354 1447 1536 1515 μέντοι
1596 1445 1964 1516 Θεοδὼρητος,

393 1534 528 1608 πρδς
549 1535 664 1606 ἔριν
692 1539 785 1590 καὶ
816 1535 881 1609 ιβ’
905 1537 1175 1607 κεφάλαια
1201 1537 1590 1608 συντεταχέναι
1621 1539 1697 1608 μὴ
1718 1538 1960 1607 ἀρνησάο

398 1645 577 1698 μενος,
605 1632 670 1700 τῇ
728 1630 968 1700 ἀποϐολῇ
1018 1629 1224 1683 τούτων
1252 1630 1348 1684 καὶ
1389 1626 1646 1698 ἁθετήσει
1680 1629 1874 1684 ἑαυτόν
1903 1645 1964 1682 τε

391 1719 494 1788 τῆς
526 1719 702 1785 αίτίας
757 1722 1134 1796 παρῃτήσατο.
1189 1723 1284 1777 καὶ
1333 1723 1436 1790 τῆς
1480 1723 1757 1793 προτέρας
1803 1721 1964 1793 ῑτυχε

389 1811 557 1881 τιμῆς
578 1816 640 1866 τε
661 1813 778 1866 καὶ
821 1810 1057 1879 τάξεως,
1087 1811 1376 1882 ἀγαπήσας
1413 1831 1474 1866 τε
1506 1817 1613 1876 τοῖς
1644 1813 1970 1884 πεπραγμέ-

390 1921 500 1985 νοις
532 1907 599 1976 τῇ
634 1905 775 1975 ’ἁγίᾳ-
809 1907 1036 1977 συνόδῳ,
1067 1909 1134 1977 τῆ
1185 1906 1504 1978 καθαιρέσει
1537 1897 1842 1977 ’Νεστορίου
1874 1905 1969 1959 καὶ

389 1987 459 2048 ὀὗ
471 2012 550 2060 τος
563 1996 980 2065 ’ἑπεψηφίσατω

911 2090 1050 2160 Περι
1097 2093 1452 2149 Κεᾱεστίου.

473 2179 534 2234 '0
555 2180 617 2236 δὲ
653 2181 950 2246 Κελέστιος
1020 2184 1269 2255 μαθητὴς
1292 2179 1360 2256 ἦν
1390 2171 1658 2254 Πελαγίου
1707 2184 1851 2249 τινος
1873 2202 1973 2256 μο-

397 2270 562 2344 ναχοῦ
583 2291 597 2307 ·
636 2271 897 2346 ὥρμηντο
925 2273 982 2330 δὲ
1013 2276 1107 2329 καὶ
1142 2276 1316 2346 ’ἄμφω
1340 2277 1439 2346 τῆς
1477 2268 1863 2348 Καρθαγένης,
1895 2280 1973 2342 ὡς

390 2369 421 2421 δ
450 2367 1082 2432 Κωνσταντινουπόλεως
1107 2368 1310 2436 Φὼτιος
1346 2371 1570 2441 ἱστορεῖ,
1605 2373 1698 2424 καὶ
1734 2358 1977 2426 καινότε⁸

384 2477 466 2531 ρα
529 2461 823 2532 ὲπεισῆγον
875 2464 943 2537 τῇ
973 2459 1278 2533 Ἐκκλησία
1298 2460 1581 2533 δόγματα.
1625 2464 1833 2534 Θνητδν
1861 2464 1973 2535 γὰρ

385 2554 703 2622 ’πλασθῆναι
726 2554 820 2608 τὸν
853 2553 1029 2625 ’Ᾱδὰμ
1045 2538 1143 2625 τὴν
1171 2537 1348 2626 ἀρχὴν
1366 2555 1704 2621 διετείνοντο,
1733 2556 1868 2610 ἀλλὰ
1897 2558 1973 2628 μὴ

396 2647 463 2699 εκ
494 2646 858 2715 παραϐάσεως
883 2644 1058 2717 τούτῳ
1082 2647 1556 2717 καταδικασθῆναι
1577 2665 1590 2679 ·
1618 2650 1690 2704 τά
1713 2667 1774 2702 τε
1823 2649 1978 2720 ἀρτί-

394 2737 730 2808 τοκαεβρέφη
767 2747 845 2809 μη
890 2739 1084 2810 χρείαν
1121 2739 1272 2810 ’ἔχειν
1327 2737 1732 2811 βαπτίσματος,
1767 2741 1830 2794 ού
1867 2741 1976 2811 γᾶρ

396 2832 718 2900 ἐφέλκονται
735 2833 831 2904 τὴν
854 2834 1193 2905 προγονικὴν
1215 2833 1276 2899 ἐξ
1295 2835 1422 2888 Ἀδὰ
1431 2853 1469 2904 μ
1493 2835 1788 2904 ἁμαρτίαν·
1811 2835 1977 2888 τόπον

396 2941 455 2978 τε
472 2923 610 2980 εἶναι
639 2927 841 2996 μεταξὺ
868 2925 964 2980 τού
985 2926 1318 2996 παραδείσου
1339 2935 1433 2981 καὶ
1448 2928 1547 2996 τῆς
1572 2926 1874 2992 κολάσεως,
1896 2928 1977 2990 είς

382 3010 456 3073 ’ὃν
480 3019 549 3072 τὰ
577 3015 651 3091 μὴ
674 3020 1011 3089 φωτισθέντα
1041 3021 1220 3091 βρέφη
1261 3020 1661 3091 μετατιθέμενα
1687 3020 1978 3094 μακαρίως

383 3109 523 3183 ζῇν.
547 3111 739 3166 Ταῦτα
769 3115 864 3184 καὶ
880 3113 1048 3183 ’ἔτερα
1079 3111 1141 3178 ἒξ
1171 3101 1530 3182 παραπλήσια
1566 3097 1780 3174 τούτοις
1806 3111 1978 3179 κεφά-

2077 621 2278 677 torum,
2323 612 2548 668 totidem
2591 611 2693 666 alia
2737 609 2915 681 capita
2960 610 3084 668 luce
3126 609 3379 676 donavit;
3423 609 3557 678 quin
3601 615 3661 676 et

2073 702 2195 759 lbas
2229 705 2392 759 etiam
2427 704 2710 775 epistolam
2748 703 3111 774 conscripsit;
3145 703 3348 775 diuque
3381 698 3657 756 discordi-

2075 789 2176 851 bus
2215 795 2415 852 animis
2449 797 2708 866 utrinque
2742 803 3010 851 certatum
3035 835 3051 859 ,
3084 795 3259 850 donec
3290 810 3321 849 a
3357 795 3565 865 synodo
3603 795 3655 850 in
3715 842 3719 846 .

2074 905 2170 943 eos
2201 889 2476 943 antistites
2495 928 2510 953 ,
2543 897 2732 958 utpote
2761 886 3070 943 Nestoriani
3101 884 3307 942 erroris
3336 887 3530 941 merito
3561 903 3658 942 su-

2075 993 2310 1053 spectos.
2336 981 2676 1053 depositione
2697 981 3160 1036 animadversum.
3187 979 3456 1048 Quoniam
3480 990 3661 1034 autem

2074 1075 2346 1130 antistites
2376 1089 2435 1130 se
2468 1075 2700 1128 invicem
2735 1074 2804 1128 ita
2836 1071 3012 1127 adorti
3045 1081 3238 1126 essent
3259 1111 3275 1137 ,
3315 1080 3369 1126 et
3400 1071 3543 1126 inter
3569 1085 3665 1130 eos

2077 1159 2316 1224 schisma
2339 1167 2544 1222 factum
2564 1175 2733 1233 esset,
2759 1164 3357 1236 imperator,omnibu_s
3410 1164 3476 1218 ad
3525 1166 3665 1233 regi-

2083 1276 2209 1314 nam
2262 1261 2479 1315 urbium
2522 1259 2858 1323 convocatis,
2898 1268 2958 1312 ut
2993 1265 3227 1327 utraque
3264 1272 3394 1322 pars
3434 1271 3670 1312 consen-

2086 1353 2354 1414 tirent.et
2387 1367 2507 1408 sese
2541 1340 3250 1422 amplecterentur,eﬂecit.
3285 1334 3669 1404 Tlreodoretus

2084 1463 2248 1519 porro
2279 1461 2337 1501 se
2359 1445 2730 1501 contentionis
2753 1443 2936 1500 studio
2960 1441 3137 1514 capita
3183 1440 3475 1496 duodecim
3533 1456 3670 1498 con-

2080 1539 2371 1611 scripsisse
2412 1553 2523 1594 non
2555 1538 2854 1604 inﬁciatus,
2881 1553 2981 1612 per
3005 1550 3195 1592 eorum
3225 1533 3665 1604 repudiationem

2078 1633 2602 1704 abrogationemque
2633 1632 2689 1687 in
2722 1647 2780 1688 se
2823 1630 3034 1686 crimen
3066 1627 3306 1697 recepit,
3337 1635 3394 1681 et
3422 1629 3666 1697 priorem

2077 1727 2344 1782 honorem
2379 1725 2758 1800 ordinemque
2829 1723 3058 1779 Sortitus
3112 1729 3219 1777 est.
3255 1721 3396 1789 Quin
3436 1731 3492 1776 et
3529 1718 3668 1774 actis

2078 1816 2284 1873 sanctae
2322 1817 2529 1889 synodi
2579 1815 2969 1887 acquiescens,
2996 1815 3117 1887 ipse
3143 1813 3306 1870 etiam
3367 1811 3670 1885 depositio-

2077 1927 2203 1967 nern
2233 1907 2470 1966 Nestorii
2511 1909 2854 1982 approbavit.

2689 2090 2764 2146 De
2805 2091 3046 2146 Celestio.

2141 2190 2275 2246 Erat
2314 2198 2495 2244 autem
2523 2186 2804 2243 'Celestius
2838 2185 3042 2256 Pelagii
3078 2185 3356 2252 cujusdam
3399 2183 3651 2238 monachi

2073 2277 2397 2351 discipulus,
2422 2294 2656 2350 quorum
2689 2289 2924 2349 uterque
2947 2294 3010 2333 ex
3034 2277 3364 2353 Carthagine
3387 2278 3490 2331 orti
3518 2284 3665 2341 sunt,

2071 2387 2135 2431 ut
2166 2374 2396 2429 Pbotius
2421 2370 3070 2441 Constantinopblitauus
3102 2369 3408 2437 patriarcha
3447 2377 3660 2430 narrat.

2075 2477 2130 2521 et
2163 2482 2299 2520 nova
2331 2465 2584 2534 dogmata
2615 2463 2670 2517 in
2705 2461 3009 2517 EcCiesiam
3041 2461 3492 2534 introduxerunt.
3522 2460 3668 2513 Ada-

2077 2576 2224 2616 mum
2264 2560 2412 2615 enim
2451 2557 2736 2614 mortalem
2770 2556 2840 2610 ab
2873 2554 3031 2610 initio
3065 2564 3314 2611 creatum
3351 2552 3479 2609 esse
3512 2553 3664 2608 afﬁr-

2078 2655 2321 2719 mabant,
2346 2663 2402 2707 et
2428 2667 2537 2706 non
2567 2659 2788 2721 propter
2815 2649 3306 2718 tranSgressionem
3331 2646 3667 2703 mortalitate

2079 2745 2316 2801 multari.
2358 2745 2426 2800 Et
2463 2743 2765 2798 inlantibus
2804 2755 2998 2796 recens
3035 2741 3179 2796 natis
3214 2749 3328 2795 non
3365 2754 3505 2810 opus
3543 2739 3668 2794 esse

2077 2841 2349 2910 baptismo
2367 2879 2381 2898 .
2411 2838 2616 2908 quippe
2641 2837 2732 2907 qui
2761 2843 3045 2906 peccatum
3073 2833 3335 2905 originale
3363 2835 3431 2888 ab
3458 2832 3668 2888 Adamo

2076 2931 2396 3000 neutiquam
2429 2931 2652 2984 trahant
2684 2947 2696 2983 :
2731 2943 2896 2999 porro
2926 2928 3108 2984 locum
3139 2942 3264 2983 esse
3298 2926 3541 2982 medium
3576 2925 3632 2979 in
3653 2953 3666 2963 -

2066 3029 2164 3077 'ter
2191 3022 2508 3094 paradisum
2563 3029 2618 3076 et
2646 3021 3028 3077 damnatorum
3058 3019 3389 3090 gehennam,
3420 3018 3473 3072 in
3503 3033 3667 3087 quem

2081 3116 2317 3172 infantes
2343 3133 2452 3171 non
2482 3115 2768 3170 illuminati
2797 3115 3030 3184 coniecti
3062 3122 3212 3178 sunt,
3240 3110 3424 3183 ibique
3451 3111 3668 3167 felicem

386 3204 524 3283 ξλαια
545 3205 658 3283 τοῖς
686 3205 813 3278 περὶ
845 3200 1118 3281 ’Πελᾶγιον
1147 3205 1244 3257 καὶ
1273 3205 1562 3257 Κελέστιον
1582 3202 1968 3272 ὲπρεσϐεύετο,

2081 3213 2243 3264 vitam
2275 3209 2603 3281 transigunt.
2635 3207 2760 3263 [an
2787 3217 2842 3262 et
2869 3222 2963 3263 sex
2991 3208 3094 3261 aiia
3124 3207 3300 3277 capita
3330 3206 3481 3260 hisce
3504 3203 3668 3258 simi-

380 3281 523 3366 ’Έθὴ
556 3281 649 3349 καὶ
671 3298 706 3368 ἡ
740 3294 997 3367 παροῦσα
1032 3292 1406 3364 ὀίκουμενικὴ
1447 3295 1601 3364 τρίτη
1641 3293 1856 3352 σύνοδος
1894 3293 1971 3363 τῷ

395 3386 706 3453 ἁναθέματι
751 3385 1158 3450 καθυπέὄαλεν,
1191 3385 1327 3440 ἀλλά
1354 3404 1417 3455 γε
1447 3389 1541 3440 καὶ
1575 3389 1609 3457 ἠ
1645 3387 1702 3438 ἐν
1748 3384 1976 3456 Καρθα-

387 3479 528 3551 γένῃ
563 3477 803 3545 σύνοδος.
821 3478 935 3534 Καὶ
963 3477 1265 3548 ζήτειτοὺς
1292 3479 1420 3545 περὶ
1452 3478 1656 3531 τούτων
1680 3477 1972 3543 διεξιόντας

392 3573 600 3644 ταύτης
627 3572 864 3636 κανόνας
890 3571 954 3625 ἓν
994 3570 1073 3642 τῷ
1110 3570 1156 3623 α’
1181 3575 1320 3640 κεφ.
1353 3569 1450 3623 τοῦ
1489 3571 1531 3624 Β
1574 3568 1860 3641 στοιχείου.
1883 3567 1975 3620 τὸν

402 3661 480 3733 ρθ⁹
500 3665 644 3734 φημὶ
697 3667 792 3719 καὶ
819 3665 950 3730 τοὺς
976 3660 1212 3736 καθεξῆς
1250 3665 1403 3737 τρεῖς
1451 3664 1677 3736 ἑτέρους
1701 3680 1715 3695 ·
1746 3664 1882 3718 ἀλλὰ
1911 3661 1975 3734 δὴ

399 3756 495 3810 καὶ
527 3757 588 3812 ὲν
614 3756 693 3828 τῷ
721 3757 798 3811 λε’
819 3756 1101 3830 κεφαλαίῳ
1123 3757 1216 3812 τοῦ
1243 3759 1284 3812 Ε
1329 3756 1593 3830 στοιχείου
1618 3755 1848 3820 κανόνας
1875 3756 1976 3826 τῆς

399 3849 573 3920 αὐτῆς
596 3848 814 3904 συνόδου
841 3850 937 3922 ριδ¹
968 3852 1060 3907 καὶ
1090 3857 1208 3922 pte“
1239 3843 1386 3922 ἆπερ
1416 3846 1525 3920 γὰρ
1550 3843 1697 3904 οὗτοι
1726 3848 1821 3901 τοῦ
1847 3849 1978 3902 ἀνα-

395 3941 637 4011 θέματος
676 3941 915 4010 ἀξιοῦσι,
973 3944 1106 4012 παρ’
1133 3942 1374 4006 ’ἐκείνοις
1404 3940 1655 4011 ἀφρόνως
1685 3941 1978 4011 ἑδογματίο

401 4030 545 4109 ζετο.
605 4035 713 4088 Καὶ
747 4036 776 4087 ὁ
829 4035 1008 4105 μέγας
1060 4019 1117 4090 δὲ
1166 4033 1322 4090 Λέων
1346 4034 1377 4086 ό
1403 4035 1658 4102 πάππας,
1688 4035 1816 4099 τοὺς
1852 4034 1979 4107 mp“).

391 4117 671 4194 Ἡελᾶγιον
710 4126 809 4206 καὶ
857 4127 1155 4206 Κελέστιον
1186 4128 1629 4198 ’ἐπιστρέφοντας
1674 4125 1978 4198 ’ἐγγράφως

399 4208 830 4290 ἆναθεματῐζετν
857 4220 918 4275 τὸ
947 4215 1384 4290 σφῶνῖθέσπισε
1409 4221 1688 4291 φρόνημα.

481 4310 544 4366 ⁸0
573 4313 630 4366 δὲ
655 4312 738 4382 με’
759 4311 869 4366 τῶν
890 4312 1065 4383 ἁγίων
1104 4311 1418 4366 ἀποστόλων
1465 4312 1649 4366 κανὼν
1699 4313 1825 4375 τοὺς
1854 4328 1980 4365 συν-

400 4401 735 4472 ευξαμένους
768 4399 1068 4475 αἱρετικοτς
1107 4398 1445 4468 ἐπισκόπους
1494 4403 1528 4475 ἢ
1570 4402 1977 4475 πρεσϐυτέρους

400 4495 685 4566 ἀφορίζει·
718 4493 1122 4566 ἐπιτρέψαντας
1145 4495 1203 4549 δέ
1237 4512 1350 4550 τισι
1390 4495 1601 4550 τούτων
1628 4494 1697 4549 τὰ
1717 4494 1825 4548 τῶν
1849 4495 1980 4562 κληο

403 4588 573 4658 ρικῶν
603 4587 896 4659 ἐνεργῆσαι
953 4571 1231 4659 καθαιρεῖ.

483 4676 544 4750 Ὅ
570 4678 635 4734 ’δὲ
669 4679 766 4751 μς¹
791 4684 895 4737 καὶ·
921 4682 1050 4745 τοὺς
1070 4680 1410 4753 ’δεξαμένους
1439 4681 1500 4736 τὸ
1528 4683 1757 4736 ἐκείνων
1790 4682 1982 4754 βάπτι-

402 4781 537 4846 σμα,
567 4777 700 4840 ’τοὺς
730 4775 824 4832 ὑπ’
856 4777 1083 4831 ἐκείνων
1100 4757 1322 4848 ’δηλαδὴ
1355 4775 1778 4846 βαπτισθέντας,
1811 4777 1844 4850 ἢ
1877 4777 1980 4832 ὅσα

401 4869 483 4930 είς
517 4868 706 4921 θυσίαν
741 4857 1107 4938 προσάγουσι,
1138 4867 1412 4937 καθαιρετ.
1566 4856 1572 4864 ’

487 4961 545 5015 '0
564 4963 625 5028 5‘s
667 4960 739 5026 ξδ’
771 4960 860 5014 τὸν
887 4962 1272 5034 εἰσερχόμενον
1302 4960 1566 5031 κληρικδν
1595 4964 1627 5035 ἥ
1683 4964 1871 5018 λαῖκὸν
1899 4966 1978 5026 εἰς

403 5056 733 5127 συναγωγὴν
771 5054 1048 5110 Ἰουδαίων
1075 5055 1107 5128 ἢ
1135 5052 1428 5125 αίρετικῶν
1451 5057 1762 5128 προσευχῆς
1793 5059 1975 5128 χάριν,

399 5149 491 5204 τὸν
520 5148 621 5220 μὲν
662 5149 934 5221 καθαιρεῖ,
986 5150 1080 5205 τὸν
1121 5150 1178 5202 δὲ
1213 5149 1485 5220 ἀφορίζει.
1517 5149 1614 5215 Τίς
1655 5152 1785 5222 γὰρ,
1819 5155 1975 5222 φησι,

403 5244 765 5316 συμφώνησις
800 5244 1025 5316 Χριστῷ
1054 5245 1190 5316 πρὸς
1225 5245 1461 5316 Βελίαρς
1505 5245 1588 5308 τίς
1610 5244 1666 5298 δὲ
1697 5247 1854 5316 μερὶς
1884 5263 1979 5299 πι-

400 5336 512 5408 στῷ
546 5337 686 5408 μετὰ
715 5339 950 5392 ἀπίστου
972 5353 988 5404 ;

460 5423 586 5491 ’καὶ
615 5431 645 5489 ὁ
675 5429 778 5502 μὲν
799 5430 901 5502 τῆς
929 5433 989 5485 ἑν
1009 5430 1304 5503 Λαοδικείᾳ
1338 5437 1392 5498 ς’
1419 5431 1546 5496 τοὺς
1576 5433 1976 5503 περιπεσόντας

400 5523 670 5595 αἱρέσεσι,
689 5523 897 5583 ¹καὶ1τι
919 5523 1146 5589 ταύταις
1172 5525 1596 5595 ενεσχημένους,
1628 5527 1820 5598 πόρρω
1849 5525 1980 5596 βὰλ-

399 5615 483 5670 λει
507 5617 603 5687 τῆς
631 5615 985 5688 Ἐκκλησίας,
1039 5617 1135 5672 καὶ
1174 5618 1257 5682 είς
1292 5613 1442 5672 οἶκον
1490 5618 1630 5672 Θεοῦ
1657 5619 1884 5673 εἰσιάναι
1911 5620 1973 5673 οὐ

400 5711 701 5790 συγχωρεῖ.

473 5797 630 5857 ὀδε
665 5801 745 5875 λβ⁹
799 5803 921 5858 οὐδὲ
957 5803 1059 5869 τὰς
1107 5804 1217 5859 τῶν
1286 5803 1586 5874 αἱρετικῶν
1640 5805 1889 5876 εὐλογίας
1937 5803 1970 5876 ἢ

400 5893 629 5968 ᾲλογίας
659 5895 1223 5973 είπεῖνόίκειότερον,
1251 5897 1553 5969 λαμϐάνειν
1583 5899 1827 5972 εφίησιν.

2057 3306 2145 3370 qia
2171 3323 2199 3357 ιι
2231 3303 2447 3373 Pelagio
2473 3311 2528 3356 et
2551 3301 2790 3358 Celestio
2819 3300 3323 3372 promulgabantur.
3353 3313 3474 3369 τιιιιε
3500 3298 3662 3352 tertia

2077 3397 2194 3451 haec
2224 3393 2561 3469 oecurrrenica
2594 3391 2864 3463 synodus,
2897 3406 3000 3446 nec
3029 3405 3140 3445 non
3167 3390 3409 3461 synodus
3435 3387 3671 3444 Cartha-

2077 3487 2335 3560 gincnsis.
2382 3483 2714 3540 anathemati
2761 3484 3141 3552 subiecerunt.
3184 3481 3379 3550 Quare
3426 3482 3675 3537 canones

2076 3581 2320 3651 ejusdem
2358 3595 2526 3649 super
2563 3579 2649 3632 his
2685 3577 3022 3633 disserentes
3059 3577 3112 3630 in
3151 3592 3166 3629 ι
3201 3590 3321 3644 cap.
3355 3573 3554 3628 litterze
3590 3570 3659 3636 Β,

2078 3675 2337 3730 nimirum
2371 3673 2471 3726 109
2498 3680 2554 3726 et
2585 3684 2696 3724 tres
2739 3669 3003 3737 deinceps
3046 3677 3345 3740 sequentes
3383 3682 3399 3720 :
3435 3665 3570 3736 quin
3614 3672 3671 3732 et

2077 3781 2318 3822 canones
2367 3763 2615 3833 ejusdem
2652 3762 2844 3834 synodi
2885 3760 2981 3815 114
3010 3770 3065 3814 et
3098 3759 3224 3819 “5.
3257 3759 3313 3814 in
3347 3773 3470 3830 cap.
3503 3771 3670 3822 xxxv,

2079 3861 2274 3914 litterae
2309 3855 2385 3920 E;
2415 3871 2540 3926 qua:
2571 3854 2716 3910 enim
2742 3852 2815 3906 illi
2849 3852 3196 3907 anathemate
3225 3848 3384 3924 digna
3414 3859 3669 3912 censent,

2078 3951 2148 4006 ab
2186 3950 2253 4004 iis
2287 3949 2524 4004 absurde
2560 3949 2752 4002 educta
2793 3959 2941 4000 sunt.
2981 3944 3154 3999 Porro
3187 3955 3243 3999 et
3282 3958 3514 4017 magnus
3553 3941 3669 3997 Leo

2082 4059 2242 4113 papa,
2279 4057 2375 4098 eos
2411 4031 2574 4111 qui‘a
2616 4039 2835 4109 Pelagio
2873 4045 2928 4093 et
2965 4036 3206 4095 Celestio
3246 4044 3670 4098 convertuntur,

2080 4134 2395 4210 opinionem
2434 4147 2588 4193 suam
2625 4134 2832 4203 scripto
2867 4129 3341 4186 anathematizare
3371 4127 3551 4198 jubet.

2156 4312 2261 4384 ιθ
2298 4311 2470 4366 Porro
2522 4325 2700 4366 canon
2754 4310 2830 4366 45
2917 4319 3232 4365 sanctorum
3291 4306 3664 4380 apostolorum

2079 4406 2371 4477 episcopos
2398 4406 2482 4459 vel
2509 4403 2736 4460 clericos
2761 4402 2856 4476 qui
2887 4420 2993 4459 una
3025 4417 3150 4457 cum
3181 4402 3454 4458 haereticis
3482 4408 3674 4463 orant,

2083 4498 2558 4564 excommunicat;
2585 4497 2670 4551 sin
2701 4506 2883 4552 autem
2915 4496 2982 4551 iis
3013 4505 3267 4568 tanquam
3297 4494 3518 4551 clericis
3547 4512 3673 4568 ope-

2012 4575 2057 4629 Ῑ)
2089 4593 2198 4647 ruri
2233 4591 2603 4661 permiserint,
2633 4590 2812 4661 depon
2835 4596 2877 4646 ι.

2157 4690 2343 4743 Catum
2383 4696 2564 4741 autem
2597 4686 2665 4740 46
2702 4699 2796 4741 eos
2833 4685 2923 4756 qui
2961 4699 3153 4739 eorum
3179 4684 3512 4754 baptismum
3535 4699 3664 4740 sus.

2083 4783 2315 4852 cipiunt.
2337 4781 2406 4860 id
2455 4790 2560 4844 est,
2604 4781 2673 4834 ab
2706 4779 2776 4834 iis
2809 4777 3181 4850 baptizantur,
3213 4781 3299 4834 vel
3330 4794 3676 4850 quaecunque

2089 4881 2154 4935 ad
2187 4875 2517 4933 sacriﬁcium
2549 4873 2806 4936 aﬁerunt.
2837 4873 3085 4942 deponit.

2159 4973 2349 5030 Porro.
2375 4975 2550 5025 canOn
2578 4969 2646 5024 64
2675 4967 2934 5024 clericum
2963 4967 3043 5021 vel
3073 4964 3269 5020 Iaicum
3300 4963 3390 5032 qui
3424 4963 3480 5017 in
3508 4978 3673 5035 syna-

2087 5080 2279 5135 gogam
2327 5061 2641 5116 Iudaeorum
2688 5059 2774 5114 vel
2832 5059 3215 5114 haereticorum
3271 5053 3546 5110 introierit
3598 5055 3668 5109 ad

2085 5157 2376 5217 Orandutn,
2416 5155 2647 5208 alterum
2683 5151 2900 5223 quidem
2935 5148 3183 5218 deponit.
3213 5148 3444 5201 alterum
3479 5153 3667 5200 autem

2084 5242 2549 5302 excommunicat.
2575 5242 2832 5309 Quaenam
2861 5241 3006 5296 enim
3037 5249 3122 5294 est
3145 5225 3434 5294 concordia
3462 5235 3670 5297 Christi

2085 5355 2209 5395 cum
2241 5339 2429 5403 Belial,
2465 5348 2559 5392 aut
2587 5353 2706 5406 qua:
2737 5351 2861 5406 pars
2891 5334 3036 5389 ﬁdeli
3069 5349 3192 5389 cum
3225 5329 3472 5386 inﬁdeli?

2157 5433 2345 5486 Canon
2386 5432 2548 5486 etiam
2584 5429 2618 5484 6
2653 5444 2774 5501 syn.
2812 5427 3032 5482 Laodic.
3069 5440 3167 5481 eos
3200 5424 3292 5494 qui
3328 5423 3395 5478 ad
3431 5423 3672 5477 haereses

2085 5525 2222 5581 ullas
2253 5524 2389 5595 lapsi
2430 5534 2589 5589 sunt,
2622 5523 2926 5588 iisdemque
2958 5520 3292 5583 detinentur,
3322 5533 3390 5572 ex
3423 5515 3672 5571 Ecclesia

2085 5619 2259 5689 ejicit,
2287 5628 2345 5673 et
2375 5618 2431 5671 in
2451 5615 2684 5672 'domum
2719 5615 2811 5673 Dei
2845 5612 3055 5690 ingredi
3087 5626 3198 5667 non
3232 5606 3524 5681 permittit.

2153 5799 2338 5856 Canon
2380 5806 2564 5851 autem
2606 5794 2849 5864 ejusdem
2894 5793 2962 5848 52
3028 5789 3409 5848 hareticorum
3451 5786 3677 5860 benedi-

2087 5891 2300 5949 ctiones
2323 5890 2430 5957 vel,
2458 5899 2515 5946 ut
2543 5887 2724 5961 aptius
2752 5887 2960 5960 loquar,
2990 5883 3391 5947 maledictiones
3417 5878 3669 5952 accipere

2090 5999 2202 6041 non
2233 5995 2390 6042 εωιι.
