4038 6296
156 349 283 412 1063

1128 311 1528 406 SYNTAGMA
1580 335 2202 402 ALPIIABETICUM.
2243 360 2311 374 ——
2343 339 2413 399 A.

3235 330 3372 396 1065

153 457 563 531 παραμυρηθεξη
618 455 751 530 πρὸς
805 453 898 511 τού
950 457 1248 512 ἐπισκόπου
1297 457 1395 529 τῆς
1437 457 1704 528 ἐπαρχίας

1811 471 1987 522 secus,
2020 453 2396 511 ordinationes
2421 458 2478 506 et
2533 447 2637 503 alia
2675 464 2796 520 quae
2834 448 2903 504 ab
2940 463 3005 504 eo
3049 446 3188 529 facta
3224 461 3373 531 sunt,

152 555 353 620 ἐκείνης
372 570 385 583 ο
414 554 460 605 εί
485 549 530 604 δ’
557 550 672 623 of”.
699 551 792 604 καὶ
816 549 915 614 τὰς
938 540 1292 620 χειροτονίας,
1318 552 1412 604 καὶ⁵
1435 550 1505 604 τὰ
1529 550 1701 612 ἄλλως

151 650 238 703 ὑπ’
272 648 435 703 αὑτοῦ
462 647 810 718 πραττόμενα
848 646 1142 718 τυγχάνειν
1173 646 1376 715 ἄκυρα,
1414 645 1511 697 καὶ
1537 641 1702 698 αὑτὸν

149 740 461 811 καθαιρέσει
519 735 1064 807 καθυποδάλλεσθαι,
1121 739 1199 803 ῶς
1257 737 1556 792 σκανδάλου
1610 739 1704 794 καὶ

150 831 390 902 ταραχῆς
426 830 602 885 αῐτιον
631 830 970 901 ὑπάρξαντα.

227 923 505 985 Ἐπίσασις
542 922 600 977 δέ
638 925 788 976 ἐστιν
832 922 865 992 ἠ
920 918 1065 975 κατὰ
1099 919 1449 991 αὐτονομίαν,
1483 913 1516 992 ἢ
1562 919 1706 974 κατά

147 1032 264 1069 τινα
291 1013 503 1085 φαύλην
546 1013 862 1081 οἰκονομίαν
894 1009 989 1067 τοῦ
1018 1013 1216 1084 σχολὴν
1251 1012 1510 1081 ἄγοντος,
1547 1012 1579 1084 ἢ
1612 1013 1708 1067 καὶ

147 1105 235 1160 τοῦ
276 1105 490 1178 ἔχοντος
553 1107 848 1179 ἐκκλησίαν
903 1105 1210 1162 ἐπισκόπου
1261 1107 1396 1178 προς
1443 1107 1708 1179 χηρεύου-

149 1216 244 1252 σαν
298 1198 592 1270 ἐκκλησίαν
646 1201 956 1272 παράλογος
1007 1200 1384 1269 ἐπεισαγωγὴ,
1413 1200 1479 1270 ἣν
1516 1197 1706 1253 τοσοῦ-

147 1307 233 1344 τον
262 1289 614 1357 ἐδδελύξαντο
650 1291 698 1344 οί
727 1291 786 1345 ἐν
814 1291 1053 1364 Σαρδικῇ
1086 1292 1219 1345 θεῖοι
1268 1291 1531 1362 Πατέρες,
1563 1290 1706 1345 ὥστε

147 1380 233 1431 καὶ
259 1379 620 1452 ἀκοινώνητον
651 1379 793 1436 εἶναι
841 1383 1009 1435 παντὶ
1060 1381 1376 1452 Χριστιανῷ
1409 1382 1499 1434 τὴν
1535 1380 1706 1452 ἐργά..

146 1486 242 1542 την
288 1472 490 1541 ταύτης
540 1472 884 1544 διωρίσαντο,
917 1474 1011 1528 καὶ
1073 1472 1206 1545 μηδέ
1239 1474 1298 1526 ἐν
1347 1475 1465 1537 ταῖς
1517 1473 1709 1526 τελευ-

145 1562 321 1626 ταίαις
350 1565 650 1628 ἀναπνοαῖς
685 1564 884 1635 λαῖκῆς
911 1565 1046 1634 γοῦν
1082 1565 1366 1631 κοινωνίας
1397 1564 1706 1633 ἀξιοῦσθαι.

217 1653 392 1718 Εὐθὺς
416 1645 539 1726 ¹γὰρ
564 1657 623 1708 ἐν
660 1656 736 1727 τῷ
769 1657 817 1710 α’
845 1657 1054 1718 κανόνι.
1081 1658 1178 1712 καὶ
1206 1658 1393 1726 μέντοι
1419 1658 1511 1712 καὶ
1534 1657 1610 1728 τῷ
1639 1651 1706 1728 β’,

145 1746 290 1802 οὕτω
307 1749 470 1817 φασξ·
508 1750 698 1819 μηδενὶ
737 1749 847 1802 τῶν
896 1741 1214 1806 ἐπισκόπων
1245 1749 1444 1816 ἐξεῖναι
1480 1750 1578 1821 τὴν
1612 1751 1711 1804 πδ·

145 1837 247 1905 λιν,
283 1834 396 1912 ἐνῇ
446 1840 886 1911 κεχειροτόνητο,
925 1841 1321 1907 καταλιπόντα,
1346 1842 1485 1912 πρὸς
1512 1844 1705 1914 ἑτέραν

149 1929 448 2000 μεταϐῆναι
469 1945 482 1960 ⁵
509 1932 809 2002 τεκμήριον
835 1932 944 2003 γὰρ
992 1932 1310 1998 ἀλαζονείας
1341 1937 1439 1991 καὶ
1487 1936 1708 1989 πλεονε-

148 2021 262 2088 ξίας
289 2025 534 2095 ἀτέχνως
593 2025 934 2097 καθέστηκεν
972 2026 1004 2096 ἡ
1040 2026 1218 2081 τοιάδε
1260 2027 1582 2096 μετάϐασις,
1615 2030 1710 2085 καὶ

143 2116 296 2187 “En;
333 2117 503 2186 xcvi];
549 2117 774 2186 ἐφεσις,
826 2118 924 2173 καὶ
972 2116 1065 2172 τοῦ
1119 2119 1342 2174 πλείονα
1407 2121 1708 2192 κτήσασθαι

145 2212 464 2282 πράγματα·
500 2211 624 2264 ἐπεί
671 2210 755 2266 τοί
802 2228 866 2281 γε
893 2211 1011 2276 πῶς
1046 2212 1147 2283 οὐχ
1178 2211 1410 2285 εὕρηταί
1448 2217 1532 2279 τίς
1575 2234 1707 2272 ποτε

147 2304 209 2355 ἐκ
263 2302 510 2371 μείζονος
563 2301 776 2366 πόλεως
820 2303 903 2366 είς
952 2302 1221 2358 ἐλάσσονα
1277 2304 1705 2377 μεταϐεϐηκὼς;

145 2389 294 2444 ταῦτ’
338 2392 451 2463 ἄρα
499 2392 594 2446 καὶ
648 2393 859 2457 δίκαιος
889 2393 959 2447 ἂν
991 2393 1020 2446 6
1059 2394 1298 2459 τοιοῦτος
1329 2395 1437 2468 εἴη,
1463 2398 1561 2468 τῆς
1601 2399 1708 2452 τῶν

145 2484 352 2538 πιστῶν
384 2485 754 2540 ἐκκόπτεσθαι
785 2486 1150 2558 ὁμηγύρεως’
1183 2487 1230 2541 εί
1274 2486 1332 2541 δέ
1383 2490 1477 2542 καὶ
1525 2489 1710 2553 δόλους

146 2577 296 2647 ἁλοίη
338 2579 586 2648 primum,
622 2580 778 2652 φησὶ,
838 2581 935 2634 καὶ
973 2580 1518 2651 κατασκευαζόμενος
1542 2621 1560 2644 ,
1613 2587 1708 2637 καὶ

147 2659 392 2739 χρήμασί
424 2686 576 2732 τινας
604 2670 953 2742 ὑποφθείρων
982 2671 1292 2738 ἀναπείθει,
1325 2672 1546 2737 στάσεις
1567 2674 1708 2728 κατά

146 2760 238 2826 τὴν
291 2762 589 2833 ἐκκλησίαν
649 2762 925 2832 ἐγείρειν,
993 2764 1094 2835 τὴν
1147 2765 1313 2819 αὑτοῦ
1369 2765 1707 2837 προστασίαν

149 2854 556 2924 ἐπιζητοῦντας,
583 2849 715 2928 μηδέ
743 2855 990 2927 θνήσκων
1021 2858 1121 2929 τῆς
1151 2858 1258 2912 τῶν
1289 2858 1495 2913 λαῑκῶν
1524 2858 1708 2922 ἀξιού-

149 2947 256 3000 σθω
287 2947 595 3014 κοινωνίαςο
629 2950 727 3004 καὶ
751 2950 862 3004 τῶν
885 2951 1093 3005 πιστῶν
1123 2951 1233 3024 γὰρ
1249 2952 1386 3016 ὅλως
1414 2951 1708 3024 ἐνάριθμον

145 3036 278 3094 εἶναι
306 3041 499 3096 τοῦτον
524 3041 623 3097 ούκ
654 3041 928 3114 ἀνέχεται.

226 3131 284 3186 '0
323 3133 382 3186 δέ
411 3133 510 3202 τῆς
538 3132 798 3204 δεύτέρας
829 3134 1048 3188 συνόδου
1098 3134 1145 3203 β’
1177 3135 1305 3200 τοὺς
1340 3135 1480 3208 ὑπὲρ
1506 3135 1708 3208 διοίκη-
1735 3175 1781 3239 c

149 3239 230 3278 σιν
254 3225 616 3288 ἐπισκόπους,
670 3226 791 3288 ταῖς
842 3224 1162 3297 ύπερορίαις
1209 3226 1548 3298 ἐκκλησίαις,
1587 3229 1709 3292 ταῖς

146 3315 282 3389 ὑπὲρ
323 3319 394 3372 τὰ
468 3317 675 3389 ἐκάστη
733 3315 934 3388 δηλαδὴ
988 3318 1352 3390 ἀφωρισμένα
1428 3317 1710 3388 κειμέναις

142 3408 282 3480 ὅρια,
315 3409 589 3481 ἀκλήτους
638 3409 885 3474 θεσπίζει
937 3409 1012 3482 μὴ
1056 3410 1268 3465 ἐπιέναι
1298 3451 1312 3475 ,
1347 3408 1445 3481 τὴν
1479 3409 1712 3466 ἄτακτον

143 3504 318 3558 αὐτῶν
340 3506 439 3558 καὶ
462 3503 758 3577 λῃστρικὴν
779 3503 964 3572 ἔφοδον
985 3501 1232 3558 ἐντεῦθεν
1252 3503 1550 3574 ἐμφαίνωνο
1577 3503 1712 3575 μηδέ

143 3597 365 3663 ταύταις
412 3598 696 3668 ἐπιδημεῖν
729 3597 822 3651 ἐπὶ
846 3597 1147 3669 χειροτονία
1180 3597 1213 3669 ἢ
1259 3597 1422 3668 ἐτὲρᾳ
1468 3597 1717 3672 οἰῖδήτινιῖ

147 3687 393 3758 ῖερατικῇ
424 3687 725 3759 διοικήσειο
765 3689 866 3750 τὰς
905 3689 1091 3757 μέντοι
1127 3687 1252 3742 καθ’
1278 3689 1516 3758 ἐκάστην
1542 3688 1716 3760 ἐπαρ-

143 3785 268 3850 χίαν
313 3779 780 3850 ἐκκλησιαστικὶις
820 3779 1135 3851 διοικήσεις,
1161 3779 1398 3852 ψήφους,
1433 3780 1714 3855 φημὶ,καῖ

144 3871 501 3941 χειροτονίας,
548 3869 642 3924 καὶ
687 3870 1028 3941 ἀμφιϐολιῶν
1055 3871 1260 3941 λύσεις,
1289 3873 1346 3926 ἐν
1385 3872 1712 3943 ἀφορισμοῖς

144 3961 516 4032 δεικνυμένας
558 3961 658 4016 καὶ
695 3961 996 4033 ἐπιτιμίοις
1016 4003 1032 4028 ,
1064 3961 1160 4017 καὶ
1185 3962 1392 4024 λοιποῖς
1423 3962 1714 4036 τοιούτοις.⁸

144 4055 241 4123 την
267 4055 510 4124 ἑκάστης
553 4055 821 4126 ἐπαρχίας
857 4054 1166 4126 οίκονομεῖν
1200 4053 1439 4107 σύνοδον·
1471 4052 1535 4108 τδ
1561 4052 1616 4108 δέ
1645 4068 1715 4133 γε.

146 4148 261 4211 illo;
290 4149 521 4218 κρατεῖν
549 4147 657 4200 τῶν
688 4150 745 4199 ἐν
770 4148 882 4207 τοῖς
909 4146 1203 4217 βαρϐάροις
1236 4143 1417 4199 ιθνεσι
1439 4146 1712 4217 κειμένων

146 4241 473 4313 ἐκκλησιῶν,
522 4238 661 4295 ὥστε
697 4239 1087 4302 ἀνενδοιάστως
1126 4240 1415 4309 ἐπιφοιτᾷν
1465 4239 1562 4292 καὶ
1592 4243 1711 4304 ταῖς

146 4337 252 4390 τῶν
297 4336 478 4392 ἄλλων
527 4334 836 4404 ἐκκλησιῶν
875 4333 1211 4405 παροικίαις,
1240 4332 1294 4386 εἰ
1327 4351 1413 4398 τις
1465 4332 1523 4386 ἐν
1563 4333 1712 4404 λόγῳ

148 4430 511 4498 διαλάμπων,
563 4427 691 4490 τοὺς
763 4427 982 4493 λοιποὺς
1033 4425 1409 4496 ἐπιστηρίζων
1468 4425 1711 4480 δύναιτο·

1805 550 1960 606 irrita
1994 563 2139 613 esse,
2178 559 2419 619 eumque
2452 541 2787 614 depositioni
2853 528 3281 612 subjiciendum,
3317 528 3377 598 ut

1804 641 1898 714 qui
1930 638 2172 697 scandali
2211 646 2287 694 et'
2323 632 2754 708 perturbationis
2813 647 2980 690 causa
3019 634 3269 690 evaserit.

1876 907 1976 968 Est
2014 909 2252 981 denique
2296 907 2511 964 invasio
2553 904 2796 978 episcopi
2843 897 2974 964 sede
3025 909 3263 964 carentis
3292 914 3376 963 vel

1805 1004 2095 1062 ecclesiam
2127 1002 2402 1067 habentis,
2433 999 2488 1056 in
2529 999 2747 1055 viduam
2797 998 3114 1066 ecclesiam,
3160 1009 3380 1070 propter

1809 1095 2181 1154 autonomiam
2223 1093 2307 1149 vel
2370 1093 2572 1148 malum
2627 1091 2847 1163 aliquod
2903 1091 3236 1160 institutum,
3284 1095 3378 1148 ab-

1807 1190 1976 1247 surda
2032 1186 2385 1244 introductio.
2442 1187 2614 1260 Quam
2673 1185 2898 1257 quidem
2941 1186 3117 1242 sancti
3188 1185 3380 1241 Patres

1809 1283 1865 1338 iu
1909 1281 2120 1336 Sardic.
2149 1279 2358 1352 synodo
2398 1279 2534 1334 adeo
2596 1278 3007 1344 abominarunt,
3043 1287 3103 1334 ut
3168 1289 3378 1336 statue-

1808 1382 1949 1442 rent,
1979 1387 2104 1428 eum
2137 1370 2231 1442 qui
2266 1373 2368 1427 hoc
2406 1366 2620 1436 iecerit,
2652 1372 2719 1425 ab
2744 1373 2894 1427 omni
2931 1371 3377 1428 Christianorum

1808 1459 2195 1523 communione
2225 1464 2465 1520 alienum
2519 1478 2662 1528 esse,
2692 1472 2745 1520 et
2802 1478 2981 1535 neque
3047 1463 3101 1519 in
3133 1477 3380 1520 extremo

1809 1559 2004 1631 spiritu
2039 1559 2302 1614 laicorum
2335 1557 2725 1612 communione
2755 1557 2986 1628 dignum
3042 1556 3377 1614 habendum.

1881 1652 1986 1724 23
2013 1651 2207 1708 Statim
2241 1650 2387 1707 enim
2427 1650 2483 1706 in
2525 1651 2545 1704 Ι
2608 1658 2664 1706 et
2700 1648 2736 1704 2
2790 1666 3001 1707 canone
3045 1653 3130 1709 sic
3167 1653 3378 1717 dicunt,

1811 1745 1946 1800 nulli
1981 1744 2236 1816 episcopo
2297 1744 2480 1808 licere,
2514 1743 2754 1800 civitate'
2787 1744 2841 1799 in
2886 1760 2990 1815 qua
3029 1745 3378 1802 ordinabatur

1737 1818 1786 1878 Β
1817 1839 2023 1901 relicta,
2051 1836 2118 1891 ad
2167 1834 2329 1891 aliam
2359 1834 2626 1903 transire;
2649 1837 2849 1892 etenim
2879 1836 3189 1907 huiusmodi
3226 1839 3380 1894 inva-

1815 1929 1918 2001 sio,
1947 1935 2002 1983 et
2023 1927 2200 1984 inanis
2221 1927 2407 2000 gloria:
2433 1929 2694 1999 pluraque
2714 1929 3026 2000 possidendi
3045 1930 3379 1988 desiderium

1814 2019 2177 2076 certissimum
2209 2028 2293 2077 est
2335 2020 2604 2092 superbiae
2632 2030 2685 2077 et
2718 2022 3044 2094 arrogantia:
3098 2023 3380 2079 indicium.

1815 2109 1970 2166 Unde
2003 2111 2150 2168 enim
2179 2109 2259 2175 lit,
2301 2108 2444 2180 quod
2490 2125 2656 2167 nemo
2702 2125 2941 2183 unquam
2993 2112 3250 2169 inventus
3275 2123 3377 2178 est,

1814 2201 1906 2272 qui
1963 2216 1993 2256 a
2043 2201 2234 2271 majori
2294 2201 2363 2256 ad
2417 2201 2685 2259 minorem
2750 2203 3027 2261 civitatem
3071 2205 3384 2261 transierit?

1814 2291 1995 2359 Quare
2020 2309 2231 2364 acquum
2257 2304 2342 2350 cst
2375 2303 2453 2356 ut,
2477 2297 2571 2366 qui
2604 2295 2916 2366 huiusmodi
2941 2305 3043 2365 est,
3075 2315 3104 2353 a
3141 2297 3378 2354 ﬁdelium

1817 2395 1961 2441 cmtu
2011 2385 2380 2442 abscindatur.
2435 2387 2591 2454 Quod
2626 2389 2669 2442 si
2717 2387 2890 2459 dolos,
2930 2390 3126 2460 inquit,
3168 2399 3382 2448 struere

1814 2486 1870 2532 ct
1893 2479 2192 2533 machinari
2235 2479 2614 2549 deprehensus
2666 2479 2854 2545 fuerit,
2883 2491 2941 2537 et
2987 2483 3232 2553 pecuniis
3281 2484 3380 2538 ali-

1814 2585 1953 2640 quos
2003 2581 2358 2646 cur-rumpere
2387 2573 2438 2627 in
2470 2574 2714 2627 animum
2747 2573 3042 2641 induxerit,
3074 2585 3129 2630 ut
3158 2576 3384 2632 seditio-

1815 2678 1912 2718 nes
1942 2663 1995 2718 in
2039 2666 2267 2721 ecclesia
2301 2673 2554 2720 moveant
2577 2665 2823 2738 ejusdem
2871 2667 3236 2739 principatum
3289 2686 3385 2742 ap—

1815 2762 2081 2826 petentes,
2110 2756 2155 2810 is
2187 2771 2365 2829 neque
2386 2758 2684 2815 moriturus
2711 2759 2969 2816 laicorum
2997 2764 3382 2820 communione

1813 2848 2009 2920 dignus
2037 2849 2342 2917 habeatur;
2372 2861 2431 2905 ut
2455 2853 2600 2907 enim
2625 2854 2720 2922 qui
2752 2861 2837 2908 est
2857 2853 3125 2925 ejusmodi
3155 2843 3382 2912 omnino

1813 2940 1869 2996 in
1890 2957 2131 2998 numero
2159 2942 2402 3000 tldelium
2433 2945 2502 3000 sit
2529 2960 2639 3000 non
2666 2953 2752 3002 est
2779 2946 3086 3005 terendum.

1884 3129 2070 3189 Canon
2095 3139 2276 3187 autem
2303 3132 2338 3187 2
2363 3148 2481 3206 syn.
2510 3149 2546 3188 tt
2577 3133 2791 3200 statuit,
2837 3143 2898 3190 ut
2939 3135 3182 3208 episcopi
3236 3136 3376 3194 ultra

1811 3225 2072 3282 dimcesin
2122 3226 2381 3282 ecclesias
2409 3235 2556 3282 extra
2589 3241 2719 3284 suos
2746 3229 3031 3292 terminos.
3069 3245 3192 3300 quae
3237 3231 3382 3288 scili-

1811 3328 1900 3376 cet
1933 3329 2082 3376 extra
2122 3320 2260 3377 llnes
2293 3319 2518 3377 cuilibet
2552 3320 2806 3377 delinitos
2850 3322 3041 3394 posita
3067 3334 3218 3390 sunt,
3266 3340 3380 3382 non

1812 3413 1984 3469 vocati
2009 3428 2351 3485 nequaquam
2390 3417 2626 3480 adeant;
2674 3414 3044 3471 inordinatum
3101 3416 3298 3474 exinde
3324 3427 3380 3474 et

1809 3505 2193 3578 prardatorium
2227 3520 2415 3560 eorum
2463 3520 2741 3564 accessum
2795 3505 3078 3576 indicans;
3139 3524 3243 3565 nec
3285 3525 3380 3566 eas

1810 3597 1878 3651 ad
1901 3596 2259 3652 ordinandum
2288 3604 2380 3652 aut
2403 3596 2565 3651 aliam
2590 3597 2887 3667 quamlibet
2906 3615 3113 3656 sacram
3146 3600 3378 3657 functio-

1813 3701 1938 3743 nem
1969 3686 2327 3742 exercendam
2378 3686 2781 3758 ingrediantur.
2813 3687 3040 3759 Insuper
3096 3699 3156 3745 ut
3199 3691 3380 3747 eccle-

1811 3777 2032 3834 siastica
2062 3779 2326 3848 cujusque
2355 3779 2650 3851 provincia:
2680 3781 2915 3854 negotia,
2967 3781 3228 3839 nimirum
3262 3785 3378 3842 ele-

1809 3861 2040 3939 ctiones,
2064 3871 2455 3940 ordinationes,
2500 3879 2556 3932 et
2587 3873 2656 3929 de
2699 3875 3388 3946 excommunicationibus.-

1808 3966 2008 4037 poenis,
2047 3963 2275 4035 aliisque
2331 3964 2622 4035 ejusmodi,
2684 3969 3177 4033 controversiarum
3235 3971 3380 4029 deci-

1810 4059 2013 4125 siones,
2073 4059 2262 4131 synodi
2313 4061 2580 4130 cujusque
2651 4060 3002 4132 provincialis
3055 4064 3380 4121 auctoritate

1809 4147 2272 4204 administrentur.
2301 4147 2473 4206 Porro
2517 4160 2576 4205 ut
2603 4152 2746 4220 quod
2791 4151 2858 4207 ad
2895 4153 3152 4209 ecclesias
3186 4138 3382 4212 attinet

1811 4243 2100 4313 quaeinter
2119 4243 2375 4299 barbaras
2403 4253 2594 4315 gentes
2627 4243 2818 4315 positae
2847 4255 2999 4313 sunt,
3034 4249 3380 4304 consuetudo

1811 4344 2064 4392 servetur
2099 4350 2111 4389 τ
2152 4343 2211 4390 ut
2255 4335 2462 4401 absque
2487 4336 2636 4392 omni
2687 4337 3025 4405 difficultate.
3066 4341 3112 4396 si
3142 4341 3266 4413 quis
3294 4342 3379 4398 di-

1815 4428 1976 4484 cendi
2005 4427 2264 4483 facultate
2303 4428 2514 4499 pollens
2541 4427 2782 4499 reliquos
2834 4429 3158 4486 confirmare
3183 4433 3376 4502 possit.

146 4523 300 4576 τοῦτο
351 4522 409 4574 δέ
457 4519 877 4592 συγκεχώρηται
933 4517 1084 4590 παρὰ
1127 4518 1188 4572 τὸ
1239 4517 1313 4589 μὴ
1355 4512 1495 4572 εἶναι
1549 4519 1711 4573 κάκεῖ

1815 4515 1872 4572 in
1961 4517 2264 4582 alienarum
2339 4517 2691 4573 ecclesiarum
2753 4520 3022 4590 parmcia's
3089 4532 3377 4578 commeet.

149 4618 480 4679 ἐπιτκόπους
510 4614 867 4687 ἀποχρῶντας
895 4612 974 4675 είς
1019 4610 1236 4666 συνόδου
1266 4610 1560 4680 πλήρωμα.

229 4801 286 4858 '0
326 4801 382 4856 δέ
431 4800 531 4870 τῆς
562 4799 728 4867 ἐκτης
783 4797 1003 4851 συνόδου
1034 4794 1083 4851 κ’
1121 4795 1407 4866 ἐπισκόπῳ
1439 4795 1711 4850 διδάσκειν

150 4897 208 4950 ἐν
245 4894 400 4950 πόλει
438 4891 674 4963 δημοσίᾳ
702 4889 801 4944 οὐκ
846 4888 1135 4960 ἐπιτρέπει
1159 4890 1225 4958 τῇ
1259 4886 1434 4957 τούτῳ
1473 4887 1547 4958 μὴ
1578 4889 1711 4942 ύπο-

150 4990 420 5060 κειμένῃο
482 4985 590 5055 ἰδία
644 4982 828 5051 μέντοι
857 4987 949 5034 τον
1017 4980 1075 5034 ἐν
1130 4979 1268 5050 αὐτῇ
1310 4981 1599 5051 ἐρωτῶντα
1631 4980 1711 5034 δι-

150 5082 330 5146 δάξαι,
360 5078 458 5134 καὶ
499 5077 684 5147 μέντοι
734 5075 828 5127 καὶ
866 5072 1106 5145 δημοσίᾳ
1141 5072 1239 5126 τού
1275 5072 1547 5143 ἐγχωρίου
1592 5073 1714 5125 ἐπι-

150 5172 452 5243 τρέψαντος
472 5167 796 5231 ἐπισκόπου,
818 5164 898 5219 ἐτι
922 5165 979 5218 δέ
1003 5166 1106 5240 ⁴καὶ
1133 5164 1463 5234 χειροτονίας
1490 5165 1715 5235 ποιῆσαι

152 5263 212 5315 ού
265 5258 593 5314 κεκώλυται.
637 5255 701 5309 El
728 5254 786 5309 δέ
829 5271 914 5320 τις
948 5256 1097 5326 παρὰ
1126 5255 1324 5322 ταῦτα,
1355 5258 1512 5324 φησι,
1545 5255 1716 5326 πράτ-

153 5368 258 5405 των
289 5346 597 5421 φωραθείη,
627 5345 728 5414 τῆς
772 5345 871 5414 μὲν
912 5344 1221 5415 ἐπισκοπῆς
1247 5344 1525 5412 παυέσθω,
1566 5346 1632 5400 τὰ
1660 5345 1715 5400 δέ

153 5442 245 5497 τοῦ
314 5439 693 5514 πρεσδυτέρου
755 5438 1094 5510 ἐνεργείτω,
1145 5438 1470 5510 ἀντίρροπον
1531 5437 1610 5510 τῷ
1657 5437 1718 5505 ἐξ

154 5539 443 5608 ἐπάρσεως
475 5525 782 5605 πταίσματι
809 5534 909 5605 τὴν
942 5536 1016 5610 ἐν
1045 5532 1123 5604 τῷ
1165 5531 1573 5605 πρεσϐυτερείῳ
1617 5549 1718 5586 τας

156 5620 414 5683 πείνωσιν
442 5626 779 5697 ὑπενεγκῶν·
811 5625 933 5680 ἐπεὶ
971 5625 1160 5680 καὶτὰ
1188 5625 1406 5678 ἐναντία
1431 5624 1541 5677 τῶν
1564 5625 1720 5678 ἐναν-

156 5726 286 5777 τίων
317 5723 477 5792 ῖσμεν
509 5720 714 5790 ἰάματα
737 5736 752 5752 ο
786 5719 848 5773 ού
877 5719 986 5791 γὰρ
1026 5717 1152 5774 ἄλλο
1183 5736 1237 5772 τι
1267 5717 1440 5790 τούτῳ
1469 5717 1720 5791 ἡμάρτη-

159 5832 250 5870 ται
287 5815 501 5878 τελείας
539 5811 692 5878 ἄξιον
722 5811 1124 5883 καθαιρέσεως.
1490 5827 1496 5836 ·

477 5911 746 5970 ιἰτιιοι..
795 5908 908 5968 Gn.
956 5904 1213 5970 CXLIV.

1812 4605 1926 4688 Hoc
1950 4617 2131 4663 autem
2158 4609 2205 4663 ei
2229 4623 2547 4665 concessum
2577 4616 2682 4675 est,
2727 4611 2870 4681 quod
2891 4624 3000 4667 non
3022 4611 3145 4674 sint
3179 4611 3378 4669 ibidem

1814 4700 2052 4772 episcopi
2067 4699 2159 4770 qui
2177 4701 2348 4772 plenae
2371 4701 2575 4774 synodo
2588 4704 2841 4774 cogenda:
2861 4704 2994 4761 satis
3013 4719 3135 4760 esse
3150 4705 3378 4776 possint.

1885 4794 2072 4862 Porro,
2108 4794 2178 4849 20
2208 4811 2258 4850 vt
2287 4811 2406 4868 syn.
2439 4810 2617 4851 canon
2673 4796 2929 4868 episeopo
2958 4796 3012 4852 in
3065 4797 3284 4854 civitate
3313 4799 3378 4853 ad

1815 4901 1876 4942 se
1904 4903 2013 4942 non
2065 4888 2371 4958 pertinente
2411 4888 2627 4960 publice
2676 4890 2873 4945 docere
2920 4905 3032 4946 non
3074 4891 3375 4960 permittit;
3462 4875 3470 4883 ’

1815 4976 2064 5048 privatim
2100 4985 2280 5034 autem
2343 4977 2768 5051 interrogantem
2803 4978 3021 5047 docere,
3067 4991 3119 5036 et
3163 4981 3380 5052 publice

1815 5068 1980 5124 etiam
2001 5083 2124 5124 cum
2155 5069 2390 5142 regionis
2420 5068 2579 5125 istius
2604 5070 2847 5142 episcopi
2879 5069 3253 5140 permissionc,
3279 5087 3382 5126 nec

1817 5175 1930 5215 non
1961 5161 2335 5218 ordinationes
2382 5161 2562 5218 facere
2616 5177 2724 5217 non
2755 5163 3098 5239 prohibetur.
3158 5163 3213 5218 Si
3261 5164 3384 5235 quis

1820 5259 2004 5308 autem
2051 5261 2248 5324 praeter
2293 5254 2412 5310 hac
2458 5254 2634 5310 facere
2657 5254 3035 5325 deprehensus
3077 5254 3262 5319 fuerit,
3315 5256 3383 5306 ab

1819 5344 2134 5416 episcopatu
2173 5356 2374 5411 cesset,
2419 5349 2719 5418 presbyteri
2752 5364 2882 5404 vero
2909 5363 3135 5403 munere
3187 5347 3382 5416 funge-

1822 5446 1952 5506 tur;
1986 5438 2419 5496 bumiliationem
2475 5427 2684 5496 scilicet
2733 5440 2789 5496 in
2827 5438 3165 5513 presbyterio
3209 5439 3384 5509 culpa:

1823 5547 1888 5588 ex
1917 5533 2174 5604 superbia
2200 5535 2398 5607 genita:
2425 5535 2727 5606 oppositam
2759 5549 2974 5606 passus.
3004 5533 3218 5590 Scimus
3239 5537 3380 5587 enim

1825 5625 2099 5680 contraria
2155 5627 2444 5682 contrariis
2493 5627 2696 5682 sanari.
2747 5624 2935 5695 Neque
2955 5625 3102 5681 enim
3134 5625 3280 5679 aliud
3316 5626 3384 5680 ab

1820 5729 1890 5773 eo
1921 5726 2200 5788 peccatum
2240 5727 2324 5775 est
2349 5717 2586 5791 perfecta
2619 5717 2955 5791 depositione
2985 5715 3230 5789 dignum.

2829 5904 2901 5968 34
