4042 6294
273 379 409 452 ms

1229 389 1643 457 SYNTAGMA
1683 393 2311 462 ALPHABETICUM.
2343 419 2412 435 ο·-
2452 397 2521 463 Β.

3394 398 3534 467 1166

269 518 389 554 met
418 497 728 570 φυλάττειν,
775 500 871 556 καὶ
904 500 980 575 μὴ
1019 502 1444 579 κατατᾶμνεινη
1479 505 1842 578 διαφθείρειν,

1959 518 2284 564 conservare
2311 506 2488 578 jubet,
2519 514 2573 562 et
2605 521 2712 565 non
2749 507 3107 566 conscindere
3156 518 3253 565 aut
3286 524 3534 566 corrum-

272 592 403 664 μηδὲ
463 593 579 657 τοῖς
640 592 1088 665 βιϐλιοκαπήλοις
1143 596 1475 668 ἢμυρεψοῖς
1537 597 1849 653 ἀποδιδόναι

271 686 404 749 πρὸς
426 685 757 757 ἀφανισμὸν,
812 687 861 741 εί
907 690 979 759 μή
1005 705 1061 741 τι
1083 688 1191 757 ἄρα
1214 691 1396 745 τέλεον
1418 689 1524 745 ὐπδ
1579 688 1782 760 σητῶν,
1811 688 1846 759 ἢ

271 777 483 846 ὓδατος,
521 779 554 849 ἢ
580 779 756 849 ἑτέρῳ
782 782 972 852 τρόπῳ
1004 774 1332 853 ἀχρειωθείη
1357 798 1375 813 ο
1407 783 1500 837 τὸν
1522 781 1579 836 δὲ
1603 780 1848 836 τοιοῦτόν

267 888 320 924 τι
354 872 528 925 ποιεῖν
558 873 917 944 ἁλισκόμενον
963 874 1052 929 ἐπ’
1081 874 1329 931 ἐνιαυτὸν
1352 875 1735 946 ἀφορίζεσθαι.

948 1052 1157 1121 Νόμοι.

339 1138 418 1195 Τὰ
478 1142 621 1196 κατὰ
672 1144 1021 1213 Χριστιανῶν
1069 1142 1485 1214 συγγράμματα
1535 1143 1848 1216 Πορφυρίου

271 1233 362 1287 καὶ
388 1233 565 1288 ἄλλων
590 1236 884 1307 αἱρετικῶν
921 1236 1292 1304 καιέσθωσαν,
1317 1241 1411 1291 καὶ
1430 1236 1498 1290 τὰ
1521 1236 1846 1311 Νεστορίου,

272 1328 364 1380 καὶ
388 1328 488 1381 ὅσα
541 1328 617 1400 μὴ
655 1333 937 1399 συμφωνεῖ
986 1334 1108 1392 ταῖς
1158 1330 1470 1402 ἐνΝιιιαία
1500 1330 1595 1382 καὶ
1639 1329 1850 1402 Ἐφέσῳ

271 1420 534 1487 συνόδοις,
572 1422 667 1473 καὶ
725 1421 983 1494 Κυρίλλῳ
1023 1423 1103 1494 τῷ
1147 1421 1583 1496 ’Δλεξανδρείας,
1619 1414 1696 1475 ὧν
1746 1421 1849 1475 οὐκ

270 1511 385 1565 ἔστι
417 1512 735 1584 παρεξιέναι
763 1515 865 1588 τὴν
889 1515 1097 1571 πίστιν.
1152 1515 1219 1570 Οί
1264 1514 1324 1569 δὲ
1352 1514 1420 1568 τὰ
1476 1514 1737 1587 λεχθέντα
1768 1512 1850 1582 βι-

272 1603 394 1657 ϐλία
419 1606 635 1675 ἔχοντες
663 1606 760 1660 καὶ
788 1607 1255 1678 ἀναγινώσκοντες
1310 1606 1554 1679 ἐσχάτως
1585 1604 1851 1678 τιμωρεί-

272 1695 511 1753 σθωσαν.

340 1791 404 1846 Οί
430 1791 830 1864 μαθηματικοὶ,
865 1795 942 1867 μὴ
970 1795 1219 1862 καίοντες
1259 1799 1354 1853 ἐπὶ
1383 1800 1491 1855 τῶν
1531 1800 1849 1855 ἐπισκόπων

1949 614 2120 677 pere;
2150 614 2328 670 neque
2354 600 2622 656 librorum
2656 604 3126 673 cauponatoribus
3156 611 3252 657 aut
3287 619 3537 672 unguen-

1950 691 2106 750 lariis
2153 691 2429 762 perituros
2479 692 2736 760 tradere;
2792 694 2898 749 nisi
2947 694 3141 765 utique
3205 696 3431 749 omnino
3504 710 3535 749 a

1949 783 2133 851 tineis,
2168 786 2251 839 vel
2283 799 2447 854 aqua,
2483 784 2567 838 vel
2602 784 2713 839 alio
2747 785 2908 839 modo
2941 785 3163 840 inutiles
3197 785 3390 839 redditi
3420 785 3537 837 iue-

1949 873 2063 927 rint
2089 890 2103 928 :
2128 888 2255 931 eum
2286 882 2469 928 autem
2503 874 2594 946 qui
2624 876 2699 931 ita
2730 875 2909 933 facere
2938 876 3311 947 deprehensus
3343 877 3437 946 sit,
3479 877 3534 934 in

1948 980 2152 1022 annum
2191 967 2487 1039 segregari.

2648 1058 2832 1134 Leges.

2018 1153 2306 1226 Porphyrii
2397 1155 2743 1226 aliorumque
2830 1154 3208 1211 haaretleorum
3267 1154 3534 1212 adversus

1948 1245 2299 1304 Christianos
2342 1248 2465 1306 libri
2516 1251 2945 1313 comburantur;
2984 1244 3219 1305 Nestorii
3258 1248 3443 1307 etiam.
3478 1256 3536 1302 et

1949 1338 2264 1408 quicunque
2286 1336 2509 1397 Nicaeno
2534 1337 2925 1410 Epliesinoque
2953 1340 3226 1407 conciliis,
3252 1349 3307 1395 et
3332 1338 3539 1409 Cyrillo

1949 1431 2343 1496 Alexandrino,
2398 1448 2632 1503 quorum
2694 1430 2851 1488 (idem
2907 1434 3171 1491 excedere
3215 1448 3327 1488 non
3386 1433 3534 1498 licet,

1950 1540 2059 1580 non
2099 1532 2433 1578 consonent.
2483 1524 2589 1593 Qui
2634 1534 2813 1583 autem
2845 1524 3023 1581 dictos
3053 1525 3226 1581 libros
3256 1523 3458 1580 habent
3481 1533 3538 1581 et

1950 1617 2157 1690 legunt,
2190 1617 2385 1675 ultimo
2430 1617 2701 1693 supplicio
2739 1618 3068 1696 uinciantur.

2022 1795 2397 1854 Mathematici
2444 1799 2536 1870 qui
2606 1784 2792 1856 coram
2847 1799 3121 1872 episcopis
3176 1798 3346 1856 libros
3401 1815 3535 1858 suos

272 1880 374 1946 τὰς
422 1859 643 1953 premas;
691 1859 898 1955 αὐτῶν,
929 1859 1052 1944 ’καὶ
1098 1892 1165 1960 τῇ
1201 1859 1467 1965 εὐσεϐείᾳ
1500 1893 1847 1965 προσιόντες,

1959 1905 2063 1947 non
2096 1904 2471 1959 concremant,
2503 1908 2681 1964 neque
2707 1894 2773 1948 ad
2805 1892 3170 1950 orthodoxam
3201 1892 3359 1947 ﬁdem
3381 1907 3537 1948 acce-

271 1976 455 2047 πάσης
485 1977 835 2035 ἀπωθοῦνται
868 1982 1078 2046 πόλεως
1101 1997 1114 2012 ⁶
1142 1984 1525 2055 εὑρισκόμενοι
1560 1988 1617 2042 δὲ
1646 1988 1703 2040 ὲν
1729 1989 1852 2052 ταῖς

269 2068 481 2137 πόλεσι,
512 2071 1019 2143 δεπορτατεύονται,
1044 2076 1163 2148 ἦτοι
1200 2078 1568 2148 ἐξορίζονται.

349 2161 411 2215 Ὀ
442 2162 584 2233 ἔχων
610 2164 793 2235 βιϐλία
811 2168 1149 2240 Μανιχαῖκὰ,
1194 2172 1287 2224 καὶ
1314 2171 1392 2245 μὴ
1422 2172 1675 2246 φανερῶν
1708 2172 1852 2231 αὐτὰ

266 2254 362 2313 ἐπὶ
391 2256 470 2328 τῷ
494 2258 785 2329 καυθῆναι,
810 2265 1167 2333 τιμωρεῖται.

337 2346 407 2401 Oi
465 2348 685 2421 ἔχοντες
733 2353 805 2409 τὰ
859 2354 1103 2429 Σεϐήρου
1164 2357 1579 2433 συγγράμματα
1640 2359 1736 2416 καὶ
1774 2359 1853 2433 μὴ

265 2439 515 2506 καίοντες
546 2444 712 2513 αὐτὰ,
741 2449 1221 2525 χειροκοποῦνται.

261 2553 522 2621 ΚΕΦΑΛ.
565 2556 669 2622 ιβ’.
702 2560 843 2637 Περί
880 2560 1001 2637 τῶν
1025 2563 1358 2637 βιοθανῶν,
1390 2564 1526 2637 ἤτοι
1564 2566 1686 2623 τῶν
1709 2567 1852 2624 ἐαυ-

730 2631 887 2700 ’τοὺς
917 2631 1353 2703 ἀναιρούντων.

334 2718 480 2785 Τούς
511 2718 783 2793 βιοθανεῖς
837 2725 867 2778 ό
899 2723 1312 2796 ’Δλεξανδρείας
1349 2729 1638 2799 Τιμόθεος,
1692 2734 1752 2786 ὲν
1786 2732 1851 2786 ιδ’

261 2815 479 2885 κανόνι,
501 2813 603 2885 τῆς
631 2815 890 2880 εἰωθυίας
920 2817 1061 2889 ὐπὲρ
1094 2819 1205 2873 τῶν
1236 2821 1485 2876 εὐσεϐῶν
1509 2814 1850 2892 προσφορᾶς,

261 2908 358 2965 και
411 2906 602 2978 εὐχῆς,
655 2907 753 2966 καὶ
801 2907 1149 2987 ψαλμῳδίας,
1201 2914 1427 2985 καὶτῆς
1480 2914 1853 2985 νομιζομένης

258 3001 441 3071 ὁσίας,
473 3002 765 3073 στέρεσθαι
803 3004 984 3073 sese?
1035 3006 1150 3061 ὅσοι
1202 3005 1406 3082 δηλαδὴ
1459 3006 1551 3061 τὸν
1590 3007 1852 3079 λογισμὸν

1951 1984 2112 2049 dunt,
2166 1984 2315 2040 omni
2378 1986 2597 2042 civitate
2650 1985 2939 2057 pellantur.
2991 1984 3197 2040 inventi
3239 1993 3430 2038 autem
3479 1984 3533 2038 in

1947 2076 2285 2142 civitatibus,
2332 2078 2690 2151 deportantur
2724 2080 2839 2135 sive
2865 2078 3316 2135 exterminantur.

2022 2169 2137 2241 59
2171 2169 2276 2237 Qui
2308 2169 2739 2228 Manichaeorum
2776 2172 2950 2228 libros
2989 2171 3179 2237 habet,
3210 2179 3265 2225 et
3311 2183 3422 2224 non
3472 2167 3528 2222 in

1950 2265 2311 2336 propatulum
2346 2263 2558 2337 profert
2593 2274 2654 2321 ut
2682 2268 3131 2327 concrementur,
3160 2262 3407 2331 punitur.

2025 2358 2130 2425 Qui
2167 2357 2358 2414 Severi
2393 2358 2569 2415 libros
2610 2358 2839 2427 habent,
2878 2366 2934 2414 et
2961 2356 3183 2416 eosdem
3226 2370 3335 2414 non
3376 2368 3532 2411 ceru-

1952 2448 2186 2517 burunt,
2214 2449 2473 2505 manibus
2508 2451 2862 2505 mutilantur.
3198 2498 3207 2509 .

2018 2559 2177 2619 CAP.
2236 2559 2354 2617 ΧΙΙ.
2408 2560 2491 2617 De
2544 2552 2613 2618 iis
2661 2560 2753 2629 qui
2802 2561 2907 2616 vim
2955 2558 3066 2616 sibi
3114 2558 3381 2630 inferunt,
3428 2558 3539 2614 sive

2614 2632 2863 2688 suicidis.

2029 2723 2140 2781 Eos
2169 2728 2418 2799 quivrm
2465 2725 2571 2781 sibi
2608 2725 2876 2790 inferunt,
2922 2723 3249 2781 Timotheus
3297 2722 3538 2777 Alexan-

1952 2819 2151 2879 drinus
2198 2821 2253 2877 in
2296 2821 2384 2877 Η.
2430 2836 2558 2876 can.
2596 2820 2803 2876 usitata
2850 2834 2950 2891 pro
2996 2819 3102 2890 piis
3141 2817 3444 2882 oblatione,
3475 2824 3532 2873 et

1954 2913 2232 2981 oratione,
2260 2923 2317 2970 et
2358 2913 2691 2985 psalmodia,
2723 2922 2780 2969 et
2825 2911 2991 2968 solita
3032 2910 3280 2981 piatione
3319 2907 3529 2978 privari

1948 3005 2109 3076 jubet
2142 3023 2157 3059 :
2183 3016 2460 3076 quotquot
2486 3006 2744 3062 videlicet
2774 3019 2907 3060 sana
2953 3001 3171 3058 ratione
3212 2998 3450 3070 praediti,
3480 3006 3540 3053 et

261 3093 397 3165 ὑγιᾶ
420 3096 777 3169 κεκτημένοι,
812 3097 907 3151 καὶ
930 3097 1008 3170 μὴ
1041 3097 1139 3164 τὰς
1170 3098 1374 3174 φρένας
1408 3099 1517 3154 ὑπὸ
1547 3098 1706 3155 νόσου
1749 3117 1851 3153 πα-

1959 3115 2067 3155 non
2102 3115 2214 3172 prae
2241 3100 2438 3158 morbo
2470 3099 2676 3155 mentis
2696 3107 2927 3170 expotes
2958 3095 3109 3163 iacti,
3149 3104 3368 3165 propter
3396 3107 3536 3149 mte-

262 3187 667 3260 ρατραπέντες,
704 3188 793 3243 διὰ
814 3189 1049 3266 λύπηνῆ
1077 3194 1470 3269 μικροψυχίαν,
1501 3194 1566 3247 ἐκ
1593 3192 1782 3265 φόϐου,
1806 3191 1842 3264 ἢ

1959 3209 2163 3260 rorem,
2197 3194 2281 3252 vel
2305 3192 2686 3259 timiditatem,
2719 3206 2831 3263 prae
2859 3197 3029 3253 metu,
3056 3186 3143 3242 vel
3167 3184 3535 3245 insultatione

262 3282 534 3361 δπηρείας
568 3283 911 3359 ἡστινοσοῦν,
944 3287 1175 3351 ἑαυτοὺς
1206 3286 1623 3360 διεχειρίσαντο.

941 3381 1165 3452 Νόμος.

348 3469 413 3527 '0
445 3471 639 3528 ἑαυτὸν
661 3472 893 3543 ἀνελὼν,
924 3477 960 3551 ἢ
986 3474 1196 3531 ἀνελεῖν
1223 3469 1603 3549 ἐπιχειρήσας,
1630 3475 1719 3537 διὰ
1758 3474 1854 3546 φό-

263 3561 362 3619 ϐον
407 3566 759 3637 ἐγκλήματος
811 3570 909 3624 καὶ
941 3570 1020 3641 μὴ
1050 3568 1141 3624 διὰ
1190 3572 1366 3637 νόσον,
1410 3573 1738 3641 τιμωρεῖται
1774 3568 1852 3634 ὡς

263 3657 476 3721 ἀνελὼν
506 3659 718 3733 ἕτερον,
754 3664 851 3718 καὶ
880 3664 913 3735 ἠ
960 3662 1118 3724 οὐσία
1147 3663 1315 3723 αὐτοῦ
1346 3663 1665 3737 δημεύεται.

600 3839 855 3895 ΚΕΦΑΛ.
886 3838 988 3898 il”.
1031 3839 1174 3910 Περὶ
1203 3840 1526 3905 βισέκτου.

340 3930 419 3985 Τὸ
451 3930 547 3987 τοῦ
564 3929 863 3998 βισέκτου
899 3933 1074 4004 δνομα
1123 3932 1433 4002 Ῥωμαϊκόν
1489 3935 1628 4000 ἐστι,
1656 3930 1856 4006 δηλοῦν

265 4025 330 4079 τὸ
360 4024 443 4089 δὶς
475 4025 536 4095 ἓξ
558 4039 572 4055 ο
606 4025 662 4078 αἱ
694 4026 801 4094 γὰρ
839 4023 1156 4095 Ῥωμαϊκαὶ
1194 4024 1366 4092 λέξεις
1398 4025 1520 4078 ἀντὶ
1547 4010 1643 4078 τοῦ
1666 4027 1694 4078 δ
1727 4024 1789 4077 τὸ
1822 4023 1854 4093 β

264 4118 781 4191 προσλαμϐάνουσι.
797 4120 1032 4187 Λέγεται
1060 4119 1115 4171 δὲ
1139 4118 1304 4186 οὕτω,
1327 4117 1418 4173 διὰ
1443 4117 1501 4171 τὸ
1524 4117 1606 4181 δὶς
1629 4117 1692 4185 ἓξ
1712 4114 1856 4171 εἶναι

265 4211 371 4274 τὰς
400 4209 547 4280 ὥρας
573 4210 673 4280 τῆς
695 4210 1134 4281 προστιθεμένης
1154 4211 1366 4282 ἡμέρας
1387 4209 1465 4279 τῷ
1481 4209 1856 4283 Φεϐρουαρίῳ,

1949 3297 2304 3357 quacunque,
2330 3284 2439 3342 sibi
2478 3299 2676 3341 manus
2705 3282 2980 3338 violentas
3004 3277 3316 3335 intulerint.

2667 3375 2801 3431 Lex.

2021 3475 2130 3545 Qui
2159 3473 2266 3536 sibi
2306 3480 2548 3528 mortem
2589 3466 2885 3533 conscivit,
2927 3473 3023 3521 aut
3055 3461 3407 3520 consciscere
3437 3473 3537 3520 co-

1938 3575 2119 3633 natus
2148 3574 2255 3633 est,
2284 3572 2508 3635 propter
2541 3558 2798 3619 criminis
2825 3567 3067 3625 metum,
3092 3564 3149 3611 et
3173 3570 3281 3610 non
3312 3562 3539 3625 propter

1952 3661 2233 3731 morbum,
2291 3655 2546 3727 punitur,
2613 3662 2676 3707 ut
2736 3650 2833 3721 qui
2887 3649 3060 3705 alium
3126 3644 3426 3711 interiecit,
3483 3651 3541 3699 et

1954 3750 2271 3812 substantia
2296 3748 2419 3819 ejus
2454 3744 2795 3817 publicatur.

2257 3838 2411 3895 CAP.
2452 3836 2597 3893 Xlll.
2643 3834 2717 3890 De
2763 3848 2905 3888 anno
2936 3830 3223 3892 bissemtili.

2029 3936 2326 3990 Βίσειιστον
2368 3929 2566 3989 Latina
2610 3943 2715 3985 vox
2746 3936 2853 3993 est,
2884 3922 3210 3996 signiﬁcans
3253 3919 3341 3978 bis
3385 3932 3529 3976 sex:

1955 4045 2123 4093 voces
2151 4028 2299 4085 enim
2336 4024 2547 4081 Latinae
2580 4021 2859 4093 accipiunt
2904 4018 2944 4072 Β
2983 4033 3082 4089 pro
3119 4016 3183 4077 ι),
3234 4014 3312 4069 Ita
3343 4022 3527 4069 autem

1958 4126 2185 4189 dicitur,
2225 4120 2371 4192 quod
2402 4117 2524 4174 dies
2563 4124 2617 4172 et
2656 4130 2764 4171 nox
2800 4110 3108 4170 Februario
3149 4109 3371 4173 addita,
3414 4102 3535 4162 sin;

1959 4219 2102 4289 gula:
2138 4215 2224 4270 bis
2278 4228 2375 4279 se:
2422 4210 2587 4267 horas
2616 4206 2987 4269 contineant,
3029 4203 3125 4273 qui
3149 4202 3379 4273 quidem
3414 4197 3535 4289 dies

265 4306 364 4359 καὶ
393 4304 477 4366 δὶς
506 4303 567 4369 ἐξ
591 4304 691 4379 τῆς
714 4304 935 4369 νυκτὸς,
966 4304 1090 4377 ῆτις
1118 4307 1265 4357 κατᾶ
1296 4303 1618 4375 τετραετίαν
1664 4303 1851 4356 εἴωθεν

1961 4288 2162 4379 quarto
2195 4304 2446 4378 quolibet
2487 4318 2633 4357 anno
2674 4299 2865 4371 perfici
2896 4297 3128 4364 solebat,
3169 4296 3367 4365 quarta
3415 4288 3534 4345 diei

267 4393 699 4469 ἀπαρτίζεσθαι,
728 4393 822 4451 τοῦ
859 4393 1272 4469 περιττεύοντος
1296 4394 1733 4465 τεταρτημορίου
1760 4392 1851 4463 τῆς

1964 4412 2141 4475 parte,
2168 4415 2291 4471 quas
2322 4397 2557 4469 singulis
2587 4394 2749 4451 annis
2768 4392 3089 4473 excedebat,
3109 4399 3240 4445 tunc
3267 4396 3536 4456 temporis

266 4485 489 4559 ἡμέρας
518 4486 644 4541 καθ’
667 4485 899 4543 ἕκαστον
928 4487 1175 4549 ἐνιαυτὸν
1208 4486 1291 4549 είς
1314 4484 1446 4554 μίαν
1474 4484 1689 4556 ἡμέραν
1712 4502 1865 4556 τηνι-

1968 4500 2021 4554 in
2072 4513 2240 4560 unum
2271 4495 2415 4550 diem
2460 4492 2809 4562 composita;
2857 4488 2973 4544 iste
3014 4496 3196 4541 autem
3234 4481 3535 4538 Februario

274 4577 460 4632 καῦτα
496 4576 911 4648 συντιθεμένου,
950 4578 1077 4648 ἥτις
1126 4577 1221 4631 καὶ
1259 4575 1613 4647 προστίθεται
1663 4577 1742 4650 τῷ
1769 4579 1851 4631 Φε-

1970 4589 2256 4663 adjieitur,
2310 4595 2367 4642 et
2426 4584 2625 4640 exinde
2669 4581 2739 4641 ﬁt,
2761 4579 2907 4653 quod
2943 4578 3061 4635 dies
3097 4576 3298 4631 habeat
3340 4573 3436 4639 ‘29,
3482 4579 3540 4629 et

267 4668 569 4739 ϐρουαρίῳ,
606 4665 682 4732 ὡς
717 4663 862 4723 εἰναι
912 4670 1011 4738 τὰς
1060 4668 1254 4751 τούτου
1303 4669 1521 4741 ἡμέρας
1548 4664 1656 4736 κθ’,
1680 4669 1781 4735 τὰς
1805 4670 1863 4724 δὲ
1964 4698 2144 4745 annus
2176 4680 2302 4737 566,

264 4761 368 4815 τοῦ
402 4759 654 4815 ἐνιαυτοῦ
689 4760 908 4833 ἡμέρας
934 4762 1081 4830 τξς¹.

340 4853 553 4925 Συνέϐη
577 4853 635 4906 δὲ
670 4853 849 4926 τούτῳ
877 4857 972 4909 καὶ
1008 4855 1309 4927 ἀλλαχόθεν
1349 4856 1450 4929 τὴν
1482 4857 1858 4930 προσηγορίαν

266 4946 476 5017 ταύτην
523 4945 733 5006 λαϐεῖν.
791 4947 886 5011 Et;
930 4948 1059 5020 τρία
1087 4948 1309 5021 διῄρουν
1336 4950 1387 5003 οἱ
1448 4950 1715 5021 Ῥωμαῖοι
1748 4951 1857 5004 τῶν

2031 4860 2276 4931 Contigit
2333 4864 2601 4928 praeterea
2649 4850 3071 4922 appeliationcm
3127 4848 3268 4902 hanc
3311 4846 3537 4901 aliunde

1963 4956 2198 5014 desumi.
2236 4950 2473 5008 Romani
2504 4947 2776 5003 mensium
2810 4944 2930 5000 dies
2975 4942 3029 4997 in
3058 4940 3163 4996 tria
3199 4940 3534 4999 diviserunt.

274 5041 466 5112 μηνῶν
488 5041 586 5102 τὰς
626 5040 841 5112 ἡμέρας
863 5054 877 5070 '
911 5040 1127 5104 καὶτὰς
1162 5041 1263 5111 μὲν
1309 5039 1605 5111 ὠνόμαζον
1660 5041 1851 5095 καλάν-

1961 5047 2101 5104 alios
2129 5041 2434 5107 Kalendas,
2492 5040 2631 5101 alios
2687 5037 2898 5101 Nonas,
2936 5035 3076 5090 alios
3108 5050 3237 5092 vero
3265 5033 3393 5089 ldus
3426 5048 3533 5088 no-

269 5131 369 5194 δας
391 5146 405 5161 ·
438 5132 535 5194 τὰς
556 5131 636 5199 δὲ,
663 5132 855 5194 νόννας
875 5148 891 5165 ·
923 5132 1021 5196 τὰς
1040 5132 1119 5199 δὲ,
1144 5132 1339 5201 εἰδοὺς,
1358 5134 1468 5187 ἀπό
1495 5149 1657 5187 τινων
1683 5134 1855 5204 τριῶν

280 5223 578 5292 Ῥωμαίων
611 5222 957 5294 εὐπατριδῶν
1005 5223 1149 5276 οὕτω
1186 5222 1503 5294 κληθείσας,
1540 5224 1600 5277 ὲν
1638 5226 1853 5294 καιροῖς

270 5314 467 5388 λοιμοῦ
502 5313 819 5385 θρεψάντων
838 5316 967 5380 τούς
994 5316 1053 5375 ὲν
1078 5318 1145 5387 τῇ
1187 5315 1399 5389 Ῥώμῃ.
1436 5316 1549 5370 Καὶ
1593 5316 1854 5373 καλάνδαι

276 5408 381 5480 μὲν
435 5408 688 5479 ἐλέγοντο
734 5408 866 5480 παρ’
901 5409 1087 5473 αὐτοῖς
1116 5409 1173 5462 αί
1228 5410 1357 5481 παρ’
1388 5408 1617 5479 Ἕλλησι
1649 5425 1853 5481 νουμη-

274 5500 423 5553 νίαιο
458 5502 551 5556 ἐπὶ
584 5498 685 5579 μὲν
711 5500 961 5572 Μαρτίου
991 5500 1087 5554 καὶ
1135 5501 1340 5567 Μαΐου,
1388 5500 1613 5555 Ἰουλίου
1646 5517 1706 5553 τε
1754 5499 1852 5554 καὶ

287 5592 650 5666 Ὀκτωϐρίου,
684 5594 791 5649 ἀπὸ
845 5594 944 5662 τῆς
1006 5592 1234 5665 πρώτης
1262 5594 1429 5665 μέχρι
1475 5595 1572 5666 τῆς
1601 5592 1646 5658 ζ’
1668 5610 1686 5626 °
1716 5596 1772 5648 ai
1793 5594 1850 5647 δὲ

187 5673 192 5676 ’
280 5686 400 5760 μετ’
423 5687 597 5753 αὐτὰς
626 5688 789 5753 εὐθὺς
824 5687 1075 5758 λέγονται
1103 5687 1307 5756 νόνναι,
1342 5686 1505 5763 μέχρι
1547 5690 1647 5759 τῆς
1675 5686 1759 5755 ιε’,
1791 5689 1846 5742 αί

275 5781 337 5835 δὲ
362 5779 569 5850 λοιπαὶ,
592 5782 744 5839 εἰδοί.
792 5780 916 5837 Ἐπὶ
942 5782 999 5837 δὲ
1027 5781 1143 5837 τῶν
1166 5781 1343 5837 ἄλλων
1366 5782 1585 5837 πάντων
1641 5780 1845 5853 μηνῶν,

280 5869 385 5941 τὰς
418 5870 518 5942 μιν
548 5874 739 5939 νόννας
761 5873 869 5930 ἀπὸ
906 5872 1008 5945 τῆς
1033 5871 1074 5928 ε’
1096 5872 1285 5944 ελεγον
1312 5870 1406 5930 τοῦ
1443 5872 1633 5946 μηνὸς,
1663 5872 1760 5938 τὰς
1788 5873 1845 5927 δὲ

1961 5139 2263 5200 minantes,
2295 5149 2324 5189 a
2351 5134 2529 5188 tribus
2556 5131 2882 5202 proceribus
2908 5128 3173 5185 Romanis
3208 5127 3292 5184 sic
3326 5127 3532 5192 dictos,

1957 5229 2132 5301 quiin
2169 5227 2333 5282 famis
2356 5224 2701 5295 temporibus
2722 5222 3003 5279 Romanos
3030 5221 3369 5277 nutriebant.
3419 5218 3531 5274 Ka-

1958 5321 2132 5377 lendae
2150 5322 2217 5375 ab
2232 5320 2301 5375 iis
2317 5320 2477 5375 dictae
2496 5327 2642 5384 sunt,
2661 5332 2802 5387 quas
2815 5315 2989 5371 Graeci
3013 5313 3293 5370 novilunia
3311 5321 3535 5380 vocant,

1957 5431 2146 5472 mense
2168 5414 2388 5477 Martio,
2422 5412 2585 5474 Maio,
2610 5410 2758 5465 Julio
2805 5418 2859 5465 et
2889 5408 3138 5475 Octobri,
3178 5422 3207 5462 a
3236 5408 3417 5477 primo
3442 5405 3533 5463 die

1955 5524 2127 5579 usque
2144 5508 2210 5562 ad
2230 5507 2547 5576 septimum,
2562 5504 2680 5560 dies
2697 5513 2878 5560 autem
2894 5502 3141 5573 proxime
3154 5511 3447 5573 sequentes
3461 5500 3531 5554 ad

1953 5616 2023 5656 xv
2052 5598 2218 5655 Nona:
2237 5599 2588 5663 dicebautur,
2622 5596 2819 5667 reliqui
2853 5609 2983 5651 vero
3000 5594 3152 5651 ldus.
3184 5591 3242 5649 In
3272 5593 3534 5650 omnibus

1954 5708 2084 5748 vero
2114 5692 2345 5763 reliquis
2373 5691 2656 5748 mensibus
2698 5688 2881 5744 Nonas
2921 5702 2951 5744 a
2976 5686 3175 5759 quinto
3201 5685 3409 5742 mensis
3439 5683 3533 5740 die

1951 5782 2337 5849 numerabant,
2360 5781 2487 5837 ldus
2512 5796 2644 5838 vero
2663 5797 2692 5837 a
2722 5796 2845 5837 xm.
2865 5780 3097 5850 Propter
3116 5779 3263 5835 hanc
3293 5778 3534 5848 ineque-

1950 5863 2178 5933 litatem‘
2236 5884 2497 5947 sacerdos
2569 5874 2803 5951 singulis
2876 5872 3177 5932 noviluniis
3254 5870 3532 5947 populum
