4044 6294
547 327 690 395 1295

1739 319 2112 385 MANE/El
2152 317 2583 384 'BLASTARIS

3673 317 3797 384 1295

543 444 700 501 ribus
775 438 1123 513 suppeditet;
1181 445 1238 494 at
1295 452 1401 493 non
1471 450 1777 507 pauperum
1837 442 2123 506 praetextu,

2231 436 2328 487 καὶ
2349 431 2561 494 τούτοις
2595 426 2656 495 ἐξ
2686 429 2805 501 ἴσης
2835 429 2946 488 τοῖς
2990 425 3198 492 λοιποῖς
3231 426 3432 499 πένησι
3453 445 3468 461 ο
3505 429 3582 501 μὴ
3629 430 3798 501 μέντοι

544 551 667 604 qua:
702 541 831 586 sunt
860 530 1130 594 ecclesia,
1183 526 1417 584 vendat:
1455 526 1552 581 sed
1583 542 1653 582 ex
1697 526 1972 580 reditibus
2018 525 2123 581 sibi

540 629 649 701 ipsi
689 637 742 685 et
779 627 891 686 illis
919 626 1252 699 suppeditet.
1286 625 1641 696 Quaecunque
1671 622 1819 680 enim
1852 621 1965 680 Deo
1994 632 2125 680 sunt

538 729 890 786 consecrata,
930 734 998 774 ne
1021 717 1190 773 faciat
1221 714 1475 790 profana.

614 906 772 961 illinc
801 901 1069 958 verbatim
1103 916 1545 961 commemorans
1576 914 1654 956 vtt
1695 898 1886 970 synodi
1914 898 2120 954 mean.

539 999 802 1054 adducit:
855 997 913 1053 Si
971 995 1261 1067 episcopus
1315 996 1396 1052 vel
1457 993 1772 1050 monasterii
1827 993 2125 1061 prmfectus

539 1088 808 1159 t'piscopii
851 1088 934 1144 vel
975 1089 1296 1143 monasterii
1340 1104 1698 1158 quascunque
1743 1087 2124 1156 possessiones

537 1183 758 1247 alienet,
789 1189 844 1236 et
882 1179 1114 1251 principi
1140 1179 1232 1235 .vel
1274 1182 1429 1236 alteri
1457 1183 1679 1246 tradat,
1713 1183 1867 1239 irrita
1916 1182 1988 1238 sit
2016 1191 2128 1236 tra-

538 1276 695 1330 ditio.
721 1275 873 1341 Quod
908 1274 952 1330 si
982 1274 1373 1330 detrimentum
1413 1275 1594 1344 potius
1635 1292 1800 1345 quam
1834 1274 2121 1330 utilitatem

539 1364 738 1426 θσεηε
771 1384 962 1441 agrum
994 1377 1256 1425 censetur
1280 1410 1296 1434 ,
1349 1385 1414 1425 ne
1443 1370 1524 1426 sic
1557 1370 1725 1425 etiam
1770 1385 1896 1426 eum
1950 1367 2124 1438 magi-

538 1460 828 1526 stratibus,
888 1461 984 1517 sed
1044 1459 1260 1516 clericis
1318 1462 1399 1517 vel
1440 1462 1700 1532 agricolis
1728 1463 1968 1518 addicat.
2025 1459 2125 1517 Sin

539 1564 722 1609 atttem
799 1555 1099 1611 calliditate
1157 1555 1343 1626 aliqua
1411 1563 1635 1621 utatur,
1696 1567 1753 1612 et
1804 1572 1869 1613 ex
1923 1555 2124 1612 clerico

542 1647 622 1701 vel
677 1645 918 1718 agricola
970 1661 1164 1718 agrum
1221 1647 1576 1717 magistratus
1625 1664 1849 1705 rursum
1904 1649 2120 1715 emerit,

538 1743 620 1799 sic
648 1756 877 1812 quoque
919 1739 1078 1796 irrita
1113 1740 1186 1795 sit
1234 1741 1405 1807 actio,
1447 1741 1564 1796 sive
1605 1741 1678 1797 sit
1725 1741 1973 1798 venditio
2008 1742 2123 1798 sive

2227 526 2504 595 προφάσει
2532 521 2642 576 τῶν
2684 518 2883 575 ἐνδεῶν
2953 520 3020 575 τὰ
3059 520 3160 588 τῆς
3225 519 3524 588 ἐκκλησίας
3566 519 3802 591 ἀπεμποο

2227 618 2377 672 λεϊν⁴
2419 618 2483 669 ἐκ
2509 614 2567 670 δέ
2615 630 2682 683 γε
2714 613 2824 666 τῶν
2874 611 3157 682 προσόδων
3209 612 3390 681 ἐαυτῷ
3419 628 3479 666 τε
3534 613 3798 679 κἰκείνοις

2226 717 2492 781 ἐπαρκεῖν
2520 731 2534 742 ·
2569 713 2636 770 τὰ
2658 711 2764 783 γὰρ
2807 708 2887 783 τῷ
2917 709 3039 778 Θεῴ
3083 706 3498 781 καθιερωθέντα
3533 709 3631 782 ούχ
3669 710 3802 763 ὅσιον

2225 811 2493 863 ὲκποιεῑν.

2297 902 2504 958 Τοῦτον
2549 906 2694 958 κατὰ
2730 904 2888 974 ρἱμα
2922 901 3159 969 ἐπεξιὼν
3202 904 3233 955 6
3271 900 3372 971 τῆς
3408 902 3446 966 ζ’
3492 903 3707 954 συνόδου
3743 899 3801 970 ιβ’

2225 998 2606 1066 προσεπάγειο
2651 995 2985 1058 Ἐπίσκοπος
3013 996 3046 1068 ἢ
3095 996 3424 1066 ἡγούμενος,
3459 993 3612 1049 ἔστιν
3640 993 3674 1049 ἃ
3707 996 3802 1048 τῶν

2229 1089 2320 1143 τοῦ
2349 1091 2706 1145 ἐπισκοπείου
2742 1091 2774 1163 ἢ
2807 1091 2918 1144 τῶν
2951 1090 3047 1144 τοῦ
3089 1088 3464 1160 μοναστηρίου
3522 1091 3803 1159 κτημάτων

2226 1183 2645 1255 ἐκποιούμενος,
2697 1183 2793 1236 καὶ
2832 1184 3058 1256 ἄρχοντι
3101 1182 3134 1255 ἢ
3182 1182 3356 1255 ἐτέρῳ
3385 1183 3496 1237 τινὶ
3551 1183 3801 1250 ἐκδιδοὺς,

2225 1275 2430 1344 ἄκυρον
2461 1268 2604 1328 εἶναι
2637 1275 2735 1346 τὴν
2767 1274 3010 1330 ἔκδοσιν.
3048 1273 3113 1328 El
3138 1275 3196 1330 δέ
3234 1273 3629 1345 προφασίζοιτο
3656 1290 3805 1345 προσ·

2227 1370 2462 1440 ζημιοῦν
2496 1369 2758 1443 μᾶλλονῆ
2792 1370 2964 1424 ὀνῖναι
2995 1371 3085 1424 τὸν
3128 1371 3322 1440 ἀγρὸν,
3359 1373 3483 1442 μηδ’
3511 1371 3687 1436 οὕτως
3716 1370 3805 1440 ἄρ-

2227 1481 2403 1533 χουσι,
2440 1463 2724 1535 κληρικοῖς
2750 1463 2807 1518 δέ
2834 1464 2869 1538 ἢ
2898 1466 3170 1536 γεωργοῖς
3210 1465 3376 1520 αὐτὸν
3422 1465 3704 1521 ἐκδιδότω.
3740 1466 3805 1520 ει

2225 1553 2281 1610 δέ
2315 1556 2623 1628 πανουργίᾳ
2663 1557 2953 1628 χρήσαιτο,
2990 1559 3086 1610 καὶ
3127 1557 3196 1612 ἐκ
3245 1556 3342 1612 τοῦ
3397 1557 3605 1628 κλήρου
3659 1556 3803 1628 ἢτοῦ

2225 1649 2480 1720 γεωργοῦ
2515 1652 2544 1703 6
2576 1650 2763 1720 ἄρχων
2787 1649 2945 1711 αὖθις
2976 1649 3226 1721 ὠνήσατο
3249 1650 3341 1705 τὸν
3364 1650 3559 1722 ἀγρδν,
3602 1652 3697 1705 καὶ
3720 1649 3806 1704 οὗ·

2226 1760 2336 1807 τως
2355 1742 2560 1812 ἄκυρον
2595 1737 2737 1798 εἶναι
2765 1744 2865 1814 τὴν
2894 1743 3120 1814 πρᾶξιν,
3152 1745 3262 1798 εἴτε
3289 1745 3516 1815 πρᾶσις,
3543 1745 3656 1797 εἴτε
3693 1763 3808 1798 συν-

541 1837 923 1904 permntatio.
978 1843 1034 1891 et
1091 1834 1373 1906 episcopio
1438 1836 1517 1890 vel
1591 1837 1936 1892 monasterio
1998 1852 2126 1908 ager

2235 1835 2489 1914 ἁλλαγμα
2537 1836 2646 1907 εἴη,
2688 1836 2784 1890 καὶ
2829 1835 2922 1891 τὸν
2953 1834 3125 1908 ἀγρὸν
3173 1835 3255 1906 τῷ
3308 1836 3650 1907 ἐπισκοπείῳ
3679 1837 3710 1907 ἢ
3741 1833 3811 1907 τῷ

541 1927 886 1984 restituatur.
939 1923 1044 1994 Qui
1086 1937 1270 1982 autem
1309 1928 1414 1982 hoc
1464 1926 1657 1982 fecerit
1708 1928 2009 1999 episcopus
2042 1927 2128 1984 vel

539 2022 855 2094 praefectus,
903 2022 999 2078 ille
1035 2021 1262 2093 quidem
1311 2020 1382 2077 ab
1429 2021 1732 2092 episcopio,
1784 2021 1875 2078 hic
1925 2037 2065 2081 vero.
2095 2038 2128 2079 a

540 2117 880 2175 monasterio
942 2125 1292 2183 amoveatur,
1381 2125 1439 2169 ut
1497 2116 1591 2186 qui
1656 2115 1799 2170 male
1857 2115 2131 2186 dissipent

537 2225 663 2276 quise
694 2224 802 2266 non
830 2223 1260 2281 congregavere.
1307 2207 1600 2264 Ametione
1625 2218 1811 2264 autem
1857 2207 2131 2280 depositio

538 2305 766 2360 omnino
791 2299 1143 2374 intelligitur.
2061 2347 2064 2350 .

608 2396 898 2454 [iisetiam
927 2398 1204 2453 consentit
1235 2396 1690 2468 Cartltagiaensis
1718 2412 1840 2470 syn.
1873 2413 2002 2452 can.
2032 2397 2126 2465 26,

535 2492 636 2564 qui
689 2489 1101 2550 ecclesiasticas
1177 2491 1564 2561 possessiones
1633 2489 1872 2546 ‘alienari
1943 2499 2124 2556 vetat,

537 2588 670 2644 licet
699 2584 913 2641 nullum
943 2583 1175 2639 omnino
1205 2584 1434 2639 aderant
1479 2585 1741 2640 reditum.
1793 2583 1889 2640 Sin
1927 2599 2126 2654 magna

522 2688 734 2752 urgeat
782 2679 1122 2745 necessitas,
1170 2681 1238 2734 ad
1277 2679 1612 2742 'prs:ftnitos
1660 2677 1949 2733 duodecim
2004 2678 2127 2748 epi-

535 2792 759 2847 scopos,
809 2785 866 2831 et
911 2773 1187 2844 imprimis
1249 2773 1318 2830 ad
1375 2772 1610 2834 aliorum
1661 2773 1982 2837 antistitem,
2040 2788 2128 2828 res

536 2869 839 2925 deferatur.
901 2866 960 2923 Si
1025 2867 1145 2922 hoc
1200 2875 1383 2921 autem
1453 2879 1674 2937 propter
1753 2856 2126 2922 inevitabilem

541 2961 930 3019 necessitatem
982 2959 1100 3016 lieri
1146 2966 1386 3025 nequeat
1418 2999 1434 3023 ,
1463 2958 1695 3014 'viciuos
1751 2973 1967 3029 quoque
2008 2959 2128 3029 epi-

535 3070 738 3125 scopos
765 3065 934 3109 testes
979 3052 1227 3108 adhiberi
1278 3061 1515 3124 oportet,
1563 3060 1624 3106 ut
1665 3068 1798 3108 cura
1834 3053 2127 3120 habeatur,

539 3163 613 3203 ne
641 3155 898 3217 urgentes
930 3145 1315 3211 necessitates,
1360 3161 1482 3216 quae
1516 3145 1766 3202 ecclesia:
1811 3146 1958 3202 illius
1989 3162 2122 3203 con-
2151 3169 2198 3233 ρ

539 3239 818 3312 tigerunt,
856 3237 1107 3309 ignoret
1170 3237 1457 3310 synodus:
1538 3235 1687 3306 quod
1754 3235 1860 3293 nisi
1915 3236 2127 3293 edicere

542 3341 832 3404 promptus
868 3331 964 3393 sit,
1003 3338 1260 3399 tanquam
1295 3327 1406 3384 Deo
1424 3337 1482 3385 et
1515 3328 1727 3401 synodo
1757 3329 1955 3384 rationi
2004 3332 2129 3386 red-

538 3427 735 3486 dendae
773 3425 1070 3505 obnoxius,
1105 3440 1134 3479 a
1170 3423 1400 3496 proprio
1439 3423 1650 3481 honore
1681 3425 2032 3481 alienabitur.

621 3519 1133 3592 122Tricesimus
1154 3528 1344 3574 sextus
1371 3530 1554 3574 autem
1581 3518 1920 3591 presbyteris
1940 3519 2130 3577 etaliis

541 3619 759 3676 clericis
817 3631 909 3672 res
975 3615 1118 3672 ullas
1173 3613 1422 3670 ecclesia:
1455 3655 1474 3681 ,
1542 3613 1661 3669 sive
1727 3613 1958 3670 mobiles
2013 3613 2130 3671 sive

542 3711 875 3776 immobiles,
932 3709 1170 3766 vendere
1219 3707 1536 3773 interdicit,
1570 3706 1678 3762 nisi
1730 3723 1826 3762 sua
1857 3707 2129 3763 sententia

538 3805 677 3864 illttd
713 3804 983 3877 approbet
1004 3803 1319 3875 episcopus.
1352 3799 1470 3856 lmo
1505 3816 1607 3858 nec
1645 3801 1744 3872 ipsi
1775 3802 1993 3872 quidem
2023 3800 2128 3858 ltoc

541 3898 726 3955 facere
755 3911 1082 3953 concessum
1112 3902 1218 3960 est,
1255 3892 1495 3966 synodo,
1521 3893 1607 3950 cui
1646 3896 1857 3960 subest,
1890 3893 1944 3948 id
1975 3893 2130 3967 igno-

542 3998 723 4055 rante,
762 3995 823 4043 ut
860 3996 916 4042 et
950 3989 1279 4059 presbyteris
1336 3986 1456 4046 sibi
1488 3986 1771 4056 subjectis.
1802 3986 1956 4058 Ipsos
1981 3988 2126 4043 enim

540 4081 815 4137 adrerum
835 4079 1337 4137 ecclesiasticarum
1365 4078 1897 4136 administrationem
1916 4088 2132 4152 oportet

535 4175 876 4234 sufﬁcientes
929 4185 1107 4232 testes
1147 4176 1371 4240 habere,
1421 4191 1490 4230 ne
1537 4174 1873 4232 oifensiones
1918 4175 1971 4232 in
2003 4192 2130 4232 eum

540 4270 888 4326 exoriuntur.
939 4269 1157 4325 Mobilia
1207 4276 1392 4324 autem
1444 4271 1701 4335 vendere,
1753 4285 1880 4324 vasa
1943 4269 2128 4327 forsan

537 4378 724 4427 sacra.
754 4361 984 4418 omnino
1029 4360 1388 4418 interdictum
1438 4369 1564 4417 est:
1615 4362 1872 4434 episcopo
1920 4372 2127 4430 autem,

538 4457 635 4531 qni
690 4457 899 4526 absque
950 4455 1082 4510 cleri
1135 4457 1434 4523 sententia,
1470 4471 1596 4525 quae
1629 4457 1696 4512 ad
1748 4458 1950 4512 victum
2001 4468 2131 4513 sunt

2233 1929 2590 2003 μοναστηρίῳ
2619 1929 3117 1994 ἀποκαθίστασθαι,
3152 1930 3247 1983 καὶ
3271 1931 3297 1983 6
3336 1927 3498 1983 τοῦτο
3533 1933 3807 2000 σκαιωρήο

2229 2042 2331 2088 σας
2355 2021 2710 2095 ἐπίσκοποςῆ
2741 2022 3074 2095 ἡγούμενος,
3101 2023 3130 2076 6
3183 2022 3285 2094 μὲν
3315 2021 3409 2075 τοῦ
3438 2023 3810 2091 ἐπισκοπείου,

2228 2117 2258 2170 6
2288 2115 2347 2171 δέ
2403 2115 2502 2173 τοῦ
2530 2115 2908 2189 μοναστηρίου
2942 2115 3353 2188 ἐκῦεύλήσθων,
3382 2114 3456 2179 ὡς
3490 2116 3813 2189 διασκορπί-

2229 2209 2418 2278 (oves;
2458 2209 2648 2276 κακῶς
2686 2207 2724 2265 ἃ
2769 2210 2830 2266 ού
2862 2212 3176 2281 συνήγαγον
3196 2225 3214 2242 ο
3240 2211 3306 2281 τῇ
3339 2208 3536 2282 ἐκσολῒ¹
3591 2209 3650 2264 δέ
3682 2211 3812 2266 πάν-

2227 2320 2337 2369 τως
2368 2303 2797 2371 συνεξακούεται
2826 2304 2923 2359 καὶ
2950 2306 2983 2376 ὴ
3011 2299 3364 2376 καθαίρεσις.

2302 2399 2527 2466 Τούτοις
2554 2400 2647 2453 καὶ
2672 2398 2701 2452 6
2724 2403 2817 2467 κςθ
2843 2399 2941 2467 τῆς
2968 2399 3026 2452 ἐν
3043 2399 3378 2476 Καρθαγένῃ
3397 2400 3813 2472 ἐπιψηφίζεται,

2227 2493 2325 2549 καὶ
2371 2492 2472 2562 τῆς
2525 2491 2823 2562 ἐκκλησίας
2876 2490 3216 2563 ἀνεκποίητα
3255 2488 3400 2546 εἶναι
3433 2493 3501 2546 τὰ
3551 2493 3807 2563 κτήματα

2233 2587 2504 2658 βούλεται,
2552 2589 2600 2640 εί
2639 2588 2735 2641 καὶ
2772 2585 3020 2656 μηδόλως
3063 2585 3187 2641 τινὰ
3227 2587 3384 2657 φέρει
3429 2587 3724 2658 πρόσοδον.
3752 2585 3814 2640 El

2225 2681 2284 2735 δέ
2315 2679 2484 2750 πολλή
2515 2695 2598 2743 τις
2634 2677 2850 2750 ἀνάγκη
2881 2677 3182 2742 ἐπίκειται,
3218 2678 3332 2743 τοῖς
3358 2677 3695 2748 ὡρισμένοις
3722 2677 3815 2730 δώ-

2228 2773 2363 2825 δεκα
2405 2771 2751 2836 ἐπισκόποις,
2803 2768 2899 2824 καὶ
2941 2769 3050 2841 πρὸ
3100 2771 3310 2824 τούτων
3365 2769 3444 2841 τῷ
3495 2769 3610 2823 τῶν
3649 2755 3817 2822 ἄλλων

2190 2909 2194 2912 η
2231 2857 2596 2929 πρωτεύοντι,
2629 2859 2912 2913 ἀναθεῖναι
2946 2859 3016 2913 τὰ
3038 2859 3169 2928 περὶ
3205 2856 3426 2914 τούτου.
3473 2860 3538 2914 El
3574 2857 3636 2914 δέ
3667 2859 3816 2914 τοῦτο

2229 2955 2330 3023 οὔχ
2367 2950 2481 3006 οἷόν
2509 2971 2569 3008 τε
2604 2952 2692 3007 διὰ
2727 2953 2790 3007 τὸ
2834 2953 3222 3025 ἀπαραίτητον
3256 2954 3356 3024 τῆς
3386 2955 3662 3025 ἀνάγκης,
3691 2955 3814 3016 τοῦς

2230 3035 2468 3118 ὁμόρους
2495 3047 2628 3117 γοῦν
2659 3040 2768 3101 τῶν
2793 3049 3114 3102 ἐπισκόπων
3142 3047 3659 3119 διαμαρτύρασθαι,
3687 3066 3816 3122 προσ

2230 3139 2351 3212 vel;
2384 3138 2478 3194 τοῦ
2519 3138 2595 3212 μὴ
2617 3139 2890 3210 ἀγνοῆσαι
2915 3140 3017 3212 τὴν
3044 3140 3266 3196 σύνοδον
3297 3142 3399 3204 τὰς
3426 3143 3816 3214 ἐπισυμὸάσις

2228 3235 2295 3302 τῇ
2331 3233 2599 3308 ἐκκλησίᾳ
2647 3233 2842 3288 τούτου
2898 3217 3289 3306 περιστάσεις·
3321 3236 3460 3307 ὅπερ
3489 3237 3536 3290 εί
3579 3237 3660 3308 μὴ
3689 3238 3818 3308 δρα.

2231 3345 2323 3383 σαι
2346 3327 2762 3400 προθυμηθείη,
2786 3323 2875 3384 οἷα
2905 3329 3208 3394 ὑπεύθυνος
3231 3329 3310 3402 τῷ
3332 3331 3451 3401 θεῷ
3475 3330 3575 3384 καὶ
3606 3335 3677 3403 τῇ
3699 3349 3819 3385 συν·

2228 3422 2355 3494 ὁδῳ,
2394 3423 2498 3494 τῆς
2533 3423 2673 3487 ἰδίας
2699 3422 2869 3494 τιμῆς
2892 3422 3420 3495 ἀλλοτριωθήσσται.

2312 3519 2373 3572 '0
2394 3518 2450 3572 δέ
2473 3514 2557 3586 λγ¹
2576 3535 2680 3590 πρε
2691 3517 2980 3591 σϐυτέροις
3001 3519 3095 3573 καὶ
3115 3518 3328 3584 λοιποῖς
3348 3515 3638 3591 κληρικοϊς
3666 3521 3773 3576 ἀπε
3783 3524 3822 3574 i-

2233 3627 2403 3683 ρηκεν
2433 3611 2583 3666 ἔστιν
2612 3611 2650 3666 ἃ
2687 3611 2796 3667 τῶν
2834 3613 2934 3680 τῆς
2987 3612 3292 3682 ἐκκλησίας
3356 3614 3706 3684 πιπράσκειν
3739 3633 3821 3669 κιο

2233 3705 2412 3774 νητῶν
2443 3722 2502 3759 τε
2538 3707 2635 3760 καὶ
2659 3705 2962 3778 ἀκινήτων,
2995 3706 3046 3759 εί
3079 3705 3156 3777 μὴ
3184 3704 3298 3776 ἄρα
3329 3706 3426 3760 καὶ
3459 3707 3487 3761 6
3513 3708 3819 3772 ἐπίσκοπος

2237 3798 2604 3854 συναινέσειεν
2625 3817 2638 3830 ’
2676 3800 2736 3853 ού
2764 3799 2874 3870 μὴν
2904 3798 3015 3853 οὐδ’
3044 3799 3197 3870 αύτῷ
3238 3797 3402 3855 τοῦτο
3441 3803 3626 3854 ποιεῖν
3671 3804 3819 3872 ἐφεῖ-

2231 3908 2349 3952 ται.
2387 3893 2486 3962 τῆς
2512 3892 2599 3962 ἐφ’
2678 3892 2826 3945 τελεῖ
2853 3892 3160 3962 ἀγνοούσης
3189 3890 3434 3953 συνόδου,
3469 3891 3706 3964 προσέτι
3730 3892 3819 3945 καὶ

2231 3987 2341 4040 τῶν
2370 3986 2462 4040 ὑπ’
2493 3987 2642 4058 αὐτῷ
2681 3986 3097 4059 πρεσϐυτέρων.
3139 3987 3236 4040 Δεῖ
3276 3986 3386 4058 γὰρ
3417 3986 3511 4042 ἐπὶ
3556 3987 3664 4057 τῆς
3694 3986 3818 4041 διοι-

2234 4082 2450 4152 κήσεως
2483 4080 2596 4134 τῶν
2637 4082 2738 4150 τῆς
2798 4080 3098 4151 ἐκκλησίας
3136 4083 3487 4154 πραγμάτων
3521 4081 3816 4154 μάρτυρας

2233 4171 2432 4235 αὐτοὺς
2464 4172 2782 4247 ἀξιοχρέους
2822 4173 2989 4246 ἔχειν,
3025 4175 3098 4238 ὡς
3142 4173 3218 4246 μὴ
3263 4174 3541 4230 σκάνδαλα
3567 4173 3698 4228 κατ’
3727 4175 3817 4229 αύ-

2232 4264 2330 4320 τοῦ
2370 4267 2623 4338 φύοιντο.
2662 4268 2878 4338 Κινητὰ
2934 4270 3118 4340 μέντοι
3153 4268 3377 4331 πωλεῖν,
3434 4268 3605 4337 σκεύη
3659 4267 3817 4340 τυχδν

2236 4359 2378 4430 ιερὰ,
2414 4361 2593 4430 πάντη
2623 4363 2924 4433 ἀπείρηται
2953 4379 2964 4393 ·
2996 4363 3068 4418 τὰ
3097 4361 3155 4416 δέ
3190 4378 3254 4432 γε
3287 4363 3425 4434 πρδς
3459 4361 3673 4434 τροφὴν
3702 4364 3816 4415 ἐπιο

2232 4451 2446 4520 τήδεια,
2489 4452 2638 4507 σῖτον
2691 4452 2890 4522 δήπου,
2926 4453 3020 4507 καὶ
3060 4452 3251 4507 ἀλλοία
3293 4455 3630 4525 σπερμάτων
3676 4454 3814 4520 εῐδη,

539 4551 767 4615 idonea,
825 4548 1169 4605 frumentum
1225 4562 1457 4617 nempe,
1494 4551 1574 4602 vel
1638 4549 1791 4604 varia
1846 4548 2126 4623 fructuum

2234 4545 2475 4614 νεμεσᾷν
2505 4544 2566 4597 οὐ
2607 4544 2689 4598 δεῖ
2718 4545 2796 4617 τῷ
2825 4547 3136 4619 ἐπισκόπῳ,
3175 4548 3269 4601 καὶ
3299 4548 3424 4619 δίχα
3447 4546 3681 4619 γνώμης
3709 4549 3816 4601 τῶν

539 4659 765 4718 genere,
795 4642 1003 4708 vendit,
1029 4656 1356 4698 succensere
1394 4657 1500 4696 non
1532 4651 1765 4713 oportet.

612 4735 689 4794 De
711 4734 918 4790 eisdem
957 4733 1290 4790 mentionem
1325 4732 1534 4791 faciens
1572 4734 1642 4789 l5
1670 4735 1976 4807 Ancyranae
2001 4751 2124 4807 syn.

537 4829 712 4886 dicit:
742 4826 900 4894 Quod
930 4827 998 4889 si.
1028 4835 1278 4898 tempore
1309 4842 1420 4897 quo
1471 4827 1703 4884 ecclesia
1735 4844 1837 4886 suo
1870 4828 2127 4901 episcopo

533 4919 960 4995 destitutafuit,
989 4921 1241 4988 contigit,
1265 4930 1324 4976 ttt
1352 4921 1421 4976 ab
1451 4922 1640 4991 aliquo
1670 4921 1873 4976 clerico
1905 4937 1974 4977 ex
2003 4921 2126 4990 eius

536 5016 698 5071 benis
735 5014 1041 5086 quidquam
1093 5013 1261 5070 fuerit
1294 5015 1602 5082 venditum,
1643 5013 1752 5078 ille,
1793 5013 1885 5083 qui
1939 5025 2125 5084 postea

532 5107 879 5172 ordinandus
933 5108 1075 5173 erit,
1147 5107 1291 5177 quod
1352 5107 1456 5164 fuit
1524 5109 1804 5164 venditum
1865 5117 2122 5163 revocet:

533 5203 685 5259 illius
717 5213 851 5258 vero
873 5199 1088 5272 judicio
1127 5203 1479 5269 relinquitur,
1503 5218 1571 5256 an
1605 5209 1856 5273 oporteat
1887 5202 2122 5272 pretium

533 5293 769 5364 emptori
797 5293 1046 5356 reddere.
1075 5308 1143 5347 an
1178 5307 1286 5349 non
1316 5310 1331 5361 ;
1359 5293 1474 5347 fieri
1505 5294 1653 5347 enim
1687 5302 1882 5362 potest,
1913 5301 1970 5345 ut
1999 5306 2128 5360 ager

531 5385 829 5440 admodum
873 5385 1072 5442 fertilis
1106 5386 1370 5457 majorem
1403 5386 1581 5455 pretio
1623 5385 1694 5440 ab
1724 5393 1968 5454 emptore
1998 5383 2125 5438 dato

532 5477 771 5534 ft'urttttn
804 5475 1020 5533 fecerit.

602 5567 832 5639 Magnus
878 5585 1009 5623 vero
1062 5567 1298 5640 Cyrilltts
1355 5567 1408 5622 itt
1457 5567 1701 5622 secundo
1749 5568 1815 5620 ad
1853 5565 2121 5622 Domnum

527 5661 778 5732 epistolae
848 5661 1028 5731 capite
1115 5676 1246 5716 vasa
1336 5659 1573 5730 pretiosa
1626 5668 1681 5714 et
1746 5660 2123 5729 possessiones

530 5753 848 5809 immobiles
902 5753 1274 5810 inalienabilia
1344 5753 1598 5808 ccclesiis
1659 5752 1865 5807 servari
1916 5750 2119 5820 jubet:

526 5845 888 5906 incidentium
921 5863 1044 5905 vero
1113 5855 1430 5918 sumptuum
1468 5845 1934 5917 dispensationem
1994 5845 2118 5904 illos

2231 4634 2326 4688 τοῦ
2355 4637 2411 4686 κν
2427 4636 2563 4706 ήρου
2592 4638 2990 4710 πιπράσκοντι.

2301 4730 2489 4784 Ταῦτα
2516 4733 2610 4786 καὶ
2639 4733 2666 4786 6
2703 4739 2766 4788 ιε’
2796 4737 2896 4803 τῆς
2933 4738 2994 4789 ἐν
3031 4735 3282 4810 ’Δγκύρᾳ
3323 4737 3543 4805 διεξιὼν
3571 4741 3774 4810 ἐπάγει
3794 4758 3814 4775 ο

2243 4823 2332 4886 Ὦς
2362 4825 2418 4879 εἴ
2437 4841 2500 4894 γε
2537 4827 2649 4897 μὴν
2679 4827 2923 4901 συμϐαίη
2965 4830 3103 4900 πρὸς
3134 4831 3245 4885 τῶν
3286 4831 3570 4901 κληρικῶν
3600 4836 3813 4905 πραθῆ-

2231 4919 2319 4971 ναί
2341 4935 2392 4972 τι
2423 4918 2534 4972 τῶν
2558 4922 2658 4990 τῆς
2724 4921 3046 4992 ἐκκλησίας,
3106 4923 3411 4979 ἐπισκόπου
3446 4926 3812 4998 χηρευούσης,

2229 5012 2308 5081 τῷ
2336 5012 2646 5082 τηνικαῦτα
2690 5013 3089 5069 ἀνακαλεῖσθαι
3119 5015 3213 5070 τὸν
3254 5017 3537 5070 είσέπειια
3573 5034 3811 5088 χειροτο-

2231 5101 2605 5174 νηθησὸμενον
2641 5103 2702 5155 τὸ
2734 5104 2951 5174 πραθέν
2977 5122 2990 5136 ·
3035 5105 3186 5178 τῇδὲ
3215 5107 3407 5162 τούτου
3455 5109 3638 5180 κρίσει
3670 5111 3814 5165 duel-

2229 5213 2338 5261 ται,
2362 5197 2468 5249 είτε
2496 5195 2603 5270 χρὴ
2624 5199 3042 5269 ἀναστραφῆναι
3065 5201 3126 5253 τὸ
3147 5200 3370 5272 τίμημα
3386 5203 3465 5274 τῷ
3493 5205 3809 5275 πριαμένῳ,

2231 5287 2339 5339 είτε
2370 5286 2462 5340 καὶ
2509 5288 2608 5358 μή.
2649 5287 2998 5359 Εύπροσόδου
3030 5292 3140 5362 γὰρ
3168 5291 3300 5357 ἴσως
3326 5292 3424 5348 τοῦ
3453 5296 3653 5366 χωρίου
3682 5313 3786 5364 τυγ

2227 5379 2507 5448 χάνοντος,
2557 5379 2730 5433 πλείω
2782 5381 2885 5448 τῆς
2933 5383 3380 5457 καταϐληθείσης
3422 5390 3592 5459 τιμῆς
3641 5388 3811 5458 ἐκαρ-

2227 5489 2469 5526 πωσατο.

2309 5567 2369 5618 '0
2405 5567 2464 5622 δὲ
2493 5568 2669 5638 μέγας
2699 5568 2968 5642 Κύριλλος
2995 5572 3055 5624 ἐν
3094 5571 3385 5643 κεφαλαίῳ
3440 5574 3679 5644 δευτέρῳ
3705 5573 3810 5639 τῆς

2224 5659 2364 5729 πρὸς
2401 5661 2609 5730 Δόμνον
2649 5663 2945 5733 ἐπιστολῆς
3008 5665 3274 5735 κειμήλια
3300 5668 3393 5719 καὶ
3425 5668 3651 5736 κτήσεις
3681 5668 3807 5719 ἀκι-

2223 5753 2418 5823 νήτους
2455 5755 2795 5823 ἀνεκποίητα
2839 5758 2961 5816 ταῖς
2995 5747 3320 5827 ἐκκλησίδες
3393 5757 3665 5824 σώζεσθαι
3713 5775 3806 5811 κε-

2223 5845 2370 5900 λεύει
2398 5863 2411 5877 ’
2465 5846 2576 5901 τῶν
2618 5847 2677 5900 δέ
2726 5848 3239 5918 παρεμπιπτόντων
3289 5850 3663 5920 ἀναλωμάτων
3699 5849 3802 5916 τὴν
