3982 5350
199 306 1280 342 mm

1169 307 3435 350 W

997 644 1000 646 ﬁ
1386 443 1606 620 AD
1655 494 2202 622 ’OPERA

367 749 1156 953 SANCTI
1360 813 2064 951 PETRI
2267 815 3216 958 DAMIANI

1044 1144 2532 1302 PROLEGOMENA.

576 1622 1420 1717 ADMONITIO
1491 1612 2392 1717 TYPOGRAPHI
2470 1627 3001 1719 VENETI

1332 1854 1670 1912 EDlTlONlS
1703 1853 1869 1910 ANNI
1905 1853 2270 1912 MDCCXLIII.

1598 2040 2010 2054 Μ

248 2185 285 2240 1.
323 2185 452 2240 Cum
486 2200 555 2239 cx
581 2182 808 2239 Venetis
845 2183 1008 2253 prelis
1045 2184 1210 2238 multa
1239 2183 1499 2239 Ecclesiae
1535 2183 1758 2238 Patrum
1789 2169 1838 2228 Α
1867 2182 2008 2252 apud
2038 2179 2328 2251 Egytlium
2357 2177 2624 2248 Tomperc
2669 2192 2810 2232 anno
2858 2176 2995 2233 1665
3023 2177 3198 2235 denuo
3229 2193 3441 2234 recusa.

189 2276 350 2345 Opera
390 2277 443 2330 in
470 2275 654 2330 lucem
683 2274 951 2329 hactenus
1007 2275 1148 2329 edita
1177 2275 1307 2340 sint,
1337 2282 1390 2328 et
1418 2274 1522 2328 alia
1566 2289 1759 2345 prope-

193 2368 318 2422 diem
347 2368 460 2422 sint
481 2367 715 2432 edenda,
748 2381 926 2435 operte
955 2366 1186 2434 pretium
1211 2365 1338 2420 duxi
1369 2365 1550 2434 aliqua
1583 2378 1613 2419 e
1641 2380 1761 2421 meo

190 2457 338 2511 etiam
380 2457 748 2529 typograpltio
776 2456 979 2526 publici
1000 2455 1141 2524 juris
1172 2456 1388 2522 facere;
1420 2455 1763 2528 primumque

191 2549 284 2603 divi
318 2550 462 2603 Petri
497 2549 752 2604 Damiani
781 2549 983 2619 scripta
1015 2549 1209 2619 delegi,
1229 2548 1457 2604 fortasse
1486 2564 1762 2604 sacrarum

188 2639 474 2696 litterarum
534 2642 795 2696 studiosis
821 2641 1081 2713 gratiora,
1112 2651 1298 2712 utpote
1345 2642 1642 2697 doctissimi
1685 2643 1764 2698 di-

189 2734 573 2806 sertissimique
594 2735 716 2802 viri,
743 2735 835 2805 qui
863 2734 1046 2790 saeculi
1075 2735 1159 2791 sui
1191 2735 1344 2789 facile
1369 2735 1618 2805 princeps
1640 2735 1764 2806 jure

189 2829 246 2881 sit
271 2831 602 2885 censendus.
628 2828 880 2884 Omnium
903 2829 1132 2898 primus,
1157 2828 1248 2896 qui
1272 2842 1378 2881 non
1404 2827 1609 2896 absque
1634 2842 1762 2882 cura

185 2929 231 2974 et
252 2917 440 2976 sudore
469 2923 594 2976 haec
615 2920 791 2975 sancti
819 2918 965 2972 Petri
987 2916 1164 2987 Opera
1196 2918 1249 2972 in
1277 2932 1444 2971 unum
1466 2916 1623 2987 quasi
1647 2931 1765 2972 cor-

184 3026 271 3080 pus
299 3012 611 3082 collegerit,
638 3022 692 3066 et
736 3011 789 3066 in
831 3020 1065 3080 quatuor
1100 3009 1443 3082 distribuerit
1468 3007 1764 3073 volumina,

187 3101 275 3159 fuit
299 3105 378 3160 vir
406 3105 754 3160 clarissimus
784 3103 845 3157 D.
878 3103 1265 3158 Constantinus
1296 3102 1589 3173 Cajetanus
1609 3116 1640 3157 e
1665 3085 1767 3173 Sy?

187 3213 397 3265 racusa,
445 3199 624 3254 abbas
682 3197 1128 3269 congregationis
1189 3194 1503 3250 Casinensis
1561 3193 1770 3248 ordinis

188 3287 237 3342 S.
263 3288 565 3354 Benedicti,
603 3288 695 3359 qui
749 3287 979 3343 Romam
1008 3287 1074 3340 ad
1122 3287 1266 3342 hunc
1313 3286 1553 3342 laborem
1589 3286 1768 3341 acrius

1933 2276 1997 2331 ll.
2025 2277 2106 2332 Ad
2139 2277 2331 2330 harum
2375 2274 2668 2328 editionum
2700 2288 2943 2327 normam
2970 2273 3243 2343 publicam
3269 2273 3443 2330 lucem

1866 2368 2059 2439 aspicit
2106 2375 2161 2423 et
2195 2381 2336 2433 mea,
2367 2381 2488 2436 quae
2516 2366 2756 2422 omnium
2779 2365 2985 2436 judicio
3029 2382 3094 2422 eo
3139 2371 3438 2425 accuratior

1865 2461 1990 2525 erit,
2008 2475 2113 2530 quo
2136 2468 2269 2515 etex
2292 2468 2542 2528 utraque,
2567 2458 2809 2512 Romana
2836 2473 3029 2528 nempe
3053 2469 3107 2516 et
3128 2460 3444 2521 Parisiensi.

1865 2551 2202 2617 conﬁcietur,
2234 2560 2289 2606 et
2322 2549 2504 2620 plures
2547 2549 2768 2619 insuper
2822 2549 3126 2605 additiones
3165 2553 3444 2624 suscipiet.

1866 2645 2174 2706 Enimvero,
2204 2651 2264 2697 ut
2288 2641 2596 2712 singulatim
2624 2641 2688 2696 de
2704 2656 3028 2712 unoquoque
3057 2652 3202 2698 tomo
3231 2647 3445 2714 loquar,

1866 2747 1987 2808 post
2008 2735 2249 2806 Cajetani
2266 2737 2332 2791 ad
2355 2734 2579 2790 Paulum
2595 2734 2661 2799 V,
2682 2733 2740 2787 Ρ.
2771 2733 2841 2788 Μ.
2871 2734 3176 2804 epistolam,
3203 2747 3263 2792 ut
3285 2753 3446 2810 supra

1867 2825 2070 2880 dictum
2107 2834 2214 2888 est,
2241 2841 2304 2880 ac
2333 2823 2574 2892 ejusdem
2602 2821 2872 2891 pontiﬁcis
2896 2825 3324 2894 responsionem,
3351 2843 3448 2882 cx-

1872 2917 2089 2970 bibetur
2119 2915 2436 2971 Dissertatio
2464 2913 2564 2968 viri
2603 2913 2758 2984 longe
2794 2913 3129 2971 celeberrimi
3191 2914 3452 2972 Guidonis

1870 3008 2092 3064 Grantlii
2125 3009 2198 3063 De
2226 3009 2459 3062 instituto
2514 3005 2910 3060 Camaldulensi
2939 3005 3000 3061 S.
3026 3004 3172 3060 Petri
3201 3007 3482 3084 Damiani

1868 3099 2029 3156 Luca:
2060 3099 2271 3170 vulgata
2304 3113 2445 3153 anno
2491 3096 2646 3158 1707,
2681 3096 2822 3166 typis
2869 3095 3258 3152 Marescandoli
3280 3138 3298 3165 ,
3327 3114 3450 3153 cum

1870 3191 1990 3246 aliis
2017 3191 2188 3247 tribus
2229 3188 2693 3244 Dissertationibus
2740 3185 3266 3255 Camaldulensibns;
3296 3191 3450 3246 inde.

1871 3299 1976 3355 que
2011 3284 2426 3339 Commentarius
2475 3281 2699 3351 prmvitts
2741 3279 2809 3333 ad
2870 3277 3038 3332 Vitam
3071 3277 3128 3334 S.
3157 3277 3306 3336 Petri
3336 3283 3448 3338 Da-

186 3379 608 3445 promovendum
656 3393 688 3432 a
722 3376 1000 3432 Clemente
1023 3375 1135 3430 VIII
1177 3391 1390 3432 summo
1413 3377 1670 3446 pontiﬁce
1687 3385 1770 3432 est
1870 3376 2033 3430 miani
2061 3375 2416 3431 concinnatus
2445 3388 2477 3427 a
2501 3372 2795 3429 Godefrido
2842 3370 3182 3428 Henscbenio
3233 3374 3290 3430 S.
3322 3375 3371 3430 J.
3399 3389 3453 3433 et

187 3470 486 3534 accersitus,
521 3479 586 3523 ut
629 3477 858 3523 testatur
881 3467 1081 3522 Paulus
1121 3482 1262 3538 papa
1296 3467 1360 3534 V,
1390 3467 1451 3521 P.
1483 3467 1553 3521 M.
1578 3483 1674 3523 sua
1710 3468 1766 3523 in
1865 3471 1978 3541 jam
2029 3470 2082 3524 in
2129 3468 2426 3524 Februario
2455 3466 2805 3522 Bollandiano
2836 3463 3032 3530 editus,
3062 3481 3167 3520 una
3197 3482 3319 3523 cum
3359 3471 3452 3526 ad-

188 3558 414 3625 epistola,
439 3574 569 3629 quae
599 3573 629 3612 e
651 3557 1023 3621 Rom:rua,ubi
1050 3565 1256 3611 tantum
1279 3566 1482 3622 exstat,
1506 3557 1766 3623 editione,
1795 3561 1844 3620 B
1873 3560 2239 3616 notationibus
2289 3557 2530 3628 ejusdem
2583 3557 2651 3610 ad
2708 3555 2876 3626 ipsius
2924 3553 2982 3608 S.
3025 3553 3172 3610 Petri
3204 3555 3384 3614 Vitam
3417 3576 3448 3616 a

189 3650 263 3702 hic
286 3650 601 3705 exhibetur.
639 3650 894 3716 Quatuor
949 3649 1063 3703 haec
1111 3647 1409 3715 volumina,
1441 3664 1537 3704 seu
1586 3649 1766 3720 potius

190 3741 322 3806 tanti,
352 3756 457 3796 non
495 3741 695 3796 iisdem
730 3739 871 3810 typis
897 3756 960 3796 ac
992 3749 1235 3812 tempore
1260 3741 1438 3796 lucem
1484 3755 1763 3815 aspexere.

188 3827 325 3883 Prior
345 3832 491 3886 enim
523 3840 731 3894 tomus,
764 3830 856 3899 qui
887 3830 1248 3900 Epistolarum
1285 3831 1446 3885 libros
1477 3843 1590 3885 octo
1615 3846 1765 3886 com-

187 3921 439 3989 plectitur,
467 3925 659 3979 editus
704 3923 807 3977 fuit
866 3938 1008 3978 anno
1047 3923 1184 3979 1606
1225 3939 1294 3979 ex
1322 3923 1525 3994 Aloysii
1556 3922 1768 3979 Zanetti

190 4014 550 4082 typograpbia.
603 4012 764 4066 Anno
819 4012 941 4066 inde
997 4012 1132 4070 1608
1183 4013 1383 4082 prodiit
1436 4013 1574 4067 alter
1629 4013 1769 4082 typis

189 4102 439 4160 Guillelmi
461 4105 736 4170 Faccioti,
751 4120 816 4160 ac
838 4102 1112 4160 Sermones
1126 4105 1190 4159 de
1210 4105 1428 4170 sanctis,
1442 4112 1770 4158 sanctorum-

188 4209 269 4259 que
305 4193 581 4251 Historias
621 4195 1049 4265 comprehendit.
1083 4195 1299 4251 Tertius
1332 4209 1462 4250 vero
1503 4193 1767 4249 Mascardi

186 4288 332 4351 prelis
376 4305 527 4346 anno
576 4287 717 4343 1615
756 4289 1054 4359 impressus
1103 4287 1204 4342 fuit
1239 4288 1294 4342 in
1355 4302 1464 4357 quo
1517 4286 1768 4354 Moralia,

191 4376 510 4452 Tlteologica,
545 4400 613 4436 ac
659 4383 981 4436 diversorum
1035 4389 1465 4452 argumentorum
1506 4378 1772 4451 Opuscula

188 4477 547 4532 oominentur.
601 4477 685 4532 Ac
734 4477 967 4547 denique
1017 4487 1325 4548 postremus
1383 4491 1528 4531 anno
1561 4483 1771 4530 tantum

188 4566 309 4622 1640
332 4569 475 4638 juris
499 4569 708 4640 publici
740 4568 842 4624 fuit
869 4570 1043 4625 factus
1072 4571 1276 4640 pariter
1315 4568 1522 4634 Romae,
1555 4567 1698 4622 sicut
1720 4574 1774 4622 et

185 4667 282 4714 tres
309 4661 425 4722 alii.
452 4677 520 4717 ac
550 4663 672 4731 pias
697 4662 952 4733 quasdam
986 4662 1266 4724 orationes,
1287 4670 1333 4715 et
1355 4661 1544 4715 diversi
1571 4660 1772 4730 generis

184 4759 337 4804 metra
376 4761 424 4804 et
474 4750 756 4820 rhythmos
786 4749 989 4820 profert
1035 4760 1200 4820 atque
1239 4750 1459 4805 Urbano
1483 4747 1592 4804 Vlll
1620 4755 1770 4818 pont.

183 4854 314 4895 max.
346 4843 418 4896 ab
448 4842 575 4912 ipso
630 4840 889 4912 Cajetano
943 4843 1236 4914 inscriptus
1270 4841 1394 4898 fuit.
1440 4841 1601 4896 Anno
1631 4840 1772 4896 1610

1871 3651 1930 3708 S.
1956 3651 2162 3707 Joanne
2185 3648 2455 3704 Laudensi
2481 3649 2867 3719 conscriptam.
2913 3648 3035 3704 Mox
3062 3654 3307 3718 sequitur
3335 3655 3451 3723 ipsa

1868 3744 2030 3810 Vita;
2056 3753 2112 3800 et
2136 3751 2322 3814 postea
2348 3740 2519 3796 series
2556 3741 2990 3799 testimoniorum
3036 3753 3150 3801 tum
3178 3755 3444 3811 veterum,

1869 3850 1991 3891 cum
2018 3833 2386 3890 recentiorum
2418 3838 2700 3885 auctorum
2745 3832 3011 3886 concinne
3033 3835 3261 3890 collecta
3286 3850 3318 3889 a
3339 3835 3446 3892 Ca-

1863 3926 2069 3997 jetano.
2098 3922 2216 3990 Quo
2245 3921 2364 3976 loco
2388 3921 2565 3974 obiter
2609 3919 2981 3976 animadverto
3005 3921 3062 3977 S.
3089 3923 3307 3980 Petrum
3342 3925 3450 3981 Da-

1869 4015 2055 4080 miani,
2099 4026 2251 4082 aeque
2295 4022 2460 4080 atque
2517 4008 2838 4064 Damianum
2880 4026 3038 4081 posse
3085 4017 3366 4086 appellari,
3394 4029 3456 4074 ut

1871 4106 2193 4165 Sirmondus
2225 4104 2280 4158 in
2323 4103 2442 4173 ejus
2483 4101 2833 4156 Antirrethico
2873 4102 2914 4169 l,
2943 4120 2996 4175 p.
3030 4121 3090 4172 ll,
3122 4121 3242 4179 cap.
3266 4109 3320 4172 6,
3354 4111 3452 4166 ad-

1869 4214 2060 4254 versus
2090 4198 2309 4253 Petrum
2336 4193 2616 4248 Aurelium
2645 4205 2966 4264 propugnat.
3010 4197 3234 4254 Demum
3259 4202 3460 4272 epistos

1870 4289 1934 4344 la!
1962 4290 2090 4358 ipsa;
2124 4285 2292 4342 sancti
2323 4283 2502 4338 Patris
2541 4293 2826 4352 apparent,
2850 4299 2971 4354 qum
2993 4289 3243 4344 eumdem
3271 4301 3459 4348 tenent

1871 4378 2141 4442 ordinem,
2169 4390 2326 4446 quem
2374 4373 2480 4429 illis
2531 4374 2676 4429 dedit
2705 4373 3020 4442 Cajetanus,
3061 4377 3296 4437 fortasse
3327 4384 3454 4452 quia

1873 4472 1953 4527 sic
1977 4469 2266 4539 dispositas
2307 4466 2516 4521 invenit
2544 4465 2599 4520 in
2631 4481 2763 4521 mss.
2797 4468 3094 4536 codicibus,
3121 4487 3244 4527 cum
3275 4482 3453 4530 tamen

1873 4561 2147 4618 fatendum
2181 4559 2250 4614 sit
2289 4568 2593 4626 temporum
2633 4557 2899 4614 rationem
2930 4559 2982 4613 iu
3008 4561 3075 4616 iis
3100 4563 3324 4618 minime
3355 4565 3457 4620 ob-

1873 4649 2100 4706 servari.
2133 4648 2266 4702 Pars
2287 4647 2527 4716 epistola:
2571 4644 2658 4710 12,
2690 4646 2785 4700 lib.
2818 4662 2855 4713 ι,
2881 4663 3003 4718 pag.
3033 4648 3086 4713 6,
3125 4651 3192 4704 ad
3218 4652 3456 4708 Alexan-

1874 4742 2030 4795 drum
2059 4738 2102 4792 ll
2130 4738 2368 4807 seriptte,
2400 4751 2506 4791 non
2543 4735 2711 4790 semel
2755 4747 2928 4792 tucem
2980 4741 3188 4809 aspexit
3225 4742 3324 4798 sub
3358 4759 3456 4800 cu-

1869 4833 2086 4902 jusdam
2105 4828 2347 4901 epusculi
2371 4827 2526 4882 titulo
2542 4825 2617 4879 De
2633 4829 2948 4882 correctione
2967 4831 3191 4900 episcopi
3211 4842 3259 4886 et
3280 4850 3456 4900 parite,

183 4942 348 4988 tomus
399 4910 648 5006 primus,
688 4910 780 5004 qui
832 4935 1089 5005 epistolas
1110 4910 1398 4999 continet,
1441 4949 1509 4990 ex
1557 4932 1768 4989 oﬂicina
1798 4910 1841 4968 C
1873 4934 1930 4981 et
1957 4925 2225 4998 prmcipue
2255 4920 2399 4991 apud
2442 4917 2758 4974 Goldastum
2801 4918 2856 4972 iu
2915 4929 3042 4976 tom.
3072 4921 3114 4978 ll
3156 4923 3315 4991 (altas
3345 4925 3460 4997 lli),

181 5019 475 5078 Nirelliana
536 5022 771 5077 Lutetia:
831 5023 1165 5080 Parisiorum
1231 5024 1283 5084 in
1335 5023 1510 5080 lucem
1571 5022 1770 5093 prodiit

181 5113 310 5180 apud
367 5112 768 5167 Sebastianum
819 5112 1120 5188 Cramoisy,
1189 5115 1288 5171 sub
1344 5116 1523 5186 quarti
1573 5112 1764 5169 forma.

180 5201 328 5258 Anno
349 5203 497 5260 1625
525 5205 778 5285 Lugduni
809 5195 915 5262 tres
938 5210 1096 5279 primi
1125 5209 1258 5263 tomi
1283 5210 1337 5264 in
1365 5208 1494 5265 folio
1519 5208 1769 5279 impressi

181 5292 410 5350 fuerunt.
443 5299 516 5350 de
561 5313 674 5350 (tua
722 5297 950 5350 editione
977 5301 1220 5350 lnauitur
1259 5300 1510 5350 Labbens
1543 5309 1673 5350 tom.
1702 5298 1768 5350 ll.

1874 5034 1996 5089 pag.
2023 5016 2116 5080 42,
2138 5014 2215 5068 De
2235 5010 2540 5066 monarchia
2562 5008 2796 5077 imperii,
2815 5018 2873 5064 ut
2891 5010 3112 5068 adnotat
3134 5013 3202 5068 cl.
3225 5013 3467 5073 Joannes

1875 5115 2131 5169 Albertus
2178 5106 2464 5163 Fabricius
2511 5107 2566 5160 in
2609 5101 2935 5158 Bibliotheca
2965 5103 3155 5172 Latina
3196 5107 3466 5171 mediteﬂ

1874 5205 2076 5275 inﬁma:
2126 5198 2321 5264 aetatis,
2373 5199 2516 5255 edita
2565 5193 2860 5270 Hamburgi
2912 5208 3054 5248 anno
3103 5193 3260 5262 1754.
3295 5194 3351 5249 Si
3400 5211 3464 5251 ea

1877 5313 2009 5350 nars
2029 5291 2274 5350 epistolas
2289 5293 2482 5348 eadem
2500 5289 2570 5344 sit
2592 5300 2712 5340 cum
2729 5299 3012 5350 opuscuto,
3035 5284 3236 5338 frustra
3266 5288 3469 5350 asserit
3486 5338 3500 5350 Α
