3982 5350
468 160 530 215 11
1354 151 1412 207 S.
1451 149 1730 207 PETRUS
1770 147 2127 205 DAMIANUS
2267 148 2330 203 Β.
2369 148 2431 205 Ε.
2472 149 2911 208 CARDINALIS.
3661 160 3730 216 12

468 270 824 342 sllppositum.
870 263 1290 335 Quamplurimm
1328 278 1393 319 ex
1441 262 1631 320 iisdem
1662 260 1905 333 epistolis
1925 302 1939 327 ,
1971 270 2053 316 ut-
2082 270 2127 327 Α
2350 263 2415 318 1η
2433 262 2566 332 festo
2588 266 2650 321 S.
2680 266 2891 322 Nicolai
2914 268 2999 325 die
3023 269 3055 325 6
3081 269 3411 327 Decembris.

468 375 595 435 pote
626 360 971 432 prolixiores,
1002 358 1089 419 vel
1128 354 1353 425 majoris
1399 357 1663 413 momenti
1689 397 1702 419 .
1737 358 1790 410 in
1845 365 2047 412 temqu

470 453 691 508 tertium
738 448 951 519 rejectaa
982 446 1201 502 fuerunt
1231 445 1331 501 sub
1377 444 1752 516 apusculorum
1785 446 2003 502 nomine
2031 461 2046 510 ;

469 556 732 611 attamen,
764 558 833 599 ne
857 539 1227 599 confusionem
1257 541 1374 595 haec
1399 540 1625 595 semotio
1664 539 1953 610 ingereret,
1984 538 2053 594 ad

468 639 589 694 loca
603 650 720 702 sua,
740 634 830 690 ubi
850 641 1067 689 exstare
1087 632 1366 697 deberent,
1381 638 1785 699 prtemoneutur
1797 628 2049 695 lectores,

468 741 525 786 et
556 728 871 799 iudigitatur
908 726 1058 781 locus
1083 722 1175 779 ubi
1205 736 1299 781 eas
1341 728 1607 791 quaerant.
1636 719 1917 775 Postrema
1942 717 2054 788 epi-

469 822 628 889 stola,
655 810 819 891 quam
841 817 1092 877 morienti
1125 814 1337 871 cuidam
1370 813 1433 867 D.
1468 810 1663 877 Petrus
1708 809 2053 882 conscripsit,

357 894 372 904 ’
469 913 711 971 Ecclesia
736 894 1033 967 etiamnum
1059 907 1114 960 in
1136 903 1334 959 Rituali
1362 902 1601 956 Romano
1632 915 1732 970 pro
1756 899 1912 955 tertia
1932 912 2055 954 ora-

470 1007 618 1062 tione
664 1004 720 1059 in
756 999 1101 1057 morientium
1131 995 1325 1050 animae
1363 990 1832 1049 commendatione
1862 990 2052 1055 utitur,

468 1104 532 1150 ut
553 1092 992 1149 animadvertunt
1013 1088 1291 1143 Gavantus
1318 1085 1372 1139 in
1392 1082 1560 1137 Rubr.
1585 1073 1903 1146 Missalis,-et
1930 1079 2056 1133 Bre-

472 1185 631 1239 niarii
668 1181 895 1236 Romani
926 1186 1058 1235 sect.
1087 1177 1144 1243 9,
1181 1190 1300 1245 cap.
1345 1173 1579 1244 5,,num.
1607 1171 1661 1238 ι,
1694 1178 1749 1226 et
1797 1164 2057 1224 Baruﬂ‘al-

470 1276 573 1330 dus
620 1274 674 1329 in
714 1269 1101 1327 Commentario
1132 1267 1200 1321 ad
1247 1264 1446 1319 Ritual.
1496 1263 1719 1318 Roman.
1766 1259 2056 1329 Cajetanus

470 1380 592 1422 eam
623 1363 791 1419 edidit
844 1360 1000 1415 initio
1028 1358 1159 1414 tomi
1203 1355 1352 1411 tertii
1391 1359 1666 1425 Operum;
1699 1367 1765 1407 ac
1792 1351 1845 1405 in
1877 1348 2057 1405 Nivel—

470 1459 615 1513 liana
669 1455 906 1511 editione
966 1449 1315 1521 epistularum
1378 1444 1625 1501 Damiani
1695 1442 2053 1507 desideratur,

468 1551 599 1620 quia
649 1549 839 1604 tertius
884 1546 1133 1603 laudatus
1164 1552 1342 1599 tomus
1388 1539 1605 1610 publica
1655 1537 1778 1593 luce
1817 1536 2057 1591 nondum

2227 351 2313 408 16.
2342 354 2398 408 In
2435 352 2627 425 Yigilia
2665 355 2970 413 Nativitatis
2992 359 3208 415 Domini
3243 361 3330 418 die
3355 360 3427 417 2'4
3464 363 3726 434 ejusdem.

2155 440 2221 496 Hi
2251 450 2484 511 quatuor
2510 444 2768 512 postremi
2802 459 3081 503 sermones
3121 448 3438 505 inseruntur
3476 453 3734 522 operibus

2112 554 2121 557 λ
2156 533 2262 588 divi
2291 533 2552 592 Bernardi
2580 537 2897 608 iu'antiquis
2936 541 3296 609 editionibus;
3348 558 3577 614 quorum
3623 547 3733 615 pri-

2156 640 2294 691 mus,
2343 642 2534 698 nempe
2564 630 2654 687 ille
2683 629 2739 687 S.
2766 630 3002 696 Martini,
3053 650 3330 706 nunquam
3357 639 3556 694 ascribi
3582 647 3733 709 pote-

2155 725 2241 773 rat
2284 716 2443 774 Petro
2464 719 2731 788 Damiani,
2755 722 2849 779 sed
2879 723 3085 802 nomini
3143 722 3296 782 Gallo
3342 727 3435 798 qui
3458 742 3523 782 se
3551 727 3735 798 prodit

2155 808 2311 864 hisce
2324 810 2500 867 verbis
2527 828 2540 861 :
2569 811 2857 869 Clementia
2894 815 3183 871 divinitatis
3204 827 3251 872 et
3279 819 3485 890 regibus
3505 829 3552 875 et
3576 835 3734 892 regno

2156 911 2332 956 nostro
2356 904 2581 973 providit
2609 906 3040 971 misericorditer,
3081 917 3190 964 etc.

2226 991 2405 1046 17.1η
2449 993 2741 1050 Nalivt'tate
2784 996 3026 1052 Domini.
3070 998 3362 1069 Cajetanus
3391 1001 3534 1058 hunc
3560 1004 3734 1059 nostri

2157 1079 2301 1136 Petri
2328 1082 2571 1138 Damiani
2595 1099 2900 1143 sermonem
2923 1104 3029 1143 non
3061 1088 3228 1145 luisse
3252 1094 3494 1162 agnovit,
3527 1095 3612 1149 cui
3641 1103 3732 1150 ta-

2156 1186 2282 1227 men
2324 1172 2643 1232 tribuendus
2673 1186 2818 1235 esset
2846 1177 3151 1249 ignoravit;
3186 1183 3537 1241 nihilominus
3571 1186 3741 1244 dubio

2156 1262 2347 1333 procul
2377 1262 2596 1320 Nicolao
2624 1266 3019 1324 Clarcevallensi
3067 1281 3152 1325 est
3184 1272 3594 1342 adjudicaudus.

2230 1355 2316 1411 18.
2346 1354 2415 1409 1η
2454 1358 2586 1425 festo
2639 1356 2695 1413 8.
2723 1357 3000 1428 Stephani,
3033 1359 3123 1416 die
3164 1361 3236 1417 26
3278 1360 3630 1433 Septembris.
3663 1364 3739 1420 Et

2157 1443 2247 1499 hic
2271 1444 2413 1499 inter
2446 1444 2811 1503 Bernardinos
2839 1462 3118 1505 sermones
3163 1449 3453 1522 aliquando
3504 1450 3604 1507 fuit
3646 1468 3738 1509 re-

2159 1535 2419 1591 censitus.

468 1649 598 1696 tunc
620 1641 850 1696 donatus
880 1637 1078 1692 fuerat.
1122 1633 1331 1688 Notula:
1373 1640 1428 1687 et
1450 1629 1860 1686 observationes
1891 1626 2049 1697 Caje—
2079 1629 2125 1688 B
2225 1625 2311 1681 19.
2342 1624 2409 1680 In
2438 1625 2778 1682 Dedicatione
2817 1626 3076 1683 ecclesite.
3130 1626 3233 1696 Qui
3281 1628 3423 1685 inter
3452 1629 3626 1687 editos
3677 1630 3741 1686 in

468 1730 581 1784 tani
629 1728 978 1798 adjiciuntur,
1030 1725 1202 1780 doctze
1241 1739 1303 1778 ac
1350 1735 1535 1776 veram
1579 1728 1634 1775 et
1692 1718 2049 1774 orthodoxam

469 1820 773 1877 doctrinam
804 1819 1096 1887 sapientes,
1126 1812 1385 1885 quidquid
1409 1812 1463 1867 in
1488 1808 1797 1882 oppositum
1818 1808 2049 1864 blateret
2082 1812 2087 1851 ἰ

468 1911 675 1982 Gaspar
719 1908 996 1980 Zieglerus
1049 1907 1103 1960 in
1154 1902 1437 1959 Sidirolizo
1481 1900 1867 1964 ecclesiastico,
1907 1898 2053 1953 edito

466 1999 854 2069 Witembergae
909 2009 1051 2049 anno
1101 1993 1276 2058 1672;
1327 2006 1446 2060 cap.
1479 1990 1544 2053 2,
1575 1988 1662 2059 a§
1704 1989 1733 2041 7
1767 2002 1938 2056 usque
1985 1987 2052 2040 ad

468 2088 499 2161 ς
528 2089 617 2156 16,
646 2095 705 2142 ιιι
727 2085 917 2142 scribit
945 2081 1271 2138 Armellinus
1296 2080 1349 2134 in
1388 2077 1709 2133 Bibliotheca
1753 2075 2050 2141 Casinensi,

469 2174 596 2252 pag.
626 2178 751 2244 125,
781 2177 847 2232 ad
872 2174 1114 2244 Cajetani
1142 2172 1409 2242 Elogium.
1560 2170 1567 2175 '

542 2269 632 2325 lll.
653 2267 711 2323 In
732 2267 968 2325 secundo
994 2272 1179 2320 autem
1210 2269 1356 2318 tomo
1398 2260 1631 2330 primum
1668 2258 1843 2314 locum
1870 2266 2054 2314 tenent

467 2378 774 2430 sermones,
806 2362 899 2432 qui
932 2369 1112 2415 tamen
1155 2373 1262 2413 non
1313 2370 1503 2411 omnes
1530 2353 1750 2411 Petrum
1797 2340 2053 2408 (Damiani

466 2464 744 2511 auctorem
800 2454 1036 2517 habent;
1086 2465 1190 2520 qua
1240 2448 1293 2503 iu
1331 2462 1390 2503 re
1444 2455 1592 2503 certe
1627 2445 1937 2515 Caietanus,
1970 2445 2054 2499 vir

466 2544 797 2616 cieteroquin
849 2542 1150 2598 eruditione
1195 2538 1699 2610 praestantissimus,
1751 2547 1807 2594 et
1846 2539 1913 2594 de
1952 2539 2057 2593 Da-

468 2632 639 2689 miani
666 2632 901 2702 Operum
934 2624 1237 2685 oeconomia
1265 2626 1472 2696 optime
1512 2626 1757 2691 meritus,
1793 2627 1946 2682 valde
1980 2625 2058 2681 al-

466 2722 741 2778 lucinatus
771 2730 852 2777 est
886 2739 899 2775 :
932 2716 1134 2776 etenim
1185 2715 1558 2773 novemdecim
1607 2729 1678 2774 ex
1729 2714 1796 2770 iis
1834 2714 2056 2771 Nicolao

466 2809 869 2867 Clarmvallensi
924 2807 1209 2872 monacho,
1261 2813 1319 2859 ct
1372 2804 1481 2859 divi
1528 2803 1791 2859 Bernardi
1845 2804 2056 2859 abbatis

464 2902 696 2964 notario,
730 2916 823 2956 seu
854 2896 1189 2961 amanuensi,
1215 2902 1402 2964 utpote
1429 2908 1529 2949 suo
1553 2907 1685 2949 vero
1708 2893 2055 2964 legitimoque

2156 1716 2260 1771 hoc
2291 1724 2434 1771 tomo
2464 1716 2694 1786 primum
2726 1716 2901 1774 locum
2929 1726 3096 1774 tenet.

2226 1805 2312 1874 Hi,
2352 1804 2594 1877 inquam,
2618 1823 2896 1865 sermones
2921 1810 2991 1864 ad
3019 1809 3302 1866 Nicolaum
3327 1820 3593 1881 spectant,
3618 1812 3738 1882 qui,

2154 1898 2425 1954 trtscribit
2462 1898 2802 1956 Mabillonius
2843 1901 2897 1955 in
2937 1902 3167 1955 secunda
3208 1911 3357 1972 parte
3384 1900 3735 1973 Prwfationis

2154 1986 2207 2040 in
2236 1995 2373 2040 tomo
2416 1985 2510 2040 III
2539 1988 2765 2057 Operam
2787 1989 2892 2043 divi
2916 1989 3198 2056 Bernardi,
3243 2004 3311 2045 ex
3352 1990 3737 2047 Arremarensi

2153 2073 2581 2131 Clamvallensis
2615 2078 2911 2134 monachus
2946 2080 3121 2134 factus
3149 2093 3181 2133 a
3213 2079 3334 2134 divo
3363 2079 3643 2136 Bernardo
3676 2088 3747 2136 ut

2068 2168 2073 2173 '
2155 2166 2401 2221 notarius
2457 2167 2731 2223 adhibitus
2794 2167 2913 2222 fuit.
2973 2169 3160 2225 Sancti
3211 2168 3313 2224 viri
3362 2168 3745 2227 benevolentia

2154 2255 2457 2324 fruebatur,
2484 2258 2712 2328 aliisque
2739 2251 2984 2314 doctrina
3010 2266 3064 2315 et
3087 2259 3378 2316 sanctitate
3403 2259 3742 2330 conspicuis,

2155 2354 2212 2400 et
2255 2346 2524 2418 praecipue
2564 2346 2730 2404 Petro
2777 2348 3087 2405 Venerabili
3121 2349 3363 2406 Cluniaci
3396 2351 3574 2407 abbati
3606 2351 3742 2409 cha-

2156 2450 2249 2491 rus
2273 2445 2389 2492 erat
2407 2453 2422 2502 ;
2443 2437 2836 2495 miserabiliter
2858 2447 3035 2495 tamen
3051 2440 3120 2496 ab
3132 2439 3319 2496 ordine
3340 2438 3557 2510 defecit,
3577 2457 3743 2512 quam

2158 2528 2512 2585 defectionem
2563 2546 2630 2585 an
2670 2547 2908 2608 unquam
2959 2533 3102 2589 serio
3156 2533 3527 2589 emendaverit
3562 2532 3740 2591 κλει.

2160 2619 2500 2677 Ilabillonius
2528 2622 2728 2694 aliique
2759 2624 3009 2680 dubitant
3043 2642 3056 2677 :
3094 2624 3447 2683 nihilominus
3469 2635 3555 2681 sat
3577 2626 3742 2682 claris

2159 2712 2496 2781 argumentis
2529 2711 2912 2769 animadvertit
2947 2714 3172 2769 doctiSs.
3212 2713 3452 2770 Martene
3486 2715 3538 2770 in
3586 2714 3741 2771 Pras-

2159 2799 2257 2869 [ιι.
2289 2811 2415 2856 tom.
2447 2800 2480 2854 Ι
2519 2801 2733 2858 Collect.
2770 2803 2941 2858 Veter.
2996 2805 3252 2875 Scriptor.
3279 2814 3326 2859 et
3367 2805 3605 2860 Monum.
3654 2805 3742 2877 ip-

2165 2904 2287 2945 sum
2310 2891 2379 2946 ad
2402 2891 2793 2949 Arremarense
2822 2895 3110 2964 pristinum
3139 2897 3444 2951 emnobium
3469 2912 3625 2952 suum
3652 2911 3743 2952 re-

464 2989 674 3045 auctori
690 2997 816 3045 sunt
831 2985 1264 3056 restitttendi.;En
1278 2985 1450 3041 series
1464 3000 1774 3042 sermonum
1806 2985 2012 3041 Nicolai
2040 3003 2052 3040 :
2084 2984 2131 3045 C
2159 2995 2378 3036 versum
2408 2980 2597 3049 fuisse,
2628 2999 2691 3039 ac
2714 2985 2838 3039 inde
2867 2985 3093 3040 multum
3121 2987 3195 3042 ibi
3222 2988 3489 3043 contlasse
3510 3002 3728 3054 nomen,

541 3081 593 3135 1.
637 3078 830 3135 Sermo
875 3079 931 3132 in
982 3076 1112 3146 festo
1160 3072 1223 3131 8.
1261 3073 1547 3146 ,Βεηεάὶοιὶ
1593 3074 1817 3141 abbatis,
1862 3075 1951 3130 die
1984 3076 2050 3129 21

466 3168 671 3225 Martii.
1262 3176 1267 3183 ‘

534 3259 591 3316 2.
622 3259 688 3315 In
720 3260 955 3315 Adventu
992 3259 1227 3324 Domini,
1254 3257 1318 3313 de
1342 3257 1498 3311 beata
1524 3252 1713 3321 Maria,
1741 3255 1834 3325 qui
1866 3253 1920 3309 in
1965 3252 2047 3311 fe-

466 3359 553 3408 sto
583 3349 1007 3405 Annuntiationis
1055 3347 1297 3417 ejusdem
1332 3347 1566 3417 Virginis
1614 3344 1908 3402 collocatus
1944 3353 2053 3412 est,

469 3443 561 3498 die
606 3442 680 3497 25
705 3441 944 3513 ejusdem
972 3440 1192 3497 mensis.
1434 3456 1443 3461 ’

543 3537 596 3591 5.
645 3533 712 3590 1η
768 3532 1057 3590 Nalivitate
1087 3531 1146 3588 8.
1172 3531 1397 3589 Joannis
1428 3529 1702 3601 Baptism,
1733 3530 1820 3586 die
1862 3529 1932 3585 9.4
1957 3528 2054 3585 Ju-

471 3644 596 3752 ml‘.
637 3696 707 3753 In
734 3697 864 3767 {esto
903 3695 964 3753 S.
995 3696 1140 3752 Petri
1184 3693 1253 3751 ad
1287 3688 1513 3750 Vincula
1561 3692 1656 3764 qui
1699 3691 1944 3748 absolute
1988 3691 2057 3747 de

469 3793 534 3849 8.
580 3793 740 3849 Petro
768 3795 1059 3864 inscriptus
1078 3804 1182 3860 est,
1210 3794 1282 3850 29
1302 3793 1545 3865 ejusdem
1584 3789 1806 3846 mensis.

543 3884 598 3949 5.
624 3884 701 3938 De
722 3883 828 3939 SS.
860 3883 1118 3954 Apostolis
1141 3883 1298 3938 Petro
1327 3896 1373 3938 et
1399 3881 1595 3948 Paulo,
1624 3881 1814 3937 eodem
1841 3879 1949 3937 die.

543 3974 598 4029 6.
626 3972 704 4029 De
736 3971 797 4027 S.
829 3972 1013 4031 Maria,
1032 3972 1351 4043 Magdalenn
1371 3971 1458 4026 die
1482 3970 1554 4024 22
1578 3970 1728 4025 Julii.

542 4062 599 4117 7.
646 4061 719 4115 De
748 4062 1114 4132 Assumptione
1160 4062 1323 4116 beata:
1372 4060 1562 4115 Maria:
1603 4058 1834 4129 Virginis
1869 4058 1958 4113 die
1982 4057 2057 4112 25

474 4153 728 4225 Augusti.

540 4245 594 4301 8.
619 4243 697 4299 De
723 4242 782 4299 S.
816 4241 1021 4298 Victore
1042 4242 1171 4298 diei
1200 4239 1560 4313 Septembris.
1594 4237 1749 4295 Circa
1781 4253 1943 4309 quem
1974 4247 2056 4294 ta-

2160 3080 2217 3127 et
2264 3072 2592 3144 principum,
2642 3077 3019 3149 episcoporum
3070 3093 3134 3134 ac
3185 3095 3517 3135 summorum
3572 3081 3740 3137 etiam

2152 3161 2477 3233 pontiﬁcum
2503 3165 2713 3221 animos
2744 3166 3071 3224 devinxisse.
3120 3168 3326 3224 Praeter
3371 3171 3468 3225 hos
3517 3181 3731 3226 sermo-

2159 3267 2257 3308 nes
2290 3261 2466 3309 exstat
2503 3248 2710 3309 Nicolai
2745 3255 3104 3327 Epistolarum
3152 3258 3283 3313 liber
3312 3259 3366 3313 in
3405 3259 3739 3317 Bibliotheca

2160 3341 2259 3398 SS.
2284 3342 2505 3398 Patrum
2534 3345 2786 3402 editionis
2821 3346 3195 3419 Lugdunensis
3230 3364 3373 3404 anno
3408 3350 3564 3418 1677,
3600 3360 3735 3409 tom.

2159 3430 2301 3502 XXI,
2325 3447 2447 3504 pag.
2474 3433 2602 3501 517,
2630 3445 2687 3490 et
2714 3436 2849 3493 alias
2883 3438 3089 3494 Nicolai
3119 3439 3275 3496 binas
3314 3441 3569 3511 epistolas
3599 3459 3740 3498 nun-

2157 3539 2321 3595 quam
2356 3525 2532 3583 editas
2569 3527 2794 3597 protulit
2821 3529 2887 3585 V.
2920 3528 2986 3584 cl.
3019 3529 3268 3587 Baluzius
3293 3541 3422 3587 tom.
3454 3532 3497 3587 ll
3529 3532 3740 3588 Miscet-

2157 3613 2453 3669 laneorum.
2820 3624 2825 3629 ‘

2227 3703 2320 3761 IV.
2366 3703 2473 3761 Sed
2513 3715 2573 3760 ut
2623 3708 2691 3762 ad
2735 3722 3016 3764 sermones
3069 3708 3317 3765 Damiani
3376 3719 3739 3782 revertamur,

2156 3794 2341 3867 plures
2362 3795 2474 3867 jam
2505 3797 2635 3853 editi
2664 3797 2880 3853 fuerant
2904 3814 2933 3853 a
2967 3798 3147 3865 Surio,
3177 3800 3319 3856 inter
3344 3817 3481 3874 quos
3515 3817 3744 3860 enume-

2158 3898 2242 3945 rat
2268 3887 2508 3958 Vossius,
2535 3906 2657 3964 pag.
2696 3893 2798 3950 118
2822 3892 2898 3948 De
2924 3894 3188 3948 historicis
3231 3893 3435 3949 Latinis
3459 3911 3743 3952 sermones

2159 3979 2226 4034 de
2260 3977 2361 4035 SS.
2393 3981 2740 4049 Eleuchadio,
2768 3985 3085 4051 Benedicto,
3134 3985 3617 4057 Georgio,'Marco,
3649 3988 3744 4045 Vi-

2159 4068 2268 4124 tale
2291 4077 2345 4124 et
2374 4071 2613 4137 Valeria,
2639 4074 2918 4140 Anthimo,
2966 4075 3297 4143 Apollinare,
3330 4078 3612 4145 Cassiano,
3642 4079 3739 4135 Fi-

2155 4155 2297 4222 dele,
2321 4155 2911 4227 Nicolao,Barbatiano,
2927 4161 3174 4228 0dilone,
3193 4162 3401 4231 Mauro,
3415 4163 3739 4235 Romualdo,

2158 4244 2467 4316 Rodulpho,
2495 4257 2550 4303 et
2568 4248 2851 4306 Dominico
2871 4249 3143 4308 Loricato.
3174 4251 3246 4307 At
3289 4253 3470 4323 plures
3492 4256 3627 4313 alios
3656 4274 3743 4315 re-

376 4408 385 4415 _
470 4352 595 4393 men
619 4337 1016 4393 observandum
1062 4343 1169 4399 est,
1221 4333 1617 4406 paragraphum
1665 4332 1924 4403 primum,
1963 4332 2055 4402 qui
2081 4328 2352 4395 Dcenset
2382 4339 2737 4398 Possevinus,

470 4433 662 4503 incipit
698 4431 842 4488 :Hie
863 4432 952 4487 ille
972 4447 1215 4503 magnus,
1247 4427 1554 4499 desiuitque
1589 4426 1841 4494 redolere,
1875 4440 2058 4497 super-

471 4524 712 4579 additum
740 4521 907 4578 fuisse
932 4522 1001 4577 ab
1041 4521 1223 4592 aliquo
1252 4518 1484 4575 fortasse
1525 4516 1874 4582 amanuensi;
1926 4530 2054 4569 nam

471 4616 575 4669 iste
604 4611 665 4668 S.
703 4610 937 4671 Victoris
968 4624 1170 4676 sermo,
1219 4611 1275 4664 in
1304 4607 1630 4662 Bibliotheca
1663 4616 1889 4661 veterum
1944 4604 2053 4661 Pa-

473 4713 614 4758 trum
637 4703 839 4759 ordinis
871 4702 1262 4767 Cisterciensis,
1290 4699 1383 4755 ubi
1413 4696 1575 4766 hujus
1594 4696 1801 4752 Nicolai
1837 4710 2051 4752 sermo-

472 4809 574 4852 nes
618 4804 857 4861 exstant,
886 4796 1075 4866 incipit
1111 4809 1141 4848 a
1173 4792 1410 4849 secundo
1440 4798 1651 4845 tantum
1686 4788 2049 4859 paragrapho,

470 4903 670 4960 nempe
696 4889 765 4944 ab
787 4889 894 4944 illis
919 4888 1098 4944 verbis
1135 4904 1153 4940 :
1182 4885 1263 4940 Ad
1299 4899 1513 4939 manum
1540 4890 1638 4947 est,
1664 4889 1770 4937 etc.

544 4982 601 5037 9.
636 4981 704 5036 In
732 4980 1024 5036 Nativitate
1052 4979 1118 5034 Β.
1161 4979 1227 5034 V.
1262 4979 1470 5044 Mariae,
1512 4976 1600 5035 die
1630 4977 1662 5033 8
1684 4975 1946 5046 ejusdem.

545 5072 638 5126 10.
667 5072 736 5128 In
761 5071 1101 5127 Exaltatione
1128 5069 1185 5125 8.
1217 5068 1401 5125 Crucis
1432 5069 1519 5125 die
1550 5067 1618 5124 14
1654 5067 1900 5139 ejusdem

542 5164 632 5219 11.
678 5163 747 5218 In
787 5163 918 5235 festo
949 5161 1048 5219 SS.
1115 5163 1453 5233 angelorum,
1514 5162 1599 5217 cui
1630 5162 1817 5217 titulus
1863 5174 1944 5219 est
1980 5163 2056 5220 De

471 5256 532 5312 S.
565 5254 826 5312 Michaele
847 5252 1184 5325 archangelo,
1215 5255 1300 5309 die
1330 5253 1400 5308 29
1432 5254 1692 5325 ejusdem.

2228 4430 2400 4487 Porro
2425 4432 2525 4487 sub
2548 4431 2696 4489 Petri
2717 4431 2961 4490 Damiani
2991 4436 3208 4493 nomine
3232 4454 3495 4494 sermones
3513 4442 3744 4511 quinque

2159 4523 2215 4577 in
2279 4522 2583 4579 Orationem
2639 4525 2974 4582 Dominicam
3026 4528 3266 4600 vulgavit
3313 4531 3384 4586 cl.
3443 4532 3744 4589 Dacherius

2159 4623 2291 4669 tom.
2321 4613 2433 4670 Vlll
2462 4614 2904 4688 Spicilegii,anno
2926 4619 3081 4674 1666.
3106 4619 3305 4676 Verum
3334 4632 3391 4677 et
3412 4624 3527 4693 ipse
3552 4634 3740 4694 postea

2160 4708 2381 4779 agnovit
2400 4722 2495 4763 eos
2528 4723 2648 4765 esse
2677 4709 2734 4765 S.
2753 4710 2900 4767 Petri
2922 4712 3193 4767 Ravenna:
3219 4713 3501 4780 antistitis,
3543 4731 3742 4785 cogno-

2157 4808 2343 4855 mento
2367 4798 2695 4872 Chrysologi,
2723 4802 2808 4858 cui
2833 4805 2996 4858 etiam
3027 4803 3080 4858 in
3107 4819 3247 4859 nova
3284 4790 3522 4875 ejusdem
3572 4804 3743 4874 Spici-

2158 4891 2281 4963 legii
2308 4892 2545 4949 editione
2580 4895 2961 4963 restituuntur,
2986 4904 3040 4951 et
3071 4895 3184 4952 fere
3209 4896 3263 4950 in
3290 4895 3541 4951 omnibus
3571 4896 3741 4967 Chry-

2157 4981 2326 5053 sologi
2358 4998 2672 5040 sermonum
2698 4986 3026 5043 editionibus
3058 4986 3310 5057 leguntur
3337 5001 3487 5040 num.
3527 4985 3618 5051 67,
3646 4987 3737 5053 68,

2160 5072 2252 5137 7o,
2272 5073 2362 5140 7t,
2397 5073 2485 5128 72.
2839 5095 2847 5103 -
3046 5130 3053 5137 ,

2234 5164 2300 5220 V.
2359 5166 2671 5223 Succedunt
2718 5166 3074 5226 Sermonibus
3133 5163 3384 5239 Historia:
3422 5174 3740 5223 sanctorum

2160 5272 2190 5311 a
2221 5255 2345 5312 divo
2364 5256 2527 5314 Petro
2548 5257 2797 5315 Damiani
2831 5259 3166 5328 conscriptae,
3201 5271 3264 5313 ac
3292 5257 3346 5311 in
3378 5257 3574 5327 primis
3607 5259 3740 5314 Vita
