3982 5350
432 81 500 139 15
1410 81 1686 138 PETRUS
1720 81 2004 138 ΒΑΜΙΑΝΙ

2125 81 2169 138 5.
2207 82 2272 138 Β.
2313 83 2375 138 Ε.
2417 82 2851 142 CARDINALIS.
3631 89 3697 145 16

430 193 777 249 commodum
803 193 897 250 tibi
930 194 1106 264 cedet)
1133 203 1254 263 post
1281 195 1577 250 secundum
1607 202 1815 249 tomum
1847 193 2009 250 facile
2043 201 2091 259 Α
2121 209 2242 264 quae
2265 194 2316 248 in
2349 194 2697 250 bibliothecis
2719 195 2903 251 forsan
2930 195 3119 261 latent,
3146 194 3489 263 conferrent;
3531 209 3697 258 nova,

432 285 749 340 adinvenies
783 300 902 354 qua:
937 285 1003 340 ad
1033 286 1166 341 duos
1186 287 1398 355 priores
1432 294 1608 342 tomos
1653 295 1926 357 spectant,
1961 295 2017 340 et
2123 285 2168 341 si
2200 300 2319 354 qua:
2344 283 2544 350 forent,
2575 287 2917 355 produceret,
2961 295 3016 342 et
3061 287 3390 343 auctioribus
3439 286 3703 342 observa-

431 383 556 444 post
585 383 838 444 quartum
873 390 994 444 qua:
1034 376 1102 431 ad
1137 377 1273 432 duos
1311 376 1629 445 posteriore.
1683 376 1763 431 En
1787 417 1802 443 ,
1846 376 2019 431 lector
2123 374 2359 429 tionibus
2380 375 2628 445 notisque
2651 375 2867 431 ditaret.
2891 375 3088 432 Fateor
3128 377 3272 432 enim
3314 375 3572 433 nonnulla
3608 376 3702 431 de-

431 464 843 531 humanissime,
868 467 1129 536 quidquid
1165 467 1215 520 in
1259 467 1402 522 Petri
1430 467 1676 522 Damiani
1719 468 1893 538 Opera
1927 468 2018 522 ad-
2124 479 2245 520 esse
2275 466 2482 520 et‘huic
2536 467 2790 532 editioni,
2839 483 2944 536 quo
2994 468 3175 523 minus
3226 465 3700 523 eonsumatissima

431 564 627 609 notare
681 555 867 622 libuit,
900 565 954 612 et
991 573 1087 628 pro
1139 567 1378 628 tempore
1422 559 1591 616 licuit.
1648 559 1914 616 Caeterum
1963 563 2016 616 in
2124 554 2381 624 appellari
2413 556 2620 622 valeat;
2667 572 2855 613 verum
2905 558 3010 614 alia
3038 573 3105 614 ex
3141 565 3295 628 parte
3336 555 3700 627 praecedenti-

428 641 572 696 votis
607 643 918 700 habuissem
945 686 959 712 ,
994 655 1052 700 ut
1079 647 1518 718 praestantissimi
1568 647 1725 716 hujus
1779 649 2018 707 auctoris
2126 646 2229 702 bus
2259 648 2509 702 omnibus
2543 663 2666 702 eam
2693 648 3099 717 correctiorem,
3127 649 3425 704 auctiorem
3463 653 3522 702 et
3565 642 3700 698 niti-

429 729 552 798 quis
579 731 781 801 scripta
804 733 984 789 omnia
1017 735 1082 789 ad
1120 750 1351 791 examen
1377 745 1697 804 revocaret;
1733 752 1856 792 cum
1887 753 2016 794 mss.
2128 739 2334 794 diorem
2369 739 2606 794 futuram
2630 739 2860 797 confido.
2891 741 3043 798 Vale.

441 941 3432 977 Ἦ

999 1158 1564 1250 CAJETANI
1641 1162 2225 1256 EPISTOLA
2280 1167 3122 1262 DEDICATORIA.

1888 1403 2229 1416 -υ

495 1581 554 1636 S.
597 1582 660 1636 D.
702 1581 766 1636 N.
810 1581 989 1639 Ρωιο
1029 1583 1094 1651 ν,
1126 1585 1368 1655 pontifici
1392 1586 1644 1653 maximo,
1677 1587 2085 1646 CONSTANTINUS
2109 1589 2439 1656 Cum-mus,
2468 1589 2765 1646 monachus
2787 1589 3216 1662 congregationis
3235 1587 3566 1657 Casinensis,
3591 1602 3691 1646 sa-

423 1676 595 1729 lutem
620 1683 675 1728 et
696 1674 1009 1730 felicitatem
1039 1690 1070 1729 a
1105 1675 1217 1731 Deo
1245 1686 1519 1747 precatur.

496 1762 626 1818 Jure
651 1764 879 1834 optimo,
908 1764 1072 1821 Pater
1095 1765 1428 1834 beatissime,
1469 1767 1715 1824 laborum
1755 1784 1997 1824 meorum
2043 1772 2316 1842 primitias
2362 1770 2457 1825 tibi
2489 1770 2853 1841 degustandas
2885 1783 3146 1826 consecro
3172 1783 3188 1835 ;
3228 1769 3426 1840 quippe
3450 1769 3543 1840 qui
3565 1767 3693 1826 Cle-

420 1853 619 1909 mentis
648 1855 823 1909 octavi
849 1855 1047 1920 locum,
1080 1871 1384 1927 munusque
1413 1859 1808 1926 amplissimum
1833 1859 2016 1915 divino
2044 1870 2176 1915 nutu
2208 1877 2312 1917 non
2339 1861 2495 1916 modo
2521 1861 2744 1916 sortitus
2771 1876 2849 1924 es,
2878 1874 3063 1915 verum
3091 1860 3254 1915 etiam
3299 1859 3367 1914 de
3403 1867 3456 1915 te
3483 1861 3698 1930 optime

425 1945 606 1998 meriti
643 1945 915 2014 pontiticis
943 1946 1294 2002 consiliorum
1347 1963 1641 2017 rerumque
1689 1948 1828 2003 bene
1879 1950 2250 2004 institutarum
2297 1950 2475 2003 fautor
2515 1963 2574 2004 es
2605 1957 2659 2004 et
2693 1948 3067 2018 amplificator.
3091 1946 3200 2003 Has
3221 1947 3363 2002 inter
3383 1956 3467 2002 est
3494 1949 3697 2004 beatus

419 2032 612 2088 Petrus
626 2033 904 2100 .Damiani,
927 2037 1020 2105 qui
1051 2045 1110 2091 ut
1142 2037 1194 2091 in
1216 2036 1390 2092 lucem
1421 2037 1696 2101 ederetur,
1725 2037 1771 2090 is
1795 2037 1926 2091 mihi
1951 2047 2141 2093 auctor
2166 2037 2432 2092 maximus
2459 2036 2578 2090 fuit.
2625 2036 2812 2090 Merito
2839 2035 3042 2104 itaque,
3075 2043 3132 2088 ut
3159 2048 3245 2088 me
3284 2033 3352 2089 ab
3374 2034 3523 2089 omni
3545 2033 3698 2089 obli-

419 2127 638 2196 gatione
663 2126 910 2196 liberem,
941 2143 1098 2199 opus,
1131 2130 1275 2200 quod
1303 2129 1566 2184 Clementi
1588 2129 1812 2184 reddere
1853 2131 2078 2185 minime
2105 2145 2345 2199 possum,
2379 2128 2680 2184 successori
2721 2125 3140 2180 clementissimo
3162 2124 3366 2180 refero.
3393 2123 3698 2179 Clementis

420 2231 558 2287 opus
591 2217 821 2274 dixerim
863 2220 1206 2286 Damianum,
1234 2234 1394 2289 quem
1423 2227 1576 2275 tanto
1598 2233 1815 2288 semper
1838 2229 1916 2273 est
1963 2234 2146 2276 amore
2171 2217 2505 2288 complexus,
2532 2225 2592 2270 ut
2615 2215 2701 2270 vel
2729 2215 2782 2270 in
2809 2229 2916 2280 me,
2943 2214 3033 2284 qui
3062 2213 3116 2267 in
3143 2228 3208 2268 eo
3231 2212 3458 2267 multum
3481 2210 3698 2267 labora-

387 2321 624 2370 -veram,
659 2307 804 2364 illius
828 2308 1216 2365 benevolentiae
1242 2323 1350 2364 non
1379 2323 1574 2379 parum
1603 2308 1884 2364 derivarit.
1920 2305 2027 2363 Sed
2052 2309 2235 2364 nescio
2271 2322 2339 2362 an
2373 2314 2519 2361 tuum
2546 2304 2726 2374 potius
2752 2304 2900 2359 illum
2935 2301 3197 2373 appellem
3218 2317 3242 2363 ,:
3276 2316 3400 2356 nam
3430 2301 3476 2357 si
3503 2315 3698 2372 perso-

417 2413 546 2454 nam
577 2388 994 2470 spectemus,'S.
1023 2400 1103 2456 Β.
1133 2399 1196 2455 Ε.
1229 2400 1522 2457 cardinalis
1568 2408 1674 2468 est,
1723 2411 1780 2456 et
1827 2399 2091 2457 Ostiensis
2132 2400 2448 2471 episcopus;
2507 2398 2554 2453 si
2595 2397 2718 2453 libri
2768 2395 2926 2466 bujus
2969 2396 3272 2460 consilium,
3307 2395 3574 2450 institutio
3602 2403 3693 2451 est

417 2487 680 2544 Ecclesiae
705 2489 1109 2546 moderatorum
1153 2505 1438 2548 morumve
1470 2499 1846 2562 corruptorum
1896 2491 2242 2557 emendatio;
2271 2491 2317 2548 si
2341 2490 2409 2546 ad
2435 2503 2571 2561 quos
2593 2487 2848 2544 scribitur
2875 2487 3042 2554 viros,
3071 2485 3345 2557 principes
3367 2493 3688 2556 suntatque

414 2589 476 2631 ιη
503 2579 695 2647 primis
725 2580 1007 2648 pontiﬁces
1036 2583 1258 2638 maximi
1290 2601 1304 2636 :
1332 2597 1452 2651 quae
1487 2583 1669 2639 omnia
1691 2582 1852 2640 ofIicii
1887 2584 1966 2640 tui
1992 2593 2078 2640 est
2101 2599 2318 2651 curare,
2357 2581 2631 2655 dignitatis
2669 2581 2936 2653 amplecti.
2972 2579 3198 2635 Accedit
3221 2578 3557 2634 incredibilis
3585 2579 3693 2635 iste

419 2676 544 2725 tuus
572 2673 738 2727 ardor
765 2673 950 2738 ani-mi,
977 2675 1330 2745 studiumque
1357 2674 1681 2732 Christiana:
1703 2677 1979 2748 religionis
2006 2677 2352 2734 defendendae
2376 2685 2430 2732 et
2467 2675 2855 2746 ampliﬁcandae
2881 2692 2894 2728 :
2927 2674 3017 2744 qui
3042 2673 3165 2743 jure
3191 2687 3291 2728 suo
3320 2672 3484 2727 talem
3511 2673 3692 2727 virum

424 2762 758 2830 postulabat,
783 2764 959 2834 qualis
993 2775 1214 2822 sanctus
1244 2768 1431 2823 doctor
1458 2768 1889 2835 commendatur,
1923 2769 2047 2824 ﬁdei
2076 2784 2141 2824 ac
2173 2769 2308 2841 legis
2343 2768 2539 2823 divinae
2561 2766 2813 2822 defensor
2839 2766 3176 2831 acerrimus;
3214 2764 3426 2818 vitiosae
3460 2763 3686 2819 vivendi

419 2854 852 2920 consuetudinis,
879 2870 999 2924 qua:
1024 2856 1076 2910 in
1109 2871 1208 2912 sua
1238 2864 1490 2928 tempora
1520 2859 1923 2926 dominabatur,
1961 2860 2294 2930 exstirpandi
2334 2857 2762 2914 studiosissimus
2789 2874 2804 2922 ;
2834 2856 2912 2910 uti
2949 2856 3005 2910 in
3033 2855 3176 2910 illius
3201 2854 3445 2925 epistolis
3475 2855 3688 2926 perspi-

419 2953 548 2994 cere
588 2939 886 3010 jucundum
923 2944 1054 3007 erit,
1089 2943 1276 2999 utilius
1308 2954 1473 3016 atque
1515 2945 1799 3018 gloriosius
1826 2946 2050 3001 imitari.
2081 2947 2310 3017 Suscipe
2339 2947 2523 3018 igitur,
2565 2945 2726 3000 Pater
2753 2944 3113 3012 sanctissime,
3145 2953 3294 2999 tuum
3336 2943 3687 3009 Damianum,

417 3035 511 3104 qui
543 3043 620 3090 tot
646 3051 709 3091 ac
741 3038 907 3093 tantis
937 3048 1112 3094 tecum
1142 3049 1227 3096 est
1256 3041 1476 3111 junctus
1506 3042 1697 3108 titulis,
1730 3051 1788 3097 ut
1806 3043 2069 3114 gaudeam
2104 3057 2192 3098 me
2233 3043 2300 3098 de
2324 3040 2625 3113 patrocinio
2652 3039 2899 3095 Damiani
2925 3037 3237 3106 sollicitum,
3277 3047 3332 3094 te
3361 3038 3436 3092 illi
3465 3051 3591 3094 esse
3613 3037 3683 3092 ad

417 3125 646 3197 gloriam
680 3140 776 3184 :et
801 3131 942 3199 apud
969 3131 1359 3187 beatitudinem
1391 3143 1559 3200 tuam,
1598 3133 1747 3188 illum
1785 3150 1882 3204 pro
1914 3135 2050 3200 suis,
2081 3134 2309 3204 aliisque
2339 3134 2522 3199 rebus,
2564 3148 2682 3203 quae
2711 3132 2853 3202 apud
2889 3146 2975 3186 me
3027 3139 3174 3197 sunt,
3226 3139 3425 3200 tuaque
3476 3143 3582 3201 ope
3631 3137 3692 3184 ct

419 3217 622 3272 auxilio
645 3219 906 3290 indigent,
933 3229 1220 3291 patronum
1247 3225 1540 3281 invenisse.
1567 3225 1750 3282 Habeo
1771 3227 1916 3282 enim
1946 3243 2056 3298 pra:
2079 3229 2326 3284 manibus
2349 3226 2747 3298 quamplurium
2776 3235 3087 3281 sanctorum
3111 3224 3398 3291 Historias,
3431 3240 3553 3295 quae
3578 3239 3690 3279 non

416 3305 538 3360 sine
577 3315 769 3378 magna
799 3310 1034 3380 ipsorum
1061 3312 1279 3384 injuria,
1335 3329 1545 3370 necnon
1579 3316 1794 3387 pietatis
1827 3332 1890 3371 ac
1911 3317 2159 3387 gloriosa;
2190 3318 2549 3375 aemulationis
2573 3315 2807 3387 jactura,
2840 3316 3236 3372 desiderantur.
3270 3315 3434 3371 Multa
3460 3330 3526 3371 ex
3552 3330 3685 3386 pro-

414 3396 562 3452 batis
599 3399 954 3468 scriptoribus
976 3403 1158 3459 notavi
1185 3403 1525 3475 adjungenda
1553 3406 1607 3459 in
1637 3405 1880 3462 Romano
1904 3406 2309 3480 Martyrologio,
2347 3422 2465 3477 quae
2492 3407 2688 3476 partim
2711 3407 2776 3462 ad
2805 3414 3117 3462 sanctorum
3144 3419 3450 3471 numerum,
3478 3403 3689 3474 partim

417 3486 486 3541 ad
512 3495 818 3558 temporum
855 3499 1017 3562 atque
1060 3493 1301 3549 locorum
1335 3496 1388 3548 in
1423 3495 1616 3564 quibus
1643 3495 1878 3566 gloriose
1905 3497 2112 3563 obiere,
2141 3497 2412 3568 pertinent
2436 3499 2738 3554 veritatem.
2766 3495 2969 3568 Collegi
2999 3497 3230 3566 denique
3257 3494 3514 3552 nonnulla
3533 3503 3689 3551 vete-

418 3592 540 3632 rum
568 3577 790 3634 Patrum
823 3583 1174 3650 monimenta,
1205 3600 1324 3655 quae
1353 3585 1397 3640 si
1438 3585 1492 3640 in
1520 3586 1790 3656 publicum
1817 3597 2162 3658 apparerent,
2189 3587 2272 3644 vel
2295 3589 2371 3644 rei
2400 3588 2656 3655 novitate,
2689 3585 2769 3642 vel
2792 3585 3021 3641 utilitate
3047 3585 3231 3640 multis
3257 3585 3412 3643 bonis
3435 3584 3687 3654 legentes

418 3669 778 3726 cumularent.
812 3673 990 3744 Atque
1018 3676 1073 3731 hi
1097 3691 1307 3743 omnes,
1337 3677 1502 3732 Pater
1525 3678 1886 3746 sanctissime,
1928 3679 2055 3734 dum
2086 3687 2138 3735 te
2169 3678 2221 3732 in
2246 3679 2418 3734 beata:
2445 3678 2683 3750 Virginis
2705 3685 2757 3731 et
2785 3675 3148 3746 apostolorum
3178 3670 3438 3746 principis
3465 3671 3685 3726 instau-

417 3762 605 3817 randis
629 3764 996 3836 ornandisque
1024 3769 1238 3838 templis
1277 3780 1596 3840 occupatum
1635 3787 1992 3843 conspexere,
2026 3772 2078 3826 in
2111 3786 2259 3842 spem
2289 3780 2494 3828 certam
2544 3779 2832 3835 venerunt,
2861 3768 2976 3823 fore
3018 3775 3078 3822 ut
3107 3768 3159 3821 in
3188 3765 3361 3820 lucem
3393 3776 3491 3832 per
3523 3769 3574 3816 te
3613 3778 3682 3818 ac

419 3851 588 3906 vitam
617 3862 1002 3909 revocarentur
1029 3873 1042 3908 :
1070 3865 1490 3927 sanctorumque
1517 3860 1752 3913 virorum
1794 3862 2030 3915 studium
2055 3861 2163 3914 tuis
2198 3871 2342 3916 recte
2369 3859 2526 3916 factis
2550 3861 2602 3914 in
2634 3860 2911 3916 hominum
2936 3857 3130 3912 animis
3149 3861 3490 3923 conceptum,
3517 3867 3683 3922 pare-

425 3951 513 3998 ret
536 3941 791 3998 Ecclesia:
819 3944 1085 4001 universae
1111 3945 1320 4002 fruetus
1354 3947 1565 4011 uberes,
1597 3949 1804 4002 auctori
1851 3963 1978 4002 vero
2001 3949 2224 4018 gloriam
2258 3950 2666 4018 sempiternam.
2689 3948 2964 4016 Equidem
2991 3936 3208 4014 operam
3244 3956 3440 4006 meam,
3471 3943 3683 4010 qualis-

425 4047 638 4102 cunque
666 4032 757 4087 illa
795 4035 883 4100 sit,
931 4051 1146 4091 omnem
1184 4037 1426 4106 polliceri
1467 4053 1683 4107 possum
1714 4054 1729 4105 ;
1785 4053 1897 4093 rem
1930 4052 2058 4093 vero
2085 4053 2349 4092 summam
2380 4039 2610 4107 probare
2653 4052 2715 4092 ac
2746 4036 2929 4092 fovere
2961 4042 3043 4090 est
3066 4032 3255 4102 judicii
3291 4045 3355 4086 ac
3385 4035 3680 4101 potestatis

423 4131 549 4177 tute.
574 4121 750 4178 Meum
773 4123 1005 4195 denique
1033 4135 1138 4192 est,
1171 4127 1268 4182 tibi
1292 4141 1322 4181 a
1354 4125 1466 4180 Deo
1505 4137 1618 4196 opt.
1657 4143 1800 4182 max.
1833 4125 2045 4182 firmam
2071 4128 2454 4190 valetudinem,
2488 4127 2728 4183 consiliis
2753 4141 2817 4182 ac
2843 4127 3001 4182 rebus
3028 4124 3134 4180 tuis
3167 4122 3440 4194 sapienter
3460 4133 3682 4182 sancte-

423 4229 530 4285 que
549 4218 741 4289 Cteptis
765 4217 1073 4277 felicitatem
1105 4221 1336 4290 precari.
1368 4221 1517 4278 Vale.
