3982 5350
271 299 338 354 Π
1089 292 1622 350 PROLEGOMENA.
1662 322 1730 334 --
1768 293 1856 348 DE
1891 293 2262 354 INSTITUTO
2302 299 2706 357 CAMALDUL.
3461 307 3530 363 18

1556 441 3524 472 ____..________________________

1220 614 1758 730 GUIDON
1774 613 1898 728 IS
1983 617 2578 734 GRANDII

439 856 886 903 CRBMONENSIS
931 855 1190 900 ABBATIS
1233 854 1487 900 ORDINIS
1532 855 1749 898 SANCTI
1797 856 2159 913 BENIDICTI,
2205 858 2723 906 CAMALDULENSIS
2768 859 3348 924 CONGBBGATIONIS,

1509 1015 2297 1109 DISSERTATIO

638 1256 727 1310 DE
763 1255 820 1310 S.
860 1253 1067 1310 PETRI
1106 1251 1390 1310 DAMIANI
1421 1251 1510 1306 ET
1547 1249 2140 1309 AVELLANITARUM
2178 1251 2552 1311 INSTITUTO
2589 1254 3154 1316 CAM'ALDULENSI.

773 1576 1000 1632 CAPUT
1039 1576 1330 1633 PRIMUM.

417 1671 644 1740 Scapus,
680 1678 1046 1739 argumentum
1077 1676 1124 1722 et
1155 1667 1358 1721 occasio
1385 1665 1664 1720 scribendi.

255 1765 531 1840 SINOPSIS._
559 1792 619 1800 η-
666 1761 810 1840 Varii
869 1761 1192 1840 scriptorum
1232 1757 1422 1840 ﬁnes:
1475 1773 1541 1838 ett
1581 1756 1666 1840 his
1694 1756 1836 1840 quis

322 1834 534 1889 auctori
572 1831 928 1902 propositus?
952 1827 1120 1902 Num.
1151 1831 1201 1883 l.
1232 1827 1484 1902 Ejusden't
1522 1829 1576 1880 in
1613 1827 1833 1881 Petrum

323 1899 920 1958 Damianum’ﬁtlucia.
977 1901 1033 1954 2.
1091 1899 1417 1966 Qua‘stionis
1477 1907 1834 1952 momentum.

319 1974 372 2028 '5.
409 1973 554 2027 Petri
581 1971 834 2025 Damiani
858 1971 1112 2041 elogium.
1137 1969 1190 2023 4.
1210 1968 1639 2025 Avellanitarum
1662 1967 1836 2041 gloria

327 2060 388 2098 ex
421 2053 570 2096 tanta
604 2051 917 2097 sanctorum
931 2037 1138 2109 [atque
1164 2042 1543 2108 episcoporum
1573 2037 1752 2107 copia.
1772 2045 1838 2109 _et

323 2113 693 2167 cardinalibus
749 2124 816 2165 ex
877 2107 1066 2164 eodeni
1131 2107 1462 2164 monasterio
1525 2107 1834 2175 assumptis.

321 2183 374 2237 5.
403 2182 593 2236 Jacobi
625 2181 915 2235 Laderchii
945 2190 1172 2235 conatus
1198 2182 1260 2234 ad
1286 2195 1475 2234 omnes
1504 2177 1837 2232 Avellauitas

322 2256 390 2306 ab
417 2254 613 2307 ordine
642 2251 1042 2305 Catualdnlensi
1078 2250 1494 2304 abstrahendos.
1521 2248 1573 2302 6.
1603 2249 1644 2301 Α
1677 2247 1836 2301 nobis

319 2325 437 2393 ejus
477 2322 873 2393 refutationem
901 2320 1065 2393 justc,
1119 2321 1450 2393 necessario,
1491 2334 1555 2372 ac
1592 2318 1836 2393 modeste

316 2389 754 2462 suscipiendam;
805 2391 935 2445 ibid.
988 2391 1062 2444 De
1090 2390 1242 2462 aliis.
1303 2405 1424 2460 quae
1476 2389 1831 2459 prodierunt,

317 2461 584 2518 adversus
622 2461 981 2517 Laderchium
1019 2461 1301 2530 apologiis.

859 2585 1231 2625 DlSSERTATIO.

316 2687 358 2744 Ι.
380 2687 483 2754 Qui
511 2687 658 2742 viros
684 2685 994 2751 sanctitate,
1013 2685 1279 2749 doctrina,
1307 2684 1534 2739 rebusve
1557 2683 1676 2739 aliis
1697 2697 1829 2753 pra:-

251 2780 396 2834 tlare
433 2779 604 2849 gestis
654 2778 917 2848 insignes,
962 2776 1047 2830 vel
1088 2775 1326 2841 familiaa,
1364 2775 1445 2828 vel
1484 2775 1692 2845 patrita,
1745 2773 1830 2828 vel

251 2870 424 2926 ordini
459 2884 562 2924 suo
594 2868 876 2922 vindicare
919 2874 1204 2931 conantur,
1248 2866 1478 2922 diversis
1519 2865 1722 2935 impelli
1760 2865 1828 2919 ad

249 2960 591 3014 scribendum
618 2957 814 3013 studiis
843 2965 1280 3012 consueverunt:
1305 2956 1551 3026 plerique
1573 2955 1828 3010 nimirum

248 3049 315 3104 ad
345 3049 774 3104 ostentationem
816 3048 1027 3118 gloriae,
1059 3047 1301 3102 nonnulli
1329 3048 1576 3104 veritatis
1620 3062 1827 3114 amore,

251 3139 559 3208 paucissimi
587 3139 970 3193 tedificationis
993 3138 1166 3209 gratia
1189 3138 1242 3192 id
1271 3137 1324 3191 in
1350 3153 1406 3192 se
1434 3138 1632 3208 negotii
1658 3137 1830 3192 susei-

248 3232 419 3298 piuut.
455 3231 568 3301 Ego
602 3245 748 3293 vero,
787 3240 844 3283 ut
888 3230 1187 3298 primorum
1218 3229 1514 3282 vanitatem
1551 3228 1827 3283 declinare

246 3335 340 3388 pro
383 3321 589 3374 viribus
617 3329 826 3388 satago,
879 3320 949 3372 ita
983 3319 1154 3372 zelmn
1198 3318 1426 3372 aliorum
1469 3318 1732 3384 aemulari,
1765 3334 1829 3373 ac

249 3408 483 3478 denique
512 3411 880 3478 posteriorum
911 3409 1143 3463 fructum
1172 3409 1420 3478 prteseuli
1449 3409 1828 3464 dissertatione

246 3499 523 3566 consequi,
569 3514 784 3552 summo
825 3498 992 3552 animi
1035 3499 1247 3561 ardore,
1287 3499 1558 3554 desidero.
1606 3499 1826 3554 Petrum

245 3587 452 3641 scilicet
490 3589 833 3652 Damianum,
869 3595 924 3642 et
955 3587 1290 3642 Avellanitas
1337 3598 1566 3644 caeteros
1609 3588 1825 3642 Catual-

247 3679 490 3732 dulcnsis
518 3679 750 3732 instituti
786 3677 973 3744 fuisse,
1000 3679 1262 3733 adversus
1293 3689 1610 3749 argumenta
1641 3677 1826 3734 Jacobi

246 3765 556 3832 Ladcrcltii,
590 3769 1031 3839 congregationis
1072 3769 1300 3824 Romani
1329 3768 1567 3824 Oratorii
1607 3770 1830 3840 presby-

244 3860 359 3922 teri,
421 3875 486 3913 ac
543 3859 846 3930 nuperrimi
904 3859 1039 3915 Vita:
1094 3861 1332 3929 ejusdem
1378 3861 1525 3917 Petri
1579 3862 1825 3916 Damiani

241 3951 546 4020 scriptoris,
593 3951 888 4006 ostendere
934 3951 986 4005 in
1027 3953 1166 4007 votis
1213 3953 1406 4018 habeo,
1454 3962 1566 4007 tum
1612 3968 1679 4007 ne
1719 3969 1823 4022 qua

242 4055 306 4094 ex
332 4053 494 4112 parte
519 4044 735 4098 veritati
769 4041 1142 4114 pra'judicium
1182 4045 1293 4111 ﬁat,
1324 4056 1435 4100 tum
1476 4046 1737 4111 maxime,
1766 4055 1825 4100 ut

243 4133 683 4192 Catualtlulenses
716 4137 892 4190 nostri
919 4144 1188 4191 tantormn
1213 4138 1454 4203 Patrum,
1483 4147 1644 4206 atque
1673 4149 1825 4193 ante-

242 4239 514 4280 cessorum
555 4241 617 4280 se
663 4225 831 4289 ﬁlios.
871 4241 935 4280 ac
979 4241 1326 4281 successores
1356 4241 1651 4297 agnoscere
1696 4242 1821 4296 per-

1865 1583 1914 1640 Α
1945 1581 2056 1644 hct,
2100 1579 2162 1634 Β.
2198 1579 2393 1638 Petrus
2441 1583 2705 1652 Damiani,
2733 1585 3068 1657 praecipuum
3109 1589 3317 1645 ordinis
3353 1594 3528 1648 nostri

1943 1672 2150 1738 lumen,
2192 1682 2246 1728 et
2286 1685 2706 1730 ornamentum:
2742 1679 3221 1747 quemadmodum,
3261 1681 3378 1752 ejus
3409 1686 3521 1740 aris

1945 1762 2220 1818 humiliter
2270 1765 2586 1833 advolutus,
2635 1767 2796 1823 enixe
2840 1769 3122 1840 deprecor.
3174 1771 3282 1828 Nec
3329 1775 3512 1841 enim,

1943 1853 2044 1906 nisi
2080 1855 2277 1924 praevia
2317 1856 2435 1925 ejus
2468 1859 2752 1927 patrocinii
2794 1860 3153 1929 invocatione,
3184 1863 3338 1934 cujus
3377 1883 3510 1938 prac-

1941 1944 2170 1998 seutiam
2217 1947 2377 2001 toties
2419 1949 2550 2002 mihi
2594 1949 2880 2018 propitiam
2920 1953 3088 2018 sensi,
3127 1955 3194 2009 ad
3228 1955 3330 2012 hoc
3377 1959 3515 2012 scri-

1939 2035 2141 2105 ptionis
2191 2052 2360 2106 genus
2413 2038 2655 2093 animum
2703 2039 2917 2109 appuli;
2972 2057 3073 2097 nec
3126 2044 3231 2098 nisi
3278 2045 3518 2113 ejusdem

1941 2130 2233 2200 auspiciis,
2283 2140 2360 2185 tot
2395 2132 2536 2186 inter
2578 2133 2754 2187 varias
2795 2135 3180 2204 occupationes
3225 2139 3293 2192 ab
3335 2139 3520 2209 hujus-

1941 2220 2088 2274 modi
2121 2221 2314 2276 studiis
2346 2221 2580 2275 maxime
2619 2221 2848 2288 alienas,
2877 2224 3156 2293 otiumque
3193 2225 3518 2297 diligentiori

1940 2311 2133 2366 barum
2169 2328 2350 2366 rerum
2392 2312 2630 2383 indagini
2677 2324 3041 2384 opportunum
3083 2318 3309 2374 minime
3356 2319 3520 2374 relin-

1940 2413 2185 2472 quentes,
2229 2404 2531 2474 apologiam
2564 2405 2704 2461 hanc
2733 2416 3004 2478 utcunque
3029 2418 3342 2477 contexere,
3372 2423 3426 2470 et
3451 2415 3517 2467 ad

1935 2494 2249 2548 umbilicum
2301 2497 2518 2552 tandem
2567 2497 2866 2567 perducere
2924 2514 3010 2553 me
3064 2515 3222 2569 posse
3274 2503 3508 2556 contldo.

1935 2582 2244 2640 Praesertim
2288 2602 2410 2641 cum
2455 2587 2523 2642 ad
2559 2597 2808 2657 quartam
2849 2589 2988 2644 hanc
3032 2591 3190 2645 stadii
3228 2592 3357 2646 mihi
3392 2608 3512 2662 pro-

1934 2677 2092 2744 positi
2134 2687 2376 2746 partem,
2424 2680 2629 2734 viribus
2673 2697 2737 2735 ex
2780 2683 3104 2752 praecedenti
3155 2700 3319 2740 cursu
3370 2701 3506 2755 pene

1936 2767 2228 2835 confectis,
2284 2771 2574 2836 accedam,
2619 2788 2781 2841 quant
2841 2784 3124 2844 propterea
3175 2791 3241 2831 ex
3295 2777 3508 2847 integro

1936 2858 2248 2925 decurrere,
2291 2871 2564 2932 totamque
2598 2863 2860 2934 perlicere
2889 2866 2974 2920 vix
3015 2868 3370 2937 speraverim,
3407 2869 3511 2924 nisi

1863 2939 1908 2999 Β
1933 2948 2197 3018 ejusdem,
2238 2954 2393 3024 cujus
2429 2969 2592 3010 causa
2626 2956 2824 3027 agitur,
2867 2957 2924 3011 S.
2969 2958 3206 3014 doctoris
3251 2961 3512 3016 auxilium

1934 3041 2005 3094 ita
2056 3040 2328 3109 jacentem
2387 3043 2630 3099 animum
2683 3045 2892 3116 erigat,
2952 3047 3196 3120 vigorem
3253 3059 3509 3117 renovet,

1933 3146 2125 3188 nervos
2172 3142 2467 3200 restauret,
2513 3143 2799 3191 nutantem
2853 3138 3047 3206 pedem
3096 3137 3401 3204 confirmet,
3456 3148 3516 3194 ut

1931 3224 1998 3278 ad
2029 3234 2266 3294 optatam
2318 3235 2517 3282 metam
2561 3225 2706 3283 facili
2746 3236 2803 3285 et
2846 3229 3097 3302 expedito
3147 3246 3339 3304 gressu
3387 3247 3515 3302 per-

1933 3315 2151 3386 tingam.

1999 3407 2083 3460 Ill.
2130 3407 2202 3462 Ne
2226 3423 2355 3465 vero
2377 3409 2499 3479 quis
2523 3411 2857 3482 propositam
2884 3415 3316 3471 controversiam
3343 3415 3509 3472 levio-

1930 3497 2004 3550 ris
2054 3497 2284 3555 fortasse
2334 3503 2628 3569 momenti,
2688 3519 2754 3558 ac
2803 3505 3019 3560 minimi
3073 3507 3331 3575 ponderis
3388 3522 3511 3562 esse

1927 3588 2244 3655 arbitretur,
2295 3593 2438 3661 quod
2493 3593 2672 3648 minus
2728 3594 2806 3649 illi
2861 3605 3144 3666 perspecta
3199 3596 3310 3651 sint
3361 3595 3509 3652 Petri

1929 3681 2098 3734 nostri
2123 3680 2368 3737 Damiani
2400 3684 2599 3738 eximia
2628 3685 2680 3740 in
2709 3685 3008 3742 Ecelesiam
3037 3688 3254 3753 merita,
3284 3687 3511 3758 ejusque

1927 3783 2332 3826 antecessorum
2374 3788 2440 3827 ac
2493 3788 2894 3842 successorum,
2935 3777 3030 3847 qui
3070 3777 3284 3848 insigne
3324 3778 3511 3833 Fontis

1925 3860 2165 3915 Avellani
2215 3861 2548 3928 coenobium,
2599 3874 2764 3934 atque
2805 3866 2935 3922 hinc
2973 3867 3267 3936 pendentia
3319 3883 3509 3924 mona-

1927 3951 2125 4016 steria,
2185 3966 2285 4006 nec
2345 3968 2452 4006 non
2511 3954 2928 4009 celeberrimam
2988 3955 3168 4010 Sitriae
3228 3971 3508 4020 eremum,

1925 4040 2167 4108 aliasque
2214 4052 2474 4113 cognatas
2529 4043 2849 4100 solitudines
2901 4045 3247 4102 illustrarunt
3287 4046 3509 4117 (omnes

1925 4131 2069 4184 enim
2111 4131 2318 4200 pariter
2346 4132 2463 4188 haec
2500 4133 2731 4203 quaestio
2770 4135 2962 4205 tangit,
2993 4134 3292 4206 eademque
3326 4135 3508 4205 singu-

1925 4219 2101 4274 lorum
2149 4229 2233 4276 est
2274 4221 2447 4294 ratio)
2493 4222 2769 4292 prteclarte
2812 4224 2965 4278 dotes
2994 4232 3200 4278 a-terna
3248 4224 3505 4279 memoria

241 4327 392 4384 gant,
443 4331 622 4386 neque
672 4331 732 4370 se
791 4315 859 4369 ab
913 4316 1125 4371 illorum
1177 4316 1482 4370 imitatione
1535 4315 1822 4387 sejungere
1849 4303 1894 4365 C
1925 4312 2102 4383 digna:
2133 4315 2469 4383 summisque
2497 4313 2750 4369 laudibus
2777 4312 3102 4381 efferenda;
3134 4315 3256 4371 ideo
3286 4315 3505 4371 brevem

242 4409 493 4472 audeant,
542 4408 745 4477 quibus
779 4423 1150 4474 communem,
1185 4407 1268 4461 vel
1311 4407 1689 4472 monasticam,
1738 4409 1820 4463 vel

241 4500 570 4554 eremiticam
603 4500 947 4568 disciplinam
976 4501 1042 4554 ab
1073 4500 1264 4555 eodem
1295 4501 1638 4555 sanctissimo
1659 4499 1823 4556 Patre

240 4586 538 4644 Romualdo
576 4599 859 4660 acceptam
891 4605 948 4644 se
979 4590 1256 4646 derivasse
1285 4591 1606 4662 gloriantur.
1637 4591 1822 4662 Neque

240 4681 377 4736 enim
426 4682 610 4734 minus
643 4680 712 4734 ad
755 4695 876 4745 nos,
920 4697 1083 4750 quam
1120 4682 1188 4734 ad
1231 4692 1446 4737 veteres
1489 4681 1822 4736 Avellanitas

243 4771 505 4837 pertinere
535 4770 756 4824 videtur
793 4771 974 4839 gravis
1021 4772 1109 4826 illa
1155 4770 1299 4825 Petri
1342 4771 1588 4827 Damiani
1631 4771 1820 4826 admo-

245 4861 386 4923 nitio,
422 4875 527 4929 qua
561 4859 768 4930 Opusc.
829 4876 987 4914 suum
1051 4861 1116 4914 15
1162 4859 1238 4914 De
1264 4861 1476 4927 ordine,
1509 4871 1563 4917 et
1595 4859 1822 4914 faculta-

243 4953 374 5006 tibus
399 4952 593 5008 Fontis
617 4952 865 5007 Avellani
896 4953 952 5006 S.
986 4954 1176 5008 doctor
1205 4952 1504 5019 concludit,
1528 4951 1777 5008 videlicet
1803 4969 1817 5004 :

240 5039 436 5096 Pudeat
473 5059 566 5097 vos
599 5045 666 5096 ab
699 5042 914 5096 illorum
959 5044 1233 5098 nobilitate
1270 5043 1385 5104 ﬁeri
1421 5045 1629 5100 vivendo
1664 5044 1813 5114 dege-

239 5147 395 5196 neres,
425 5133 517 5202 qui
550 5130 686 5199 facti
715 5129 840 5183 eatis
869 5130 1170 5184 habitacula
1195 5148 1536 5188 successores.

300 5219 335 5240 ΙΙ
395 5219 554 5242 ΙΙ--....
587 5221 844 5242 ..λ-...μλκιῖ
882 5221 1248 5242 ,ιξ---...ᾼ.ε-..ε

1535 5221 1816 5248 ...κατε-...ηε

463 5236 554 5242 -..σι
587 5229 844 5244 -__...~.~—-l;
882 5229 1248 5246 .Ila—‘_I..I:~-\:
1289 5238 1497 5246 ,μα’--.μμ

1932 4405 1986 4458 in
2028 4406 2238 4474 primis,
2278 4421 2343 4460 ac
2374 4407 2540 4461 veluti
2567 4406 3004 4476 perfunctoriam
3041 4407 3239 4462 horum
3276 4407 3504 4478 pariter,

1922 4505 1975 4550 et
2025 4497 2178 4550 illius.
2214 4496 2392 4551 ideam
2427 4497 2871 4570 Vprtemittendam
2919 4513 3116 4554 censeo
3163 4516 3178 4552 :
3235 4497 3501 4555 lectorem

1923 4587 2314 4652 nihilominus,
2359 4602 2460 4658 pro
2511 4587 2742 4658 pleniori
2800 4587 2944 4643 Petri
2995 4588 3240 4643 Damiani
3291 4589 3503 4651 notitia,

1922 4682 2208 4736 remittens
2255 4683 2323 4735 ad
2370 4681 2740 4748 doctissimos,
2783 4690 2838 4736 et
2884 4681 3159 4751 piissimos
3203 4681 3508 4737 cardinales

1923 4769 2214 4825 Baronium
2254 4780 2308 4826 et
2345 4769 2765 4834 Bellarminum,
2812 4771 3055 4836 aliosque
3102 4771 3510 4843 ecelesrasticos

1923 4864 2250 4933 scriptores,
2299 4863 2454 4917 initio
2497 4862 2629 4919 tomi
2669 4862 2954 4933 [Operum
3010 4863 3253 4933 ejusdem
3301 4861 3508 4932 egregii

1925 4955 2162 5010 doctoris
2207 4969 2235 5007 a
2273 4952 2632 5010 Constantino
2681 4953 2877 5008 abbate
2906 4951 3165 5021 Cajetano
3216 4952 3507 5014 adductos.

1923 5049 2069 5119 apud
2111 5061 2246 5117 quos
2293 5043 2737 5114 frequentissima
2792 5045 2916 5115 ejus
2953 5044 3128 5116 elogia
3183 5050 3510 5110 occurrunt,

1888 5142 2136 5196 queritis
2181 5148 2358 5192 tamen
2404 5136 2567 5210 longe
2605 5135 2898 5202 inferiora;
2939 5135 3419 5205 quemadmodum,
3459 5143 3515 5188 et

2640 5233 2813 5250 αλιι-..ες
2866 5226 3232 5250 ..ἴ,.-,..ξ.-.ςς
3277 5237 3488 5250 "annua-ﬁ

2121 5229 2342 5250 -..'.....-...
2394 5225 2415 5250 Δ
2437 5225 2630 5250 -.-ιιημῖ
