3982 5350
446 246 514 302 ﬂ
1368 245 1427 303 S.
1458 245 1734 303 PETRUS
1770 241 2129 300 DAMIANUS
2165 240 2224 301 S.
2262 244 2329 298 Β.
2360 245 2419 299 Ε.
2454 242 2887 300 CARDINALIS.
3278 298 3279 301 η
3635 251 3707 307 20

446 366 686 431 ipsorum
737 361 1020 417 historiam
1065 361 1515 417 conscribendam
1565 362 1618 414 in
1666 375 1753 414 me
1796 358 2023 428 recipio,
2054 359 2102 417 A
2134 358 2427 414 Damianus
2460 360 2548 413 hic
2586 360 2924 429 subscriptus
2963 358 3158 428 legitur
3196 374 3339 415 anno
3372 361 3530 430 1087,
3573 365 3715 434 apud

447 455 538 509 sed
577 469 786 519 eorum,
833 461 888 507 et
926 450 1424 507 Camaldulensium
1472 451 1703 506 instituti
1745 450 2026 521 cognatio-

445 561 569 600 nem
601 543 861 597 duntaxat
889 541 1366 597 demonstrandam
1403 556 1644 605 assumo.

515 634 605 688 ιν.
648 634 772 688 Fuit
817 648 947 687 sane
994 630 1054 685 Β.
1105 630 1298 687 Petrus
1337 631 1583 686 Damiani
1610 631 1692 684 vir
1730 631 1813 686 sui
1844 628 2028 685 saeculi

444 728 609 796 longe
650 724 1019 787 doctissimus,
1054 724 1414 779 sanctimonia
1453 733 1508 780 et
1538 723 1861 779 auctoritate
1887 737 2026 793 prae-

448 817 591 870 ditus
632 812 927 884 singulari;
972 813 1125 882 cujus
1159 813 1204 867 si
1235 813 1600 884 eloquentiam
1635 821 1866 883 spectes,
1894 810 2037 867 Gre-

445 906 596 974 gorio
628 906 934 976 proximum
970 922 981 955 :
1015 905 1058 958 si
1099 903 1273 958 zelum
1303 904 1641 967 consideres,
1677 918 1861 975 parem
1902 902 2032 957 Hie-

445 1011 705 1068 ronymo;
732 997 775 1050 si
803 997 924 1051 vita:
944 984 1319 1051 austeritatem
1337 1011 1401 1049 ac
1423 996 1716 1051 dilatandte
1736 994 2032 1049 eremitica:

444 1089 745 1159 disciplinae
799 1090 1037 1144 studium
1098 1089 1382 1154 attendas,
1443 1089 1676 1145 similem
1730 1087 2032 1143 Romualdo

445 1179 642 1234 merito
704 1179 929 1235 dixeris.
981 1178 1154 1248 Quem
1211 1195 1243 1234 e
1304 1178 1618 1244 solitudinis
1674 1177 1902 1232 latebris
1964 1176 2033 1232 ad

446 1268 753 1325 Romanam
782 1285 1097 1341 purpuram,
1128 1280 1182 1325 et
1225 1268 1497 1325 Ostiensis
1526 1270 1783 1325 Ecclesia:
1826 1269 2031 1338 princi-

444 1369 631 1427 patum
676 1359 789 1415 sola
836 1361 1008 1416 virtus
1052 1360 1249 1425 evexit,
1303 1360 1700 1430 spectatissima
1745 1359 2030 1429 prudentia

445 1450 776 1531 diﬂi’cillimis
816 1452 1111 1522 pontificiis
1141 1453 1501 1523 legationibus
1540 1452 1803 1507 obeundis
1844 1451 2029 1505 admo-

444 1544 556 1610 vit;
587 1546 815 1616 probata
844 1546 1128 1601 humilitas
1168 1561 1199 1600 e
1245 1560 1459 1600 summo
1497 1544 1776 1617 dignitatis
1816 1542 2031 1615 fastigio

444 1636 518 1691 ad
540 1636 709 1691 eremi
733 1636 1060 1705 squallorem
1086 1637 1319 1692 reduxit.
1345 1634 1509 1704 Cujus
1533 1635 1762 1704 denique
1783 1633 2029 1689 encomia

2134 449 2420 519 Ughellum
2469 461 2597 504 tom.
2650 449 2736 504 Vll
2784 451 2836 504 in
2869 450 3112 519 Append.
3164 452 3273 504 tum
3329 450 3393 506 Ill
3435 453 3502 507 ad
3540 454 3690 522 episc

2133 541 2398 613 Floreat.)
2426 552 2480 596 ct
2502 538 2856 596 Guitmundus
2882 543 3170 612 episcopus
3193 543 3504 599 Aversanus
3530 544 3715 615 (quem

2134 631 2221 686 alii
2264 630 2669 703 Sigismundum
2714 634 3017 696 nominant,
3051 644 3105 688 et
3137 633 3466 690 Trithemius
3494 637 3710 705 quidem

2136 724 2461 779 monaclmm
2512 723 2572 778 S.
2619 723 2811 779 Crucis
2857 723 3096 780 Leufridi
3143 726 3394 789 credidit,
3441 726 3712 783 Arnoldus

2136 825 2315 873 autem
2341 817 2504 873 Wion
2529 817 2588 873 S.
2612 818 2804 874 Crucis
2825 816 3013 872 Fontis
3035 817 3275 871 Avellani
3306 817 3471 873 fuisse
3499 819 3711 885 scribit,

2135 923 2200 964 ac
2231 908 2591 964 Trithemium
2630 909 2910 978 aequivoco
2945 910 3265 963 monasterii
3304 909 3518 964 nomine
3550 910 3714 966 dece-

2136 1012 2286 1070 ptum
2314 1008 2487 1070 putat,
2511 983 2809 1055 Jacobillus
2830 1014 2961 1054 vero
2985 1013 3051 1053 ex
3081 998 3328 1053 cmuobio
3361 998 3714 1055 Leufridiano

2136 1090 2203 1145 ad
2232 1090 2612 1153 Avellanense,
2650 1089 2794 1142 fama
2835 1087 3143 1142 sanctitatis
3192 1087 3252 1142 Β.
3285 1086 3550 1157 Lodulphi
3599 1087 3715 1143 ille-

2137 1192 2308 1246 ctum,
2348 1181 2611 1235 transisse
2636 1178 2940 1244 contendit,
2968 1178 3201 1233 eleetum
3229 1193 3354 1232 vero
3380 1178 3712 1233 cardinalem

2136 1287 2202 1327 ex
2237 1269 2563 1325 bibliotheca
2603 1268 2825 1323 Patrum
2857 1268 2909 1322 in
2949 1265 3216 1337 Operibus
3252 1267 3578 1336 scriptorum
3609 1282 3715 1323 sm-

2137 1363 2242 1419 culi
2294 1378 2373 1426 xi,
2417 1378 2538 1432 pag.
2572 1360 2696 1425 469,
2732 1369 2862 1415 tom.
2892 1359 3058 1426 XVII,
3088 1368 3144 1415 et
3173 1359 3314 1430 apud
3346 1359 3628 1435 Ughellum
3660 1360 3716 1415 in

2138 1453 2409 1525 episcopis
2454 1452 2748 1507 Aversanis
2793 1460 2848 1506 et
2884 1450 3232 1506 Guillelmum
3285 1449 3520 1506 Cavcum
3570 1451 3714 1507 Hist.

2139 1547 2309 1601 litter.
2361 1547 2427 1599 ad
2478 1561 2570 1599 an.
2626 1544 2762 1599 1066
2811 1546 3043 1614 constat)
3100 1558 3164 1598 ac
3205 1543 3419 1597 demum
3465 1541 3715 1598 Gebiosus

2137 1640 2424 1708 episcopus
2442 1634 2692 1691 Caesenas
2708 1635 2819 1705 (qui
2844 1651 2909 1690 ex
2924 1634 3193 1689 Avellaua:
3213 1634 3463 1689 coenobio
3486 1632 3717 1689 Romam

446 1729 496 1783 is
525 1728 673 1784 solus
700 1729 951 1800 ignorare
986 1739 1186 1799 potest,
1220 1730 1310 1800 qui
1353 1730 1469 1800 ejus
1501 1728 1698 1793 Vitam,
1732 1726 2023 1798 Opuscula,
2060 1708 2103 1767 Β
2135 1740 2383 1795 vocatus,
2420 1730 2618 1784 ibidem
2651 1728 2819 1787 abbas
2847 1727 2906 1782 S.
2939 1727 3134 1793 Alexii,
3165 1734 3275 1782 tum
3307 1727 3613 1797 episcopus,
3642 1742 3709 1784 ac

444 1817 707 1875 Miracula
751 1836 858 1874 non
902 1820 1129 1892 legerit:
1160 1820 1251 1890 qui
1295 1829 1373 1873 tot
1412 1834 1507 1890 per
1553 1819 1726 1889 ipsum
1771 1815 2029 1886 praeclare

447 1909 515 1964 ad
558 1911 800 1965 divinum
841 1909 1043 1965 cultum
1087 1908 1512 1979 promovendum
1558 1907 1828 1971 instituta,
1866 1913 2030 1975 atque

446 2004 514 2058 ab
553 2004 806 2058 universa
834 2002 1076 2058 Ecclesia
1117 2010 1361 2071 recepta,
1401 2016 1507 2055 non
1539 1998 1851 2069 expenderit
1885 2014 1899 2051 :
1938 1996 2029 2066 qui

446 2093 681 2162 denique
714 2108 817 2147 non
850 2092 1107 2155 audierit,
1135 2101 1338 2161 quanto
1370 2092 1423 2144 in
1453 2090 1627 2159 pretio
1666 2088 1805 2157 apud
1841 2101 2030 2142 omnes

448 2187 724 2240 Romanos
751 2182 1056 2253 pontifices,
1096 2183 1442 2251 quibuscum,
1470 2189 1526 2235 et
1554 2191 1678 2233 ante
1701 2193 1837 2249 quos
1872 2177 2026 2241 vixit,

447 2274 669 2329 habitus
716 2274 910 2339 fuerit;
963 2288 1027 2328 ex
1078 2272 1273 2342 quibus
1318 2270 1610 2326 Alexandri
1656 2269 1696 2324 ll
1750 2267 2029 2325 oraculum

448 2365 661 2422 referre
701 2365 960 2432 sufficiat,
999 2366 1090 2435 qui
1131 2365 1184 2419 in
1226 2364 1421 2419 litteris
1463 2364 1528 2418 ad
1555 2361 1853 2418 Galliarum
1897 2375 2032 2432 prte-

449 2460 594 2515 sules
625 2461 729 2515 hoc
755 2460 823 2515 de
852 2460 943 2515 illo
974 2460 1190 2514 vivente
1218 2457 1564 2530 magnificum
1594 2456 1763 2512 edidit
1791 2456 2032 2511 testimo-

447 2550 599 2604 nium
635 2568 648 2605 :
685 2570 702 2602 ί
736 2550 922 2605 Talem
958 2550 1111 2605 vobis
1152 2551 1324 2603 virum
1369 2548 1643 2603 destinare
1693 2546 2029 2610 curavimus,

449 2656 559 2712 quo
584 2642 874 2709 nimirum,
904 2654 1026 2714 post
1058 2659 1180 2708 nos,
1213 2641 1384 2711 major
1420 2642 1475 2696 in
1506 2640 1751 2696 Romana
1787 2638 2032 2695 Ecclesia

451 2734 749 2789 auctoritas
790 2749 897 2789 non
941 2733 1172 2789 habetur
1208 2751 1221 2787 :
1267 2732 1488 2787 Petrum
1525 2731 1780 2787 videlicet
1820 2730 2035 2785 Damia-

449 2840 582 2878 num
619 2824 921 2881 Ostiensem
953 2825 1286 2896 episcopum,
1320 2824 1411 2894 qui
1454 2824 1731 2888 nimirum,
1765 2831 1816 2878 et
1848 2831 2034 2878 noster

451 2924 537 2971 est
585 2917 801 2981 oculus,
853 2924 904 2971 et
957 2915 1270 2986 apostolicae
1321 2914 1468 2969 sedis
1519 2913 1795 2969 immobile
1849 2913 2032 2967 firma-

448 3018 712 3064 mentum.
751 3028 770 3060 )
1554 3028 1559 3029 ⁷

433 3161 435 3165 Α
523 3097 588 3153 V.
629 3099 782 3165 Quod
827 3098 1018 3153 attinet
1054 3098 1119 3152 ad
1171 3097 1409 3167 reliquos
1433 3096 1584 3151 Petri
1626 3094 1871 3149 Damiani
1903 3109 2032 3149 con-

455 3190 694 3257 cellitas,
724 3190 1071 3259 ejusdemque
1094 3189 1328 3244 instituti
1351 3196 1666 3251 sectatores,
1707 3194 1871 3242 totae
1897 3186 2032 3243 tales

456 3285 494 3339 ii
527 3292 899 3347 numerantur,
924 3292 979 3336 ut
1005 3281 1250 3351 prodigio
1271 3279 1447 3335 simile
1469 3280 1558 3345 sit,
1583 3279 1823 3348 potuisse
1843 3293 2032 3333 omnes

454 3376 523 3430 ab
549 3390 656 3430 uno
682 3374 773 3429 illo
801 3372 1142 3428 Avellancnsi
1174 3371 1437 3426 ascetcrio
1456 3370 1673 3439 prodire
1706 3387 1719 3421 ε
1746 3364 1846 3423 nec
1874 3367 2031 3422 facile

454 3466 597 3520 aliud
637 3465 703 3535 (si
748 3480 934 3529 unum,
976 3463 1061 3518 vel
1096 3463 1325 3517 alterum
1369 3462 1740 3533 ex'primariis
1780 3447 2030 3515 ordinum

452 3556 724 3626 capitibus
756 3554 1018 3625 excipias)
1052 3553 1441 3608 monasterium
1469 3552 1711 3620 reperire
1736 3549 1859 3615 erit,
1886 3541 2029 3619 quod

456 3661 567 3703 tam
621 3649 921 3703 illustribus
959 3648 1340 3711 sanctimonia,
1384 3654 1439 3701 et
1476 3646 1735 3715 dignitate
1773 3643 2029 3698 ecclesia-

450 3740 585 3794 stica
615 3739 748 3795 viris
777 3738 940 3794 fuerit
969 3739 1305 3809 insignitum.
1327 3738 1460 3792 Nam
1480 3753 1641 3807 supra
1671 3736 2028 3808 quadraginta

450 3832 747 3886 monachos
790 3832 905 3886 hac
953 3846 1060 3886 una
1107 3831 1338 3887 solitudo
1382 3831 1448 3887 ad
1487 3830 1765 3886 caelestem
1796 3830 2027 3899 patriam

447 3922 789 3987 tranSmisit,
835 3938 1064 3991 quorum
1108 3924 1327 3977 nomina
1385 3923 1526 3977 inter
1575 3933 1917 3985 sanctorum,
1967 3935 2030 3976 ac

452 4013 737 4085 beatorum
774 4011 963 4075 lastos,
996 4020 1338 4081 posterorum
1372 4013 1705 4067 venerationi
1741 4022 1869 4066 sunt
1903 4028 2027 4067 cou-

454 4110 701 4166 secrata;
734 4101 1069 4170 totidemque
1112 4101 1334 4155 circiter
1365 4099 1633 4154 variarum
1664 4100 1875 4154 urbium
1917 4100 2031 4169 epi-

450 4192 597 4261 scopi
651 4206 718 4248 ex
768 4192 887 4261 ejus
935 4190 1189 4246 claustris
1239 4190 1499 4260 assumpti
1553 4199 1954 4245 recensentur:
1998 4203 2028 4244 e

453 4282 653 4351 quibus
680 4291 914 4352 quatuor
943 4281 997 4335 in
1046 4279 1104 4335 S.
1138 4280 1203 4335 Ii.
1249 4280 1311 4334 E.
1356 4280 1714 4339 cardinalium
1754 4288 2025 4346 senatum,

454 4389 554 4444 pro
596 4390 707 4430 SllIS
758 4374 988 4438 meritis,
1030 4374 1265 4445 cooptati
1308 4381 1684 4438 numerantur,
1730 4386 1925 4441 nempe
1958 4373 2025 4437 is,

452 4463 519 4517 de
540 4477 646 4533 quo
665 4464 935 4533 praecipue
964 4463 1247 4532 loquimur,
1279 4458 1469 4515 Petrus
1491 4459 1737 4514 Damiani
1761 4459 2029 4516 Ostiensis

451 4553 759 4624 episcopus,
795 4564 849 4607 ct
884 4553 1175 4607 Damianus
1200 4567 1264 4607 ex
1297 4552 1597 4607 Rodelinda
1633 4567 1819 4608 sorore
1845 4552 1902 4607 S.
1932 4551 2028 4609 do-

453 4646 620 4701 eloris
660 4638 828 4717 nepos
877 4644 1052 4717 (cujus
1096 4646 1212 4716 ipse
1259 4644 1507 4699 meminit
1556 4653 1685 4700 tom.
1726 4644 1768 4709 1,
1819 4644 1912 4700 lib.
1964 4661 2024 4711 ιι,

451 4751 538 4806 cp.
571 4737 660 4802 11,
707 4746 762 4791 et
789 4736 883 4792 lib.
924 4752 1000 4803 vr,
1043 4738 1200 4806 epist.
1242 4735 1294 4800 5,
1327 4735 1381 4801 2,
1419 4737 1511 4803 22,
1540 4736 1631 4802 29,
1676 4748 1740 4792 ac
1774 4746 1903 4793 tom.
1932 4736 2023 4804 Π,

448 4831 690 4884 carmine
727 4828 857 4895 219,
900 4831 967 4884 ad
1002 4832 1160 4899 quem
1210 4828 1467 4899 inscripta
1515 4836 1640 4884 sunt
1680 4827 2025 4885 Collectanea

448 4937 516 4976 ex
548 4922 806 4991 operibus
833 4908 979 4976 Petri
1019 4920 1285 4987 Damiani,
1331 4920 1448 4989 ejus
1493 4920 1733 4991 Operum’
1770 4929 1900 4975 tom.
1933 4920 2022 4988 ιν,

453 5012 607 5081 cujus
645 5020 700 5067 et
740 5013 985 5068 meminit
1013 5012 1072 5069 S.
1103 5014 1314 5069 Brunus
1357 5014 1642 5085 cpiscopus
1672 5012 1927 5084 Signinus
1967 5013 2021 5067 in

451 5102 731 5134 l‘nnlnsnnl
778 5116 939 5134 annnn
958 5102 1151 5134 Ῐυηῖηινι
1178 5120 1191 5133 ο
1219 5102 1386 5134 Γηῖιιαη
1408 5114 1586 5134 nninm
1608 5120 1633 5134 η
1660 5100 2023 5134 ροΛηΛκῖηνῘΙ

2130 1824 2445 1889 cardiualis,
2486 1838 2584 1876 nec
2614 1837 2720 1877 non
2751 1820 3051 1884 Dalmatia,
3087 1829 3141 1875 et
3168 1818 3471 1874 Sclavoniaa
3502 1817 3714 1889 legatus

2132 1931 2162 1969 a
2188 1914 2455 1985 Gregorio
2483 1912 2568 1967 Vll
2591 1920 2674 1968 est
2695 1912 3045 1976 constitutus,
3068 1926 3135 1964 ex
3161 1909 3407 1980 Ughello,
3428 1907 3714 1974 Jacobillo,

2131 2016 2185 2063 et
2210 2006 2487 2076 Ciaconio)
2515 2006 2710 2075 quibus
2731 2004 2883 2074 quasi
2914 2011 3149 2073 quatuor
3168 2002 3451 2072 purpureis
3480 2001 3713 2073 gemmis

2129 2096 2503 2151 Avellanensis
2532 2096 2713 2151 crucis
2742 2095 2987 2149 diadema
3021 2093 3343 2147 illustratur.

2202 2186 2289 2242 Vl.
2333 2187 2437 2242 Tot
2487 2187 2667 2256 igitur,
2718 2201 2783 2240 ac
2829 2194 3010 2240 tantos
3049 2184 3214 2247 viros,
3254 2184 3449 2252 jurene
3487 2200 3554 2240 ex
3588 2185 3717 2241 albo

2130 2278 2625 2335 Camaldulensium
2688 2277 3015 2346 expunxerit
3077 2275 3312 2331 Iacobus
3374 2276 3711 2333 Laderchius

2134 2369 2298 2443 (Vita:
2340 2370 2399 2425 S.
2434 2368 2579 2423 Petri
2614 2368 2863 2422 Damiani
2901 2377 3033 2424 tom.
3071 2368 3114 2435 ι,
3154 2367 3249 2423 lib.
3285 2384 3323 2435 ι,
3360 2384 3480 2437 cap.
3512 2368 3567 2440 8)
3609 2368 3715 2425 hac

2133 2472 2324 2533 quarta
2347 2460 2732 2516 dissertatione
2748 2460 3158 2531 disquireudum
3183 2469 3267 2515 est
3285 2477 3298 2525 ;
3321 2460 3465 2529 quod
3485 2460 3710 2530 quidem

2133 2554 2270 2609 citra
2308 2551 2426 2620 ejus
2455 2550 2806 2607 oﬂ‘ensioncm
2834 2550 3053 2622 aggredi
3095 2566 3181 2605 me
3205 2565 3365 2620 posse
3388 2550 3660 2606 contendo
3692 2568 3708 2604 :

2134 2658 2201 2697 an
2229 2652 2282 2699 et
2306 2659 2527 2713 sperare
2550 2642 2730 2708 liceat,
2755 2643 2975 2713 ignoro;
3000 2642 3347 2711 quantumvis
3361 2642 3506 2697 enim
3529 2656 3708 2697 causa

2133 2753 2269 2792 mea:
2294 2738 2534 2806 mquitati
2564 2737 2697 2792 satis
2721 2736 3008 2796 confidam,
3036 2747 3142 2789 non
3165 2734 3295 2789 mihi
3325 2743 3506 2788 tamen
3532 2748 3707 2804 usque

2133 2832 2268 2907 adeo
2288 2828 2519 2884 blandiri
2549 2828 2733 2892 velim,
2759 2835 2819 2882 ut
2842 2840 2927 2882 me
2949 2828 3016 2882 ab
3041 2826 3131 2881 illo
3164 2826 3349 2880 mitius
3380 2824 3709 2890 habendum,

2132 2935 2295 2989 quam
2340 2934 2439 2989 pro
2486 2918 2723 2973 hominis
2778 2917 2950 2971 ausim
2998 2916 3391 2971 consuetudine
3440 2914 3711 2984 polliceri.

2133 3009 2252 3076 Quo
2297 3024 2381 3064 res
2413 3022 2626 3078 cunque
2656 3007 2837 3072 cadat,
2868 3007 2998 3061 mihi
3030 3006 3244 3062 abunde
3279 3004 3533 3071 sufficiet,
3564 3006 3714 3075 quod

2058 3066 2289 3170 Cjustte
2350 3104 2404 3155 in
2462 3102 2652 3171 primis
2703 3115 2880 3154 causae
2947 3099 3314 3154 defensionem
3356 3098 3712 3169 susceperim,

2134 3205 2190 3250 et
2228 3195 2535 3251 necessario
2560 3194 2888 3263 susceperim
2911 3233 2927 3259 ,
2954 3201 3008 3247 et
3036 3193 3177 3247 intra
3202 3191 3489 3262 inculpata:
3532 3190 3717 3245 tutelae

2134 3286 2335 3340 limites
2363 3300 2447 3340 me
2477 3284 2855 3347 continuerim,
2902 3299 3036 3352 quos
3069 3283 3171 3338 etsi
3217 3282 3557 3347 excederem,
3596 3279 3717 3349 ejus

2133 3375 2504 3447 provocationi
2530 3375 2764 3429 dandum
2786 3383 2948 3438 esset,
2971 3374 3061 3442 qui
3085 3374 3233 3442 prior
3252 3372 3504 3442 nullaque
3526 3373 3579 3426 in
3600 3384 3660 3425 re
3682 3386 3713 3425 a

2134 3466 2337 3521 nostris
2373 3464 2678 3529 lacessitus,
2705 3464 2948 3518 ordinem
2970 3462 3213 3527 olfendit,
3241 3461 3462 3516 Petrum
3494 3461 3713 3515 Damia-

2134 3572 2283 3620 num,
2310 3557 2685 3624 iutegramque
2701 3561 3011 3608 sanctorum
3027 3553 3303 3608 cohortem
3324 3568 3389 3606 ex
3409 3549 3715 3619 ejusFastis

2133 3649 2334 3712 delere,
2363 3657 2524 3717 atque
2554 3647 2798 3712 eradere,
2826 3646 3069 3714 adeoque
3097 3644 3421 3713 praecipuam
3454 3644 3570 3712 ejus
3594 3642 3711 3713 glo-

2134 3743 2269 3795 riam
2292 3741 2629 3804 subvertere,
2654 3754 2717 3793 ac
2739 3738 2903 3793 decus
2922 3751 3082 3792 omne
3104 3735 3437 3806 pessundare
3458 3740 3709 3789 conatus.

2132 3833 2284 3900 Quod
2300 3831 2514 3901 quidem
2532 3828 2918 3900 praejudicium,
2938 3835 2995 3881 ut
3010 3842 3125 3891 nos,
3144 3823 3321 3881 debita
3340 3824 3713 3880 moderatione

2134 3933 2369 3988 servata,
2403 3923 2781 3988 toleravimus;
2822 3922 2894 3976 ita
2937 3935 3149 3990 aequum
3191 3917 3375 3983 fuerit,
3405 3916 3555 3971 illum
3592 3916 3712 3986 pari

2125 4017 2250 4087 jure
2278 4017 2543 4084 modoque
2574 4014 2857 4071 nobiscum
2898 4027 3084 4083 agere,
3115 4024 3215 4065 nec
3242 4010 3512 4081 gravatim
3542 4006 3709 4073 ferre,

2132 4107 2273 4176 quod
2306 4104 2715 4160 Camaldulense
2740 4102 2886 4158 Petri
2917 4101 3164 4156 Damiani
3207 4100 3535 4162 institutum,
3563 4111 3710 4166 prae-

2132 4194 2270 4248 senti
2320 4192 2733 4256 dissertatione,
2795 4200 2905 4244 tum
2968 4188 3204 4259 propriis
3248 4186 3589 4263 argumentis
3622 4201 3715 4242 as-

2134 4280 2332 4347 truere,
2383 4292 2496 4337 tum
2536 4298 2565 4336 a
2605 4281 2835 4351 singulis
2875 4280 2992 4350 ejus
3033 4277 3323 4348 scrupulis,
3370 4276 3711 4347 objectisque

2130 4375 2408 4430 vindicare
2451 4373 2707 4438 nitamur,
2750 4379 2810 4425 ut
2847 4379 2997 4426 sarta
3024 4411 3039 4436 ,
3088 4377 3340 4438 tectaque
3388 4369 3460 4423 sit
3509 4375 3711 4423 nostra

2134 4465 2410 4536 religionis
2454 4463 2622 4534 gloria
2671 4478 2790 4532 quae
2835 4462 2891 4516 in
2932 4460 3097 4515 Petro
3146 4459 3429 4525 Damiano,
3471 4459 3704 4529 ejusque

2135 4554 2493 4611 sectatoribus
2510 4551 2890 4608 celeberrimis
2919 4550 3261 4622 potissimum
3291 4548 3510 4612 emicat,
3543 4555 3710 4616 utque

2132 4656 2212 4702 tot
2263 4645 2553 4701 illustrium
2593 4644 2944 4712 scriptorum,
2994 4642 3085 4712 qui
3124 4641 3404 4696 nobiscum
3446 4639 3707 4704 sentiunt,

2133 4751 2575 4806 summorumque
2595 4736 2758 4790 etiam
2778 4734 3092 4804 pontificum
3116 4732 3275 4802 (quos
3291 4746 3339 4785 c.
3362 4729 3413 4793 6,
3439 4742 3591 4783 num.
3619 4728 3707 4793 l9,

2134 4830 2445 4901 eitabimus)
2485 4844 2549 4883 ac
2592 4842 2761 4882 sacrae
2802 4826 3024 4880 Rituum
3075 4823 3537 4895 congregationis,
3589 4834 3709 4888 quae

2133 4924 2282 4980 Petri
2322 4921 2564 4977 Damiani
2604 4920 2671 4975 ad
2709 4918 2849 4973 diem
2889 4917 2961 4970 22
3008 4916 3311 4979 Februarii,
3346 4929 3410 4969 ac
3442 4910 3705 4967 Uomimct

2133 5014 2370 5073 Loricati
2396 5013 2511 5085 ejus
2538 5012 2788 5083 discipuli
2837 5010 2906 5065 ad
2929 5006 2996 5065 l7
3025 5007 3298 5070 Octobris,
3331 5005 3506 5061 omcia
3528 5002 3705 5057 ordini

2917 5101 3122 5134 nnnl'nn
3132 5098 3395 5134 ticcimnm
3421 5093 3679 5134 indioi'nm

2132 5116 2249 5134 ..Αηο
2262 5122 2316 5134 ..Α
2348 5107 2476 5134 -Αλᾘ
2490 5105 2622 5134 (.an
2646 5101 2869 5134 :nn‘n‘cil
