3982 5350
231 290 296 344 21

1111 287 1642 344 ΡιὶΟΙιΕΟΟΪιΙΕΝΑ.
1675 315 1744 328 --
1779 285 1852 338 DF.

1959 285 2272 342 iSTlTUTO
2301 286 2384 342 CA
2397 287 2692 342 MALDEL.
3437 281 3515 338 εἰ

239 397 426 452 Montis
463 395 732 464 Coronae,
765 399 856 468 qui
903 413 959 452 se
995 413 1226 468 primum
1269 397 1508 452 omnium
1545 395 1690 450 Petri
1727 395 1834 448 Da-
1861 397 1906 456 Α
1939 405 2024 450 tur
2049 397 2194 450 illum
2223 397 2386 452 nobili
2413 398 2583 466 stirpe
2615 397 2952 468 progenitum
2997 405 3160 464 atque
3205 393 3516 464 religiosum

249 489 405 546 miani
433 489 743 554 vindicem,
787 505 906 560 pag.
939 489 994 554 9,
1027 489 1322 542 arbitratus
1365 495 1450 542 est
1487 485 1662 556 (quasi
1697 501 1836 538 unus

253 581 392 650 ipse,
429 579 656 632 cmteris
700 579 1030 650 consopitis,
1065 579 1132 632 ad
1178 579 1388 634 ordinis
1433 577 1599 631 totius
1643 591 1840 645 propu-

253 669 557 740 gnationeut
585 669 922 740 evigilasset)
955 663 1110 740 quod
1131 671 1424 740 ignoraret,
1456 669 1596 722 hanc
1623 667 1691 722 ab
1720 667 1840 722 aliis

253 759 582 828 provinciam
635 757 838 812 dudum
889 767 1242 828 occupatam,
1291 773 1358 814 ex
1410 757 1606 826 quibus
1651 767 1840 812 auctor

251 849 458 918 Dialogi
493 847 756 916 Sejanum
805 849 946 902 inter
987 859 1042 904 et
1087 849 1356 904 Bullinum
1408 850 1458 904 id
1495 848 1700 918 lepide,
1745 847 1840 902 sed

253 955 480 995 nervoso
517 940 632 1008 jam
676 941 958 1010 prmstitit;
1003 953 1062 995 ut
1093 942 1222 996 nihil
1269 943 1444 996 dicam
1487 942 1553 998 de
1589 945 1840 1014 prmsenti

257 1032 654 1088 Dissertatione
699 1043 826 1088 tunc
866 1033 1088 1088 editioni
1121 1035 1390 1104 proxima,
1421 1050 1645 1104 qumque
1675 1037 1720 1090 si
1750 1045 1844 1090 aut

255 1124 426 1176 tribus
449 1123 649 1178 foliolis
679 1125 760 1194 (ut
789 1123 1118 1180 Machiarelli
1149 1125 1430 1196 Apologia)
1457 1125 1842 1196 comprehendi

253 1214 543 1284 potuisset,
591 1223 686 1272 aut
737 1213 992 1282 reliquas,
1047 1215 1242 1282 quibus
1285 1213 1656 1284 coniungenda
1701 1225 1842 1282 erat,

263 1319 368 1356 non
397 1313 794 1372 exspectasset,
819 1303 1002 1374 utique
1033 1304 1268 1358 auctoris
1296 1303 1454 1372 hujus
1487 1320 1592 1358 non
1623 1321 1842 1374 operam

255 1394 434 1457 modo,
485 1393 580 1446 sed
621 1401 832 1460 votum,
879 1403 934 1447 et
983 1392 1366 1464 cogitationem
1413 1394 1708 1463 prmvenirc
1753 1394 1846 1449 tle-

255 1485 484 1548 bucrat,
537 1485 820 1554 quamvis,
869 1485 1126 1554 inquam,
1179 1485 1540 1540 Maccbiarelli
1586 1485 1844 1556 Apologia

253 1589 492 1632 nostram
539 1579 677 1632 hanc
721 1577 1156 1632 dissertationem
1207 1579 1568 1646 przecesserit,
1601 1593 1752 1646 aeque
1783 1593 1846 1632 ac

255 1665 440 1733 St-jatti
479 1675 534 1721 ct
571 1665 770 1720 iiullini
813 1665 1065 1736 Dialogus
1098 1667 1210 1738 jam
1248 1667 1464 1728 citatus,
1499 1667 1846 1723 nihilominus

1943 489 2126 544 fuisse.
2177 490 2251 544 Dc
2289 505 2354 544 eo
2395 499 2576 544 exstat
2622 489 2856 558 elogium
2897 485 3269 556 hujuscemodi
3313 486 3518 541 :Anno

1944 578 2102 642 l000,
2141 589 2376 648 emptum
2421 589 2506 636 est
2549 579 2838 634 aedificium
2885 578 3052 632 eremi
3099 577 3372 634 Avellanm
3419 575 3522 632 sub

1941 669 2120 725 Catria
2149 685 2180 724 a
2209 669 2544 742 Candulpho,
2579 671 2694 726 sive
2736 669 3036 740 Ludulpho,
3081 667 3400 738 simpliciter
3429 681 3522 722 ca-

1941 762 2078 832 pella
2133 773 2189 818 et
2235 763 2416 818 casula
2471 764 2536 816 ad
2577 763 2898 818 Arianorum
2943 771 3142 818 sectam
3191 761 3518 830 fugiendam.

1943 855 2142 912 Verum
2171 855 2448 911 enimvero
2481 870 2602 909 cum
2643 855 2842 910 Ariana
2892 855 3058 924 pestis
3085 895 3098 918 ,
3155 868 3278 923 qum
3335 851 3526 908 Eccle-

1943 945 2082 998 siam
2109 944 2312 1000 Christi
2345 961 2546 998 annum
2588 945 2802 1000 circiter
2831 943 2935 1000 520
2963 942 3292 998 labefactare
3328 943 3520 1012 coapit,

1937 1035 2261 1106 jampridem
2302 1043 2428 1090 ante
2471 1051 2670 1090 annum
2705 1035 3048 1088 millesintum
3086 1035 3358 1090 exstincta
3402 1033 3520 1088 fue—

1947 1127 2048 1192 rit,
2101 1139 2198 1180 nos
2245 1141 2365 1180 eam
2424 1125 2834 1180 aedificationem
2895 1125 3052 1196 longe
3103 1134 3230 1180 ante
3281 1133 3522 1194 tempora

1947 1219 2119 1276 sancti
2169 1217 2350 1274 Patris
2389 1217 2676 1274 Romualdi
2725 1217 2920 1273 factam
2973 1217 3138 1273 fuisse
3181 1217 3314 1272 nihil
3356 1217 3525 1274 ambii-

1947 1311 2142 1382 gimus.
2181 1329 2198 1361 ι

2019 1401 2082 1456 ll.
2124 1399 2261 1454 Tum
2315 1401 2394 1454 sic
2445 1399 2792 1470 prosequitur
2835 1417 2848 1452 :
2902 1417 2920 1450 ι
2967 1399 3136 1454 Porro
3179 1397 3527 1467 Ludulphus,

1947 1495 2063 1550 sive
2119 1501 2498 1563 persecutores
2563 1491 2806 1562 fugiens,
2871 1492 2986 1546 sive
3039 1489 3526 1561 peregrinationem

1950 1602 2070 1642 cum
2109 1587 2341 1656 quodam
2387 1599 2488 1638 suo
2533 1583 2640 1638 fido
2677 1583 2826 1638 socio
2871 1582 3060 1638 obiens
3091 1581 3394 1650 ubicunque
3433 1593 3530 1648 per

1951 1681 2116 1736 silvas
2163 1689 2218 1732 et
2257 1677 2427 1732 valles
2467 1677 2644 1732 locum
2674 1675 2966 1730 eremiticm
2995 1675 3118 1730 vita:
3149 1673 3402 1728 idoneum
3447 1671 3530 1726 iit--

253 1759 398 1814 haud
453 1759 526 1810 ita
580 1765 958 1825 argumentum
1013 1757 1336 1810 exhaustum
1387 1755 1560 1822 video,
1597 1765 1658 1810 ιιι
1709 1771 1842 1811 ιιιοω

1959 1771 2174 1834 veniret,
2211 1769 2403 1824 dubius
2443 1777 2562 1822 erat
2601 1783 2668 1822 an
2711 1767 2782 1820 ibi
2823 1767 3040 1820 sisteret
3065 1773 3118 1819 et
3149 1761 3528 1834 peregrinandi

253 1847 458 1918 pariter
503 1845 870 1900 iucubrationi
925 1847 1149 1902 relictus
1197 1847 1352 1902 locus
1403 1861 1506 1900 non
1557 1847 1661 1912 sit,
1715 1847 1842 1902 licet

255 1938 424 1992 multa
472 1937 654 1990 futura
691 1937 801 1991 sint
849 1937 982 1992 tnihi
1025 1951 1150 1992 cum
1194 1935 1306 2002 illo,
1339 1945 1392 1990 ct
1427 1952 1547 1990 cum
1587 1937 1842 2005 prmdicto

259 2031 564 2101 dialogista,
601 2031 908 2085 necessaria
947 2031 1278 2094 communia,
1311 2030 1362 2084 in
1404 2028 1643 2098 ejusdem
1675 2029 1846 2099 siqui-

259 2125 377 2179 dem
409 2139 590 2178 causa:
633 2123 886 2192 pI'zBSile
919 2123 1294 2178 laborantibus
1327 2137 1432 2176 non
1471 2131 1696 2190 possunt
1737 2137 1842 2174 non

257 2215 446 2268 eadem
504 2229 797 2268 occurrere
853 2223 1202 2284 argumenta,
1257 2229 1324 2266 ex
1383 2211 1572 2266 iisdem
1629 2211 1846 2266 sedibus

261 2308 528 2370 deducta,
584 2305 896 2374 cmdemque
949 2305 1192 2360 rationes
1241 2321 1306 2358 ex
1361 2303 1550 2358 iisdem
1607 2303 1847 2358 fontibus

265 2400 542 2454 derivata}.
584 2397 736 2466 Quod
769 2397 984 2466 quidem
1021 2397 1265 2450 veritatis
1305 2396 1562 2450 indicium
1593 2395 1848 2465 praesumi

263 2489 442 2552 debet,
475 2488 658 2558 plures
691 2487 858 2552 enim,
890 2487 978 2556 qui
1021 2501 1050 2540 e
1092 2485 1324 2540 diversis
1365 2484 1630 2553 longoque
1673 2485 1846 2538 inter-

263 2581 402 2634 vallo
459 2581 668 2634 dissitis
723 2579 1028 2650 rrgionibus
1080 2579 1409 2638 scribentes.
1465 2591 1560 2632 sua
1613 2577 1846 2631 invicem

263 2674 438 2728 studia
479 2689 586 2728 non
623 2671 1169 2734 communicaverint,
1199 2685 1306 2724 non
1339 2679 1560 2740 possent
1600 2669 1760 2724 simul
1795 2669 1850 2722 in

263 2765 454 2819 iisdem
519 2765 688 2818 ferme
743 2765 1024 2836 principiis
1073 2763 1396 2824 convenire,
1453 2763 1556 2816 nisi
1611 2761 1852 2818 veritatis

263 2855 464 2918 unitas,
493 2865 548 2908 et
580 2855 908 2918 constantia,
934 2871 1052 2924 qum
1089 2853 1250 2908 simili
1281 2853 1481 2922 ubique
1509 2867 1641 2908 voce
1677 2852 1852 2922 loqui-

265 2956 372 3010 tur,
405 2947 800 3000 sententiarum
847 2947 1244 3014 verborumque
1273 2958 1596 2998 consensum
1629 2941 1698 2998 ab
1729 2941 1850 2999 illo-

263 3054 380 3092 rum
413 3036 656 3107 quolibet
686 3045 1054 3106 extorqueret.

894 3149 1120 3206 CAPUT
1161 3149 1222 3204 ﬂ.

265 3259 626 3314 Arellanensis
667 3261 827 3313 eremi
873 3259 1182 3324 exordium,
1223 3269 1270 3312 et
1311 3258 1572 3312 institutio
1609 3275 1640 3312 a
1681 3256 1742 3312 S.
1785 3255 1850 3310 P.

733 3329 1032 3384 Romaaldo
1074 3329 1388 3398 dependens.

267 3441 545 3512 Svsorsus.
573 3471 642 3481 —
663 3443 937 3498 Avellanm
964 3441 1118 3512 origo
1145 3457 1211 3496 ex
1253 3441 1532 3500 Fortunio.
1560 3457 1710 3512 num.
1745 3443 1767 3495 Ι
1801 3449 1856 3497 et

331 3513 390 3566 2.
415 3512 472 3566 In
501 3511 620 3582 ejus
649 3513 1022 3568 narrationem
1055 3511 1476 3582 animadversio,
1503 3512 1556 3566 ὅ.
1585 3511 1858 3568 Μοιιειειεο

339 3584 482 3636 rium
529 3581 800 3637 Avellanae
841 3585 984 3638 circa
1031 3598 1230 3638 annum
1264 3581 1464 3638 Christi
1505 3581 1854 3636 millesimum

335 3653 648 3707 institutum
688 3654 1012 3718 ostenditur,
1055 3653 1109 3706 4.
1157 3653 1240 3708 An
1283 3651 1346 3704 Β.
1395 3652 1709 3720 Ludulplms
1751 3651 1854 3707 loci

335 3731 530 3794 auctor
553 3723 788 3778 Arianos
813 3723 1066 3794 fugeret?
1102 3723 1156 3778 5.
1188 3723 1247 3794 Sp.
1279 3723 1856 3794 Romualdum,etiant

335 3792 640 3848 Mabillonii
677 3792 1010 3858 testimonio,
1043 3794 1182 3862 apud
1209 3793 1526 3847 Avellanam
1557 3793 1854 3857 habitasse,

337 3865 392 3918 6.
433 3863 564 3930 Eius
625 3865 1016 3922 habitationem
1070 3865 1210 3932 apud
1265 3863 1506 3918 Catriam
1567 3863 1633 3917 de
1691 3863 1856 3916 Sitria

337 3935 716 4004 exponendam
751 3953 856 3990 non
883 3951 1025 4001 esse,
1057 3933 1112 3986 7.
1137 3933 1214 3988 Ex
1243 3933 1680 4004 ipsiusiFortunii
1713 3933 1858 4004 prin-

342 4001 502 4074 cipiis
549 4005 824 4061 Avellante
867 4001 1275 4060 institutionem
1305 4005 1366 4056 υ.
1394 4001 1723 4074 Βοιιιιιειιιισ
1754 4003 1854 4074 tri-

339 4073 638 4138 boendam,
665 4077 722 4130 8.
745 4077 968 4130 Thomas
995 4075 1142 4128 Minii
1171 4075 1224 4128 in
1251 4073 1498 4128 eamdem
1531 4073 1856 4126 sententiam

343 4145 682 4220 suﬂ'ragium,
711 4149 768 4220 9.
792 4146 1062 4220 _Lu_dovic_i
1083 4143 1328 4220 .l_:_t_cqbilli
1361 4142 1856 4220 auctoritateidem

343 4211 721 4282 confirmatur,
751 4217 840 4270 l0.
879 4215 1010 4270 Item
1033 4213 1160 4270 Julii
1187 4213 1460 4268 Ambrosii
1483 4211 1726 4266 Lucentii
1750 4211 1862 4282 cale

344 4288 468 4340 culo
511 4281 715 4342 eadem
755 4287 956 4341 veritas
1005 4286 1266 4350 munitur,
1310 4285 1398 4338 Η.
1464 4283 1676 4337 Certior
1733 4281 1862 4336 anni

345 4357 751 4422 determinatio,
781 4373 888 4426 quo
923 4358 1036 4410 lttcc
1071 4355 1420 4426 contigerint,
1453 4355 1538 4408 l2.

345 4447 387 4500 1.
431 4447 587 4503 Nunc
619 4457 678 4501 ut
708 4461 820 4502 rem
863 4447 1032 4516 ipsam
1063 4447 1284 4516 prapius
1323 4445 1671 4512 attingamus,
1699 4441 1862 4511 paulo
1893 4455 1939 4514 ι)

279 4534 437 4590 altius
475 4537 774 4607 repetenda
817 4547 900 4591 est
943 4536 1282 4601 monasterii,
1317 4535 1428 4590 sive
1463 4533 1630 4588 eremi
1663 4533 1720 4588 S.
1749 4533 1858 4587 An-

281 4627 422 4682 dreae
459 4628 632 4700 (nunc
657 4627 718 4682 S.
745 4627 958 4699 Crucis)
987 4627 1178 4682 Fontis
1219 4627 1508 4691 Avellame,
1537 4626 1628 4680 ubi
1664 4625 1860 4681 Petrus

283 4719 606 4786 Damianus,
651 4721 1100 4791 quemadmodum
1151 4720 1206 4774 in
1250 4718 1366 4787 ejus
1399 4719 1520 4774 V’ita
1559 4718 1627 4772 ab
1653 4715 1860 4772 Joanne

285 4811 443 4883 ipsius
473 4813 744 4884 discipulo
771 4829 833 4868 ac
861 4813 1116 4868 familiari
1145 4813 1309 4874 edita,
1338 4827 1458 4882 cap.
1489 4811 1544 4876 4,
1579 4820 1858 4874 narratur,

284 4905 647 4960 monasticam
705 4903 920 4960 schema
971 4905 1178 4970 induit,
1230 4903 1518 4960 institutio.
1569 4900 1864 4956 Fortunius

279 5003 462 5068 noster
491 4995 638 5050 Hist.
667 4993 929 5062 Camald.,
955 5005 1108 5066 parte
1147 5010 1212 5062 ιι,
1241 4993 1334 5050 lib.
1365 5009 1418 5062 v,
1447 5007 1568 5063 cap.
1602 4991 1656 5055 5,
1693 4991 1760 5045 de
1801 5004 1867 5044 ea

275 5085 350 5141 sic
393 5086 696 5157 loquitur:
731 5103 748 5134 ι
782 5083 880 5151 Qui
925 5089 989 5143 de
1035 5087 1249 5158 origine
1297 5083 1622 5142 venerabilis
1665 5081 1864 5146 eremi,

273 5193 362 5234 seu
411 5177 668 5236 emnobii
724 5175 932 5232 Sanctie
975 5180 1168 5236 Cracis
1215 5177 1486 5236 Avellante
1533 5175 1870 5232 mentionem

273 5271 504 5339 faciunt,
531 5270 592 5325 hi
619 5284 738 5322 rem
763 5267 1051 5342 Ludulpho,
1077 5273 1196 5328 sive
1219 5267 1538 5342 Candulpho
1565 5267 1870 5331 ascribunt,

1941 1860 2104 1914 ﬁnem
2155 1858 2378 1912 faceret.
2433 1859 2564 1912 (iam
2619 1871 2746 1912 vero
2801 1857 2984 1910 nullibi
3041 1856 3184 1908 viam
3237 1852 3532 1908 obﬁrmare

1942 1967 2100 2022 posse
2143 1951 2442 2015 videretur,
2493 1949 2720 2019 contigit
2773 1949 2918 2002 illum
2956 1961 3052 2018 per
3091 1945 3366 2016 Apennini
3402 1946 3528 2014 iuga

1945 2043 2050 2098 iter
2091 2041 2408 2106 facientem,
2455 2041 2521 2096 ad
2569 2041 2742 2096 locum
2788 2040 3074 2110 quemdam
3123 2052 3398 2092 amomum
3443 2051 3532 2090 ar-

1947 2141 2119 2188 cuata:
2147 2133 2320 2194 vallis,
2355 2147 2474 2201 qtae
2507 2131 2608 2186 sita
2655 2139 2740 2186 est
2789 2131 2930 2184 inter
2969 2127 3322 2183 densissimas
3365 2125 3532 2180 silvas

1951 2225 2093 2278 inter
2120 2231 2356 2278 montem
2387 2221 2580 2275 Calrim
2603 2230 2656 2276 et
2683 2221 2870 2284 Corni,
2899 2217 3248 2274 descendere.
3272 2215 3376 2270 Ubi
3405 2214 3536 2270 dum

1951 2317 2203 2380 sisteret,
2251 2313 2374 2382 plus
2425 2312 2585 2366 solito
2631 2311 2832 2366 laboris
2882 2310 3076 2364 itinere
3124 2308 3414 2379 fatigatus,
3465 2305 3532 2359 ad

1953 2406 2178 2470 fantem,
2213 2404 2302 2473 qui
2353 2403 2618 2472 plurimus
2665 2401 2735 2454 ad
2777 2401 2988 2456 radices
3017 2393 3400 2456 Avellanarutn
3443 2409 3534 2448 ar-

1951 2499 2142 2553 borum
2190 2496 2542 2558 scaturiebat,
2580 2501 2634 2547 et
2679 2499 2895 2560 sumpto
2934 2489 3076 2552 cibo.
3119 2503 3242 2543 cum
3293 2483 3532 2540 nonnihil

1954 2590 2128 2646 somni
2162 2605 2354 2658 capere
2397 2587 2670 2656 cmpisset,
2697 2601 2800 2639 vox
2827 2583 3040 2640 caelitus
3069 2583 3134 2634 ad
3165 2581 3313 2636 illum
3343 2576 3534 2646 hujus-

1957 2681 2098 2736 modi
2131 2679 2268 2734 facta
2300 2687 2382 2730 est
2409 2695 2420 2730 :
2455 2677 2757 2745 Ludulpho,
2777 2675 2866 2728 hic
2893 2673 2986 2728 tibi
3016 2671 3280 2728 habitatio
3303 2677 3534 2738 patrata,

1949 2771 2064 2842 jam
2095 2769 2312 2824 tandem
2345 2768 2516 2822 labori
2557 2767 2768 2822 itineris
2797 2780 2982 2836 parce.
3014 2763 3113 2830 Qui
3147 2777 3394 2831 surgens,
3427 2761 3537 2814 Deo

1957 2857 2161 2930 gratias
2195 2871 2383 2927 agens,
2414 2855 2672 2926 capellam
2705 2863 2762 2910 et
2789 2853 3053 2918 casulam,
3087 2861 3142 2906 ut
3187 2851 3386 2906 dictum
3431 2858 3536 2914 est,

1958 2949 2092 3004 inibi
2139 2948 2206 3002 ad
2251 2948 2514 3002 honorem
2552 2945 2726 3000 sancti
2757 2945 2985 3000 Andreae
3022 2940 3248 3011 apostoli
3301 2940 3532 3010 primum

1957 3039 2156 3111 posuit,
2192 3039 2530 3106 inditumqtte
2571 3037 2688 3092 loco
2725 3045 2810 3090 est
2848 3049 3042 3090 nomen
3081 3031 3268 3086 Fontis
3291 3028 3536 3084 Avellaui

1955 3147 1986 3186 a
2019 3131 2166 3186 fonte
2195 3139 2514 3192 memorato,
2547 3143 2720 3198 usque
2745 3127 2794 3180 in
2819 3125 3138 3180 hodiernum
3171 3121 3329 3175 diem.
3363 3118 3532 3172 Porro

1953 3223 2292 3294 Ludulphus,
2333 3220 2648 3292 aliquandiu
2697 3219 2900 3288 degens
2951 3215 3103 3286 quasi
3147 3211 3472 3280 incognitus,
3507 3225 3538 3262 a

1955 3316 2266 3388 pastoribus
2313 3313 2556 3382 proditus
2596 3319 2702 3374 est,
2747 3319 2802 3362 et
2841 3307 2910 3362 ad
2953 3303 3314 3375 episcOpalem
3355 3301 3542 3354 cathe-

1957 3410 2110 3463 drant
2161 3405 2458 3476 Eugnbinae
2501 3403 2772 3464 Ecclesiae,
2815 3400 2868 3452 in
2917 3397 3074 3466 cujus
3119 3393 3340 3448 dioecesi
3387 3391 3538 3444 locus

1958 3509 2062 3566 est,
2090 3505 2356 3552 attractus
2399 3494 2592 3548 deinde
2637 3491 2860 3547 omnino
2905 3487 3125 3542 invitus.
3171 3482 3534 3550 Quamobrem

1958 3604 2174 3646 eremus
2217 3601 2314 3642 sua
2343 3581 2626 3647 Avellana,
2653 3581 2722 3634 ob
2754 3576 3110 3648 frequentiam
3150 3569 3537 3640 discipulorum

1961 3683 2014 3737 in
2047 3679 2260 3736 celebre
2297 3672 2608 3730 coenobium
2640 3684 2818 3734 versa,
2859 3666 3002 3736 quod
3043 3670 3264 3733 propter
3305 3659 3544 3712 auctoris

1961 3769 2332 3830 incredibilem
2381 3763 2646 3820 columba:
2689 3758 3112 3828 simplicitatem,
3147 3751 3300 3806 titulo
3337 3747 3544 3802 ordinis

1962 3861 2236 3918 Columbae
2281 3855 2621 3926 insignitum,
2649 3851 2798 3904 illum
2845 3847 2930 3901 vei
2971 3857 3140 3913 usque
3187 3841 3255 3894 ad
3302 3849 3542 3908 tempora

1959 3950 2187 4005 Danthis
2209 3953 2380 4016 poetae
2409 3941 2620 3997 Etrusci
2651 3937 2892 4000 retinuit,
2925 3953 2944 3986 ι
2973 3941 3059 3988 etc

2031 4037 2114 4092 ΙΙΙ.
2159 4037 2214 4090 ln
2240 4049 2346 4104 qua
2385 4029 2701 4086 narratione
2730 4026 2905 4096 primo
2935 4020 3320 4078 advertendum
3353 4031 3546 4073 occur-

1963 4133 2036 4186 rit
2063 4129 2224 4186 nimis
2255 4123 2558 4182 inconsulte
2589 4137 2618 4176 a
2643 4118 2905 4176 Fortunio
2929 4116 3077 4172 velut
3105 4113 3383 4169 indubiam
3415 4125 3542 4180 sup-

1963 4227 2086 4300 poni
2112 4224 2254 4296 quod
2279 4217 2654 4278 Avellanensis
2677 4215 2846 4272 eremi
2879 4210 3146 4268 institutio
3170 4210 3228 4263 S.
3257 4205 3546 4264 Romualdi

1967 4299 2302 4390 temporibus
2329 4315 2486 4384 longe
2511 4309 2752 4364 anterior
2783 4307 2964 4372 fuerit,
2992 4319 3058 4360 ex
3087 4317 3194 4372 quo
3223 4299 3548 4390 epigraphes

1968 4412 2036 4466 ab
2060 4387 2174 4479 ipso
2197 4409 2358 4461 allata
2387 4405 2600 4457 Arianae
2629 4409 2790 4456 secta:
2817 4397 3024 4468 pridem
3052 4394 3334 4448 exstincta:
3363 4387 3546 4479 fugam

1969 4477 2252 4570 Ludulpho
2306 4495 2408 4550 loci
2464 4491 2731 4548 conditori
2783 4486 3056 4542 ascribere
3109 4481 3373 4550 videatur.
3413 4477 3551 4533 Cum

1971 4595 2116 4649 enim
2149 4567 2441 4658 utrumque
2477 4585 2682 4640 diserte
2711 4579 3006 4634 aﬂirmetur
3039 4576 3092 4628 in
3122 4573 3213 4627 illo
3256 4569 3450 4658 elogio,
3475 4567 3553 4658 vi-

1971 4685 2168 4742 delicet
2205 4689 2316 4734 tum
2361 4656 2652 4732 atdilieium
2699 4669 2866 4726 eremi
2909 4665 3178 4721 Avellanze
3206 4676 3236 4714 a
3271 4656 3552 4725 Ludulpho

1973 5065 2112 5122 erat,
2141 5061 2201 5108 ut
2229 5047 2442 5104 cautius
2485 5039 2816 5113 expenderet
2849 5043 3030 5090 utrum
3061 5045 3128 5085 ex
3159 5029 3243 5084 his
3275 5037 3558 5122 commen-

1975 5118 2160 5206 titiu'm
2204 5149 2458 5214 putaret;
2507 5136 2848 5208 primumne,
2899 5128 3042 5200 quod
3087 5119 3384 5179 innumeris
3437 5118 3562 5174 aliis

1979 5211 2348 5298 monumentis
2381 5229 2766 5290 conﬁrmatur;
2797 5240 2888 5288 an,
2919 5217 3234 5278 secundum,
3267 5211 3410 5280 quod
3451 5225 3562 5266 non

2019 5334 2048 5350 ..
2145 5339 2297 5350 __......
2327 5324 2507 5350 Mn...
2533 5317 2672 5350 ιιιι..ρ
2705 5311 3082 5350 insnptmtnnid
3120 5301 3430 5350 testimonio
3461 5300 3565 5350 ful-

2250 5339 2297 5350 un‘
2327 5324 2507 5350 nn‘:lm
2533 5317 2672 5350 ἶΙΙῖιιυ
