3982 5350
470 256 566 315 ξπ
778 232 794 241 “
1294 249 1474 323 7‘s.
1501 265 1774 326 paruus
1812 266 2056 325 DAMIAI‘

2163 268 2251 328 is.
2292 271 2359 328 Β.
2400 273 2464 329 E.
2500 272 2931 332 canemus.
3673 267 3749 340 ει

468 383 703 430 ‘sacrarn
738 375 1011 435 Avellanae
1040 380 1262 436 domum
1301 396 1495 439 revera
1532 393 1903 440 constructam
1933 384 2069 441 fuis-
2097 390 2145 448 Α
2244 385 2332 442 Vl.
2373 386 2640 453 Secundo,
2673 385 2724 444 in
2763 371 2976 447 eadem'
3002 386 3244 446 Fortunii
3294 395 3607 454 narratione
3649 398 3751 459 ob-

491 478 583 531 se,
622 474 723 523 nec
769 467 838 522 ad
881 466 1209 527 Arianorum
1257 473 1453 529 saecula
1505 472 1622 549 ejus
1670 476 2067 532 institutionem

488 557 681 612 referri
713 572 890 627 posse,
935 569 1148 617 constat
1180 570 1291 618 tum
1320 579 1387 619 ex
1418 565 1534 635 ipso
1575 566 1635 621 Β.
1677 564 1961 638 Ludulpho
2000 566 2066 622 il-

488 648 593 706 lius
618 652 787 706 eremi
818 651 1123 714 fundatore.
1156 658 1251 728 qui
1278 674 1421 714 anno
1447 658 1586 716 1009
1625 660 1691 717 ad
1721 660 2066 731 Eugubinum

475 741 862 811 episcopatum
890 755 1076 817 raptus
1116 747 1432 820 est,‘illique
1470 765 1613 806 anno
1642 751 1781 807 1012
1817 753 2065 808 nuntium

466 831 771 890 sremittens
814 835 880 890 ad
933 851 1086 892 suam
1133 852 1374 894 eremum
1425 856 1678 897 reversus
1718 841 1935 913 legitur,
1972 841 2065 898 ubi

486 924 831 981 sanctissime
882 927 1016 983 obiit
1063 928 1152 985 die
1194 930 1267 984 20
1314 928 1555 986 Januarii
1604 932 1775 998 1047;
1826 941 1937 988 tum
1995 949 2064 990 ex

474 1012 747 1083 ejusdem
773 1013 1039 1086 Ludulphi
1082 1017 1379 1090 discipulis,
1410 1017 1643 1087 Iuliano,
1689 1021 1778 1091 qui
1819 1037 2064 1079 eremum

484 1105 540 1158 in
581 1105 827 1161 absentia
857 1106 1122 1176 Ludulphi
1174 1110 1243 1165 ab
1283 1125 1423 1167 anno
1450 1109 1588 1167 1009
1626 1113 1693 1167 ad
1721 1112 1861 1167 1012
1896 1113 2061 1180 rexit,

474 1195 769 1267 eidemque
797 1196 850 1251 in
881 1199 1193 1269 episcopatu
1229 1201 1513 1273 Euguhino
1552 1205 1871 1272 succedens,
1902 1206 1989 1262 die
2028 1208 2061 1262 7

485 1281 613 1339 Maii
641 1284 781 1340 1052
808 1301 839 1341 e
861 1286 999 1343 vivis
1027 1291 1291 1358 excessit;
1323 1291 1384 1347 Β.
1418 1291 1665 1350 Guidone
1692 1296 1936 1363 Aretino,
1967 1296 2062 1367 qui

483 1392 630 1433 anno
654 1377 796 1433 1022
823 1394 977 1435 suum
1004 1381 1071 1438 de
1097 1384 1304 1440 musica
1337 1383 1628 1459 Synlagma
1654 1403 1853 1444 novum
1882 1389 2059 1447 Theo-

482 1466 645 1524 daldo
689 1469 915 1527 Aretino
954 1472 1212 1544 episcopo
1257 1476 1544 1544 dedicavit,
1580 1486 1635 1534 et
1661 1494 1805 1537 anno
1844 1478 1982 1537 1050
2029 1496 2060 1537 a

468 1556 550 1612 'B.
581 1558 867 1630 Ludulpho
910 1562 965 1617 in
1014 1564 1416 1635 coadjutorem,
1462 1582 1555 1623 seu
1595 1569 1861 1626 vicarium
1903 1587 2061 1628 suum

484 1655 571 1702 est
595 1657 897 1719 cooptatus,
927 1651 1015 1706 cui
1044 1653 1209 1708 etiam
1238 1670 1380 1710 anno
1409 1656 1546 1712 1047
1576 1657 1630 1713 in
1665 1660 1909 1730 prioratu
1940 1675 2065 1719 suc-

2170 488 2491 534 servannum
2540 489 2623 537 ρει
2670 490 3088 552 pmtermnssam
3138 482 3207 538 ab
3245 481 3362 555 ipso
3403 484 3570 544 fuisse
3616 489 3750 553 insi—

2150 566 2372 640 'signem
2425 572 2910 639 circumstantiam,
2949 588 3111 643 quam
3165 573 3256 629 alii
3308 577 3601 646 scriptores
3651 596 3751 636 ex-

2167 673 2352 729 presse
2396 670 2605 728 notant,
2658 656 2849 734 nempe
2891 662 3232 736 Ludulphum
3277 663 3421 721 bune
3463 667 3751 738 ipsiusmet

2167 746 2227 803 8.
2254 748 2311 805 P.
2345 750 2630 807 Romualdi
2658 750 2826 808 fuisse
2851 751 3195 824 discipulum,
3217 769 3271 812 et
3299 754 3366 810 ab
3395 754 3512 826 ipso
3551 756 3753 812 eremi-

2167 840 2289 896 ticae
2335 842 2633 914 disciplinae
2677 842 2885 915 legibus
2931 846 3238 917 eruditum;
3270 850 3379 906 imo
3416 849 3470 903 in
3518 849 3755 918 ipsamet

2165 932 2488 1001 solitudine,
2540 935 2681 1006 apud
2732 933 2969 991 Catriam
3031 936 3303 1010 Ludulphi
3361 954 3463 1010 ope
3512 940 3755 996 excitata

2167 1020 2227 1077 S.
2278 1021 2338 1078 P.
2382 1023 2740 1081 Romualdum
2786 1041 3174 1096 commorasse,
3207 1041 3266 1084 ut
3310 1037 3498 1084 narrat
3549 1027 3759 1084 Petrus.

2166 1111 2280 1183 ipse
2329 1113 2623 1171 Damianus
2670 1116 2724 1170 in
2750 1113 2894 1172 ’Vita
2925 1115 2983 1172 S.
3038 1116 3325 1174 Romualdi
3356 1134 3474 1190 cap.
3506 1119 3595 1185 19,
3628 1114 3701 1173 ibi
3736 1136 3757 1172 τ.

2152 1220 2191 1254 ⁶ι
2225 1203 2529 1275 Aliquando
2560 1215 2740 1260 autem
2778 1206 2863 1260 vir
2907 1215 3127 1263 sanctus
3155 1223 3263 1263 non
3298 1208 3458 1280 longe
3488 1208 3694 1262 mansit
3721 1224 3754 1263 a

2166 1294 2387 1362 Catria;
2423 1316 2442 1350 ι
2478 1297 2569 1367 qui
2602 1297 2752 1353 locus
2788 1299 2854 1354 de
2893 1298 3229 1356 habitatione
3258 1302 3399 1370 apud
3429 1298 3753 1356 Avellanam

2165 1386 2453 1457 exponitur
2481 1405 2511 1443 a
2548 1389 2717 1445 variis
2746 1391 3079 1457 auctoribus,
3106 1407 3244 1461 quos
3274 1392 3417 1448 inter
3442 1391 3761 1448 Ludovicus

2164 1476 2457 1534 Jacobillus
2488 1480 2551 1535 de
2589 1482 2792 1537 sanctis
2826 1480 3084 1547 Umbriae,
3127 1497 3192 1538 ac
3234 1481 3471 1539 Joannes
3500 1482 3753 1538 Mabillo-

2165 1571 2289 1625 nius
2311 1570 2624 1641 praefatione
2646 1574 2711 1628 ad
2733 1574 2990 1630 sacculum
3020 1573 3087 1629 Vl
3109 1574 3540 1641 Benedictiuum,
3564 1573 3659 1631 ubi
3689 1575 3763 1630 de

2168 1659 2508 1719 Avellanensi
2571 1663 2817 1721 coenobio
2876 1666 2993 1722 haec
3043 1666 3207 1722 habet
3253 1683 3269 1723 :
3320 1687 3340 1721 ι
3387 1668 3498 1723 Sub
3545 1683 3757 1723 annum

484 1738 684 1804 cessit,
729 1741 1030 1811 usquedum
1075 1758 1219 1799 anno
1258 1745 1429 1814 1050,
1471 1748 1556 1804 die
1600 1750 1666 1804 17
1699 1750 1850 1817 Maii,
1892 1750 2061 1807 Deam
2092 1736 2142 1799 Β
2168 1751 2374 1809 Christi
2417 1755 2759 1811 millesimum
2797 1757 3039 1814 construi
3077 1769 3311 1830 coeptum
3341 1767 3443 1825 est,
3471 1774 3671 1830 nempe
3700 1759 3755 1815 in

483 1828 649 1895 adiit;
692 1827 756 1883 Β.
785 1828 936 1886 Forti
969 1834 1216 1900 eremita,
1244 1837 1334 1905 qui
1364 1852 1506 1893 anno
1537 1837 1685 1894 1050
1698 1855 1756 1896 se
1781 1840 2062 1913 Ludulpho

483 1918 809 1990 discipulum
850 1922 1063 1990 obtulit,
1086 1934 1143 1982 et
1183 1927 1269 1984 die
1305 1929 1340 1985 9
1372 1928 1497 1985 Maii
1526 1931 1687 1999 1040,
1714 1949 1781 1989 ex
1809 1934 1913 1990 hac
1941 1933 2063 1994 luce

483 2007 759 2079 migravit,
784 2019 844 2065 ut
877 2013 994 2083 ejus
1028 2015 1217 2071 tumuli
1248 2028 1403 2075 Vetus
1445 2020 1727 2092 inscriptio
1769 2025 1824 2079 in
1870 2028 2059 2083 cathe-

481 2098 625 2154 drali
662 2101 941 2174 Eugubina
986 2115 1238 2162 testatur.
1269 2109 1342 2166 Ut
1388 2113 1635 2168 omittam
1677 2131 1869 2187 graves
1921 2119 2060 2174 scri-

481 2199 669 2261 ptores
711 2197 1042 2252 contendere
1080 2198 1299 2255 Petrum
1337 2202 1687 2282 Damianum,
1723 2206 2059 2280 quinquage-

472 2282 629 2338 simo
664 2293 787 2354 post
825 2285 1201 2347 Avellanensis
1243 2294 1411 2348 eremi
1457 2295 1856 2354 institutionem
1893 2315 2059 2368 anno,

485 2386 547 2428 se
585 2372 718 2430 inibi
766 2375 948 2432 divino
993 2380 1217 2436 servitio
1262 2385 1637 2455 mancipasse;
1681 2390 1824 2459 quod
1874 2391 2063 2461 utique

488 2462 683 2518 falsum
715 2476 878 2533 esset,
904 2467 1008 2524 nisi
1033 2469 1177 2527 circa
1209 2488 1410 2529 annum
1433 2474 1632 2532 Christi
1659 2477 2000 2535 millesimum
2028 2496 2062 2536 a

486 2554 552 2610 B.
581 2556 862 2629 Ludul‘pho
890 2563 1064 2631 posita
1090 2566 1417 2623 venerabilis
1450 2568 1591 2627 illius
1622 2569 1932 2631 solitudinis
1959 2574 2062 2630 ini-

486 2646 563 2701 tia
594 2660 1039 2719 supponerentur.

562 2737 633 2793 ν.
668 2740 885 2797 Interim
919 2745 1045 2815 quid
1082 2748 1185 2805 sibi
1216 2749 1446 2807 voluerit
1478 2751 1637 2826 elogii
1678 2754 1821 2812 illius
1851 2766 2059 2825 auctor,

486 2844 611 2884 cum
641 2831 777 2887 dixit
801 2832 1140 2906 Lndulphum
1171 2840 1237 2895 ad
1262 2840 1587 2899 Arianorum
1613 2855 1817 2901 sectam
1847 2847 2061 2919 fugien—

482 2923 608 2977 dam
636 2924 893 2981 sacellum
925 2927 1056 2983 iliud
1082 2933 1221 3000 apud
1244 2931 1472 2989 Fontem
1511 2934 1785 2992 Avellanaa
1815 2946 2061 2994 constru-

481 3016 651 3080 xisse,
676 3014 819 3072 haud
850 3015 1008 3072 facile
1041 3027 1124 3076 est
1152 3020 1419 3089 divinare,
1449 3024 1557 3080 nisi
1582 3026 1827 3083 dicamus
1849 3027 2059 3099 aliquas

2169 1842 2415 1914 Umbria,
2447 1845 2669 1903 dioecesi
2717 1847 3025 1920 Eugnbina,
3051 1849 3118 1905 ad
3167 1851 3376 1906 radices
3410 1849 3609 1906 Montis
3645 1849 3759 1907 Ca-

2171 1935 2310 2001 lriae,
2341 1937 2430 1993 ubi
2462 1936 2649 1994 itidem
2689 1937 2748 1993 S.
2791 1938 3123 1996 Romualdus
3160 1955 3433 1996 secessum
3480 1939 3694 1995 habuit.
3729 1956 3753 1993 ι

2168 2023 2242 2078 Ut
2282 2024 2418 2080 alios
2458 2026 2686 2083 minoris
2722 2029 2981 2096 nominis,
3004 2027 3387 2092 Portesanum,
3413 2027 3760 2095 Crucettutn,

2168 2124 2270 2171 etc.
2283 2156 2297 2179 ,
2329 2125 2669 2187 praeteream.

2245 2202 2351 2259 γη.
2393 2204 2713 2277 Quanquam
2763 2222 2853 2263 vtx
2906 2208 3136 2265 testibus
3184 2224 3321 2281 opus
3367 2218 3484 2281 est,
3519 2209 3612 2266 ubi
3667 2226 3763 2268 res-

2170 2294 2286 2364 ipsa
2324 2294 2584 2366 loquitur,
2620 2305 2730 2351 tum
2775 2313 2841 2353 ex
2886 2297 3311 2354 Avellanitarum
3351 2298 3582 2354 instituti
3627 2315 3755 2355 cum

2168 2383 2541 2442 Romualdinis
2593 2387 2802 2459 legibus
2855 2389 3266 2456 convenientia,
3317 2390 3384 2446 de
3441 2403 3549 2459 qua
3608 2387 3753 2445 infra

2169 2474 2414 2543 uberius,
2450 2482 2561 2530 tum
2591 2476 2716 2547 quia
2764 2475 2921 2532 aliter
2950 2477 3114 2549 quam
3156 2479 3223 2534 de
3249 2478 3520 2534 Avellanae
3554 2477 3757 2534 solitu-

2168 2564 2296 2621 dine
2338 2565 2426 2621 illa
2459 2565 2759 2623 Catriensis
2803 2567 3067 2623 habitatio
3098 2567 3381 2624 Romual'di
3418 2570 3614 2640 exponi
3652 2584 3751 2625 ne-

2168 2661 2312 2732 quit;
2364 2660 2546 2732 opinio
2597 2661 2863 2733 siquidem
2914 2660 3196 2729 Fortunii,
3246 2671 3401 2733 parte
3440 2678 3537 2728 vn,
3577 2661 3675 2718 lib.
3709 2676 3755 2728 ι,

2167 2770 2288 2825 cap.
2318 2755 2404 2823 11,
2431 2755 2607 2811 locum
2636 2754 2785 2810 illum
2808 2755 2876 2811 de
2896 2769 3080 2811 eremo
3104 2754 3285 2810 Sitrirc
3312 2754 3745 2824 interpretantis,

2166 2861 2406 2920 pugnare
2432 2848 2645 2902 videtur
2672 2862 2794 2902 cum
2827 2845 2973 2902 Petri
3000 2845 3246 2901 Damiani
3282 2844 3625 2909 auctoritate,
3655 2843 3750 2914 qui

2160 2932 2220 2996 lin
2270 2940 2392 2997 Vita
2423 2940 2481 2995 S.
2516 2938 2824 3005 Romualdi,
2853 2953 2972 3009 cap.
3022 2938 3113 3003 49,
3154 2938 3227 2992 ita
3277 2935 3441 2991 refert
3489 2934 3754 2991 Romual—

2166 3031 2292 3085 dum
2323 3031 2390 3084 ad
2431 3029 2611 3085 Sitriae
2657 3028 3003 3084 solitudinem
3042 3027 3392 3083 habitandam
3434 3027 3749 3091 divertisse,

481 3106 808 3163 Arianorum
847 3109 1127 3180 reliquias,
1164 3122 1218 3167 et
1257 3122 1369 3169 tum
1407 3116 1637 3174 fortasse
1670 3096 2059 3187 residuas,vaut
2085 3096 2131 3160 ο
2161 3121 2316 3193 quasi
2346 3118 2540 3175 ibidem
2574 3126 2736 3174 antea
2779 3126 3152 3175 commoratus
3194 3132 3302 3173 non
3346 3124 3509 3181 esset,
3541 3117 3636 3172 sed
3665 3117 3753 3172 lo-

479 3196 660 3252 denuo
691 3199 958 3256 excitatas
999 3200 1167 3259 fuisse
1197 3202 1280 3275 (ut
1308 3215 1495 3263 nostro
1525 3209 1686 3265 etiam
1717 3212 1916 3269 saeculo
1942 3214 2057 3270 haec

470 3289 729 3358 impietas
767 3301 1028 3347 renovata
1064 3302 1147 3349 est
1174 3295 1227 3351 in
1258 3295 1448 3369 Anglia
1474 3299 1839 3371 potissimum,
1870 3312 1925 3358 et
1952 3303 2057 3359 Po-

480 3380 624 3434 lonia
650 3395 747 3450 per
774 3382 956 3439 varios
986 3386 1262 3452 sectarios,
1293 3387 1551 3446 Faustum
1584 3389 1862 3460 Sociuum,
1892 3392 2056 3452 Joan-

479 3485 604 3524 nt-m
653 3469 935 3539 Crellium,
988 3473 1278 3531 Brennium
1299 3518 1314 3543 ,
1342 3477 1695 3546 Eniedinum,
1728 3480 2054 3552 Smalcium,

473 3557 949 3631 Sch‘ilchsingium,
988 3562 1334 3633 Ostorodum,
1358 3575 1411 3623 et
1449 3567 1894 3641 Christophorum
1923 3572 2057 3629 San-

471 3650 669 3722 tlium),
701 3666 827 3707 nam
859 3654 929 3709 de
947 3654 1164 3713 Arianis
1190 3659 1340 3714 velut
1363 3661 1705 3718 exstantibus
1734 3663 1879 3735 loqui
1909 3666 2056 3720 vide-

470 3751 563 3798 tur
589 3743 783 3801 Petrus
809 3745 1057 3804 Damiani
1088 3756 1216 3805 tom.
1245 3749 1334 3817 lli,
1355 3767 1544 3823 opuse.
1563 3769 1638 3820 vr,
1668 3769 1786 3826 cap.
1814 3757 1905 3825 22,
1936 3758 2007 3815 ibi
2038 3777 2051 3813 :

478 3853 498 3886 ι
536 3834 606 3890 At
646 3846 854 3904 contra,
896 3839 1106 3922 Ariani,
1150 3844 1241 3914 qui
1286 3843 1552 3902 adversus
1602 3846 1853 3922 Spiritus.
1882 3851 2056 3906 sancti

471 3926 814 3984 divinitatem
844 3915 1131 3989 manifesta
1165 3950 1388 4005 prorsus
1418 3915 1698 4009 impietate
1736 3916 2051 4013 conbigunt,

471 4015 542 4070 ad
571 4017 896 4074 catholicam
930 4020 1088 4077 fidem
1117 4021 1405 4082 redeuntes
1446 4027 1499 4082 in
1544 4030 1684 4084 male
1725 4033 1935 4102 accepti
1961 4049 2053 4089 or-

471 4104 619 4160 dinis
667 4109 959 4176 persistere
1016 4112 1277 4183 dignitate
1337 4130 1445 4171 non
1507 4128 1753 4188 possunt.
1814 4120 2055 4177 Credunt

472 4196 639 4262 enim,
676 4198 819 4255 sicut
861 4215 1048 4257 eorum
1097 4204 1361 4277 sacrilega
1400 4208 1673 4276 possessio
1716 4210 2049 4277 manifestat,

472 4287 618 4357 quod
654 4287 820 4345 Pater
860 4301 1076 4348 creator
1120 4293 1207 4359 sit,
1242 4294 1413 4353 Filius
1459 4307 1744 4367 creatura;
1787 4300 2049 4371 Spiritum

2158 3226 2282 3267 cum
2334 3211 2509 3281 ipsum
2557 3219 2688 3265 tunc
2716 3210 2829 3265 suis
2858 3208 3141 3280 discipulis
3178 3207 3388 3279 replere
3424 3207 3749 3279 aggredere-

2159 3314 2264 3357 tur.
2294 3302 2435 3357 Ecce
2474 3300 2722 3357 Damiani
2770 3300 2933 3355 verba
2969 3316 2984 3354 :
3019 3318 3038 3352 ι
3070 3298 3422 3355 Postmodum
3466 3311 3596 3352 vero
3636 3297 3749 3352 llo-

2157 3391 2423 3456 mualdus,
2452 3406 2573 3446 cum
2620 3389 2999 3460 Appenninum
3036 3388 3344 3455 desereret,
3384 3394 3623 3443 montem
3652 3384 3745 3441 Si-

2158 3481 2275 3535 triae
2322 3480 2661 3537 habitaturus
2713 3478 2977 3533 ascendit.
3006 3478 3317 3535 Cavendum
3369 3484 3549 3533 autem
3594 3490 3745 3532 sum-

2156 3586 2377 3642 mopere
2416 3580 2497 3626 est
2542 3584 2609 3625 ne
2640 3571 2782 3641 quis,
2812 3585 2935 3626 cum
2967 3569 3199 3625 audierit
3235 3570 3361 3640 quia
3386 3569 3474 3623 vir
3507 3575 3737 3623 sanctus

2158 3673 2239 3719 tot
2268 3663 2388 3720 loca
2422 3663 2735 3728 mutaverit,
2766 3664 2839 3733 pii
2879 3663 3065 3735 operis
3102 3664 3314 3733 pondus
3344 3662 3475 3718 vitio
3509 3660 3745 3717 levitatis

2159 3755 2419 3811 ascribat.
2485 3753 2613 3809 limo
2675 3768 2909 3824 namque
2968 3754 3332 3809 mutationum
3398 3750 3514 3821 ejus
3577 3764 3743 3806 causa

2157 3844 2347 3915 procul
2392 3843 2555 3899 dubio
2600 3839 2800 3911 fuerat,
2837 3843 2961 3913 quia
3010 3844 3080 3899 ad
3125 3841 3492 3899 venerabilem
3537 3842 3739 3906 virum,

2156 3938 2465 4007 ubicunque
2504 3935 2747 4007 degeret,
2775 3935 2930 3991 turba
2960 3934 3242 3991 hominum
3267 3948 3404 4005 pene
3429 3932 3743 3988 innumera-

2155 4030 2282 4086 bilis
2332 4028 2713 4085 concurrebat.
2769 4027 2932 4084 Ratio
2979 4040 3111 4098 ergo
3165 4025 3427 4098 poscebat
3484 4032 3566 4090 ut,
3616 4038 3739 4079 eum

2156 4120 2314 4174 unius
2357 4118 2462 4173 loci
2504 4118 2740 4187 spatium
2778 4117 2995 4186 plenum
3039 4114 3436 4170 habitatoribus
3468 4122 3740 4179 cerneret,

2155 4207 2266 4261 illic
2311 4206 2492 4278 priore
2536 4204 2867 4267 constituto,
2923 4203 2989 4256 ad
3045 4201 3360 4271 replendum
3410 4213 3535 4254 mox
3592 4198 3740 4255 aliud

2152 4296 2452 4352 festinaret.
2484 4314 2507 4349 ›
2545 4293 2699 4361 Quod
2742 4292 2789 4348 si
2837 4291 3173 4346 Romualdus
3220 4289 3422 4345 dudum
3468 4289 3523 4343 in
3566 4287 3739 4345 Sitria

471 4393 605 4434 vero
646 4389 894 4437 sanctum
926 4392 1233 4443 creaturam
1261 4397 1525 4445 creatum
1555 4390 1941 4449 damnabiliter
1963 4410 2052 4450 as—
2079 4441 2121 4452 ..
2154 4402 2396 4443 eremﬂm
2443 4385 2784 4452 condiderat.
2824 4399 2947 4439 cum
2999 4384 3068 4439 ad
3109 4382 3347 4440 Calliam
3399 4381 3734 4445 morabatur.

471 4478 741 4526 severant.
776 4491 797 4525 ι
842 4472 948 4530 Sed
975 4484 1029 4531 et
1050 4476 1376 4535 Arianorum
1415 4482 1661 4537 meminit
1697 4491 1754 4538 ut
1785 4499 1883 4540 suo
1913 4493 2053 4541 tem-

468 4570 604 4629 pore
629 4562 974 4620 existentium
1001 4581 1304 4639 anonymus
1326 4571 1687 4629 encomiastes
1708 4571 1930 4630 Henrici
1953 4574 2046 4643 IV,

469 4667 633 4723 quem
661 4668 729 4711 ex
760 4663 904 4711 torno
959 4655 983 4711 ι
1032 4657 1376 4719 Collectionis
1405 4659 1660 4720 Frecheri
1698 4666 1917 4725 adducit
1946 4668 2049 4724 Pa-

470 4745 590 4816 gius
639 4760 787 4804 anno
812 4749 970 4817 1058,
1013 4768 1067 4806 n.
1106 4750 1160 4820 5,
1192 4762 1285 4809 aut
1330 4755 1560 4826 denique
1601 4758 1706 4814 nisi
1753 4759 2048 4818 clausulam

475 4837 622 4893 hanc
663 4840 738 4895 ita
793 4842 1229 4915 interpretemur,
1276 4856 1338 4902 ut
1378 4849 1667 4920 signiﬁcet,
1709 4851 2045 4925 Ludulphum

477 4930 658 4986 divino
712 4933 879 5016 cultui
930 4935 1195 5004 deditum,
1237 4947 1297 4993 ut
1334 4954 1391 4996 se
1438 4940 1507 4996 ab
1543 4941 1742 5000 Ariana
1789 4948 2046 5016 supersti-

469 5021 638 5084 tione,
673 5035 703 5076 a'
735 5012 839 5093 qua
869 5026 1103 5082 maxime
1142 5028 1491 5099 abhorrebat,
1521 5031 1756 5090 alienum
1795 5012 2046 5095 ostende-

468 5104 573 5174 ret,
603 5110 694 5167 illo
739 5114 937 5171 sacello
980 5118 1192 5176 divinos
1219 5120 1447 5178 Christo
1492 5124 1750 5193 honores,
1781 5126 2046 5184 debitam-

469 5202 576 5273 que
603 5202 662 5259 S.
688 5203 918 5262 Andreae
946 5207 1061 5279 ejus
1088 5212 1330 5282 apostolo
1354 5216 1757 5272 venerationem
1788 5225 2043 5276 testatum

469 5303 589 5332 06Gb
650 5293 966 5332 ntionnnnm
993 5315 1171 5332 nun-sm
1198 5303 1427 5332 πνοι-12η...
1461 5322 1565 5332 ..Α-ι
1604 5316 1683 5332 Α...
1713 5316 1772 5332 ..ι
1810 5309 1861 5332 2..
1902 5310 2043 5332 :ns---

2073 4441 2128 4501 D

2158 4487 2220 4533 ut
2246 4479 2406 4535 docet
2433 4476 2749 4543 Fortunius,
2797 4478 2916 4532 haec
2955 4491 3095 4532 nova
3139 4475 3193 4530 in
3224 4473 3449 4530 Sitriam
3486 4474 3735 4530 excursio

2160 4586 2267 4626 non
2303 4569 2497 4628 fuisset
2540 4584 2695 4626 novre
2731 4569 2972 4626 locorum
3017 4568 3325 4634 mutationi,
3364 4567 3460 4623 sed
3492 4576 3735 4622 veterum

2158 4664 2544 4735 discipulorum
2607 4662 2905 4719 visitationi
2969 4661 3324 4723 aseribenda,
3386 4672 3561 4729 neque
3631 4657 3734 4711 hac

2158 4757 2409 4814 Damiani
2457 4754 2810 4813 excusatione
2863 4771 3000 4826 opus
3056 4761 3212 4819 erat,
3272 4765 3447 4820 neque
3502 4748 3731 4803 adducta

2156 4850 2478 4921 frequentiae
2528 4848 2917 4920 discipulorum
2954 4862 3116 4903 causa
3148 4843 3426 4916 proposito
3458 4843 3574 4913 ipso
3597 4856 3727 4896 eou-

2153 4952 2393 5017 grueret.
2443 4942 2716 4999 Habitatio
2768 4941 2933 5012 igitur
2981 4940 3123 5010 apud
3173 4937 3448 5001 Cetrium,
3505 4949 3609 4989 non
3663 4934 3731 4989 de

2155 5036 2341 5102 Sitria,
2370 5050 2488 5104 qua:
2530 5035 2655 5090 inde
2691 5033 2901 5089 duobus
2934 5022 3258 5088 milliaribus'
3296 5029 3364 5083 ad
3410 5025 3730 5083 Saxiferrati

2151 5127 2413 5200 oppidum
2435 5126 2666 5189 recedit,
2693 5124 2788 5181 sed
2816 5126 2882 5181 de
2904 5124 3091 5181 Fontis
3122 5122 3391 5178 Avellana:
3419 5117 3727 5184 solitudine,

2154 5232 2275 5289 quae
2301 5215 2498 5273 Catrire
2544 5216 2746 5271 montis
2793 5214 2952 5270 lateri
2998 5213 3214 5283 penitus
3246 5209 3503 5273 adhaeret,
3532 5207 3728 5262 certis-

2155 5308 2250 5332 ..ξ-υ-
2262 5322 2289 5332 Α
2319 5314 2397 5332 ΑΑι
