3982 5350
213 386 274 442 Β
1046 375 1577 436 PROLEGOMENA.
1618 407 1687 417 —
1725 374 1813 429 DE
1851 370 2219 428 INSTITUTO
2245 368 2635 426 CAMALDUL.
3364 368 3434 422 26

213 505 419 556 rendam
440 511 588 561 esse,
623 495 1015 566 persuasisset;
1048 493 1278 564 indeque
1304 489 1588 546 Romualdi
1613 487 1766 542 liabi-
1795 490 1840 546 A
1871 451 2030 538 zione
2067 483 2122 536 di
2167 491 2369 552 quanto
2426 483 2495 536 bo
2543 481 2707 544 detto,
2748 479 2886 543 cioe,
2921 478 3022 534 che
3052 478 3088 533 il
3124 477 3185 531 Β.
3219 477 3441 533 Ludoll'u

217 591 452 645 tationem
485 589 632 658 apud
660 585 921 648 Catriam,
971 585 1037 638 de
1065 583 1405 638 Avellanensi
1455 580 1762 643 solitudine,

214 679 398 734 dudum
436 677 506 732 ab
545 675 669 730 aliis
699 673 978 729 monachis
1031 681 1313 742 occupata,
1369 669 1768 741 intelligendam

215 786 309 825 non
335 784 475 833 esse,
528 768 624 822 sed
675 767 744 821 ad
794 779 1035 821 eremum
1085 763 1266 818 Sitriae
1320 761 1767 832 detorquendam.

215 861 338 914 falso
361 859 670 912 arbitratus
697 864 861 912 esset.
892 853 1026 908 Nam
1071 853 1119 907 is
1147 851 1364 906 aliunde
1411 850 1630 915 fatetur,
1658 849 1770 904 Ro-

214 948 395 1005 mualdi
424 947 629 1002 sazculo
653 952 924 1000 exstructa
951 941 1197 998 cmnobia
1220 939 1459 1010 ejusdem
1487 938 1769 1010 disciplina

214 1038 539 1109 potissimum
571 1036 860 1098 meruisse,
913 1032 990 1086 ait
1034 1031 1178 1086 enim
1208 1038 1347 1100 part.
1390 1045 1407 1084 ι
1455 1029 1550 1084 lib.
1581 1044 1619 1093 ι,
1651 1043 1769 1098 cap.

211 1130 309 1184 23:
339 1147 358 1179 ‹
386 1127 558 1182 Porro
589 1133 735 1180 tanta
764 1123 864 1178 fuit
907 1123 974 1178 de
1000 1121 1346 1176 sanctissimo
1382 1119 1680 1176 Romuaido
1717 1120 1773 1174 in

214 1227 311 1274 tota
336 1217 552 1286 Europa
574 1214 781 1284 opinio,
812 1221 871 1266 ut
906 1210 990 1266 vel
1020 1209 1224 1264 nullum
1255 1209 1337 1265 sui
1387 1209 1642 1279 temporis
1665 1223 1774 1265 cae-

214 1309 439 1373 nohium,
468 1306 615 1362 nulla
636 1305 806 1361 eremi
833 1301 1088 1366 solitudo,
1119 1301 1264 1355 nulla
1296 1301 1527 1372 denique
1558 1301 1773 1371 religio-

213 1413 375 1454 tarum
425 1410 788 1468 personarum
855 1392 1202 1463 congregatio
1254 1405 1481 1460 usquam
1535 1391 1773 1462 gentium

213 1492 380 1555 fuerit,
419 1505 545 1558 qua:
575 1497 673 1544 aut
707 1486 1062 1542 Romualdum
1118 1485 1456 1554 magistrum,
1486 1492 1542 1539 et
1566 1493 1776 1554 patrem

213 1597 305 1637 non
330 1582 614 1647 habuerit,
667 1589 761 1634 aut
785 1579 1114 1661 .eonsilium,
1164 1577 1344 1632 missis
1393 1576 1772 1647 legationibus,

215 1688 305 1727 non
325 1672 659 1742 ﬂagitaverit
696 1671 765 1726 ab
791 1670 904 1736 illo,
929 1669 1163 1738 qualiter
1185 1667 1494 1723 conversari
1521 1667 1575 1721 in
1619 1682 1777 1722 sacra

217 1763 387 1818 militia
413 1763 668 1826 deberet,
709 1770 765 1816 et
814 1760 1051 1836 qualiter
1098 1757 1379 1814 diabolicis
1417 1756 1777 1828 impugnatio-

1871 575 2020 631 fusse
2053 574 2326 646 discepolo
2375 574 2460 629 del
2492 573 2550 629 P.
2585 573 2642 628 8.
2673 572 2992 638 Romualdo,
3033 587 3064 628 e
3087 573 3188 627 che
3234 572 3443 627 vivesse

1871 683 1974 724 con
2008 669 2024 723 i
2055 669 2137 723 sui
2189 667 2448 737 discepoli
2501 675 2644 723 sotto
2695 667 2797 721 tale
2847 666 3182 735 protezione,
3219 666 3263 721 si
3310 664 3446 720 vede

1871 761 2238 816 cbiaramente
2261 759 2404 814 nella
2443 773 2676 827 persona
2726 757 2779 813 di
2827 756 3010 812 Pietro
3037 755 3318 821 Damiano,
3347 769 3447 824 per

1871 859 2077 920 quanto
2121 846 2344 903 all‘erma
2394 847 2432 901 il
2478 847 2540 901 P.
2586 846 2650 901 F.
2693 845 2857 900 Paolo
2914 845 3138 915 Morigia
3177 843 3316 898 nella
3347 857 3445 898 sua

1873 941 2060 997 istoria
2089 939 2227 996 delle
2252 938 2539 1010 Religioni,
2567 938 2819 1002 dicendo,
2849 936 2951 992 che
2974 935 3156 990 Pietro
3186 935 3446 989 Damiano

1874 1030 1932 1086 fu
1969 1045 2198 1085 monaco
2225 1027 2674 1085 Camaldulense:
2705 1035 2761 1083 et
2796 1026 2833 1080 il
2862 1026 3108 1081 medemo
3141 1034 3330 1078 teneva
3353 1038 3440 1094 pa-

1873 1137 1944 1192 pa
1975 1121 2075 1176 Pio
2101 1121 2141 1177 γ
2175 1121 2212 1175 il
2259 1121 2359 1176 che
2382 1120 2537 1175 viene
2562 1117 2898 1174 confermato
2936 1116 3058 1189 dall‘
3082 1130 3264 1170 essere
3307 1122 3448 1170 stato

1877 1216 2026 1269 detto
2071 1213 2255 1268 Pietro
2301 1212 2567 1267 Damiano
2625 1211 2841 1274 abbate,
2891 1224 2922 1265 e
2968 1208 3244 1278 superiore
3273 1207 3327 1260 in
3358 1207 3448 1276 pili

1877 1303 2194 1358 monasterii
2252 1302 2376 1358 dell’
2399 1302 2590 1357 ordine
2639 1299 3028 1365 Camaldolese,
3061 1313 3212 1354 come
3253 1298 3297 1352 si
3330 1296 3448 1351 dira

1877 1394 2018 1448 nella
2045 1409 2141 1448 sua
2173 1393 2310 1448 Vita.
2336 1412 2355 1446 ι
2405 1395 2480 1448 De
2508 1408 2614 1464 quo
2663 1403 2719 1448 et
2749 1407 2848 1448 nos
2877 1407 2997 1463 cap.
3028 1391 3062 1446 6
3088 1389 3341 1446 nonnulla
3371 1390 3452 1444 di-

1877 1487 2015 1542 cturi
2038 1503 2244 1543 sumus.

1949 1580 2016 1634 X.
2067 1581 2305 1652 ldipsum
2358 1582 2646 1638 conﬁrmat
2701 1581 3008 1638 Ludovicus
3055 1579 3348 1637 Jacobiilus
3385 1579 3452 1633 de

1881 1671 1983 1728 SS.
2033 1673 2270 1728 Umbria:
2321 1685 2452 1730 tom.
2504 1673 2592 1738 lll,
2625 1690 2744 1746 pag.
2778 1667 2904 1739 324,
2959 1675 3187 1730 dicens:
3236 1692 3256 1725 ι
3303 1671 3452 1727 Molti

1880 1778 2119 1818 vennero
2148 1780 2179 1818 a
2211 1764 2294 1819 far
2328 1766 2634 1835 penilema,
2666 1781 2698 1820 e
2735 1767 2779 1820 si
2815 1780 3182 1837 aggregarono
3209 1763 3310 1818 alla
3337 1763 3452 1818 loro

216 1853 354 1908 nibus
373 1854 636 1908 resistere
663 1860 864 1922 posset.
889 1869 908 1902 ι
942 1849 1095 1916 QUOd
1146 1849 1446 1919 ρκιξεενιίῐιι
1477 1848 1543 1902 de
1569 1845 1779 1901 Avella‘
1809 1851 1853 1912 Β
1882 1853 2217 1922 compagnia,
2277 1854 2642 1910 fabricandovi
2685 1871 2756 1908 un
2805 1864 3114 1909 monastero
3165 1869 3264 1923 per
3299 1853 3452 1907 molti

217 1946 351 2000 nensi
379 1959 594 2008 eremo,
619 1952 676 1998 et
705 1943 922 2012 quidem
956 1940 1153 2012 potiori
1196 1938 1340 2008 jure,
1391 1937 1659 1993 aﬂirmare
1685 1937 1777 1992 de-

216 2035 404 2100 buerat,
427 2034 790 2114 qugnedum
823 2031 1107 2086 ltomualdi
1141 2039 1402 2100 tempore,
1429 2029 1524 2084 sed
1573 2028 1627 2082 in
1657 2030 1776 2098 ipsa

215 2122 372 2186 italia,
418 2123 532 2178 imo
561 2121 616 2176 in
650 2120 869 2177 Umbria
914 2121 1015 2176 sub
1065 2120 1235 2189 ipsius
1285 2118 1344 2174 8.
1391 2117 1570 2174 Patris
1606 2117 1778 2174 oculis

217 2224 508 2270 constructa
539 2223 647 2279 est,
689 2228 790 2268 nec
812 2213 913 2268 nisi
940 2212 1008 2266 ab
1059 2212 1175 2281 ipso
1196 2210 1319 2264 vitae
1346 2208 1638 2264 eremitica:
1662 2222 1775 2262 ma-

220 2319 309 2372 gno
328 2312 708 2360 restauratore
764 2301 1066 2357 Romualdo
1095 2314 1366 2372 congruas
1398 2299 1676 2356 eremitice
1700 2298 1779 2354 vi-

217 2395 356 2450 vendi
379 2395 534 2466 leges
560 2395 812 2466 accipere
837 2401 1068 2466 poterat.

279 2485 364 2542 ιχ.
391 2487 536 2543 Hinc
567 2487 810 2543 Thomas
835 2486 1032 2542 Minius
1053 2486 1350 2542 monachus
1375 2493 1560 2541 noster
1597 2485 1650 2540 in
1680 2499 1778 2540 sua

220 2577 433 2633 Historia
459 2578 892 2643 Camaldulensi,
923 2594 1044 2649 qua:
1073 2579 1125 2633 in
1171 2577 1496 2634 bibliotheca
1541 2575 1777 2648 Angelo-

219 2685 320 2724 rum
346 2669 648 2727 Florentia:
695 2685 798 2724 ms.
828 2681 1093 2732 servatur,
1141 2669 1230 2724 ubi
1277 2667 1595 2723 Fortunium
1623 2666 1780 2738 (non-

218 2757 361 2812 nullis
389 2759 666 2813 duntaxat
711 2757 843 2814 locis
888 2757 1175 2822 correctis,
1213 2765 1268 2811 et
1300 2755 1622 2825 quibusdam
1661 2753 1780 2824 ejus

220 2848 594 2903 omissionibus
635 2846 924 2917 suppletis)
951 2847 1216 2902 verbatim
1255 2846 1436 2900 italice
1483 2843 1680 2908 reddit,
1721 2851 1781 2898 ut

215 2936 306 3006 jam
343 2938 565 2995 dissert.
596 2955 638 3005 ι,
668 2954 789 3010 cap.
832 2939 887 3002 1,
917 2955 1066 2992 num.
1095 2939 1151 3002 6,
1185 2937 1514 3002 monuimus,
1560 2935 1774 2990 Avella-

219 3028 382 3083 uensis
409 3028 622 3099 pariter
656 3027 889 3083 cuenobii
929 3026 1321 3091 laudationem,
1353 3042 1513 3097 quam
1549 3023 1616 3080 ex
1645 3023 1779 3080 For-

221 3119 350 3172 tunio
376 3134 567 3189 supra,
618 3134 770 3172 num.
802 3119 854 3182 ‘l,
883 3118 1225 3181 adduximus,
1258 3117 1337 3170 sic
1368 3116 1777 3184 interpretatur,

1876 1943 2112 2007 monaci,
2143 1943 2157 1996 i
2205 1943 2350 2013 quali
2379 1943 2417 1997 il
2445 1943 2504 1996 Β.
2551 1942 2776 1998 Lodolfo
2805 1944 2856 1997 vi
2884 1945 3021 1997 vesti
3069 1943 3213 1998 circa
3261 1942 3452 1996 l'anno

1876 2033 2021 2088 mille
2056 2034 2106 2089 di
2148 2033 2212 2088 N.
2255 2034 2314 2089 8.
2354 2051 2384 2091 c
2411 2051 2512 2092 con
2561 2035 2756 2091 facolta
2809 2035 2860 2090 di
2908 2051 3044 2105 papa
3087 2034 3350 2090 Silvestro
3382 2033 3446 2088 ll.

1877 2124 2086 2178 institui
2131 2125 2177 2178 la
2229 2125 2655 2197 eongregazione
2684 2125 2735 2179 di
2763 2125 2933 2180 Fonte
2979 2125 3260 2192 Avellana,
3306 2126 3450 2179 dctta

1877 2229 2014 2268 anco
2042 2214 2180 2270 della
2208 2213 2486 2280 Colomba,
2513 2223 2657 2270 sotto
2680 2214 2730 2269 la
2760 2214 2942 2279 regula
2965 2215 3015 2268 di
3049 2213 3108 2268 8.
3137 2213 3450 2276 Benedetto,

1878 2319 1980 2359 con
2020 2303 2213 2360 alcune
2273 2306 2615 2360 coslituzioni
2647 2306 2700 2361 di
2733 2305 2792 2360 8.
2832 2303 3130 2360 liomualdo
3160 2303 3374 2368 abbate,
3417 2303 3454 2357 il

1876 2396 2036 2466 quale
2079 2397 2162 2451 sin
2210 2397 2500 2452 dail‘anno
2545 2397 2672 2463 955,
2719 2413 2885 2452 aveva
2941 2397 3160 2452 fundato
3209 2396 3243 2450 l’
3266 2396 3454 2451 ordine

1877 2485 2246 2542 Camaldolese
2273 2488 2406 2556 peri
2435 2488 2553 2543 suoi
2584 2487 2818 2552 monaci,
2845 2496 2900 2542 et
2926 2487 3161 2549 eremtti,
3193 2501 3223 2540 e
3263 2486 3450 2540 viveva

1877 2577 1930 2631 tn
1961 2585 2155 2646 questo
2197 2585 2435 2648 tempo,;
2478 2588 2584 2634 etc.
2619 2577 2742 2633 llaec
2775 2577 2871 2643 ibi,
2913 2576 3108 2646 quibus
3159 2576 3356 2631 similia
3400 2581 3456 2630 et

1885 2667 2012 2723 alibi
2052 2669 2298 2734 tradidit,
2335 2669 2785 2738 quemadmodum
2819 2677 2875 2723 et
2905 2669 3076 2738 ipsum
3101 2667 3320 2722 Petrum
3352 2665 3458 2720 Da-

1881 2758 2050 2814 miani
2103 2759 2246 2814 inter
2293 2758 2734 2814 Camaldulenscs
2781 2759 3029 2812 alumnos
3085 2758 3332 2812 absolute
3371 2773 3456 2811 re-

1879 2848 2054 2918 ponit,
2087 2849 2389 2918 prazsertim
2416 2859 2545 2905 toni.
2575 2847 2641 2914 ll,
2670 2848 2733 2902 ad
2765 2848 2904 2904 diem
2933 2848 2996 2902 l5
3017 2845 3141 2902 Julii
3165 2847 3217 2902 in
3248 2844 3368 2901 Vita
3397 2845 3454 2901 S.

1878 2937 2187 3004 Romualdi,
2219 2955 2339 3010 pag.
2368 2940 2457 2995 52.

1951 3029 2040 3084 XI.
2083 3031 2136 3085 In
2165 3033 2409 3088 eamdem
2465 3033 2789 3088 sententiam
2817 3031 3013 3087 ali‘erre
3034 3031 3190 3102 juvat
3217 3047 3337 3100 qua:
3367 3044 3456 3085 re-

1884 3121 2316 3176 verendissimus
2363 3121 2532 3176 abbas
2578 3120 2753 3177 Julius
2806 3123 3126 3176 Ambrosius
3170 3119 3458 3174 Lucentius

220 3214 360 3277 atque
402 3210 673 3274 restituit,
707 3217 766 3263 ut
795 3208 1138 3278 Rudulphum
1169 3207 1454 3263 Romualdi
1499 3207 1664 3263 fuisse
1694 3207 1778 3263 di-
1807 3208 1852 3270 C
1883 3207 2282 3275 Cisterciensis,
2308 3227 2474 3266 sacra:
2503 3227 2690 3282 congr.
2723 3211 2920 3266 Indicis
2955 3209 3229 3265 consultor
3258 3210 3323 3262 ad
3354 3210 3458 3263 hoc

220 3298 482 3368 scipulum,
527 3301 600 3354 ab
630 3315 805 3369 eoque
855 3300 978 3354 vitae
1015 3300 1308 3355 ererniticae
1353 3300 1638 3370 praeceptis
1680 3299 1779 3354 im-

218 3387 387 3444 butum
429 3391 653 3447 tradat:
688 3391 765 3444 ait
807 3390 948 3445 enim
979 3389 1072 3444 lib.
1107 3405 1224 3454 vui,
1253 3405 1372 3460 cap.
1408 3391 1432 3444 ι
1469 3408 1481 3443 :
1517 3409 1534 3441 ι
1561 3389 1777 3455 Coloro,

221 3479 306 3534 che
337 3480 500 3536 {anno
522 3481 812 3535 menzione
838 3480 960 3534 dell’
991 3480 1204 3551 origine
1231 3482 1316 3536 del
1342 3480 1613 3536 venerahil
1659 3495 1780 3536 ere-

220 3583 312 3632 mo,
333 3571 449 3640 oggi
480 3569 677 3635 Badia,
701 3569 754 3623 di
781 3567 837 3622 S.
864 3567 1032 3623 Croce
1056 3569 1178 3624 dell‘
1199 3569 1474 3633 Avellana,
1507 3569 1778 3640 vogliono,

222 3659 306 3713 che
333 3674 397 3715 ne
442 3659 592 3716 fosse
626 3669 816 3716 antore
843 3659 878 3714 il
927 3659 990 3714 Β.
1038 3660 1284 3727 Lodoll’o,
1314 3661 1604 3716 altrimenti
1636 3659 1777 3716 Can-

220 3748 362 3814 dolio,
392 3766 556 3806 uomo
588 3751 780 3806 dotato
813 3750 865 3806 di
909 3751 1178 3822 singolare
1204 3753 1522 3817 inuocenza,
1548 3751 1584 3806 il
1623 3751 1790 3820 quale.

221 3840 468 3896 mediante
499 3841 553 3896 le
583 3857 684 3896 sue
728 3852 882 3896 sante
919 3842 1251 3910 operazioni,
1299 3843 1352 3896 fu
1384 3841 1521 3896 fatto
1549 3856 1778 3896 veseovo

221 3927 262 3979 «ι’
277 3931 510 4000 Agubbio
530 3932 566 3986 ι’
586 3947 732 3988 anno
755 3933 1072 3986 trcntesimo
1093 3931 1228 3986 della
1253 3931 1569 3986 fondazione
1591 3931 1641 3986 α’
1657 3946 1778 3986 esso

221 4036 403 4091 eremo,
451 4041 544 4080 ma
575 4041 686 4080 non
711 4025 873 4081 fanno
903 4027 1164 4081 memoria
1192 4027 1414 4081 nissuna
1441 4027 1492 4080 d’
1514 4026 1652 4081 onde
1673 4025 1778 4096 egii

223 4111 347 4169 fusse
375 4134 387 4170 :
421 4117 733 4173 solamente
755 4118 969 4186 dicono,
991 4133 1173 4174 essere
1201 4128 1343 4173 stato
1365 4118 1416 4173 di
1451 4118 1628 4173 nobile
1653 4119 1779 4173 stir-

221 4221 292 4273 pe,
314 4223 341 4262 c
358 4209 612 4281 religioso
636 4227 650 4275 ;
678 4210 1026 4282 producendo
1045 4221 1240 4282 questa
1263 4212 1539 4267 memoria.
1563 4212 1621 4266 L’
1637 4227 1780 4267 anno

222 4297 347 4350 mille
389 4301 434 4354 si
480 4301 764 4372 principio
794 4301 1064 4356 l’ediﬁeio
1107 4301 1227 4356 dell’
1249 4317 1435 4358 eremo
1479 4303 1602 4357 dell’
1621 4301 1780 4359 Avel—

222 4383 326 4440 lana
354 4398 496 4444 sotto
541 4389 728 4445 Catria
775 4391 840 4445 da
870 4390 1149 4455 Candoll’o,
1198 4407 1362 4448 overo
1398 4392 1647 4460 Lodoll'o,
1679 4408 1779 4449 con

224 4479 452 4548 semplice
497 4481 732 4552 capella,
779 4496 811 4535 e
858 4480 1126 4554 Casipola,
1159 4498 1257 4553 per
1295 4482 1505 4555 fuggire
1555 4484 1605 4538 la
1643 4492 1779 4540 setta

1882 3303 2214 3372 propositum
2245 3304 2461 3374 scripsit
2489 3305 2540 3359 in
2582 3305 2716 3359 libro
2765 3305 3062 3374 inscripto:
3101 3300 3302 3372 Fulgor
3325 3299 3459 3354 Ful-

1881 3394 2030 3464 ginii,
2062 3403 2166 3450 etc.
2193 3410 2206 3458 ;
2235 3394 2437 3460 Romae,
2472 3410 2614 3450 anno
2641 3395 2798 3459 1705,
2837 3395 3077 3463 adeoque
3105 3403 3226 3463 post
3253 3392 3458 3447 Luder-

1881 3483 2060 3538 chiani
2108 3483 2300 3552 Operis
2351 3485 2640 3540 editionem
2694 3485 2960 3554 impresso
3012 3500 3025 3537 :
3083 3483 3152 3538 ibi
3201 3481 3343 3537 enim
3394 3481 3450 3535 in

1881 3573 2024 3627 notis
2048 3582 2169 3643 post
2215 3573 2459 3645 Elogium
2518 3591 2671 3639 xvm,
2726 3589 2845 3644 pag.
2906 3573 3030 3649 192,
3083 3574 3196 3627 haec
3253 3571 3454 3625 habet:

1887 3680 1904 3713 ι
1933 3662 2046 3719 Sub
2091 3663 2353 3734 Lodulphi
2413 3665 2727 3736 magisterio
2777 3663 2892 3733 ejus
2942 3663 3121 3718 schola
3152 3679 3182 3716 a
3216 3661 3460 3732 plurimis

1880 3751 2214 3821 frequentari
2249 3762 2427 3823 coepta
2457 3762 2556 3815 est,
2605 3754 2923 3808 adveniente
2973 3751 3194 3807 Joannis
3221 3748 3458 3819 episcopi

1881 3841 2150 3911 Eugubini
2195 3843 2413 3911 placito,
2465 3857 2608 3896 anno
2661 3842 2784 3896 976.
2818 3841 2881 3895 Et
2910 3856 3029 3910 quae
3074 3839 3194 3894 rudi
3222 3839 3457 3908 primum

1879 3947 2042 4002 opere
2086 3932 2237 3986 initia
2289 3933 2536 4002 sumpsit,
2583 3933 2913 4002 approbante
2959 3930 3153 3985 deinde
3194 3929 3459 3985 Silvestro

1878 4026 1940 4090 ll,
1968 4025 2212 4080 Romano
2256 4026 2530 4095 pontifice,
2561 4026 2612 4080 in
2642 4034 2835 4096 caput,
2860 4035 2914 4080 et
2959 4025 3253 4095 principem
3286 4023 3458 4078 nomi-

1880 4119 2175 4173 natissimm
2195 4117 2625 4189 congregationis
2657 4117 2716 4172 8.
2756 4117 2946 4173 Crucis
2984 4118 3050 4171 de
3080 4117 3331 4171 Avellana
3358 4130 3456 4170 ex-

1883 4213 2060 4268 crevit
2088 4213 2187 4268 sub
2214 4213 2398 4285 regula
2433 4213 2606 4268 sancti
2637 4213 2935 4268 Cassinatis
2965 4212 3261 4280 Benedicti,
3293 4214 3459 4269 certis

1882 4306 2083 4361 additis
2136 4304 2646 4371 constitutionibus,
2697 4319 2832 4374 quas
2876 4303 3073 4375 partim
3127 4305 3350 4360 dictavit
3397 4305 3457 4361 S.

1883 4393 2217 4449 Romualdus
2271 4394 2769 4449 Camaldulensium
2838 4396 3045 4465 primus
3102 4395 3268 4451 abbas
3334 4411 3459 4466 par-

1884 4470 1978 4542 tim
2009 4486 2335 4557 conscripsit
2386 4486 2502 4556 ipse
2544 4486 2872 4557 Lodulphus.
2906 4506 2925 4540 ›
2980 4486 3250 4544 Hactenus
3290 4488 3457 4544 abbas

225 4569 329 4624 delli
356 4571 564 4626 Ariani.
597 4571 694 4626 Nel
721 4571 846 4641 qual
884 4581 1084 4643 tempo,
1109 4587 1216 4628 non
1247 4573 1362 4628 solo
1384 4575 1438 4628 in
1468 4572 1644 4640 Italia,
1689 4589 1776 4627 ma
1804 4558 1857 4618 Ῑ)
1883 4577 2194 4632 Lucentius.

225 4662 357 4732 quasi
383 4679 480 4734 per
510 4672 651 4718 tutta
680 4664 715 4717 1‘
738 4664 970 4736 Europa,
999 4679 1091 4720 era
1127 4665 1340 4720 celebre
1370 4665 1420 4719 la
1452 4664 1592 4720 fama
1641 4663 1780 4719 della

227 4757 400 4810 santita
446 4757 536 4812 del
571 4765 762 4812 nostro
787 4755 846 4809 P.
874 4755 933 4811 8.
962 4756 1265 4812 Romualdo
1293 4757 1512 4826 (ancora
1542 4755 1781 4826 vivente)

227 4860 252 4900 e
278 4849 348 4903 de’
371 4850 490 4907 suoi
519 4849 802 4919 discepoli,
824 4864 854 4904 e
885 4865 992 4904 non
1023 4851 1055 4905 ὁ
1079 4860 1248 4921 punto
1269 4850 1336 4905 da
1366 4850 1630 4912 dubitare,
1660 4848 1781 4902 anzi

229 4947 366 5010 tengo
407 4957 508 5013 per
543 4942 746 5006 Termo,
771 4941 871 4996 che
914 4940 1136 4997 Lodolfo
1171 4955 1337 4996 ancor
1389 4940 1463 4995 lui
1506 4939 1652 4995 fosse
1683 4952 1782 4993 suo

228 5031 499 5102 diseepolo,
528 5048 563 5088 e
615 5033 716 5086 che
757 5047 863 5086 non
891 5032 1003 5088 solo
1051 5032 1288 5104 fuggisse
1317 5032 1368 5086 la
1397 5030 1784 5101 persecuzione

229 5119 349 5176 della
397 5121 576 5186 Setta,
612 5135 700 5174 ma
755 5121 855 5176 che
882 5123 1130 5189 andasse,
1161 5137 1194 5176 a
1241 5121 1392 5191 guisa
1424 5122 1509 5176 de!
1542 5128 1783 5176 maestro

230 5226 310 5244 cna
345 5213 380 5244 Ω
424 5212 736 5244 ῺΛΜιιηΙᾹΛ
765 5211 904 5244 lana:
932 5230 1025 5244 ΛΑ..
1055 5231 1146 5244 ιιι-Λ
1189 5214 1428 5244 λοκΑέῗ-ε

1445 5231 1540 5244 ‘lnn
1597 5228 1626 5244 Δ
1653 5227 1753 5244 nnn
1771 5241 1782 5243 μ

1957 4669 2069 4724 ΧΙΙ.
2112 4670 2376 4726 Creterum
2404 4670 2449 4726 si
2501 4669 2568 4725 ad
2613 4669 2874 4726 certiores
2917 4671 3152 4728 calculos
3189 4671 3456 4727 Avellantc

1885 4762 2107 4817 exordia
2129 4762 2364 4818 debeant
2393 4763 2656 4828 revocari,
2683 4764 3116 4834 quandoquidem
3145 4763 3459 4832 Ludulpbus

1886 4866 2029 4910 anno
2063 4853 2202 4910 1009
2238 4854 2304 4908 ad
2327 4853 2664 4926 Eugubinam
2689 4855 3000 4909 cathedram
3025 4863 3108 4909 est
3127 4862 3456 4924 assumptus,

1884 4951 2101 5014 oportet
2126 4958 2238 5007 eos,
2269 4943 2362 5012 qui
2410 4945 2684 5016 trigesimo
2726 4953 2848 5014 post
2892 4959 3056 4999 sacrm
3104 4944 3249 5002 illius
3277 4943 3462 4999 solitu-

1887 5037 2030 5093 dinis
2077 5036 2543 5094 constructionem
2597 5049 2741 5088 anno
2787 5035 2857 5089 ad
2913 5035 3220 5106 episcopale
3268 5048 3462 5090 munus

1885 5127 2061 5198 ipsum
2092 5137 2345 5183 vocatum
2389 5126 2556 5182 fuisse
2600 5123 2958 5191 arbitrantur,
3009 5127 3076 5182 ad
3123 5141 3323 5184 annum
3361 5124 3463 5178 979

1889 5217 2150 5244 σιξ-,η--ι-Αἱξ
2188 5215 2554 5242 Α...ι³.ιιὲ-...-..-
2592 5215 2862 5238 -Αο..Αἰ.Α..-
2939 5217 2989 5236 91
