3982 5350
3180 336 3251 346 .,,,.

416 340 420 344 “
469 365 542 426 27
1333 366 1390 422 s.
1431 362 1704 421 vernus
1744 355 2096 416 DAMIANUS
2138 355 2195 410 s.
2238 356 2305 409 ιι.
2349 356 2415 411 e.
2455 353 2888 411 CARDINALIS.
3128 339 3131 342 ’
3180 339 3246 346 "
3475 348 3482 357 ‘
3656 361 3745 417 εδ,

474 492 624 550 nata,
686 488 785 545 sed
838 492 1258 558 praeterpropter
1303 482 1564 537 duntaxat
1614 475 2049 544 circumscripta,
2084 477 2126 533 Α
2224 470 2287 524 ll.
2331 471 2441 541 Age
2469 470 2647 540 itaque
2701 470 2876 540 primo
2904 486 3023 541 qua:
3068 481 3242 543 magis
3287 474 3560 544 generalia
3607 484 3737 532 sunt

444 585 637 635 ἐνιπαὶ
680 576 1104 649 interpretandi.
1151 573 1452 629 Fatendum
1509 581 1710 649 tamen,
1777 581 1946 635 usque
1990 563 2056 617 ad

475 682 677 727 amilum
723 646 909 726 asset
959 667 1064 723 990
1110 665 1449 734 Ludulphum
1504 663 1620 717 sine
1664 646 1819 714 certa
1850 655 2055 724 regula,

480 760 710 831 simplici
738 759 902 813 ductu
929 758 1152 827 spiritus
1174 755 1282 817 sui,
1328 746 1623 823 discipulos
1649 750 1751 804 sibi
1773 749 2058 818 adjuncto!

484 854 727 909 rexisse:
762 859 889 906 tunc
916 850 1062 903 enim
1085 848 1351 903 duntaxat
1380 843 1519 915 apud
1561 843 1798 897 Catriam
1847 843 1905 897 S.
1947 841 2057 897 R0-

482 945 728 1001 mualdus
746 944 1031 1011 habitavit,
1058 958 1084 996 a
1114 957 1221 1012 quo
1244 937 1380 994 S.P.
1398 936 1671 992 Benedicti
1698 934 1936 1006 regulam
1953 933 2058 988 Lu-

481 1039 709 1109 dnlphus
745 1037 975 1107 accepit,
1005 1034 1273 1103 simulque
1303 1031 1599 1103 perfectam
1622 1029 1917 1085 eremiticaa
1936 1028 2061 1083 vitae

483 1144 752 1196 normam,
797 1135 854 1183 et
897 1126 1282 1182 saluber’rimas
1332 1121 1701 1177 institutiones
1755 1118 1964 1182 didicit,
1994 1117 2062 1173 ad

486 1237 622 1289 quas
651 1221 905 1289 deinceps
950 1216 1199 1271 alumnos
1253 1229 1381 1269 suos
1429 1213 1695 1283 exigeret.
1749 1210 1883 1265 Cum
1915 1209 2062 1264 enim

484 1330 625 1368 anno
653 1314 757 1369 995
785 1309 1055 1369 Classensi
1109 1308 1340 1368 abbatiae
1400 1305 1690 1377 praefectus
1737 1296 1904 1357 fuerit
1954 1300 2063 1355 Ro—

483 1406 752 1471 mualdus,
785 1406 945 1475 idque
986 1404 1076 1473 (ex
1114 1403 1236 1458 Vita
1289 1415 1409 1470 cap.
1438 1398 1529 1471 2‘2)
1580 1407 1707 1452 ante
1758 1396 2062 1466 quinquen-

485 1496 657 1559 nium,
692 1494 934 1564 adeoque
968 1508 1108 1547 anno
1155 1491 1279 1556 990,
1335 1488 1411 1544 illi
1446 1486 1611 1542 fuerit
1658 1485 1918 1540 divinitus
1946 1499 1974 1537 a
2003 1482 2060 1537 S.

483 1586 778 1656 Apollinari
826 1585 1146 1649 revelatum,
1168 1580 1314 1652 quod
1340 1579 1568 1649 contigit
1590 1574 1893 1632 Romualdo
1922 1574 2066 1644 apud

482 1677 720 1731 Cati-iam
743 1683 1135 1739 commorante,
1167 1688 1255 1744 rex
1282 1672 1421 1728 Viue
1454 1684 1575 1740 cap.
1606 1666 1696 1739 19)
1743 1671 1977 1737 oportet,
2007 1674 2066 1720 ut

482 1785 625 1823 anno
657 1769 761 1824 989
795 1768 861 1822 ad
891 1768 1087 1822 Catrite
1128 1772 1366 1819 montem
1394 1777 1516 1818 cum
1546 1758 1854 1829 Ludulpbo,
1883 1767 1939 1813 et
1978 1771 2065 1813 so-

2158 578 2552 632 comparemus.
2572 562 2857 620 Bomualdi
2879 564 3181 619 institutum
3197 566 3552 631 ctenobiticae,
3575 576 3737 636 atque

2157 653 2449 707 ercmiticze
2498 653 2622 707 vitae
2662 652 3043 722 conjunctione
3084 655 3490 724 comprehendi,
3520 655 3734 711 dissert.

2158 761 2200 809 ι,
2252 744 2431 814 capite
2461 744 2516 810 6,
2545 744 2916 814 probavimus,
2966 752 3128 813 atque
3162 744 3367 800 idcirco
3408 743 3467 799 S.
3521 744 3761 800 Patrem

2156 835 2427 906 plerisque
2469 835 2523 889 in
2569 834 2704 890 locis
2727 834 2974 890 ccenobia
3005 834 3204 890 eremis
3250 836 3497 906 proxima
3530 837 3738 890 consti-

2160 926 2344 990 tuisse,
2373 933 2430 980 et
2467 934 2751 995 utramque
2776 925 2879 981 sub
2929 939 3035 980 uno
3062 934 3292 991 rectore,
3347 934 3459 981 tam
3501 927 3738 991 socialis,

2159 1035 2319 1088 quam
2347 1018 2600 1073 solitariae
2625 1018 2920 1088 disciplina:
2950 1018 3210 1073 familiam
3235 1018 3529 1075 collocasse
3552 1033 3568 1071 :
3598 1018 3745 1074 unde

2160 1109 2216 1163 in
2242 1108 2358 1177 ejus
2393 1109 2511 1163 Vita
2569 1124 2687 1179 cap.
2716 1109 2786 1165 ’50
2829 1112 3107 1175 docemur,
3137 1110 3280 1179 quod
3309 1118 3331 1163 ε
3359 1111 3617 1182 prmc'epit
3643 1109 3744 1164 ab-

2159 1202 2304 1267 bati,
2336 1201 2475 1255 utin
2525 1212 2767 1256 cremum
2802 1198 3062 1257 secedens
3106 1215 3207 1270 per
3252 1209 3418 1256 totam
3451 1201 3755 1256 hebdoma-

2161 1288 2286 1344 dam
2320 1289 2374 1343 in
2429 1288 2566 1343 cella
2621 1289 2967 1354 consisteret,
3023 1287 3216 1343 diebus
3268 1304 3401 1343 vero
3450 1289 3745 1345 Dominicis

2162 1379 2362 1437 fratres
2403 1383 2470 1436 ad
2502 1382 2887 1436 monasterium
2926 1380 3153 1436 veniens
3190 1381 3458 1435 risitaret.
3481 1400 3499 1432 ι
3540 1380 3659 1435 Jam
3689 1388 3748 1434 et

2163 1475 2303 1544 apud
2334 1473 2601 1529 Avellame
2629 1472 2975 1529 solitudinem
3011 1473 3307 1528 claustrum
3359 1471 3493 1541 erigi
3528 1469 3753 1526 curavit.

2165 1564 2457 1619 Damianus
2491 1580 2588 1634 pro
2629 1564 2733 1629 bis,
2786 1563 2877 1632 qui
2920 1563 3241 1618 cmnobitice
3276 1562 3456 1617 vivere
3498 1559 3743 1619 mallent.

2164 1665 2347 1725 atque,
2375 1671 2443 1710 ex
2479 1670 2579 1710 usu
2629 1654 3104 1719 monasteriorum,
3129 1654 3501 1723 processiones
3556 1652 3610 1707 in
3654 1666 3747 1705 so-

2166 1748 2533 1803 lemnitatibus
2564 1761 2723 1819 agere
2750 1746 3068 1817 gauderent,
3097 1755 3158 1801 ut
3202 1747 3316 1816 ipse
3348 1754 3583 1800 testatur
3611 1752 3745 1800 tom.

485 1857 587 1911 ciis
619 1856 948 1910 Romualdus
969 1856 1317 1918 consiSteret,
1340 1863 1396 1908 et
1426 1865 1570 1906 anno
1591 1848 1695 1905 990
1726 1847 1962 1903 monitus
1994 1846 2063 1900 ab
2092 1839 2138 1899 Β
2165 1840 2252 1907 lll,
2280 1855 2465 1909 opusc.
2504 1854 2615 1905 xtv,
2647 1839 2720 1894 ibi
2755 1857 2769 1893 :
2803 1856 2823 1889 ί
2855 1838 3162 1893 Claustrum
3205 1851 3420 1907 quoque
3462 1835 3616 1905 juxta
3655 1849 3749 1889 ec—

482 1947 669 2001 codetn
700 1955 884 2001 saneto
912 1944 1208 2015 Apollinari
1249 1944 1374 1999 inde
1411 1942 1735 2005 discederet,
1787 1936 2065 1993 Classensi

486 2037 735 2091 coenobio
762 2038 983 2107 propius
1030 2038 1317 2102 accedens,
1350 2033 1478 2089 dum
1508 2029 1889 2103 praefecturam
1920 2027 2066 2084 illius

482 2132 586 2186 sibi
607 2132 863 2186 divinitus
891 2132 1214 2188 destinatam
1241 2134 1603 2198 exspectaret.

1103 2218 1329 2275 CAPUT
1377 2217 1467 2271 ιιι.

487 2313 923 2380 Avellanitarum,
973 2322 1021 2368 et
1052 2310 1533 2392 Camaldulensium
1590 2306 1817 2361 instituti
1853 2320 2065 2375 compa-

1191 2392 1345 2435 ratio.

488 2473 761 2531 SYNOPSIS.
778 2506 846 2517 -
865 2474 1070 2544 (.apitis
1092 2474 1252 2544 hujus
1271 2470 1627 2544 propositum.
1653 2468 1816 2544 Num.
1842 2465 2066 2544 lEremi

556 2555 611 2600 ct
637 2546 868 2602 cmnobii
902 2537 1041 2615 apud
1084 2537 1394 2598 Avellanam
1429 2539 1757 2615 coniunctio.
1788 2538 1841 2595 2.
1875 2537 2065 2615 Diona-

560 2617 785 2671 cborum
817 2625 871 2671 et
896 2608 1266 2676 eremitarum,
1306 2622 1468 2683 atque
1521 2608 2063 2683 inc_lt_tsorum__ins_ti-

560 2696 735 2741 tutum
790 2686 1062 2740 Avellanae
1112 2683 1302 2755 viguit.
1351 2678 1403 2737 δ’.
1437 2680 1703 2755 Eremitis
1736 2678 2065 2755 obedientia,

566 2766 671 2835 tam
726 2757 865 2835 apud
894 2750 1244 2835 Anvellanitas,
1276 2770 1437 2835 quam
1481 2750 1948 2835 Gamaldulenscs,
1980 2750 2065 2805 in-

573 2822 803 2881 culcata.
828 2826 883 2881 4.
919 2826 1181 2897 Specialis
1205 2822 1495 2897 utriusque
1533 2822 1767 2897 instituti
1789 2835 2070 2897 compara-

564 2898 740 2952 tio.5.
796 2897 931 2963 Quid
959 2893 1331 2959 'abstincntia,
1384 2893 1437 2949 et
1478 2893 1765 2963 jejunium,
1829 2893 2066 2963 biduana

562 2982 799 3038 quoque,
820 2961 881 3022 et
905 2968 1174 3032 triduana,
1200 2968 1338 3033 apud
1368 2966 1429 3038 BA.
1471 2961 1818 3038 Bodulphtrm
1853 2961 2069 3038 Gamal-

562 3031 840 3092 (lulensein
887 3038 1143 3107 priorem,
1175 3031 1250 3089 et
1281 3036 1421 3107 apud
1468 3035 1695 3107 Petrum
1746 3031 2067 3107 Damianum

563 3101 902 3180 signiﬁCent:
919 3108 971 3162 6.
1006 3108 1137 3180 Quo
1151 3101 1391 3180 tempore
1406 3102 1671 3180 jejunium
1697 3115 1762 3180 ex
1779 3101 2069 3180 _R_omu_aldi

564 3169 876 3249 priescripto
899 3180 967 3234 ab
991 3169 1477 3249 A'vellanensibu's;
1491 3185 1545 3230 et
1572 3169 2067 3249 Catualdnlensibus

562 3241 962 3303 observaretur.
987 3249 1040 3301 7.
1074 3247 1174 3300 Per
1201 3255 1314 3301 tres
1340 3241 1560 3302 octavas
1583 3241 1651 3311 ab
1694 3242 1941 3311 utrisqne
1960 3310 1963 3311 ν
1980 3257 2069 3295 re-

565 3320 845 3374 laxahatur
887 3318 1232 3388 abstinentia.
1279 3317 1333 3388 8.
1363 3318 1491 3383 Qum
1543 3310 1730 3388 jejunii
1781 3310 2067 3388 diSciplina

562 3389 811 3445 Pascltali
845 3399 1103 3459 tempore.
1129 3388 1182 3442 9.
1207 3387 1344 3462 Quid
1358 3381 1576 3462 reliqui)
1596 3385 1723 3462 anni
1743 3381 2071 3462 cursuapud

566 3471 826 3528 utrosque
852 3461 904 3514 in
933 3455 1029 3513 usu
1054 3466 1216 3513 esset.
1245 3457 1330 3511 10.
1356 3458 1432 3513 De
1455 3455 2069 3528 observationeutriust

565 3547 669 3600 que
696 3520 1238 3600 Quadi-agesimm.“
1264 3536 1330 3600 _et
1379 3530 1466 3600 1'2.
1514 3531 1587 3584 De
1630 3523 1854 3600 Sabbati
1886 3520 2071 3600 Sanc_ti

567 3591 622 3656 et
660 3591 852 3670 vigiliae
894 3591 1204 3670 Nativitatis
1260 3597 1471 3670 Domini
1514 3595 1932 3670 consuetudine.

568 3671 643 3725 De
671 3662 917 3724 lancibus
946 3670 1011 3723 ad
1039 3669 1198 3738 panis
1242 3669 1454 3737 pondus
1483 3669 1818 3738 metiendunt
1842 3662 2073 3738 in_c_ellis

566 3732 1058 3796 Camaldulensium
1094 3778 1108 3802 ,
1159 3747 1214 3794 et
1242 3732 1710 3794 -Avellanitarum.
1762 3735 1845 3789 M.
1893 3732 2073 3788 Libra:

565 3812 720 3934 planis
755 3826 800 3934 al
820 3809 1198 3934 S.llgenetlicto
1228 3812 1561 3882 praescripta:
1608 3821 1862 3864 mensura
1894 3818 1960 3859 ex
1986 3802 2074 3875 his

565 3898 582 3934 ι
629 3898 690 3934 us
719 3897 775 3934 ra
804 3897 854 3934 a.
957 3920 971 3934 .

565 3890 854 3937 illustrata.
886 3890 971 3934 l5.

565 3973 607 4027 1.
647 3972 725 4028 Ne
752 3975 873 4043 quis
900 3985 1083 4029 autem
1114 3982 1286 4043 putet,
1314 3988 1465 4029 mere
1509 3969 1802 4027 arbitraria
1842 3966 2075 4038 scripto—

500 4082 619 4121 rum
662 4067 1049 4138 imaginatione
1081 4067 1201 4133 niti,
1248 4067 1393 4136 quod
1430 4066 1493 4120 B.
1526 4061 1855 4135 Lodulphus,
1882 4068 1942 4115 ut
1980 4075 2075 4116 ca-

499 4158 612 4229 pite
639 4159 969 4228 praecedenti
1009 4156 1378 4228 exposuimus,
1436 4156 1535 4211 sub
1572 4154 1854 4222 disciplina
1883 4150 1941 4206 S.
1970 4149 2080 4205 Ro-

503 4248 705 4302 mualdi
736 4251 1017 4325 meruerit,
1044 4250 1112 4305 ab
1135 4263 1306 4319 eoque
1323 4247 1602 4303 eremitice
1622 4245 1835 4301 vivendi
1864 4243 2078 4314 regulas

505 4336 954 4417 Avellanitis‘suis
975 4326 1284 4411 tradendas,
1310 4338 1580 4408 acceperit
1608 4351 1624 4390 :
1647 4335 1802 4406 juvat
1827 4332 2078 4406 przesenti

504 4428 681 4498 capite
726 4438 1016 4501 utrumque
1065 4430 1370 4486 institutum
1421 4427 1689 4493 conferre,
1746 4442 1853 4497 quo
1887 4438 2079 4495 nempe

503 4517 708 4573 indubii
737 4519 983 4591 discipuli
1008 4518 1066 4574 S.
1120 4519 1426 4583 Romualdi,
1468 4518 1742 4588 primique
1790 4512 2100 4575 Gamalde

506 4610 684 4668 tenses
723 4627 789 4669 ex
832 4629 937 4667 una
981 4622 1158 4683 parte,
1186 4626 1253 4667 ex
1289 4611 1392 4666 alia
1426 4624 1557 4665 vero
1580 4608 1642 4663 B.
1693 4606 1983 4677 Ludulpbi,
2013 4619 2078 4657 ac

504 4698 650 4756 Petri
678 4689 920 4756 Damiani
971 4692 1290 4766 sectatores,
1322 4700 1582 4755 nimirum
1630 4706 1843 4756 veteres
1864 4695 2079 4751 Avella-

507 4796 652 4862 nitte,
675 4797 760 4851 nsi
790 4798 913 4852 Sunt
938 4814 953 4860 ;
979 4813 1086 4869 quo
1106 4797 1289 4852 statim
1317 4796 1608 4862 constabit,
1640 4796 1709 4850 ab
1735 4810 1844 4849 una
1865 4792 2081 4848 eadem-

505 4903 610 4957 que
640 4889 840 4953 radice,
899 4903 1092 4958 nempe
1141 4889 1202 4941 Ι).
1234 4886 1535 4941 Romualdo
1578 4886 1926 4940 eremitarum
1967 4898 2083 4937 om-

505 4975 655 5030 nium
678 4978 831 5045 duce,
865 4979 963 5033 hos
982 4987 1036 5031 et
1060 4977 1180 5032 illos
1205 4977 1408 5047 pariter
1439 4983 1777 5047 propagatos.
1807 4972 1872 5026 Et
1894 4987 2083 5043 quani-

505 5068 588 5125 vis
613 5068 718 5125 hoc
762 5071 934 5140 ipsum
968 5086 1029 5126 ex
1089 5069 1467 5125 dissertatione
1498 5069 1518 5123 l
1557 5068 1688 5122 satis
1725 5065 1958 5131 eluceat,
1987 5064 2079 5119 ubi

505 5162 804 5196 nrmuurlinn
835 5176 933 5196 non
988 5162 1019 5196 Α
1064 5176 1189 5196 ηηηὶ
1246 5162 1276 5196 Ω
1308 5168 1360 5196 of
1407 5160 1465 5196 CH
1532 5168 1690 5196 olnnn
1719 5157 1842 5196 nlihi
1882 5156 2079 5196 naccim

2171 1931 2391 1988 clesiam
2424 1930 2664 1986 construi
2713 1929 2816 1985 hac
2866 1928 3164 1986 intentione
3216 1928 3542 1990 censuimus,
3588 1935 3649 1979 ut
3699 1924 3746 1979 si

2170 2039 2330 2094 quem
2375 2024 2552 2078 adhuc
2602 2022 2787 2079 inolita
2842 2019 3240 2076 monasterialis
3287 2019 3493 2096 ordinis
3522 2030 3748 2072 consuc-

2171 2115 2298 2170 tudo
2326 2114 2580 2180 delectat,
2611 2113 2808 2168 habeat
2835 2112 2927 2168 ubi
2956 2113 3011 2167 in
3048 2104 3337 2181 praecipuis
3366 2106 3745 2164 festivitatibus

2167 2204 2483 2261 aolcmniter
2525 2217 2591 2258 ex
2640 2217 2792 2258 more
2843 2203 3143 2272 procedat:
3190 2200 3279 2255 cui
3314 2207 3369 2255 et
3414 2195 3747 2268 processioni

2169 2307 2387 2349 crucem
2443 2300 2754 2365 argenteam
2800 2292 2931 2347 satis
2981 2291 3227 2345 idoneam
3258 2287 3682 2359 procuravimus.
3722 2303 3743 2336 ι

2170 2384 2246 2438 De
2267 2384 2465 2455 quibus
2491 2383 2773 2439 monachis
2818 2395 2984 2452 prope
3010 2380 3294 2437 ecclesiam
3322 2376 3644 2433 emnobitice
3666 2374 3751 2429 vi.-

2167 2475 2421 2530 ventibus
2447 2474 2694 2529 meminit
2735 2474 2915 2536 etiam
2930 2487 3116 2541 opusc.
3151 2486 3245 2535 xv,
3294 2474 3413 2539 cap.
3464 2468 3527 2533 7,‘
3562 2465 3652 2521 ubi
3683 2465 3761 2520 de

2171 2565 2354 2621 Servis
2386 2566 2498 2619 ait:
2540 2585 2558 2616 ί
2586 2564 2835 2619 Nonnulli
2886 2576 3100 2633 quoque
3154 2558 3221 2615 ad
3279 2558 3578 2614 audiendas
3606 2554 3751 2626 psal-

2170 2657 2292 2712 terii
2324 2655 2535 2728 vigilias
2595 2654 2860 2710 maturius
2888 2661 3134 2724 surgunt,
3194 2666 3317 2708 cum
3373 2650 3460 2705 his
3496 2647 3754 2704 videlicet

2170 2748 2454 2815 fratribus,
2478 2747 2570 2819 qui
2602 2747 2742 2817 apud
2770 2746 3054 2802 ecclesiam
3086 2750 3514 2801 commorantur.
3546 2761 3566 2794 ι

2239 2862 2324 2917 lll.
2355 2860 2421 2915 Et
2454 2877 2574 2917 cum
2610 2870 2719 2915 tres
2762 2859 2925 2915 veluti
2964 2859 3336 2929 religiosorum
3387 2855 3596 2926 species
3639 2853 3744 2909 Ca-

2172 2952 2509 3009 maldulense
2537 2952 2867 3012 institutum.
2899 2949 3181 3004 Romualdi
3230 2956 3385 3010 nutu,
3424 2946 3758 3014 complecta-

2174 3053 2280 3109 tur,
2304 3057 2501 3111 nempe
2535 3041 2861 3107 coenobitas,
2903 3049 2959 3095 et
3003 3039 3259 3094 eremitas
3305 3045 3545 3105 apertos,
3589 3047 3754 3104 atque

2173 3136 2413 3193 reclusos
2443 3136 2816 3198 anachoretas,
2864 3141 2926 3187 ut
2963 3132 3074 3202 jam
3112 3131 3232 3186 loco
3261 3129 3428 3184 citato
3457 3125 3755 3182 declaravi-

2094 3216 2141 3281 C
2173 3240 2311 3286 mus.
2342 3235 2489 3296 patet
2526 3224 2787 3296 profecto,
2820 3224 2921 3278 bos
2962 3223 3104 3292 ipsos
3135 3220 3276 3291 apud
3313 3218 3586 3274 Avellame
3610 3218 3752 3274 Fon-

2172 3330 2280 3376 tem
2297 3318 2446 3375 Petri
2469 3316 2717 3373 Damiani
2748 3326 2989 3386 tempore
3012 3313 3251 3378 vixisse;
3284 3311 3424 3366 unde
3446 3324 3632 3380 opusc.
3660 3324 3751 3372 xv,

2168 3418 2290 3483 'cap.
2333 3411 2398 3467 18
2428 3398 2526 3466 hos
2570 3419 2680 3465 tres
2724 3405 2923 3479 gradus
2963 3412 3265 3467 enumerat,
3297 3401 3421 3456 dum
3466 3401 3582 3455 ait:
3639 3416 3659 3452 ‹
3690 3399 3752 3453 lu

2168 3498 2304 3576 ipsis
2332 3512 2510 3559 autem
2540 3500 2748 3556 cellulis
2790 3510 3062 3566 nunquam
3103 3494 3391 3564 loquantur
3415 3491 3574 3547 alicui
3599 3532 3615 3555 ,
3648 3491 3753 3545 nisi

2174 3592 2316 3649 forte
2347 3601 2440 3646 aut
2483 3590 2705 3645 omnino
2757 3591 3038 3641 morentur
3076 3583 3289 3648 inclusi,
3320 3589 3413 3636 aut
3440 3581 3604 3635 etiam
3645 3579 3757 3634 sint

2168 3682 2324 3755 juxta
2354 3680 2745 3737 monasterium
2772 3675 3070 3732 constituti.
3117 3693 3135 3726 ι
3176 3673 3377 3742 Nempe
3416 3672 3481 3725 ab
3510 3670 3756 3726 eremitis

2175 3777 2381 3851 apertis
2407 3774 2682 3830 silentium
2716 3770 2770 3825 in
2806 3769 2943 3825 cella
2968 3764 3177 3823 servari
3227 3763 3565 3835 praecipiens,
3595 3776 3756 3816 secus

2174 3883 2336 3939 quam
2384 3881 2509 3922 cum
2549 3862 2767 3934 penitus
2815 3859 3012 3916 reclusi
3044 3858 3253 3922 vivunt,
3304 3853 3396 3925 qui
3436 3868 3493 3908 se
3522 3852 3758 3905 invisen-

2177 3958 2324 4013 tibus
2346 3954 2582 4025 colloqui
2614 3954 2666 4008 in
2692 3953 2809 4023 ipsa
2835 3949 2970 4006 cella
2991 3964 3099 4004 non
3124 3945 3498 4020 prohibentur,
3514 3942 3615 3995 'aut
3631 3956 3761 3996 cum

2175 4048 2319 4103 inter
2365 4043 2668 4102 coenobitas
2713 4043 2933 4114 degunt,
2990 4053 3126 4109 quos
3169 4045 3276 4092 tam
3323 4033 3482 4105 rigidi
3527 4048 3755 4088 censura

2170 4132 2382 4197 silentii
2433 4154 2543 4195 non
2596 4136 2865 4208 astringit.
2916 4133 2984 4189 Et
3025 4147 3158 4187 sane
3201 4128 3497 4185 monachos
3540 4124 3763 4179 instruit

2168 4224 2368 4286 'Petrus
2388 4228 2631 4284 Damiani
2655 4225 2912 4296 opusculo
2934 4238 3055 4288 xm,
3078 4221 3221 4291 quod
3242 4227 3325 4273 est
3344 4217 3420 4270 De
3440 4215 3756 4287 perfectione

2170 4316 2574 4384 monachorum,
2612 4317 2705 4372 ubi
2747 4323 2802 4371 et
2852 4314 2920 4369 de
2969 4311 3200 4367 diversis
3229 4304 3541 4364 monasterii
3571 4305 3759 4362 ciliciis

2178 4386 2421 4480 disputat
2461 4426 2475 4462 :
2522 4407 2781 4463 eremitas
2832 4403 3069 4460 instituit
3119 4398 3390 4471 opusculis
3439 4413 3531 4452 xtv
3571 4407 3626 4452 et
3668 4412 3761 4463 xv,

2181 4515 2371 4556 omnes
2388 4499 2737 4571 jejuniorum,
2764 4496 3097 4563 aliarumque
3128 4489 3522 4548 dislrictionum
3546 4486 3760 4557 regulas

2184 4601 2368 4663 aperte
2422 4589 2714 4659 disponens
2764 4605 2777 4640 ε
2821 4574 3081 4642 Reclusos
3139 4583 3340 4653 dirigit,
3389 4589 3502 4634 tum
3542 4579 3638 4632 lib.
3682 4593 3754 4640 vt,

2182 4684 2341 4754 epist.
2395 4679 2486 4749 '50,
2538 4695 2657 4750 qum
2705 4685 2787 4732 cst
2834 4677 2899 4731 ad
2947 4675 3319 4739 Theuzonem,
3365 4670 3531 4725 variis
3570 4682 3763 4723 eorum

2182 4771 2442 4843 exemplis
2493 4768 2761 4832 adductis,
2813 4774 2874 4821 ut
2923 4765 3138 4819 Martini
3187 4760 3495 4825 Storacis,r
3527 4757 3621 4827 qui
3647 4756 3763 4827 jam

2184 4881 2281 4937 per
2326 4856 2430 4919 tria
2480 4862 2653 4917 lustra
2700 4875 2809 4914 non
2858 4858 3126 4929 prodiit,»
3172 4853 3331 4923 Lupi,
3363 4870 3382 4904 ι
3416 4851 3509 4920 qui
3559 4862 3617 4903 se
3662 4860 3763 4918 pro

2185 4966 2388 5012 aeterna
2411 4953 2663 5009 libertate
2691 4971 2710 5004 ι
2743 4949 2975 5021 propriae
3007 4947 3153 5002 cellae
3186 4964 3203 4997 ι
3233 4943 3440 5000 carceri
3470 4938 3706 5004 inclusit,
3738 4956 3758 4991 ι

2183 5048 2401 5113 Leonis,
2437 5055 2496 5100 et
2540 5045 2811 5109 aliorum;
2851 5050 2962 5096 tum
2989 5038 3247 5111 opusculo
3289 5037 3322 5091 9
3357 5035 3577 5097 docens,
3637 5030 3767 5086 soli-

2187 5140 2351 5194 tarios
2401 5137 2453 5191 in
2487 5134 2683 5191 divinis
2726 5130 2935 5196 ciliciis,
2992 5139 3047 5186 et
3090 5129 3261 5184 sacris
3308 5122 3580 5194 mysteriis
3623 5121 3766 5176 celeo
