3982 5350
255 247 334 302 29

1121 241 1650 298 ruomconesa.
1687 272 1760 282 -
1797 241 1885 295 DE
1921 241 2292 298 INSTITUTO
2331 195 2728 301 eandenm:
3439 233 3510 302 se

269 362 615 418 latitudinem
649 359 876 432 fugiens,
903 375 1022 414 mox
1055 357 1262 414 fervido
1301 357 1512 428 Spiritu,
1545 355 1748 410 cellula:
1773 369 1830 408 se
1861 359 1909 416 Α
1935 356 2047 412 Ιιειιε
2073 358 2214 410 aliud
2255 359 2380 426 quid
2421 359 2654 424 additur,
2702 359 3000 428 perlectum
3045 357 3320 430 jejunium.
3359 363 3504 432 (sive,

265 452 634 510 carceralibus
659 449 922 519 angustiis
947 449 1272 504 iuclusisset.
1297 467 1314 500 ι

327 543 412 598 IV.
453 543 670 596 Rursus
692 541 1142 610 quemadmodum
1173 538 1470 610 praecipuas
1507 554 1616 592 sum
1641 537 1838 592 sollici-

257 636 460 692 tudinis
497 645 684 706 partes
707 648 770 686 eo
819 631 1394 695 direxitllomualdus,
1449 639 1508 684 ut
1558 630 1834 694 eremitas,

252 729 380 784 olim
413 744 510 782 suo
536 729 775 796 ipsorum
803 725 1030 780 arbitrio
1055 725 1296 778 viventes
1331 723 1398 776 ad
1429 721 1682 776 salutaris
1711 721 1836 776 obe-

253 820 476 874 dientize
501 816 696 886 jugum
729 825 1025 880 revocaret,
1059 830 1158 868 nec
1184 815 1298 868 sine
1323 813 1532 883 praelati
1569 812 1834 882 jussione,

247 919 350 964 aut
375 924 669 972 consensu,
701 922 890 976 magna
923 905 1269 976 quantumvis
1297 919 1462 973 opera
1489 902 1592 956 sibi
1623 902 1690 956 ad
1719 917 1833 956 me—

247 1000 422 1054 ritum
471 997 756 1068 profutura
811 1006 1116 1068 sperarent,
1171 1006 1230 1052 ut
1271 997 1464 1050 disser.
1515 1012 1566 1062 l,
1596 1011 1716 1066 cap.
1767 995 1834 1062 5,

245 1106 406 1144 num.
439 1091 471 1144 6
499 1098 550 1144 et
575 1103 733 1158 seqq.
762 1089 1120 1160 explicuimus
1144 1108 1156 1142 :
1187 1089 1259 1143 ita
1283 1089 1414 1142 nihil
1443 1089 1636 1159 magis,
1672 1105 1834 1158 quam

247 1179 400 1234 hanc
437 1180 608 1248 ipsam
639 1178 959 1234 obedientize
1017 1179 1266 1232 virtutem
1318 1179 1559 1234 eremitis
1603 1179 1835 1234 inculcat

243 1271 448 1326 Petrus
479 1271 752 1338 Damiani,
781 1271 848 1326 de
871 1287 974 1340 qua
1005 1287 1194 1342 opusc.
1219 1288 1310 1334 xv,
1343 1287 1462 1340 cap.
1498 1271 1562 1328 I8
1587 1271 1704 1326 hmo
1731 1271 1831 1326 ha-

242 1361 340 1416 bet
367 1381 380 1414 :
416 1379 434 1412 ι
471 1361 604 1416 Illud
629 1361 790 1432 plane
818 1377 1162 1428 sununOpere
1187 1371 1266 1416 est
1295 1362 1612 1428 cavendum,
1636 1378 1704 1416 ne
1732 1363 1832 1418 sub

241 1455 430 1510 colore
461 1455 582 1524 quis
633 1455 924 1510 eremiticze
967 1456 1109 1518 vitae,
1156 1455 1344 1528 jugum
1383 1455 1652 1510 detrectet
1703 1455 1830 1510 obe-

161 1555 176 1568 ’
241 1548 505 1613 dientiae;
570 1549 680 1602 imo
737 1557 886 1603 tanto
939 1564 998 1604 se
1067 1547 1290 1602 arctiori
1341 1548 1664 1602 obedientiae
1715 1547 1830 1618 lege

237 1639 602 1708 constringat,
653 1649 860 1708 quanto
893 1639 1032 1692 hanc
1082 1637 1474 1692 institutionem
1507 1653 1829 1706 superexce-

1943 461 1998 504 ut
2025 451 2172 504 habet
2202 467 2380 520 apusc.
2413 468 2498 516 xv,
2538 469 2652 520 cap.
2689 451 2743 518 6,
2781 453 2832 506 in
2859 453 3053 506 Eremo
3082 453 3373 526 Jejunium)
3403 471 3508 510 non

1939 553 2179 596 vocatur.
2215 563 2232 594 ι
2271 543 2454 613 Itaque
2485 544 2624 598 idem
2659 553 2815 600 sonat
2853 547 2990 616 apud
3023 546 3364 616 Rodulphum
3393 549 3512 602 abs-

1939 632 2170 686 tinentia:
2201 647 2423 696 nomen,
2465 635 2608 702 quod
2641 635 2780 704 apud
2817 635 3132 690 Damianum
3169 637 3365 706 jejunii
3393 653 3514 707 per-

1937 723 2088 790 fecti,
2121 725 2234 778 sive
2284 725 2549 780 eremitici
2583 726 2903 782 vocabulum
2939 747 2952 781 :
2988 727 3076 782 ubi
3105 745 3230 782 vero
3257 730 3508 799 pulmen—

1937 820 2048 868 tum
2093 815 2341 884 quodvis,
2383 818 2540 871 uuica
2575 818 2870 874 refectione
2899 831 3132 880 servata.
3163 819 3452 883 amittitur,
3477 835 3510 874 a

1939 905 2221 976 Rodulpho
2249 907 2470 976 simplex
2515 907 2802 977 jejunium,
2839 925 2869 962 a
2893 908 3056 964 Petro
3083 909 3326 964 Damiani
3355 909 3508 962 unica

1937 996 2151 1064 refectio
2186 1006 2551 1066 nuncupatur.
2606 997 2814 1054 Rursus
2857 1001 3082 1069 quinque
3140 999 3342 1052 dierum
3417 1013 3511 1068 per

1934 1087 2310 1142 hebdomadam
2337 1089 2602 1158 jejunium
2656 1091 2796 1160 apud
2825 1090 3044 1144 Petrum
3089 1089 3332 1144 Damiani
3364 1089 3504 1142 idem

1933 1186 2112 1242 sonat,
2142 1179 2284 1248 quod
2327 1180 2600 1244 triduana,
2653 1188 2706 1234 et
2735 1180 2966 1234 biduana
2999 1179 3308 1234 abstinentia
3343 1192 3508 1248 penes

1931 1269 2314 1340 Rodulphum;
2357 1287 2500 1334 nam,
2539 1279 2598 1324 ut
2644 1271 2814 1341 inquit
2861 1271 3057 1326 Paulus
3085 1269 3422 1324 Justinianus
3453 1269 3508 1322 in

1932 1359 2134 1430 Regula
2165 1361 2288 1416 vita:
2337 1363 2628 1417 eremitica:
2679 1378 2798 1432 cap.
2827 1364 2896 1417 27
2928 1382 2940 1418 :
2975 1381 2994 1414 ι
3027 1363 3285 1426 Biduaua,
3333 1371 3388 1416 et
3413 1361 3508 1414 tri-

1931 1451 2106 1504 duana
2142 1459 2266 1506 tunc
2295 1453 2634 1508 vocabantur
2674 1452 2901 1522 jejunia,
2931 1469 3052 1508 cum
3085 1452 3216 1506 feria
3245 1451 3504 1516 secunda,

1932 1541 2114 1608 tertia,
2147 1551 2202 1596 et
2239 1551 2456 1611 quarta,
2503 1552 2557 1598 et
2598 1553 2781 1612 postea
2813 1554 2960 1600 sexta
2991 1545 3152 1610 feria,
3181 1554 3235 1599 et
3266 1543 3504 1600 Sabbato

1931 1633 1982 1688 in
2013 1650 2173 1704 pauc,
2229 1645 2284 1690 et
2336 1651 2474 1706 aqua
2516 1635 2836 1704 jejunabant
2869 1655 2880 1690 :
2909 1646 2964 1690 ut
3011 1637 3270 1706 priorum
3299 1635 3506 1690 scilicet.

239 1728 370 1784 dere
399 1729 802 1784 cumobitarum
829 1729 1068 1795 regulam
1105 1743 1210 1784 non
1243 1729 1471 1798 ignorat.
1505 1727 1824 1782 Obedieutia
1856 1711 1900 1770 Β
1932 1726 2092 1780 trium
2140 1727 2349 1782 dierum
2401 1729 2668 1798 triduana,
2712 1730 3048 1798 sequentium
3105 1745 3234 1784 vero
3275 1727 3506 1784 duorum

237 1821 464 1890 quippe,
497 1829 552 1876 et
603 1820 746 1874 bona
797 1829 980 1874 nostra
1008 1821 1364 1884 commendat,
1393 1827 1447 1872 et
1489 1819 1826 1888 negligentia:
1859 1839 1862 1842 ν

236 1909 473 1966 oﬂ‘ensas
511 1919 758 1966 excusat.
791 1909 858 1966 Ut
885 1925 1012 1979 ergo
1059 1921 1242 1964 nostra
1271 1911 1340 1964 sit
1363 1909 1612 1972 remotio,
1637 1908 1720 1962 vel
1744 1907 1823 1961 af-

233 1999 400 2056 lIiCtio
431 2000 732 2064 fructuosa,
787 2001 1074 2056 salutifera:
1123 2001 1194 2056 sit
1237 2015 1452 2070 semper
1497 1999 1822 2054 obedientia:

233 2091 346 2146 sale
375 2092 600 2146 condita
631 2109 642 2144 :
687 2101 740 2146 et
770 2107 1116 2161 quoscunque
1138 2091 1264 2146 boui
1287 2091 1466 2160 operis
1497 2091 1605 2144 vita
1637 2099 1818 2144 nostra

235 2199 414 2238 minos
439 2185 738 2252 expandat,
805 2186 856 2238 in
912 2185 1092 2240 radice
1131 2198 1347 2254 semper
1375 2183 1692 2238 obcdieutim
1723 2199 1818 2238 ue-

233 2289 382 2332 cesso
420 2284 508 2330 est
557 2275 850 2330 coalescat.
891 2295 908 2326 ι
942 2277 1068 2342 Qum
1118 2276 1274 2345 plane
1313 2291 1550 2330 consona
1581 2283 1704 2328 sunt
1753 2273 1816 2328 B.

231 2363 501 2436 Rodulphi
527 2367 729 2435 prioris
751 2366 1174 2422 Camaldnlensis
1199 2368 1438 2432 monitis,
1457 2367 1508 2420 in
1535 2367 1813 2422 constitut.

231 2456 356 2508 anui
391 2456 552 2520 1080,
581 2471 704 2524 cap.
747 2457 836 2520 40,
867 2458 944 2511 sic
975 2457 1242 2526 loquentis
1283 2474 1298 2511 :
1337 2479 1353 2509 ι
1391 2458 1514 2513 l-Itec
1531 2461 1703 2514 virtus
1731 2475 1816 2516 so-

233 2547 426 2602 litariis
456 2549 615 2622 valde
661 2551 966 2604 necessaria
1026 2561 1127 2615 est,
1174 2561 1362 2621 utquo
1398 2553 1670 2608 duriorem
1719 2554 1818 2608 du-

231 2651 358 2692 cunt
390 2642 582 2709 vitam,
615 2657 680 2696 eo
733 2641 1028 2712 pleniorem
1089 2645 1382 2699 observent
1427 2645 1810 2702 obedientiam.

232 2731 458 2798 Quidam
489 2748 748 2802 namque,
778 2735 876 2788 sub
906 2734 1125 2789 obtentu
1151 2737 1438 2792 sanctioris
1457 2737 1602 2802 vitae,
1625 2739 1811 2808 jugum

229 2832 492 2876 recusant
521 2823 846 2878 obcdientiae
879 2843 892 2877 :
919 2834 1110 2894 putant
1137 2827 1282 2880 enim
1307 2843 1364 2881 se
1407 2827 1522 2898 lege
1560 2827 1811 2882 obedien-

231 2914 280 2966 di
313 2915 541 2976 solutos.
589 2929 654 2968 eo
683 2917 824 2984 quod
876 2919 1094 2972 arctiori
1151 2920 1445 2974 eremiticae
1480 2921 1600 2976 vitae
1630 2921 1811 2976 studio

231 3021 286 3060 se
311 3016 510 3060 norunt
544 3010 816 3064 astrictos.
844 3010 947 3064 Sed
1006 3012 1078 3065 ibi
1110 3021 1257 3066 certe
1285 3013 1459 3082 major
1503 3013 1661 3068 debet
1690 3029 1810 3069 esse

233 3097 514 3152 obediendi
547 3099 896 3154 observantia
952 3100 1042 3154 ubi
1089 3100 1428 3168 fervientior,
1459 3111 1513 3158 et
1542 3104 1809 3158 austerior

233 3197 306 3242 est
328 3190 543 3242 vivendi
577 3190 812 3242 cultura.
855 3209 872 3241 ι

299 3275 358 3332 ν.
395 3277 521 3338 Sed.
554 3288 610 3334 ut
633 3278 698 3334 ad
749 3279 1002 3350 specialia
1037 3281 1446 3350 descendamus,
1471 3283 1806 3352 conferatur,

231 3372 472 3430 obsecro,
507 3369 820 3436 Romualdi,
875 3374 1284 3444 priscormuque
1319 3375 1810 3450 Catualdulensium

231 3463 542 3532 disciplina,
569 3481 691 3518 cum
733 3464 882 3518 Petri
925 3467 1193 3530 Damiani,
1221 3477 1572 3538 veterumque
1599 3470 1810 3526 Avella-

229 3555 460 3608 nitarum
495 3554 708 3608 vivendi
747 3554 950 3622 forma;
1001 3573 1064 3612 ac
1094 3557 1577 3625 deprehendemus,
1609 3559 1682 3614 ita
1734 3561 1809 3614 al-

229 3645 320 3698 teri
349 3645 569 3713 penitus
595 3647 906 3712 couvenire,
936 3655 994 3701 ut
1017 3663 1152 3716 pene
1178 3649 1365 3718 eodem
1405 3650 1634 3718 calamo,
1662 3665 1808 3708 certe

227 3734 410 3788 eodem
453 3736 670 3804 spiritu,
727 3737 926 3792 dictata
975 3731 1206 3812 utraque
1237 3739 1479 3794 videatur
1509 3759 1520 3794 :
1552 3751 1605 3796 et
1631 3743 1675 3796 si
1699 3759 1806 3814 qua

225 3825 792 3892 iutersitdill‘ercntia,
823 3828 966 3884 illam
1021 3831 1156 3886 adeo
1207 3841 1591 3904 tenuemlesse,
1617 3842 1675 3888 ut
1719 3836 1807 3890 vix

227 3914 361 3969 inter
391 3917 637 3985 ejusdem
667 3918 953 3976 individute
979 3921 1412 3992 congregationis
1439 3923 1649 3978 diversa
1691 3939 1807 3979 mo-

225 4007 462 4060 nasteria
499 4007 676 4062 levius
708 4009 1000 4065 discrimen
1053 4013 1230 4066 notari
1260 4020 1440 4080 queat,
1489 4027 1592 4067 nec
1637 4013 1807 4083 major

223 4110 316 4164 pro
353 4097 676 4154 diversitate
702 4099 962 4166 locorum,
995 4103 1163 4172 possit
1186 4103 1464 4158 observari
1501 4106 1801 4160 consensio.

225 4186 462 4258 Longum
487 4199 630 4243 esset
675 4187 882 4260 singula
911 4194 1162 4268 prosequi
1195 4210 1207 4246 :
1241 4209 1339 4248 nos
1365 4209 1575 4249 summa
1622 4211 1804 4249 rerum

224 4280 396 4346 capita
423 4293 834 4348 percurremus,
868 4295 987 4349 quae
1023 4297 1144 4336 cum
1195 4283 1420 4338 totidem
1455 4299 1591 4354 pene
1621 4285 1802 4340 verbis

1926 1814 2158 1870 biduana
2207 1817 2480 1872 diceretur
2523 1820 2872 1874 abstinentia.
2913 1839 2928 1870 ι
2963 1820 3092 1884 Quae
3141 1819 3358 1888 quidem
3391 1834 3506 1874 m0-

1925 1908 2109 1962 nuisse
2135 1909 2396 1978 oportuit,
2449 1925 2516 1964 ne
2557 1925 2622 1964 ex
2676 1909 2992 1964 diversitate
3031 1909 3146 1962 soni
3189 1907 3504 1972 verborum,

1924 2014 2178 2054 sensuum
2205 2001 2528 2070 quandoque
2559 2001 2788 2055 varietas
2812 2009 3150 2070 argueretur.

1997 2091 2103 2148 νη.
2159 2091 2311 2146 Nunc
2343 2109 2448 2162 quo
2495 2093 2618 2146 anni
2655 2101 2892 2164 tempore
2935 2093 3047 2148 haec
3102 2092 3286 2152 tridui,
3319 2091 3500 2146 bidui-

1921 2201 2045 2254 que,
2081 2201 2172 2240 seu
2197 2185 2436 2255 quinque
2464 2185 2964 2256 perbebdomadam
2989 2184 3500 2250 dierm‘nabstiuen-
3557 2257 3562 2260 _

1923 2279 1994 2332 tia
2024 2279 2110 2346 (ex
2140 2278 2297 2332 dictis
2341 2279 2558 2332 dissert.
2591 2293 2630 2342 ι,
2661 2293 2780 2348 cap.
2823 2277 2876 2342 5,
2906 2293 3054 2332 ιιιιιιι.
3088 2276 3141 2339 5,
3173 2275 3242 2329 ab
3277 2276 3504 2344 ipsumet

1919 2367 2218 2422 Romualdo
2244 2367 2458 2423 cunctis
2489 2367 2780 2422 eremiticae
2823 2382 2934 2420 suae
2989 2365 3288 2435 disciplinae
3325 2371 3501 2419 secta-

1919 2460 2124 2528 toribus
2153 2460 2395 2530 praefixa)
2427 2461 2567 2530 apud
2599 2459 2928 2514 Avellanitas
2963 2459 3257 2522 obtineret,
3305 2473 3372 2510 ex
3401 2456 3499 2510 Pe-

1919 2551 1984 2604 tri
2025 2551 2268 2605 Damiani
2298 2566 2481 2621 upusc.
2543 2567 2630 2604 xw
2682 2559 2736 2604 et
2765 2566 2852 2616 xv,
2908 2567 3024 2619 cap.
3074 2551 3128 2614 6,
3180 2551 3496 2604 discamus:

1921 2660 1938 2692 ι
1966 2641 2045 2695 Ab
2077 2641 2275 2705 Idibus,
2325 2643 2523 2711 inquit,
2577 2642 2941 2712 Septembris,
2969 2657 3138 2712 usque
3181 2642 3245 2694 ad
3298 2643 3502 2693 Resur-

1915 2731 2212 2786 rcctionem
2270 2733 2627 2799 Dominicam,
2677 2734 2916 2802 quinque
2961 2749 3055 2802 her
3103 2732 3492 2786 hebdomadam

1916 2821 2107 2876 diebus
2157 2830 2369 2876 tenetur
2433 2822 2521 2878 hic
2575 2837 2639 2876 ex
2697 2839 2845 2877 more
2874 2821 3157 2893 jejunium.
3193 2841 3210 2872 ι
3248 2821 3493 2887 Quandiu

1913 2929 2042 2969 vero
2093 2915 2148 2968 id
2197 2915 2553 2969 observarent
2597 2914 3056 2978 Cantaldulenses,
3107 2913 3264 2967 docet
3289 2911 3348 2964 Β.
3389 2911 3496 2966 Ro—

1914 3007 2144 3075 dulphus
2183 3010 2331 3078 prior
2379 3010 2431 3063 in
2465 3010 2745 3064 constitut.
2791 3010 2908 3072 cit.,
2937 3025 3055 3080 cap.
3104 3009 3190 3072 ll,
3242 3007 3328 3060 ubi
3369 3007 3444 3060 ait
3479 3023 3490 3058 :

1921 3117 1939 3149 ι
1983 3101 2022 3152 Α
2055 3101 2320 3170 principio
2355 3100 2574 3169 majoris
2613 3101 3069 3170 Quadragesimze,
3105 3114 3275 3170 usque
3309 3099 3358 3152 iu
3388 3099 3492 3152 Pa-

1912 3191 2148 3245 schalem
2181 3183 2724 3262 solemnitatem,iper
2752 3191 2988 3262 singulas
3011 3191 3374 3244 hebdomadas
3401 3189 3494 3242 tri-

1911 3280 2109 3346 duana,
2136 3291 2189 3336 et
2217 3281 2450 3337 biduana
2481 3284 2532 3336 in
2568 3284 2668 3338 hac
2701 3299 2884 3338 eremo
2922 3283 3126 3337 servari
3158 3281 3293 3335 solet
3326 3281 3491 3334 absti-

1911 3372 2117 3426 nentia.
2157 3391 2174 3422 ι
2207 3371 2306 3438 Qui
2338 3381 2390 3426 et
2425 3389 2546 3442 cap.
2578 3373 2642 3428 Μ
2687 3373 2868 3428 subdit
2898 3391 2910 3424 :
2935 3391 2952 3422 ‹
2985 3370 3030 3425 Α
3058 3371 3396 3426 solemnitate
3425 3369 3484 3422 Β.

1911 3461 2151 3526 Martini,
2183 3478 2354 3531 usque
2402 3463 2467 3516 ad
2519 3461 2863 3516 Nativitatem
2905 3461 3221 3524 Salvatoris,
3256 3459 3489 3529 quadra—

1909 3553 2184 3621 gesimalis
2211 3553 2271 3607 lit
2299 3554 2668 3618 observantia,
2707 3554 2847 3607 sicut
2876 3554 2926 3605 in
2957 3550 3146 3619 majori
3172 3550 3484 3618 Quadrage-

1910 3646 2046 3701 sima
2077 3647 2353 3715 praemissa
2407 3654 2508 3700 est.
2543 3665 2560 3696 ›
2593 3645 2658 3698 Ει
2727 3646 2778 3698 in
2829 3644 3316 3699 Constitutionibus
3361 3641 3486 3694 anni

1909 3736 2084 3790 1085:
2126 3756 2144 3786 ‹
2197 3735 2254 3788 In
2303 3736 2406 3798 his,
2463 3735 2656 3802 inquit,
2705 3735 2977 3803 praedictis
3027 3729 3486 3800 Quadragcsimis,

1907 3831 2144 3901 quinque
2177 3830 2291 3884 dies
2325 3831 2376 3882 iu
2401 3844 2554 3898 pane,
2584 3836 2637 3882 et
2661 3843 2820 3896 aqua,
2850 3835 2902 3882 et
2941 3827 3072 3889 sale,
3103 3841 3220 3880 mos
3248 3835 3329 3878 est
3347 3821 3486 3893 jeju-

1909 3935 2057 3974 nare.
2093 3938 2109 3970 ι
2143 3919 2329 3989 Itaque
2361 3919 2581 3987 propius
2607 3919 2794 3982 etiam,
2824 3933 2986 3988 quam
3026 3915 3484 3980 Camalduleuses,

1905 4011 2236 4066 accedebant
2268 4009 2586 4064 Avellanitae
2612 4010 2666 4064 in
2727 4010 2828 4064 hoc
2873 4009 3150 4080 proposito
3174 4007 3241 4062 ad
3275 4007 3338 4060 D.
3375 4005 3484 4060 Ro-

1903 4100 2101 4154 mualdi
2135 4100 2464 4166 institutum,
2489 4101 2614 4175 duro
2640 4101 2936 4169 perfectum
2965 4099 3304 4154 eremiticum
3347 4095 3487 4165 jeju-

1903 4191 2050 4244 nium
2074 4206 2102 4244 a
2129 4189 2186 4244 S.
2218 4189 2374 4244 Patre
2406 4192 2492 4260 (ex
2529 4190 2642 4258 ejus
2667 4190 2786 4246 Vita
2817 4191 2994 4262 cap.9)
3024 4191 3076 4245 in
3105 4191 3342 4260 quinque
3391 4187 3486 4242 he-

1901 4279 2182 4334 bdomadae
2208 4281 2322 4336 dies
2343 4296 2439 4352 per
2461 4281 3086 4336 triduauasetbiduanas
3113 4281 3482 4360 distributum,

225 4365 448 4422 invicem
477 4368 578 4422 sibi
637 4371 965 4446 respondere
1010 4375 1330 4438 constiterit,
1393 4375 1538 4438 haud
1594 4376 1796 4431 dillicili
1829 4401 1878 4459 D
1905 4373 2096 4425 nedum
2129 4372 2182 4424 iu
2234 4381 2464 4442 utraque
2503 4371 2925 4443 Quadragesima
2961 4373 3042 4442 (ut
3071 4370 3261 4440 nostri)
3292 4369 3482 4423 obser-

225 4457 435 4524 negotio
459 4457 524 4512 de
557 4459 776 4512 czeteris
807 4458 975 4514 lector
1013 4461 1284 4530 conjiciet,
1309 4479 1428 4534 quae
1453 4464 1646 4520 saltem
1679 4481 1802 4522 sen-

227 4560 282 4598 su
306 4548 670 4614 conveniunt;
701 4559 758 4602 et
780 4551 994 4618 quidem
1013 4553 1080 4608 ab
1106 4555 1468 4620 abstinentiae,
1497 4571 1590 4610 seu
1609 4553 1800 4624 jejunii

227 4633 520 4706 disciplina,
551 4654 674 4706 quae
697 4640 838 4694 inter
867 4627 1172 4699 eremiticas
1200 4647 1616 4702 consuetudines
1663 4637 1800 4717 pne;

227 4727 372 4796 cipua
392 4740 496 4796 est,
529 4731 746 4785 initium
779 4732 1067 4802 ducemus;
1108 4737 1202 4792 sed
1239 4739 1413 4808 primo
1444 4741 1795 4796 terminorum

227 4819 562 4874 deﬁnitiones
598 4822 853 4892 utrinque
895 4825 1086 4882 allatas
1111 4828 1412 4896 audiamus,
1449 4839 1560 4886 tum
1585 4832 1796 4902 reliqua

227 4921 284 4962 ex
311 4911 500 4966 ordine
523 4927 936 4980 prosequemur.
1215 4963 1218 4967 .

288 4998 370 5054 Vl.
402 5001 497 5055 Ait
542 5017 676 5072 ergo
723 5001 784 5054 Β.
835 5002 1146 5076 Rodulphus
1167 5020 1392 5080 quartus
1420 5009 1798 5066 Camalduleu-

225 5089 348 5144 sium
377 5094 530 5162 prior
577 5093 632 5146 in
683 5095 1156 5156 constitutionibus
1184 5104 1308 5156 anni
1349 5103 1502 5170 l080,
1527 5118 1646 5171 cap.
1681 5103 1738 5155 Il
1780 5120 1792 5154 :

229 5181 616 5238 «Abstinentia
667 5183 722 5237 in
781 5184 884 5240 hoc
933 5187 1047 5246 loco
1077 5202 1204 5246 tunc
1251 5195 1466 5264 dicitur,
1509 5208 1634 5248 cum
1665 5191 1796 5245 nihil

221 5281 407 5337 prmter
441 5289 666 5342 panem,
695 5281 748 5327 et
795 5290 984 5343 aquam
1037 5291 1132 5336 aut
1184 5283 1251 5350 (si
1286 5287 1369 5339 cui
1418 5283 1619 5350 placet)
1671 5281 1797 5335 salis

1908 4463 2125 4524 vabant,
2157 4462 2250 4516 sed
2303 4461 2534 4532 amplius
2587 4478 2683 4532 per
2707 4463 2840 4517 duos
2872 4478 3084 4518 menses
3130 4469 3256 4515 ante
3285 4459 3483 4514 festum

1910 4552 1967 4608 S.
1993 4552 2227 4615 Martini,
2260 4561 2314 4608 et
2343 4553 2597 4624 deinceps
2618 4552 2686 4606 ab
2715 4537 2902 4607 octava
2930 4552 3241 4606 Nativitatis
3267 4547 3486 4604 Domini

1908 4643 2092 4712 (quam
2125 4643 2343 4712 quidem
2374 4662 2404 4696 ιι
2429 4643 2637 4712 jejunio
2664 4655 2969 4715 exemptam
2994 4645 3234 4708 voluere,
3262 4649 3320 4696 ut
3345 4641 3481 4696 infra

1903 4735 2129 4807 patebit)
2161 4735 2227 4789 ad
2257 4736 2470 4790 initiqu
2521 4735 2741 4804 majoris
2769 4736 3228 4805 Quadragesimae,
3278 4731 3484 4786 scilicet

1904 4827 2127 4884 omnino
2153 4829 2216 4880 ab
2263 4828 2448 4882 Idibus
2491 4827 2810 4898 Septembris
2836 4845 2995 4900 usque
3040 4828 3107 4880 ad
3136 4825 3344 4879 Pascha
3377 4823 3482 4877 Do-

1904 4919 2054 4982 mini,
2086 4918 2425 4972 abstinentia:
2460 4917 2618 4986 hujus
2650 4919 2812 4986 rigori
2845 4919 3304 4989 supponebautm‘.

1973 5007 2106 5062 VIII.
2145 5007 2278 5062 Tres
2315 5025 2478 5078 porro
2506 5009 2738 5070 Οειίιγίιι,
2775 5007 3234 5070 ιὶρειιττθοῐὶοιιὶε,
3266 5013 3320 5058 et
3369 5003 3478 5060 Na-

1905 5099 2030 5156 talis
2057 5101 2290 5168 Domini,
2340 5117 2402 5156 ac
2433 5101 2803 5164 Peutecostes,
2843 5111 2898 5157 ct
2949 5103 3030 5156 ha:
3076 5097 3292 5167 quidem
3338 5095 3481 5153 solm.

1901 5201 2008 5245 tam
2037 5193 2176 5264 apud
2204 5193 2556 5256 Avellanitas,
2579 5205 2739 5260 quam
2786 5191 3244 5255 Camalduleuscs,
3281 5203 3310 5239 a
3337 5199 3485 5262 com-

1901 5283 2048 5336 muni
2078 5282 2423 5346 abstinentia,
2455 5280 2730 5348 etjejunio
2752 5281 3036 5336 eremitico
3063 5276 3440 5330 eximebantur
3464 5287 3479 5321 :
