3982 5350
469 354 532 424 at
1321 369 1379 425 s.
1415 368 1689 426 ramus
1727 363 2081 425 DAMIANUS
2116 366 2175 425 s.
2202 366 2268 423 Β.
2310 366 2372 423 E.
2398 364 2826 426 canemus.
3655 358 3735 418 32

378 502 383 508 ·
472 491 731 547 locustes,
767 491 928 555 atque
965 482 1169 540 Natalis
1206 485 1414 542 Domini
1442 506 1456 555 ;
1481 504 1788 560 quanquam
1814 492 1866 544 in
1898 500 2042 544 octa-
2074 492 2120 550 Α
2150 504 2321 558 usque
2359 489 2425 543 ad
2456 488 2579 543 ldus
2636 485 2990 558 Septembris,
3037 483 3224 551 tertia,
3273 492 3333 539 et‘
3373 492 3561 555 quinta
3590 482 3732 537 feria

470 574 552 629 vis
569 572 939 640 Pentecostes,
964 587 1019 630 et
1057 578 1423 634 ecclesiastica
1461 581 1699 645 traditio,
1730 590 1783 635 ct
1825 582 2043 637 Palmm

471 662 729 717 decernat
768 666 1064 721 auctoritas
1092 666 1205 735 (pro
1251 678 1480 739 quatuor
1505 687 1682 740 nempe
1711 671 2044 740 teMporibus)

465 748 845 821 jejunandnm,
895 756 946 809 in
1001 756 1223 827 reliquis
1260 773 1390 813 vero
1439 758 1645 814 octavis
1686 760 2049 828 quarumlibet

469 839 855 910 lestivitatum,
893 844 1321 902 ecclesiasticum
1369 849 1607 917 quidem,
1636 858 1794 919 prout
1832 849 2048 921 regula-

471 932 550 986 ris
592 936 727 989 ordo
779 937 1033 1005 postulat,
1070 947 1315 995 tenemus
1358 938 1617 1006 ollicium,
1652 949 1892 997 tenorem
1919 957 2050 997 vero

472 1025 716 1077 consueti
741 1022 931 1094 jejunii
972 1043 1076 1081 non
1113 1036 1405 1083 mutamus.
1441 1047 1459 1081 ι
1517 1030 1593 1084 De
1623 1030 1874 1086 secundis
1921 1046 2051 1087 vero

476 1113 539 1167 B.
565 1113 880 1187 Rodnlphus
909 1121 1059 1187 prior
1090 1120 1142 1173 in
1172 1119 1397 1175 Constit.
1439 1122 1567 1176 anni
1619 1122 1778 1186 1085,
1836 1123 1915 1178 sic
1944 1131 2053 1178 tra-

475 1202 593 1257 dit:
632 1222 651 1256 ι
698 1205 813 1261 Mos
878 1217 962 1263 est
1013 1223 1112 1279 per
1156 1225 1594 1283 unamquamque
1639 1212 2050 1279 hebdomadam,

473 1293 681 1363 absque
729 1305 921 1353 octava
984 1296 1194 1355 Natalis
1250 1302 1486 1368 Domini,
1526 1302 1751 1375 ejusque
1794 1301 2057 1357 Resurre—

474 1380 692 1450 ctionis,
718 1392 774 1440 et
796 1385 1163 1463 Pentecostes,
1195 1391 1248 1444 in
1276 1404 1438 1461 pane,
1472 1400 1527 1447 et
1556 1406 1716 1463 aqua,
1745 1404 1803 1449 et
1835 1392 1947 1450 sale
1967 1392 2056 1463 je-

2146 583 2272 637 bina
2320 580 2545 636 refectio
2595 598 2645 635 In
2695 581 2783 635 die
2816 582 3047 645 tenetur,
3076 576 3298 647 reliquis
3319 591 3450 632 vero
3499 584 3728 645 quatuor

2150 675 2342 732 diebus
2366 674 2636 747 jejunium
2663 690 2729 729 ex
2781 690 2932 730 more
2958 681 3222 729 servetur.
3259 691 3281 725 ι
3306 670 3402 727 Cui
3433 670 3512 725 sic
3534 684 3728 725 conso-

2148 766 2319 820 natB.
2348 766 2661 837 Rodulphus
2688 766 2805 821 loco
2846 766 2964 831 cit.,
2991 781 3110 834 cap.
3142 765 3208 818 l3
3242 777 3258 816 :
3298 782 3316 815 ι
3352 761 3615 830 Deinceps
3634 774 3731 814 an—

2151 864 2259 911 tem
2303 855 2389 929 (ab
2426 867 2610 911 octava
2641 855 2994 927 Pentecostrs)
3026 854 3268 924 usqucin
3297 851 3644 908 festivitatem
3670 847 3730 903 S:

2149 944 2398 1012 Joannis,
2430 958 2663 1016 quatuor
2683 947 2872 1003 diebus
2894 945 2947 1000 in
2977 944 3312 1001 hebdomade
3337 940 3608 1012 deputatis
3641 940 3734 994 ab-

2152 1038 2444 1105 stinentiaz,
2471 1040 2628 1094 tertia
2666 1038 2804 1093 feria
2847 1036 3163 1108 simpliciter
3207 1033 3505 1104 jejunatur,
3546 1031 3734 1101 quinta

2152 1143 2282 1184 vero
2313 1130 2619 1199 geminatur
2649 1130 2896 1187 refectio.
2934 1130 3008 1185 De
3052 1138 3249 1184 cattero
3281 1141 3453 1197 usque
3477 1125 3603 1180 ldus
3641 1122 3739 1177 Se-

2152 1220 2417 1289 ptembris
2442 1222 2631 1275 eadem
2650 1228 2884 1290 quatuor
2897 1222 3105 1276 dierum
3131 1210 3741 1290 servaturjabstinentia,’

2159 1309 2312 1363 tertia
2334 1316 2387 1364 et
2404 1309 2591 1379 quinta
2624 1310 2759 1364 feria
2786 1309 3012 1382 gemina:
3052 1307 3334 1364 refectioni
3384 1302 3674 1375 deputatis.
3714 1320 3735 1353 ι

2227 1396 2318 1452 XI.
2349 1396 2484 1452 Cum
2516 1398 2681 1466 igitur
2705 1397 2967 1469 ejusmodi
2999 1397 3271 1453 obtineret
3292 1395 3432 1465 apud
3470 1391 3742 1448 Avellani-

469 1472 665 1543 junare
690 1492 704 1530 :
733 1485 789 1532 et
807 1478 967 1533 aliam
1011 1481 1212 1536 nullam
1240 1492 1489 1539 octavam
1525 1485 1604 1541 sic
1635 1486 1929 1552 celebrare,
1954 1486 2056 1542 nisi
2158 1497 2261 1555 tas,
2291 1497 2452 1559 atque
2483 1488 2923 1545 Camaldulenses
2950 1504 3046 1558 per
3077 1496 3244 1544 totum
3263 1487 3388 1542 anni
3411 1484 3742 1541 curriculum

477 1566 577 1622 has
608 1575 738 1635 tres,
766 1585 902 1640 quas
926 1587 1085 1642 supra
1115 1574 1203 1630 hic
1226 1577 1386 1631 modo
1415 1577 1672 1634 diximus.
1710 1598 1729 1631 ι
1767 1579 1831 1634 Εῑ
1851 1580 1903 1633 in
1938 1580 2059 1636 aliis
2160 1582 2451 1637 cremiticae
2477 1562 2819 1638 abetinentiae
2854 1598 2884 1636 a
2914 1580 2974 1637 S.
3007 1579 3316 1637 Ilomualdu
3345 1577 3607 1633 instituta:
3631 1574 3743 1631 disé

475 1656 769 1715 Constitut.
798 1665 930 1719 anni
964 1664 1123 1733 1080,
1147 1682 1267 1738 cap.
1300 1669 1387 1735 12,
1429 1670 1545 1726 haec
1565 1670 1775 1727 habet:
1814 1691 1833 1723 ι
1860 1671 1916 1726 ln
1959 1670 2062 1728 Pa-
2162 1673 2408 1738 tributio,
2450 1672 2567 1743 pari
2631 1672 3016 1728 moderationis
3074 1683 3262 1725 tenore
3310 1669 3597 1737 utrobique
3644 1666 3744 1721 ob.

478 1751 648 1806 schali
681 1769 811 1809 veru
836 1756 1196 1826 hebdomada,
1248 1777 1354 1816 non
1383 1763 1557 1818 solum
1588 1763 1866 1819 relaxatur
1889 1765 2059 1819 absti—
2166 1774 2404 1830 servato,
2457 1780 2565 1835 qua
2607 1764 2952 1820 districtione
3011 1762 3241 1833 duplicis
3302 1758 3745 1830 Quadragesima:

477 1843 680 1909 ιιθηιίθν
714 1847 808 1901 sed
841 1848 1006 1902 etiam
1053 1850 1320 1922 jejunium
1347 1853 1595 1909 solvitur.
1643 1854 1701 1910 In
1740 1854 2060 1911 Pentecoste
2094 1845 2136 1903 Β
2165 1873 2379 1912 cursum
2407 1866 2512 1912 tam
2538 1858 2612 1923 bi,
2637 1873 2799 1928 quam
2829 1857 2903 1912 illi
2952 1869 3213 1928 peragere
3246 1852 3640 1914 consueverint,
3665 1849 3748 1903 vi-

477 1930 665 1986 cadem
700 1936 978 1994 observari
1016 1942 1235 2010 debent,
1265 1959 1386 2015 qua:
1432 1944 1485 2000 in
1523 1945 1773 2001 Paschali
1804 1944 2059 2002 solemni-
2163 1948 2405 2004 dcatnus.
2439 1947 2515 2003 De
2547 1947 2605 2003 S.
2638 1947 2928 2003 Romualdi
2972 1945 3251 2015 discipulis
3283 1944 3513 2014 legimus
3540 1942 3595 1997 in
3630 1940 3749 2009 ejus

478 2028 590 2077 tate
609 2038 1031 2088 commemorata
1082 2044 1229 2102 sunt,
1286 2046 1512 2107 excepto
1538 2037 1679 2107 quod
1704 2035 1909 2108 jejunia
1932 2052 2067 2108 qua-
2163 2038 2310 2104 Vita,
2337 2053 2457 2108 cap.
2486 2037 2539 2103 9,
2567 2039 2712 2109 quod
2738 2056 2758 2092 :
2783 2056 2802 2089 ι
2854 2038 2911 2092 ln
2958 2037 3169 2093 duabus
3208 2035 3333 2090 anni
3380 2030 3749 2103 Quadragesié

480 2119 607 2213 tuor
637 2122 938 2213 temporum
984 2123 1036 2177 in
1076 2124 1179 2180 hac
1209 2125 1563 2192 hebdomada,
1593 2135 1746 2182 sexta
1774 2128 1905 2182 feria
1944 2129 2064 2184 ahs-
2165 2130 2291 2194 mis,
2322 2146 2427 2184 non
2462 2129 2636 2186 solum
2687 2131 2803 2200 ipse
2840 2128 3210 2202 (Ro-nualdus)
3241 2128 3333 2183 sed
3380 2126 3625 2197 plerique
3665 2123 3750 2178 sui

478 2204 720 2259 tinentiae
742 2206 1020 2278 deputata,
1065 2213 1171 2267 ritu
1203 2214 1586 2272 Ecclesiastico
1624 2217 1939 2287 simpliciter
1971 2219 2065 2273 ob—
2165 2221 2452 2292 discipuli,
2477 2222 2642 2277 totius
2676 2222 3047 2278 hebdomadas
3071 2220 3213 2275 soliti
3240 2226 3396 2275 erant
3434 2217 3756 2273 continuare

479 2306 784 2353 serventur.
825 2319 843 2352 ι
876 2301 941 2356 Ει
990 2301 1122 2358 mox'
1145 2321 1267 2375 cap.
1296 2307 1360 2361 l5
1392 2324 1406 2361 :
1449 2325 1467 2358 ι
1506 2307 1603 2363 Die
1636 2322 1850 2377 quoque
1900 2308 2065 2376 ipsius
2160 2310 2447 2381 jejunium.
2477 2332 2496 2364 ι
2528 2312 2762 2383 ldipsum
2794 2315 2861 2369 de
2904 2312 3179 2367 nonnullis
3224 2326 3323 2366 suo
3354 2321 3595 2380 tempore
3638 2308 3753 2361 Ca-

483 2383 796 2446 Nativitatis
816 2392 1084 2464 jejunium
1113 2396 1362 2464 solvitur,
1381 2399 1595 2454 caeteris
1609 2414 1741 2454 vero
1760 2399 1949 2455 diebus
1973 2414 2067 2453 aer

485 2486 650 2534 totam
673 2481 932 2540 Octavam
963 2487 1075 2542 sola
1105 2488 1431 2546 abstinentia
1458 2491 1754 2548 relaxatur.
1787 2511 1808 2543 ι

558 2593 652 2649 ΙΧ.
684 2596 914 2666 Rursus,
952 2608 1062 2656 toto
1109 2601 1355 2659 Paschali
1413 2612 1653 2676 tempore
1704 2612 1937 2675 quatuor
1974 2619 2072 2674 Der

484 2682 879 2742 hebdomadam
910 2690 1096 2746 diebus
1126 2692 1410 2760 duntaxat,
1434 2703 1546 2749 tum
1563 2694 1703 2765 apud
1730 2693 2066 2757 Avellanam.

486 2781 601 2831 tum
632 2778 773 2847 apud
820 2779 1214 2850 Camaldulum,
1241 2783 1433 2854 jejunii
1463 2801 1694 2841 censura
1729 2787 2069 2852 servabatur,

488 2867 668 2932 tertia,
693 2875 748 2923 et
774 2870 960 2940 quint't
1002 2870 1157 2939 feria,
1191 2882 1392 2944 praeter
1418 2875 1760 2931 Dominicum
1788 2875 1951 2939 diem,
1979 2889 2073 2947 ge-

487 2958 650 3012 minae
686 2959 968 3015 refectioni
1018 2963 1312 3033 deputatis.
1367 2963 1522 3020 Unde
1575 2964 1769 3020 Petrus
1821 2965 2069 3019 Damiani

486 3048 622 3104 locis
651 3064 812 3119 supra
864 3053 1047 3108 citatis
1069 3055 1147 3108 ait
1182 3073 1196 3110 :
1227 3073 1245 3107 ‹
1278 3055 1360 3110 Ab
1389 3055 1609 3112 Octavis
1656 3072 1848 3127 nempe
1886 3058 2069 3112 Domi-

488 3136 625 3192 nica:
655 3137 1111 3207 Rcsurrectionis,
1154 3159 1325 3214 usque
1370 3142 1435 3199 ad
1467 3145 1607 3201 diem
1656 3155 1901 3200 sanctum
1933 3145 2073 3199 Pen-

2166 2401 2594 2459 maldulensibus
2609 2405 2852 2459 eremitis
2883 2411 3114 2459 testatur
3133 2402 3197 2458 Β.
3247 2401 3561 2471 Rodulphus
3602 2400 3758 2472 prior

2173 2495 2228 2550 in
2251 2493 2743 2551 Constitutionibus
2765 2495 2894 2550 anni
2926 2494 3085 2560 1085,
3109 2501 3164 2549 et
3189 2492 3382 2549 Petrus
3402 2491 3650 2546 Damiani
3687 2490 3756 2546 de

2168 2589 2508 2657 Avellanitis,
2532 2590 2790 2661 opusculo
2821 2606 2932 2656 xw,
2965 2590 3044 2645 sic
3082 2588 3358 2658 loquitur:
3391 2605 3410 2638 ι
3444 2586 3519 2641 De
3545 2585 3754 2640 duabus

2170 2682 2277 2739 illis
2293 2682 2755 2752 Quadragesimis,
2780 2696 2899 2753 qua:
2913 2682 2997 2737 vel
3014 2680 3256 2736 Natalem
3274 2679 3504 2742 Domini,
3526 2676 3609 2733 vel
3630 2691 3753 2733 san-

2172 2782 2318 2830 ctum
2341 2773 2547 2830 Pascha
2575 2774 2906 2844 praecedunt,
2931 2773 3056 2828 licet
3073 2787 3173 2842 ego
3199 2778 3432 2834 taceam,
3450 2785 3546 2824 vos
3571 2776 3754 2823 tamen

2172 2866 2348 2931 scitis,
2372 2866 2499 2935 quia
2533 2865 2775 2920 nonnulli
2802 2865 2893 2919 hic
2921 2873 3069 2930 sunt,
3092 2864 3185 2935 qui
3210 2863 3415 2932 absque
3431 2861 3621 2916 diebus
3648 2860 3757 2914 Do-

2175 2954 2410 3021 minicis,
2432 2953 2627 3024 duplex
2656 2953 2783 3008 illud
2812 2952 3295 3035 Quadragesimale‘
3312 2951 3544 3021 spatium
3570 2960 3747 3006 totum

2167 3045 2463 3115 jejunando
2503 3055 2879 3100 transcurrere
2921 3044 3119 3107 solent,
3174 3041 3415 3111 exceptis
3442 3039 3637 3095 tribus
3669 3056 3763 3096 so-

2176 3136 2565 3199 lemnitatibus,
2588 3134 2647 3189 S.
2663 3133 2918 3190 videlicet
2945 3134 3195 3197 Andreae,
3217 3140 3270 3186 et
3298 3130 3354 3185 S.
3373 3129 3673 3195 Benedicti,
3702 3139 3761 3185 et

489 3232 746 3295 tccostes,
790 3240 1022 3299 quatuor
1067 3233 1182 3288 dies
1216 3209 1311 3303 per
1365 3234 1755 3290 hebdomadam
1777 3234 2068 3304 jejunatis;
2174 3225 2601 3281 Annunlialione
2652 3223 2953 3279 Dominica.
2991 3243 3009 3276 ι
3045 3222 3112 3277 Et
3177 3236 3363 3292 OPUSC-
3395 3235 3484 3284 XV.
3516 3235 3635 3289 ειη).
3683 3219 3757 3274 6³

492 3326 688 3387 prater
717 3319 1058 3376 Dominicum
1093 3340 1222 3379 vero
1255 3324 1418 3391 diem,
1463 3324 1528 3381 de
1572 3326 1723 3396 cujus
1750 3327 2073 3381 reverentia

491 3405 670 3462 nullus
699 3410 1001 3478 addubitat,
1034 3415 1191 3468 tertia
1225 3414 1379 3479 feria,
1409 3425 1464 3469 et
1505 3416 1693 3485 quinta
1722 3415 1857 3470 feria
1890 3417 1973 3469 his
2017 3417 2072 3470 in

493 3495 581 3551 die
609 3498 850 3555 reficitis.
885 3520 904 3554 ι
948 3501 1172 3558 Sabbati
1223 3515 1398 3561 tamen
1449 3505 1714 3575 jejunium
1746 3521 1849 3560 non
1898 3507 2075 3576 perfe-

494 3596 663 3654 ctum,
690 3591 781 3645 sed
807 3592 1034 3664 simplex
1065 3604 1204 3662 erat,
1236 3597 1393 3651 unica
1433 3611 1625 3667 nempe
1653 3595 1947 3652 refectione
1969 3598 2076 3651 cir-

496 3685 907 3754 cumscriptum,
939 3689 1032 3743 scd
1084 3690 1225 3752 vino,
1257 3698 1312 3744 et
1340 3688 1617 3761 pulmento
1666 3690 1908 3746 eremitis
1954 3705 2077 3760 per-

497 3774 686 3840 misso,
745 3784 799 3831 et
847 3778 991 3833 enim
1052 3780 1347 3836 Damianus
1401 3797 1588 3852 opusc.
1640 3798 1730 3847 xv,
1788 3797 1906 3851 cap.
1959 3782 2074 3837 15:

502 3885 521 3917 ι
560 3866 674 3922 Νοη
705 3886 867 3938 grave
906 3873 1155 3928 videatur
1183 3874 1338 3929 fratri
1369 3874 1532 3928 etiam
1575 3872 1812 3928 Sabbato
1837 3872 2080 3930 refectio-

498 3973 621 4012 nem
650 3961 717 4014 ad
743 3978 940 4019 nonam
975 3965 1167 4021 horam
1198 3981 1371 4036 usque
1398 3963 1615 4021 differre
1643 3983 1654 4018 :
1682 3975 1741 4019 ut
1773 3964 1942 4021 semel
1962 3963 2081 4035 qui-

500 4049 622 4104 dem
680 4051 796 4121 ipso
839 4052 926 4108 die
978 4056 1276 4121 reficiatur,
1311 4057 1404 4111 sed
1450 4066 1645 4110 tamem
1679 4055 1888 4121 vinum,
1920 4062 2082 4124 atque

500 4141 836 4208 pulmentum
875 4146 1153 4217 percipere
1202 4162 1265 4201 ex
1299 4145 1457 4215 hujus
1489 4155 1688 4200 nostra:
1730 4144 2083 4223 institutionis

503 4230 834 4302 indulgentia
888 4250 994 4289 non
1044 4245 1276 4290 vetetur.
1315 4255 1335 4289 ι
1386 4235 1539 4303 Quod
1583 4235 1757 4304 ipsum
1787 4234 1847 4287 Β.
1880 4232 2084 4288 Rodul-

503 4322 643 4390 phus
671 4324 820 4392 prior
850 4325 903 4380 in
954 4326 1248 4382 Constitut.
1293 4327 1410 4392 cit.,
1448 4343 1566 4398 cap.
1622 4325 1709 4391 12,
1741 4326 1821 4382 sic
1863 4326 2083 4381 brevius

503 4415 760 4482 exprimit
794 4435 807 4470 :
848 4436 865 4468 ι
898 4416 1248 4473 Postmodnm
1275 4432 1406 4473 vero
1452 4418 1539 4488 (ab
1568 4427 1748 4471 octava
1780 4414 2083 4485 Pdscltatis)

505 4503 680 4559 trihus
730 4507 782 4560 in
837 4506 1173 4563 hebdomada
1202 4509 1392 4563 diebus
1415 4510 1628 4579 (nempe
1654 4506 1787 4562 feria
1824 4508 2080 4574 secunda,

504 4606 721 4666 quarta,
754 4608 808 4653 cl.
833 4601 1009 4670 sexta)
1037 4615 1204 4670 usque
1234 4599 1591 4655 Pentecosten
1619 4597 1886 4669 repetitur
1914 4598 2081 4653 absti-

506 4690 723 4755 nentia;
760 4689 994 4745 Sabbata
1024 4705 1152 4746 vero
1177 4689 1409 4761 simplici
1430 4689 1638 4761 jejunio
1660 4691 1967 4760 deputatur.
2021 4706 2039 4740 ι

577 4779 782 4836 X.Jam
810 4781 877 4836 ab
898 4791 1090 4838 octava
1121 4782 1491 4848 Pentecostes,
1517 4797 1687 4852 usque
1710 4780 1779 4837 ad
1814 4778 2081 4834 Nativita-

508 4881 616 4928 tem
641 4872 698 4929 S.
722 4872 947 4931 Joannis
976 4873 1229 4945 Baptistae
1279 4884 1511 4945 quatuor
1538 4873 1757 4944 quidem
1808 4872 1940 4929 solis
1969 4872 2085 4927 die-

508 4967 611 5022 bus
641 4968 988 5037 abstinentia,
1021 4984 1113 5024 seu
1162 4967 1460 5040 perfectum
1502 4965 1767 5039 jejunium
1799 4967 2087 5036 utrobique

511 5059 566 5114 in
593 5076 692 5115 usu
723 5058 918 5125 fuerat,
944 5062 1035 5117 sed
1066 5068 1328 5131 praeterea
1379 5059 1515 5115 feria
1550 5060 1710 5115 tertia
1757 5058 1986 5129 simplici
2008 5057 2089 5126 je-

505 5152 661 5223 junio
684 5153 1132 5217 consecrabatur,
1157 5167 1278 5221 quae
1316 5151 1576 5222 deinceps
1596 5167 1627 5206 a
1664 5152 1805 5206 festo
1836 5149 1896 5204 S.
1927 5149 2090 5204 Joan-

512 5246 619 5311 nis,
653 5260 822 5314 usque
868 5246 936 5300 ad
982 5245 1108 5300 ldus
1155 5243 1487 5315 Septembris
1535 5244 1765 5315 gemina:
1807 5242 2089 5297 refectioni

2179 3336 2198 3370 ‹
2237 3316 2456 3372 Duabus
2484 3329 2663 3370 autem
2691 3313 2796 3370 illis
2827 3312 3284 3384 Quadragesimis,
3309 3326 3429 3380 qua:
3454 3309 3537 3364 vel
3566 3308 3761 3365 Natale

2173 3408 2408 3474 Domini,
2435 3407 2517 3462 vel
2575 3414 2821 3461 sanctum
2878 3404 3081 3459 Pascha
3132 3402 3465 3472 praecedunt,
3510 3400 3759 3455 nonnulli

2174 3500 2373 3555 fratres
2400 3499 2486 3553 hic
2514 3504 2661 3563 sunt,
2694 3497 2784 3566 qui
2835 3505 3003 3551 totam
3034 3493 3426 3550 hebdomadam
3468 3490 3766 3561 jejunando

2176 3596 2579 3653 transcurrunt,
2625 3595 2680 3641 et
2708 3585 2970 3655 quotidie,
3022 3583 3265 3652 exceptis
3308 3582 3495 3639 diebus
3525 3581 3782 3635 Dominis.

2175 3681 2275 3745 cis,
2305 3681 2359 3735 in
2388 3695 2551 3751 pane,
2575 3687 2632 3734 et
2655 3694 2797 3748 aqua
2824 3678 3037 3731 vivunt.
3078 3693 3097 3727 ι

2249 3772 2363 3827 XII.
2397 3771 2610 3841 Reliqui
2639 3777 2844 3835 autem,
2874 3768 2966 3837 qni
2997 3776 3104 3821 tam
3136 3764 3297 3835 rigidi
3332 3762 3521 3833 jejunii
3577 3761 3761 3816 contis

2179 3865 2491 3921 nnationem
2523 3863 2669 3919 ferre
2690 3877 2795 3918 non
2820 3867 3094 3932 poterant,
3138 3857 3253 3913 sola
3286 3856 3553 3918 triduana,
3604 3862 3660 3907 et
3684 3855 3767 3909 bi-

2181 3955 2363 4011 duana
2398 3954 2724 4010 abstinentia
2751 3952 3017 4013 contenti,
3052 3969 3070 4001 ι
3099 3949 3270 4014 olera,
3293 3946 3375 4002 vel
3404 3945 3772 4015 quodcunque

2181 4049 2451 4119 liquamen
2483 4067 2500 4099 ι
2533 4046 2668 4102 feria
2699 4047 2906 4117 quinta,
2937 4052 2991 4098 et
3030 4038 3325 4095 Dominicis
3342 4035 3529 4092 diebus
3558 4035 3765 4089 utrius-

2187 4157 2292 4211 que
2320 4140 2758 4211 Quadragesimae
2802 4138 2868 4191 ad
2905 4134 3254 4190 refectionem
3289 4128 3558 4183 addebant
3588 4145 3601 4179 :
3632 4141 3661 4179 a
3686 4126 3781 4195 pi-

2182 4232 2363 4288 scibus
2405 4239 2606 4294 tamen,
2659 4237 2714 4282 et
2772 4228 2917 4290 vino,
2958 4220 3376 4278 solemniorihus
3442 4216 3767 4285 quibusdam

2184 4325 2374 4380 diebus
2395 4320 2655 4390 exceptis,
2684 4327 2797 4372 tum
2825 4314 3161 4376 Avellanitze,
3187 4318 3300 4364 tum
3329 4304 3772 4361 Camaldulenscs

2183 4428 2372 4470 omnes
2421 4411 2626 4482 pariter
2662 4406 3029 4462 abstinebant.
3089 4400 3163 4454 De
3199 4397 3387 4467 primis
3417 4395 3560 4450 enim
3592 4395 3773 4464 inquit

2187 4505 2383 4559 Petrus
2430 4498 2674 4556 Damiani
2713 4505 2824 4550 tum
2855 4507 3043 4564 opusc.
3094 4505 3205 4554 xw,
3247 4496 3357 4542 tum
3406 4501 3495 4553 xv,
3541 4500 3662 4555 cap.
3691 4487 3725 4539 6
3753 4525 3770 4542 .

2192 4614 2210 4645 ς
2244 4593 2299 4648 ln
2334 4589 2609 4663 praedictis
2633 4586 2843 4642 duabus
2864 4579 3306 4651 Quadragesimis
3329 4575 3664 4632 consuetudo
3695 4585 3779 4630 tc-

2186 4686 2322 4752 nuit,
2347 4690 2408 4737 ut
2430 4694 2603 4751 neque
2626 4674 2929 4740 monachis,
2954 4686 3129 4742 neque
3157 4668 3311 4723 laicis
3339 4665 3472 4730 vini,
3498 4663 3584 4719 vel
3605 4664 3771 4718 etiam

2184 4775 2353 4847 piscis
2412 4769 2687 4844 perceptio
2738 4764 3089 4828 concedatur,
3131 4756 3373 4827 exceptis
3410 4754 3496 4847 his
3540 4761 3774 4847 quatuor

2187 4841 2595 4927 festivitatibus,
2628 4856 2801 4915 sancti
2827 4853 3034 4910 scilicet
3086 4850 3334 4912 Andreae,
3357 4852 3412 4900 et
3438 4842 3502 4899 Β.
3543 4841 3774 4897 Benedi-

2189 4958 2284 5024 cti,
2307 4965 2362 5012 et
2381 4953 2663 5010 Dominica
2688 4948 3021 5010 Palmarum,
3049 4951 3104 4998 et
3123 4940 3290 4996 Cmna
3324 4934 3549 4999 Domini,
3575 4933 3774 5003 quibus

2188 5049 2443 5106 nimirum
2470 5039 2855 5102 sacratissimis
2901 5037 3092 5093 diebus
3132 5033 3326 5102 pisces,
3360 5036 3416 5082 et
3438 5026 3644 5090 vinum,
3672 5038 3771 5079 ex—

2190 5140 2501 5198 cellentium
2545 5134 2947 5192 solemnitatunt
3028 5124 3213 5180 laetitia
3265 5118 3548 5179 invitante,
3596 5115 3772 5184 perci-

2190 5232 2367 5302 piunt.
2403 5248 2421 5282 ι
2458 5228 2533 5282 De
2569 5222 2822 5281 secundis
2850 5226 3031 5273 autem
3076 5214 3160 5302 BL
3191 5204 3507 5302 Rodulphus
3533 5205 3686 5302 prior
3716 5206 3772 5260 in

2194 5292 2230 5338 ῖς
2340 5319 2397 5338 .σ.
2459 5316 2578 5338 --._:
2608 5313 2739 5338 ιιιοὲ
2794 5307 2964 5338 :......:o
3002 5321 3013 5335 ο
3058 5321 3076 5338 ι
3112 5300 3224 5338 Mne
3247 5304 3331 5338 ρει
3372 5293 3424 5338 ἰη
3451 5292 3599 5338 binis
3621 5293 3772 5338 nua-
