3982 5350
437 296 506 352 35
1291 278 1348 333 s.
1390 272 1668 332 PETRUS
1702 264 2059 327 DAMIANUS
2096 264 2156 321 s.
2197 266 2263 320 ιι.
2296 264 2360 320 E.
2400 262 2836 337 CARDINALIS.
2968 223 2991 229 ’
3624 253 3693 313 se

509 407 829 458 severantia:
876 383 1754 466 pretiumutrisqueinculcatum:
1784 377 2016 466 thAlia
2045 385 2094 443 Α
2124 385 2233 432 tum
2279 379 2423 459 apud
2449 375 2845 443 Camaldulum,
2893 382 3007 430 tum
3039 373 3183 445 apud
3220 373 3533 431 Avellanam
3571 388 3700 430 eon-

509 448 1100 531 ἒῖἰὶὦὺῌῐιιίτιηοηίω
1124 460 1231 525 his,
1267 448 1323 513 ei
1342 457 1445 512 illis
1473 451 1799 511 communia.
1831 448 1917 503 is.

507 588 551 643 ι.
598 583 855 652 Reliquos
872 586 1115 633 veterum
1140 571 1561 631 Avellanitarum
1587 579 1786 631 mores,
1810 571 1866 619 et
1892 575 2013 617 cor-

440 674 829 748 respondeutes
861 666 1210 726 eremitarum
1240 656 1732 729 Camalduleusium
1784 664 2017 708 consue-

441 746 657 825 tudines
706 764 812 819 hoc
877 759 1059 829 capite
1114 764 1540 825 prosequemur;
1609 746 1851 814 illudque
1893 749 2022 798 ante

441 860 625 917 omnia
646 853 974 916 notabimus,
1005 862 1160 904 usum
1183 842 1296 898 vini
1332 841 1510 912 primo
1532 837 1749 909 penitus
1775 834 2022 902 utrisque

442 948 706 1027 ignotum,
733 960 859 1001 mox
882 940 1061 997 sobria
1103 920 1357 992 mensura
1389 935 1566 1003 (extra
1602 928 1720 984 dies
1745 925 2022 1027 abstinen-

444 1014 564 1109 tiae,
604 1014 699 1096 seu
748 1033 992 1107 perfecto
1045 1027 1248 1099 jejunio
1302 1023 1530 1085 dicatos,
1585 1018 1654 1074 de
1691 1014 1888 1109 quibus
1933 1028 2023 1068 su-

440 1106 572 1208 pra)
627 1129 972 1203 permissum.
1034 1122 1111 1177 De
1158 1120 1213 1174 S.
1271 1113 1554 1208 Romualdi
1608 1106 2021 1208 apud-“Sitriam

440 1197 719 1294 discipulis
745 1224 975 1273 testatur
1016 1212 1132 1280 ipse
1178 1207 1475 1263 Damianus
1505 1198 1709 1272 ineius
1748 1197 1872 1294 Vita
1900 1210 2019 1294 cap.

440 1316 530 1381 θαι,
562 1286 704 1384 quod
740 1329 758 1361 ι
797 1307 993 1361 Vinum
1044 1301 1115 1357 ibi
1162 1313 1321 1354 nemo
1369 1300 1618 1358 noverat,
1655 1304 1756 1345 nec
1784 1288 1829 1343 si
1857 1286 2023 1342 etiam

442 1379 821 1482 gravissimam
878 1398 1000 1468 quis
1060 1392 1432 1465 :egritudinem
1486 1392 1849 1482 pateretur.)
1902 1379 2023 1482 Mox.

444 1470 474 1555 3
500 1499 565 1553 B.
593 1494 876 1564 ltodulpho
917 1482 1318 1545 Camaldulensi
1362 1481 1543 1554 priore
1569 1478 1622 1532 in
1649 1474 1867 1532 constit.
1896 1470 2023 1564 anni

445 1587 604 1654 1080,
636 1560 857 1653 (ξιιμ-25
886 1577 1153 1635 sancitum
1176 1573 1405 1644 legitur:
1438 1588 1455 1621 ι
1484 1567 1684 1623 Vinum
1707 1563 1924 1636 quidem
1956 1560 2024 1615 ab

445 1662 689 1737 eremitis
723 1674 957 1729 alienum
982 1682 1102 1725 esse
1122 1664 1375 1737 cognosci
1386 1675 1491 1729 tur,
1513 1660 1607 1717 sed
1620 1658 1746 1729 quia
1770 1654 2023 1716 defectio,

2121 477 2440 535 sueverant;
2475 482 2650 539 neque
2698 467 2791 522 illa
2835 465 3119 533 duntaxat,
3145 481 3267 538 quae
3303 466 3578 522 communi
3627 469 3698 522 ab

2119 558 2371 615 omnibus
2406 558 2613 629 jejunio
2661 557 3026 627 excipiuntur,
3073 557 3167 612 sed
3215 556 3309 611 illa
3351 556 3697 625 etiam,‘qu:e

2120 651 2395 721 geminam
2439 665 2508 705 ex
2563 649 2816 705 Ecclesia:
2867 657 3137 719 praecepto
3192 647 3540 703 refectionem
3591 662 3702 703 non

2121 742 2429 811 prohibent,
2475 749 2535 796 ut
2578 755 2638 796 se
2664 740 2826 795 habet
2871 739 3053 809 vigilia
3099 739 3431 811 Epiphania,
3460 753 3562 794 nec
3589 752 3698 792 non

2122 810 2229 889 Ss.
2267 831 2520 901 Philippi,
2548 839 2604 887 et
2639 829 2825 885 Jacobi
2855 820 3245 899 apostolorum.
3301 810 3450 884 (inde
3489 827 3551 881 Β.
3592 826 3705 881 ao-

2122 921 2355 991 dulpbus
2386 921 2536 990 prior
2562 921 2616 976 in
2639 919 2858 976 constit.
2893 919 2990 974 cit.
3032 934 3154 990 cap.
3178 918 3268 984 17,
3294 918 3467 988 inquit
3505 935 3520 971 :
3556 934 3574 968 ί
3613 915 3706 971 Vi-

2121 1012 2264 1084 gilize
2310 1020 2647 1078 sanctorum,
2676 1026 2796 1081 qua:
2837 1011 2892 1065 in
2939 1010 3181 1065 Ecclesia
3223 1018 3437 1066 statuta:
3467 1017 3618 1075 sunt,
3648 1015 3706 1064 et

2120 1105 2549 1177 Epiplianiorum
2574 1119 2809 1176 quoque,
2837 1112 3000 1173 atque
3037 1109 3349 1157 sanctorum
3374 1099 3627 1171 Philippi,
3652 1110 3711 1155 et

2121 1197 2328 1263 Jacobi,
2357 1197 2483 1253 licet
2528 1197 2582 1251 in
2612 1212 2714 1251 usu
2754 1194 3095 1251 sacularium
3137 1209 3242 1249 non
3289 1192 3615 1255 habeantur,
3650 1192 3708 1247 in

2121 1287 2226 1343 hac
2246 1300 2431 1345 eremo
2476 1286 2934 1357 (Camaldulensi)
2992 1284 3337 1341 abstinentiae
3386 1284 3712 1353 deputanda:

2124 1387 2268 1437 sunt.
2308 1379 2422 1449 rEt
2443 1377 2638 1435 Petrus
2688 1377 2936 1433 Damiani
2967 1387 3096 1431 tom.
3129 1375 3169 1440 l,
3208 1375 3303 1431 lib.
3328 1390 3405 1438 vi,
3434 1389 3520 1445 ep.
3545 1374 3616 1429 35
3639 1372 3711 1427 ad

2124 1485 2237 1526 suae
2261 1467 2703 1542 congregationis
2757 1466 3020 1523 eremitas
3056 1466 3123 1521 de
3150 1474 3273 1521 octo
3301 1465 3604 1535 vigiliarum
3628 1463 3714 1533 je-

2118 1562 2275 1633 junio
2307 1563 2580 1628 scribens,
2613 1577 2737 1617 cum
2786 1560 2923 1616 alias
2953 1559 3369 1624 commendans,
3423 1566 3532 1612 tum
3589 1557 3715 1611 illas

2124 1653 2458 1724 Epiphaniae,
2482 1662 2538 1709 et
2569 1651 2669 1708 SS.
2719 1650 2975 1722 Philippi,
3015 1659 3070 1706 et
3092 1649 3276 1705 Jacobi
3303 1648 3591 1719 specialius
3630 1648 3716 1701 in-

444 1783 499 1828 et
528 1769 697 1826 nostri
723 1748 1005 1835 temporis,
1046 1776 1110 1815 ac
1163 1766 1370 1812 natura:
1395 1755 1651 1810 debilitas
1698 1752 1750 1807 id
1805 1747 2026 1805 omnino
2056 1738 2102 1798 Β
2126 1745 2329 1829 calcat,
2358 1746 2544 1801 dicens
2575 1761 2589 1798 :
2623 1762 2642 1795 ι
2674 1743 3101 1815 Epiphaniarum
3144 1756 3359 1812 quoque
3386 1741 3614 1811 vigilias,
3640 1740 3716 1795 ob

443 1880 549 1919 non
579 1860 802 1932 patitur,
833 1869 958 1910 raro
1001 1850 1240 1922 quidem,
1281 1858 1336 1902 et
1370 1845 1549 1900 sobrie
1588 1839 1893 1911 hujnsmodi
1927 1852 2025 1906 po-

447 1968 558 2012 tum
590 1951 872 2024 percipere
914 1946 1111 2009 solent,
1140 1941 1311 2012 utqui
1352 1945 1630 2018 nequeunt
1658 1950 1779 1990 cum
1820 1932 2029 1988 Joanne

444 2023 760 2104 absteiuiam
788 2037 1159 2108 frugalitatem
1184 2045 1426 2094 servare,
1470 2028 1555 2083 vel
1593 2042 1715 2083 cum
1745 2023 2029 2079 Timotheo

446 2139 625 2196 sobria
679 2132 944 2205 parcitate
993 2135 1236 2181 utantur.
1283 2142 1303 2176 ι
1364 2121 1430 2175 Ει
1487 2119 1684 2174 Petrus
1736 2114 2030 2169 Damianus

446 2222 883 2305 congregationis
911 2234 1021 2274 sua:
1066 2215 1313 2270 instituta
1358 2224 1672 2275 recensens,
1697 2216 1810 2261 tum
1837 2218 2029 2275 opusc.

445 2296 743 2384 x1v,vuum.
781 2310 865 2376 l5,
897 2324 1016 2377 cap.
1042 2308 1075 2361 6
1098 2306 1178 2361 sic
1199 2305 1405 2375 pariter
1432 2301 1631 2357 habet:
1670 2317 1689 2350 ι
1719 2298 1763 2351 Α
1789 2296 1913 2350 vino
1937 2308 2033 2348 au-

451 2421 580 2475 tent,
607 2415 669 2460 ttt
695 2402 886 2465 nostis,
925 2398 1202 2467 aliquanto
1259 2404 1502 2464 tempore
1540 2388 1928 2453 continuimns,
1952 2385 2031 2440 ita

447 2509 507 2555 ut
551 2509 725 2566 neque
780 2491 924 2555 laici,
979 2501 1157 2557 neque
1219 2486 1558 2539 extrinsecus
1596 2480 1900 2542 venientes,
1946 2474 2034 2529 vel

447 2594 611 2650 etiam
643 2590 697 2645 in
723 2587 931 2643 Pascha
964 2579 1199 2643 Domini,
1244 2576 1443 2646 aliquid
1470 2575 1560 2629 hic
1607 2581 1805 2645 printer
1833 2582 2033 2638 aquam

448 2687 697 2741 biberent
723 2696 738 2734 :
769 2690 945 2747 neque
967 2673 1152 2727 vinum
1196 2669 1309 2734 hic,
1353 2667 1455 2721 nisi
1507 2679 1607 2736 pro
1639 2660 1907 2719 sacriﬁcio
1936 2658 2033 2712 ba-

449 2776 690 2830 beretur.
739 2767 844 2823 Sed
888 2761 1146 2835 quoniam
1193 2767 1249 2812 et
1293 2757 1383 2811 hic
1424 2762 1705 2809 manentes
1751 2753 2035 2819 cmperunt

2129 1837 2553 1907 magnitudinem
2583 1834 2968 1898 solemnitatis,
3008 1834 3063 1886 in
3114 1848 3223 1903 qua
3248 1832 3499 1887 videlicet
3543 1840 3620 1888 tot
3658 1831 3716 1885 in

2129 1943 2297 1981 unum
2323 1936 2666 1981 sacramenta
2693 1933 3048 1989 concurrunt,
3067 1922 3660 1996 dignumestjejunare;
3691 1941 3715 1975 ι

2129 2028 2186 2074 et
2215 2017 2354 2072 infra
2382 2037 2395 2071 :
2429 2036 2447 2069 ι
2483 2016 2633 2073 Unde
2653 2027 2708 2072 et
2742 2017 2873 2071 illud
2895 2018 3136 2087 graviter
3157 2016 3402 2080 ferimus,
3439 2016 3565 2086 quia
3603 2016 3723 2086 ple-

2131 2109 2289 2179 rique
2309 2108 2533 2175 fratres,
2565 2110 2693 2163 dum
2732 2109 2981 2179 jejunare
3011 2110 3065 2163 in
3113 2111 3399 2165 beatorum
3446 2111 3721 2180 apostolo-

2131 2216 2251 2255 rum
2280 2187 2537 2272 Philippi,
2562 2209 2619 2256 et
2656 2199 2843 2257 Jacobi
2893 2202 3091 2272 vigiliis
3139 2203 3582 2272 perhorrescunt,
3629 2218 3725 2258 so-

2130 2291 2465 2347 ieiunitatem
2489 2292 2836 2348 Peutecostes
2866 2292 2919 2347 in
2950 2294 3357 2348 excusationem
3399 2308 3511 2349 suae
3549 2295 3723 2348 disse.

2131 2380 2352 2437 lutionis
2378 2392 2678 2453 opponunt,
2713 2383 2956 2439 dicentes
2984 2400 2996 2436 :
3026 2399 3134 2438 non
3166 2384 3362 2440 debere
3389 2376 3720 2454 queinquam

2132 2474 2234 2530 sub
2258 2473 2588 2545 jejuniorum
2636 2484 2761 2532 tunc
2805 2490 3034 2530 censura
3064 2476 3384 2547 constringi,
3430 2491 3554 2531 cum
3585 2484 3726 2531 tem-

2133 2583 2236 2639 pus
2258 2567 2446 2635 dictet,
2473 2568 2817 2638 paschalibus
2838 2569 3018 2638 potius
3029 2569 3241 2638 gaudiis
3260 2568 3489 2637 epulari.
3526 2587 3546 2621 ι
3568 2567 3726 2635 Quod

2133 2659 2301 2714 variis
2327 2658 2667 2727 postmodum
2701 2657 3026 2725 rationibus,
3057 2668 3109 2714 et
3148 2658 3415 2729 exemplis
3441 2657 3500 2714 S.
3534 2659 3727 2714 doctor

2135 2748 2399 2805 confutat.

449 2858 774 2935 aigrotantes
807 2855 1061 2916 deficere,
1087 2858 1141 2906 et
1170 2848 1389 2919 quidam
1432 2846 1500 2900 ad
1529 2857 1771 2898 eremum
1799 2838 2032 2894 transire

450 2931 752 3030 cupientes,
776 2951 939 3021 hujus
969 2938 1581 3015 rigorisobservantiam
1611 2931 2033 3008 penitusabhor-
2140 2936 2625 3000 “mem-31mm“,
2672 2936 2913 2991 vicissim
2965 2937 3090 2990 res“
3146 2936 3263 2991 dies
3312 2937 3378 2991 ab
3429 2936 3578 2991 omni
3613 2943 3727 2989 tum

450 3022 572 3108 rere
603 3065 618 3103 :
648 3028 923 3109 fraternie,
952 3040 1085 3103 sive,
1114 3045 1176 3091 ut
1204 3034 1388 3090 verius
1414 3031 1612 3094 dicam,
1636 3024 1911 3083 communi
1934 3022 2032 3076 im-

2137 3028 2488 3094 abstinentia,
2517 3037 2630 3083 tum
2660 3026 2892 3097 simplici
2917 3025 3122 3095 jejunio
3162 3026 3473 3083 refectionis
3499 3025 3661 3081 unius
3695 3039 3729 3079 a

450 3130 1143 3206 becillitatidispensatorie
1177 3122 1672 3183 condescendentes
1694 3117 2036 3206 indulsimus,
2065 3122 2112 3188 ο
2140 3120 2409 3176 Paschate
2445 3133 2617 3189 usque
2661 3118 2729 3173 ad
2778 3118 2901 3173 ldus
2933 3117 3284 3189 Septembris,
3317 3117 3723 3180 eximebantur;

453 3231 513 3291 ut
536 3232 720 3286 vinum
747 3204 854 3292 hic,
883 3229 1100 3279 servato
1127 3213 1437 3271 sobrietatis
1464 3207 1852 3269 moderamine,
1882 3204 2034 3258 bibe-
2136 3210 2204 3265 ab
2230 3208 2573 3265 ωίιηιεγετο
2600 3206 2936 3279 Septembris
2966 3208 3029 3262 ad
3060 3207 3290 3274 pascha,
3343 3207 3453 3262 sola
3486 3205 3643 3276 panis
3671 3214 3730 3260 et

454 3334 649 3383 retur:
681 3315 907 3388 utquod
931 3328 1055 3369 cum
1095 3308 1303 3365 Joanne
1343 3321 1451 3361 non
1493 3314 1783 3383 possumus
1809 3313 1878 3353 ex
1922 3304 2032 3351 toto

2139 3306 2291 3373 aqua:
2316 3302 2650 3358 abstinentia
2693 3295 2983 3366 vacabant,
3014 3302 3108 3355 sed
3152 3300 3324 3354 unicae
3364 3308 3544 3354 tamen
3584 3296 3731 3352 refe-

455 3386 797 3483 felillqum‘ei—
843 3405 1036 3461 531W“
1086 3416 1208 3456 cum
1263 3396 1548 3452 Τίιηοιὶιεο
1596 3386 1745 3448 Pauli
1774 3386 2038 3457 discipulo
2140 3394 2326 3459 etioni,
2379 3395 2667 3466 praecipuis
2710 3392 3032 3463 quibusdam
3073 3389 3508 3446 solemnitatibus
3560 3402 3729 3444 exce-

454 3480 767 3565 studeamus
820 3499 1036 3555 infirmo
1091 3491 1373 3549 stomacho
1425 3489 1624 3554 sobrie,
1669 3495 1725 3542 et
1761 3483 2042 3540 humiliter
2139 3486 2270 3558 ptis,
2296 3486 2730 3556 deputabuntur;
2766 3485 2842 3539 ait
2865 3483 3007 3538 enim
3032 3483 3091 3537 Β.
3137 3481 3454 3552 Rodulphus
3502 3480 3652 3551 prior
3672 3481 3727 3535 in

2204 2845 2293 2901 lV.
2325 2848 2395 2901 At
2440 2846 2485 2901 si
2512 2846 2707 2917 vigilia:
2754 2845 2996 2915 perfecto
3025 2846 3203 2915 panis,
3233 2852 3288 2901 et
3326 2860 3480 2915 aqua:
3516 2842 3727 2914 jejunio

459 3601 802 3661 ministrare;
836 3601 892 3648 et
916 3590 1009 3662 qui
1036 3601 1263 3659 prorsus
1294 3581 1544 3659 abstemii
1574 3594 1697 3636 esse
1719 3594 1825 3634 non
1851 3591 2038 3647 possu-

459 3709 602 3761 n.us,
633 3704 752 3746 esse
788 3685 980 3742 saltem
1016 3678 1185 3736 sobrii
1226 3676 1563 3732 studeamus.
1593 3692 1611 3726 ι
1646 3720 1649 3723 .

530 3787 597 3841 ll.
635 3782 713 3838 Ne
764 3779 886 3850 quis
930 3790 1058 3831 vero
1089 3773 1342 3837 miretur,
1397 3769 1527 3824 olim
1574 3774 1631 3821 et
1676 3765 1846 3822 laicos
1898 3763 2046 3835 ipsos

462 3881 602 3952 apud
630 3873 946 3932 Avellanam
974 3885 1005 3923 a
1035 3868 1162 3923 vino
1207 3863 1562 3928 abstinuisse,
1600 3856 2045 3952 quandoquidem

463 3950 522 4026 et
542 3969 608 4024 ad
630 3968 775 4038 ipsos
801 3962 1050 4024 famulos,
1073 3967 1187 4015 tum
1213 3955 1309 4023 ibi,
1338 3963 1452 4010 tum
1472 3953 1612 4025 apud
1636 3950 2045 4015 Romualdinos,

463 4042 657 4132 jejuuii
676 4068 904 4111 censura
934 4047 1414 4119 exporrigebatur;
1457 4060 1584 4099 nam
1617 4044 1671 4098 in
1698 4043 1821 4096 Vita
1851 4040 1910 4095 S.
1938 4039 2047 4093 Ro-

474 4129 669 4208 mualdi
701 4161 820 4217 cap.
850 4140 941 4207 64,
964 4148 1275 4218 postquam
1320 4136 1626 4191 districtam
1662 4129 2046 4202 discipulorum

472 4240 658 4299 Sitria:
710 4232 923 4290 vivendi
964 4229 1236 4285 rationem
1294 4224 1671 4293 descripsisset
1733 4220 2045 4281 Damianus,

474 4336 592 4390 limc
621 4327 845 4384 subdit:
884 4341 902 4375 ι
944 4320 1051 4376 Sed
1092 4334 1192 4374 cur
1242 4330 1345 4387 ego
1391 4315 1456 4369 de
1501 4308 1787 4367 monachis
1836 4309 2046 4377 loquor,

394 4453 405 4465 ο
472 4438 597 4479 eum
629 4428 684 4474 et
709 4416 809 4487 ipsi
841 4411 1229 4468 monachorum
1253 4404 1465 4471 famuli,
1496 4402 1595 4473 ipsi
1635 4412 1852 4471 quoque
1871 4405 2055 4453 custo-

2142 3578 2520 3634 constit.anni
2561 3576 2697 3632 l080
2720 3591 2842 3646 cap.
2875 3575 2978 3631 15:
3015 3595 3033 3627 ι
3065 3575 3123 3630 1n
3159 3574 3547 3630 festivitatibus
3572 3587 3727 3639 vero,

2143 3686 2263 3742 quae
2297 3669 2558 3725 aPascha
2615 3683 2787 3738 usque
2830 3669 2897 3723 ad
2944 3668 3089 3723 hunc
3145 3666 3443 3741 terminum.
3500 3665 3730 3736 (Iduum

2145 3762 2503 3834 Septembris)
2558 3770 2876 3826 occurrunt,
2906 3770 2961 3816 et
3005 3756 3332 3815 abstinentia
3385 3756 3611 3822 remitti,
3677 3764 3735 3811 et

2136 3854 2403 3928 jejunium
2435 3853 2573 3910 solet
2601 3851 2827 3909 absolvi.
2858 3852 2986 3906 Post
3033 3851 3154 3906 ldus
3197 3849 3534 3920 Septembris
3558 3863 3733 3918 usque

2146 3947 2215 4003 ad
2236 3944 2742 4016 Quadragesimam,
2771 3956 2892 4012 qua:
2918 3939 3055 3995 infra
3094 3941 3198 3995 hoc
3226 3939 3455 4010 spatium
3479 3939 3737 3994 accidunt

2145 4038 2488 4101 festivitates,
2518 4033 2900 4093 abstinentiam
2925 4032 3144 4102 quidam
3178 4031 3440 4097 relaxant,
3465 4029 3735 4100 jejunium

2145 4147 2276 4189 vero
2300 4130 2523 4186 minime
2547 4127 2782 4183 solvunt.
2807 4146 2826 4179 ι
2847 4126 2916 4181 Et
2938 4126 3132 4182 Petrus
3157 4123 3400 4180 Damiani
3424 4139 3613 4193 opusc.
3643 4139 3736 4191 xv,

2112 4212 2267 4292 cap.
2318 4220 2399 4274 ϐε
2458 4236 2481 4269 ο
2530 4217 2591 4272 In
2642 4215 3031 4271 festivitatibus
3075 4213 3355 4285 duodecim
3402 4212 3737 4279 lectionum,

2149 4325 2488 4384 quaecunque
2513 4308 2740 4365 veniunt
2782 4307 2850 4363 ab
2894 4306 3074 4362 Idibus
3102 4303 3433 4376 Septembris
3472 4318 3646 4372 usque
3669 4303 3739 4357 ad

2150 4408 2630 4467 Resurreetionem
2656 4402 2893 4469 Domini,
2917 4402 3086 4458 semel
3119 4408 3322 4454 tantum
3354 4396 3602 4454 reficiant
3622 4396 3740 4451 fra-

475 4521 570 4569 tles
592 4480 844 4584 pecorum
887 4500 1227 4575 jejunarent?
1260 4518 1279 4551 ι
1313 4506 1418 4555 etc.
1452 4497 1634 4564 Deque
1679 4488 2032 4545 Avellaneusi:

2155 4510 2286 4568 tres,
2316 4499 2557 4568 exceptis
2579 4495 2830 4569 videlicet
2860 4494 2945 4549 his
2992 4489 3446 4553 solemnitatibus,
3494 4487 3739 4541 omnium

471 4580 645 4660 eretiii
684 4596 856 4655 servis
881 4608 1065 4663 opusc.
1097 4607 1183 4655 xv,
1212 4604 1333 4659 cap.
1358 4588 1411 4654 7,
1445 4585 1523 4640 sic
1547 4583 1749 4655 pariter
1779 4580 2044 4649 loquitur:

477 4715 497 4748 ε
537 4689 744 4749 Famuli
772 4698 1009 4757 quoque,
1039 4681 1127 4751 qui
1159 4679 1285 4732 huic
1320 4677 1436 4731 loco
1472 4673 1808 4738 deserviunt,
1829 4671 1895 4725 ab
1918 4669 2052 4724 assi-

473 4795 639 4857 gnajo
692 4779 795 4836 sibi
838 4772 1052 4830 vivendi
1094 4770 1284 4825 ordine
1315 4782 1421 4821 non
1448 4766 1707 4820 recedunt
1735 4781 1747 4817 :
1777 4763 1869 4833 qui
1894 4761 2053 4815 nimi-

477 4854 597 4931 rum
648 4887 743 4942 per
794 4868 958 4924 totius
1010 4862 1218 4919 annalis
1260 4858 1421 4930 spatii
1475 4871 1693 4912 cursum
1734 4854 1906 4909 tribus
1959 4868 2054 4922 per

481 4970 493 4982 ι
551 4970 561 4982 ι
604 4967 616 4982 ι
767 4964 801 4982 ιγ
826 4979 866 4982 η-
930 4959 1076 4982 ν12-ὶ,-.

1161 4964 1339 4982 ...ν-λη.
1391 4968 1452 4982 Λν
1490 4965 1642 4982 σὶὶΛΙΙΛ
1684 4948 1941 4982 ἷαῖηηῖηηνὶ
1996 4949 2051 4982 In

2159 4583 2502 4662 sanctorum,
2532 4594 2592 4650 S.
2630 4592 2870 4656 Martini,
2898 4610 2917 4644 ι
2953 4599 3059 4645 etc.

2228 4689 2294 4745 V.
2332 4688 2443 4743 Nec
2475 4697 2655 4741 tamen
2700 4685 2835 4739 adeo
2858 4682 3165 4751 frequentes
3208 4678 3565 4734 occurrebant
3612 4685 3742 4733 tunc

2160 4781 2416 4853 temporis
2442 4770 2769 4834 festivitates
2798 4773 3080 4830 duodecim
3131 4771 3422 4826 lectionum
3449 4766 3623 4824 oﬂieio
3646 4781 3741 4821 ce—

2160 4870 2450 4934 lebrandae,
2482 4885 2546 4924 ac
2576 4881 2718 4924 nunc
2758 4865 2960 4938 passim
3012 4863 3293 4926 habemus,
3320 4862 3413 4917 sed
3460 4858 3630 4914 multo
3656 4873 3745 4912 ra-

2465 4973 2544 4982 .-.-
2572 4959 2651 4982 1....
2682 4957 2810 4982 εσυ-...η
2839 4971 2942 4982 ..ησ-
2968 4967 3182 4982 anna-an-
3207 4953 3259 4982 :n
3291 4965 3475 4982 nhnnln
3524 4948 3659 4982 cinnl
3689 4947 3741 4982 ἶη
