3982 5350
209 197 268 252 37
1099 189 1634 250 PROLEGOMENA.
1677 217 1746 228 -—
1781 187 1866 244 DE
1905 185 2272 244 INSTITUTO
2300 187 2696 246 CAMALDUL.
3411 193 3482 250 58

213 281 494 384 “adimis
525 309 940 372 festivitatibus,
967 321 1088 378 qua:
1121 309 1190 364 ob
1233 304 1592 362 reverentiam
1621 303 1802 374 digni-
1829 315 1876 372 Α
1906 300 2120 372 publice
2168 301 2222 356 in
2272 301 2510 372 capitulo
2557 303 2932 374 suscipiendis,
2989 313 3099 361 tum
3131 308 3382 377 privatim
3421 311 3476 366 i'n

216 403 354 467 tatis,
381 403 594 457 mutari
639 417 750 456 non
797 407 1041 471 possunt.
1071 419 1090 453 ι
1127 399 1224 454 Cui
1271 405 1536 453 consonat
1583 395 1644 450 Β.
1693 394 1804 450 Ro-

216 493 444 563 dulphus
473 493 636 564 prior
657 489 898 547 Camald.
927 491 982 544 in
1007 489 1226 545 constit.
1246 487 1372 542 anni
1399 485 1560 552 i085,
1581 485 1798 540 dicens:

219 602 240 636 ‹
275 582 334 638 Si
355 595 506 648 vero,
549 591 612 637 ut
639 582 863 646 assolet,
913 581 1217 646 festivitas,
1249 579 1316 634 de
1367 593 1473 648 qua
1520 576 1802 632 duodecim

215 674 476 729 lectiones
533 688 698 744 agere
729 679 959 748 Oportet,
991 671 1046 725 in
1079 671 1165 726 his
1211 668 1364 724 feriis
1407 667 1632 739 (jejunio
1660 665 1804 722 scili-

215 773 304 818 cet
367 762 668 832 deputatis)
717 761 948 826 venerit,
997 773 1148 814 more
1191 758 1352 814 solito
1395 757 1474 813 sic
1507 755 1688 811 facere
1721 763 1805 812 est

219 850 554 908 consuetudo
579 869 594 904 :
621 851 668 906 si
693 849 858 906 fuerit
899 850 950 904 in
983 850 1222 904 secunda
1281 847 1414 902 feria
1438 887 1452 912 ,
1507 846 1803 916 perducere

221 959 336 998 eam
367 945 422 998 in
465 943 686 1000 tertiam
741 942 932 996 feriam
966 959 980 995 :
1014 943 1060 997 si
1089 941 1300 997 venerit
1335 941 1392 994 in
1421 949 1616 1010 quarta
1645 939 1799 1006 feria,

219 1036 518 1107 perducere
545 1037 602 1090 in
649 1036 894 1105 quintam
924 1057 936 1089 :
969 1044 1025 1090 et
1071 1035 1118 1090 si
1155 1033 1322 1090 fuerit
1357 1034 1410 1088 in
1451 1041 1604 1089 sexta
1643 1031 1800 1098 feria,

221 1127 488 1181 deducere
533 1125 590 1179 in
640 1124 972 1190 Sabbatum,
1025 1131 1080 1178 et
1136 1122 1414 1194 pulmento
1439 1123 1535 1187 uti,
1574 1131 1629 1178 et
1655 1123 1800 1176 vino.

223 1217 332 1272 Hoc
359 1225 544 1271 autem
571 1214 777 1271 factum
803 1225 886 1271 est
907 1215 1404 1286 propterjejunium
1421 1214 1804 1270 celebrandum

223 1308 272 1361 in
299 1307 561 1370 secunda,
585 1314 642 1361 et
667 1315 881 1375 quarta,
919 1315 975 1360 et
1003 1313 1155 1360 sexta
1195 1305 1355 1359 feria.
1387 1303 1498 1359 llas
1523 1313 1702 1359 autem
1725 1303 1804 1358 fe-

221 1391 505 1460 stivitates,
537 1394 594 1450 id
615 1402 704 1449 est
733 1395 902 1449 sancti
958 1394 1276 1462 Salvatoris,
1306 1402 1540 1465 quatuor
1561 1394 1802 1464 ejusdem

217 1485 528 1548 Genitricis,
557 1494 696 1552 etc.,
729 1501 1003 1556 nunquam
1034 1495 1266 1542 mutare.
1301 1505 1318 1538 ι

283 1577 367 1631 Ἦ.
393 1578 464 1631 At
486 1577 552 1632 de
579 1577 922 1632 abstinentiae
947 1577 1158 1632 ratione
1178 1577 1332 1634 satis.
1353 1576 1430 1631 De
1454 1575 1676 1646 reliquis
1695 1575 1802 1632 Ca-

1902 393 2091 450 cellula
2119 395 2334 449 sibimet
2359 395 2684 461 inferendis;
2715 397 2996 467 utriusque
3023 400 3193 453 eremi
3243 415 3478 456 consen-

1901 483 2003 550 sio,
2051 485 2309 554 explicari
2363 484 2452 539 vix
2509 494 2707 554 potest.
2757 485 2916 540 Enim
2945 501 3074 542 vero
3119 503 3184 543 ex
3237 488 3477 558 ejusdem

1901 574 2046 630 Petri
2081 575 2329 630 Damiani
2357 576 2618 646 epistolis,
2645 585 2700 632 et
2723 578 2996 646 opusculis
3023 579 3154 634 nihil
3181 583 3352 652 magis
3389 597 3480 638 re-

1901 667 2066 734 lucet,
2101 682 2263 738 quam
2295 667 2590 738 disciplinae
2615 669 2698 740 (ut
2726 669 2944 742 vocant)
2971 673 3323 738 consuetudo,
3369 673 3484 728 fer-

1901 761 2042 816 vidis
2089 761 2207 832 ejus
2255 761 2736 830 admonitionibus,
2787 773 3206 834 sanctorumque
3247 766 3485 836 discipu-

1903 852 2076 908 lorum
2099 869 2343 920 suorum,
2373 855 2427 910 in
2459 856 2649 925 primis
2673 871 2802 910 vero
2843 856 3106 912 Dominici
3135 856 3394 924 Loricati,
3425 869 3482 914 et

1903 945 2168 1017 Rodulphi
2199 947 2464 1020 Eugubini
2502 948 2739 1018 episcOpi
2779 947 2865 1018 (de
2891 949 3086 1019 quibus
3115 948 3207 1004 lib.
3237 967 3278 1014 ι,
3317 949 3478 1020 epist.

1904 1037 1975 1093 ad
2007 1039 2394 1107 Alexandrum
2446 1039 2490 1094 li
2527 1038 2698 1094 fusius
2745 1039 2876 1110 agit)
2909 1041 3170 1110 exemplis
3219 1043 3479 1107 stabilita,

1904 1129 2126 1184 dilatata
2141 1137 2194 1184 et
2212 1131 2472 1185 adversus
2491 1129 2881 1186 obtrectatores
2896 1131 3164 1198 quoslibet
3189 1131 3452 1186 vindicata
3465 1173 3480 1198 ,

1903 1219 2407 1276 Camaldulensibus
2429 1235 2560 1276 vero
2591 1221 2731 1275 hanc
2759 1222 2968 1290 pariter
2991 1222 3044 1276 in
3073 1237 3170 1276 usu
3197 1221 3362 1277 fuisse
3391 1239 3484 1292 pa-

1903 1317 1998 1374 tet,
2035 1321 2146 1366 tum
2175 1327 2241 1367 ex
2267 1311 2386 1366 Vita
2413 1311 2468 1366 S.
2513 1311 2797 1367 Romualdi
2827 1328 2946 1382 cap.
2977 1313 3064 1378 58,
3101 1313 3190 1367 ubi
3219 1313 3278 1368 B.
3307 1313 3480 1370 Guido
3549 1349 3552 1352 ι

1909 1415 1928 1450 ι
1956 1397 2145 1468 jussus
2193 1400 2423 1454 fuerata
2473 1401 2656 1471 priore
2701 1401 2890 1456 nescio
2920 1411 3050 1471 quot
3094 1417 3284 1472 scopas
3333 1405 3480 1460 acci-

1907 1503 2066 1560 pere;
2104 1510 2122 1544 ι
2154 1499 2208 1546 et
2235 1505 2358 1562 cap.
2387 1491 2454 1546 64
2470 1491 2560 1547 ubi
2589 1492 2674 1547 vel
2707 1510 2726 1542 ‹
2750 1492 2848 1562 ipsi
2879 1493 3266 1548 monachorum
3294 1493 3480 1548 famuli

1905 1581 2214 1651 disciplinas
2255 1581 2396 1636 inter
2445 1597 2502 1636 se
2545 1581 2772 1636 invicem
2827 1581 3129 1649 faciebant;
3170 1603 3188 1635 ι
3239 1593 3348 1637 tum
3404 1597 3471 1638 ex

217 1665 626 1720 maldulensium
655 1707 670 1731 ,
721 1665 1260 1736 Avellanitarumque
1323 1667 1602 1722 exercitiis
1661 1679 1800 1720 non-
1829 1677 1876 1737 Β
1904 1671 2379 1726 constitutionibus
2405 1673 2532 1725 anni
2567 1671 2704 1726 1080
2731 1673 2788 1726 Β.
2828 1671 3096 1743 Rodulplii
3127 1674 3325 1742 prioris
3355 1689 3478 1744 cap.

219 1745 354 1810 ulla
399 1757 610 1827 pariter
655 1757 996 1814 adnotcmus.
1065 1757 1265 1814 Pedum
1313 1759 1610 1813 nuditatem
1655 1773 1684 1812 a
1721 1757 1802 1812 di—

217 1848 434 1918 scipulis
453 1848 510 1903 S.
533 1849 822 1904 Romualdi
851 1850 1387 1916 observatam,notat
1419 1851 1710 1905 Damianus
1745 1851 1802 1905 in

217 1937 326 2006 ejus
359 1939 514 2002 Vita;
547 1955 672 1992 nam
703 1949 758 1994 et
785 1940 836 1992 in
865 1938 1038 1994 Pereo
1066 1939 1186 1994 illos
1219 1940 1376 1996 nobis
1399 1939 1658 1994 describit
1679 1955 1800 2008 cap.

215 2031 281 2084 26
313 2047 328 2084 :
359 2050 376 2082 ι
407 2029 674 2094 Inclusos,
705 2030 1082 2094 discalceatos,
1117 2031 1376 2096 incultos;
1413 2049 1430 2081 ι
1462 2039 1517 2084 et
1542 2031 1680 2100 apud
1715 2030 1804 2086 Si-

219 2125 376 2177 triam
425 2131 458 2176 t.
481 2130 658 2176 statur
684 2135 803 2192 cap.
841 2123 910 2176 64
939 2139 952 2174 :
989 2141 1008 2174 ‹
1040 2121 1242 2178 Omnes
1269 2123 1427 2177 nudis
1455 2121 1682 2191 pedibus
1721 2121 1802 2176 in-

217 2215 496 2280 cedentes,
532 2225 698 2282 atque
745 2213 978 2270 incultos
1009 2233 1028 2266 i
1061 2216 1343 2270 mansisse.
1391 2213 1556 2284 ldqne
1607 2215 1800 2269 reclusi

215 2305 410 2362 saltem
461 2308 708 2380 eremitai
743 2309 810 2361 ad
841 2308 955 2362 lucc
997 2323 1170 2379 usque
1223 2319 1464 2379 tempora
1511 2310 1804 2364 observare

213 2397 474 2466 jubeutur
509 2398 564 2452 in
595 2397 800 2468 Regula
837 2399 972 2452 Vitae
1011 2399 1308 2454 cremitica:
1338 2399 1488 2452 Pauli
1511 2398 1802 2453 Iustiniani

219 2501 334 2555 cap.
365 2485 456 2551 54,
509 2486 582 2540 ibi
614 2505 628 2540 :
668 2505 686 2538 ι
717 2485 888 2542 Nudis
915 2488 1140 2558 pedibus
1175 2502 1390 2556 semper
1429 2497 1799 2558 permaneant,

218 2591 386 2646 usque
413 2588 594 2631 tamen
625 2576 692 2630 ad
727 2577 864 2632 talos
889 2578 1094 2650 caligas
1137 2577 1280 2634 ferre
1307 2585 1578 2647 poterunt,
1611 2578 1654 2632 si
1700 2579 1804 2632 hoc

219 2671 378 2726 fuerit
406 2673 512 2726 sibi
554 2690 585 2726 a
631 2673 838 2744 majore
887 2689 986 2744 pro
1034 2675 1212 2742 aliqua
1257 2687 1419 2727 causa
1463 2687 1798 2731 concessum.

221 2760 510 2814 dummodo
561 2761 920 2817 discalceatos
956 2777 1172 2831 semper
1219 2761 1440 2816 omnino
1491 2762 1654 2830 pedes
1699 2762 1801 2816 lia-

221 2849 398 2907 beant.
429 2871 450 2904 ι
497 2851 702 2907 Omnes
731 2867 882 2918 vero,
917 2854 1102 2918 etiam,
1139 2861 1356 2922 apertos
1385 2854 1664 2918 crcmitas,
1686 2853 1802 2908 die-

223 2945 318 3001 bus
370 2945 720 3000 abstinentia:
781 2945 1069 3014 deputatis,
1119 2945 1468 3001 refectionem
1523 2947 1804 3017 suscipere

1905 1761 2009 1826 19,
2067 1761 2154 1815 ubi
2207 1761 2458 1824 habetur,
2515 1761 2660 1830 quod
2729 1763 2972 1818 ercmitae
3041 1764 3488 1820 Camaldulcnscs'

1910 1867 1928 1902 ε
1961 1851 2106 1904 omni
2137 1849 2418 1906 Dominico
2444 1853 2528 1906 die
2553 1852 2604 1905 iu
2637 1853 2876 1922 capitulo
2899 1856 3302 1920 convenientes,
3344 1867 3481 1926 prai-

1905 1941 2068 1996 missa
2096 1942 2472 1998 exhortatione
2499 1942 2760 2007 fraterna,
2790 1959 2846 1998 se
2884 1945 3112 1999 invicem
3143 1946 3340 2001 debent
3387 1963 3480 2003 ac-

1905 2047 2094 2086 cusare
2127 2033 2486 2089 cliaritative:
2529 2044 2802 2103 postremo
2841 2037 3110 2090 communi
3145 2037 3484 2096 confessione

1903 2125 2202 2192 praemissa,
2253 2125 2535 2182 verberum
2570 2125 2708 2180 ictus
2738 2141 2899 2195 super
2926 2128 3067 2181 nuda
3097 2129 3334 2184 membra
3361 2145 3479 2185 sus-

1903 2215 2142 2284 cipiunt,
2172 2229 2278 2268 non
2311 2224 2419 2270 tam
2450 2231 2614 2272 causa
2635 2215 2914 2270 cruciandi
2939 2225 3189 2285 Corpora,
3227 2233 3348 2272 cum
3377 2219 3480 2273 sibi

1903 2309 2154 2379 graviora
2193 2309 2244 2362 in
2272 2307 2480 2363 cellulis
2509 2308 2770 2378 supplicia
2804 2307 3067 2378 inﬂigunt,
3107 2325 3267 2380 quam
3298 2311 3478 2366 studio

1905 2399 2098 2455 divinae
2143 2401 2426 2470 passionis,
2462 2408 2518 2454 et
2561 2401 2885 2456 humilitatis
2933 2402 3174 2472 exempla
3214 2404 3480 2468 sectandi,

1901 2491 1970 2544 ad
1993 2490 2366 2546 confusionem
2397 2491 2556 2554 illius,
2584 2492 2674 2561 qui
2699 2499 2780 2546 est
2809 2507 2902 2546 rex
2932 2493 3197 2561 superbiae
3223 2510 3236 2558 ;
3277 2513 3297 2546 ι
3335 2501 3390 2548 et
3415 2494 3480 2548 de

1901 2584 2082 2654 priore
2112 2583 2538 2638 Camaldnlensis
2568 2585 2734 2637 eremi
2763 2585 2844 2638 sic
2874 2585 3062 2638 statuit
3089 2599 3207 2655 cap.
3249 2585 3351 2640 53:
3381 2604 3400 2636 ε
3423 2583 3482 2639 In

1903 2675 2140 2743 capitulo
2163 2689 2286 2728 cum
2317 2674 2574 2728 fratribus
2601 2689 2742 2744 saepe
2774 2675 3081 2738 conveniat,
3108 2684 3161 2729 et
3193 2675 3486 2743 praemissis

1906 2765 2203 2830 metanzeis,
2233 2779 2358 2818 suos
2385 2763 2708 2818 confiteatur
2731 2779 3010 2826 excessus,
3040 2773 3099 2817 nt
3135 2765 3247 2834 ipse
3273 2779 3304 2818 a
3339 2765 3484 2821 vitiis

1904 2857 1997 2912 fiat
2023 2855 2359 2920 emendatus,
2385 2864 2440 2910 et
2467 2855 2585 2910 aliis
2615 2855 3005 2911 emendationis
3039 2853 3268 2910 formam
3302 2865 3486 2910 osten-

1905 2947 2013 3000 dat.
2039 2966 2056 2998 ι
2103 2945 2202 3002 Cui
2225 2961 2332 3000 non
2365 2946 2626 3000 dissimile
2652 2953 2734 3000 est
2775 2945 2918 2998 Petri
2948 2946 3190 2999 Damiani
3221 2947 3482 3002 monitum

225 3038 568 3094 consuevissc
615 3038 668 3092 in
701 3039 936 3107 propriis
964 3038 1114 3094 cellis
1141 3057 1160 3090 ι
1183 3039 1356 3093 nudis
1387 3039 1610 3108 pedibus
1641 3055 1804 3110 super
1829 3027 1874 3090 C
1906 3036 1974 3091 ad
2015 3035 2288 3090 Avellanai
2329 3037 2566 3105 priorem
2610 3049 2796 3104 epusc.
2821 3051 2910 3095 xv.
2955 3051 3076 3106 cap.
3110 3035 3200 3099 5-1,
3241 3037 3328 3090 ubi
3360 3037 3435 3089 ait
3470 3055 3484 3089 :

221 3133 524 3202 pavimento
550 3137 830 3201 sedentes,
865 3153 884 3186 ι
930 3136 1084 3189 docet
1132 3135 1194 3188 Β.
1227 3136 1548 3204 Rodulplius
1575 3136 1628 3189 in
1667 3151 1802 3190 con-

225 3225 390 3279 stitui.
422 3225 548 3278 anni
585 3223 742 3289 1080,
779 3239 898 3294 cap.
928 3223 1021 3290 20,
1051 3225 1304 3294 idemque
1338 3225 1676 3280 Justinianus
1699 3225 1800 3280 loc.

225 3317 310 3370 cit.
337 3333 458 3387 cap.
487 3317 560 3371 52
609 3327 664 3372 et
703 3317 772 3370 58
820 3318 1124 3396 confirmat.
1157 3315 1236 3376 De
1265 3317 1580 3373 Avellanitis
1625 3325 1804 3373 autem

223 3410 462 3461 canalem
495 3408 838 3478 disciplinam
875 3411 1038 3463 tradit
1067 3409 1261 3464 Petrus
1297 3409 1588 3465 Damianus
1617 3425 1802 3480 opusc.

226 3513 310 3552 liv
330 3508 384 3553 et
418 3515 508 3564 xv,
542 3513 664 3569 cap.
697 3501 784 3566 ll,
835 3500 1022 3556 dicens
1052 3519 1064 3553 :
1114 3520 1132 3550 ι
1173 3501 1306 3556 lllud
1355 3503 1519 3556 etiam
1563 3517 1668 3556 non
1701 3503 1806 3556 mi-

225 3589 362 3644 nima
393 3605 526 3658 pars
555 3591 888 3660 poenitentiae
917 3599 1022 3657 cst,
1057 3592 1202 3660 quod
1225 3593 1370 3646 omni
1404 3602 1666 3662 tempore,
1693 3593 1808 3648 sive

223 3689 424 3748 atstate,
457 3682 576 3736 sive
605 3682 806 3746 hieme,
839 3696 945 3738 non
981 3681 1202 3748 calceis,
1235 3697 1341 3737 non
1369 3684 1544 3738 ocreis
1581 3693 1810 3738 utuntur

225 3768 274 3822 in
324 3769 558 3834 cellulis,
591 3771 686 3825 sed
741 3771 899 3826 nudis
945 3787 1159 3841 semper
1189 3774 1442 3828 cruribus
1473 3783 1529 3827 et
1582 3775 1808 3841 pedibus

223 3863 556 3914 consuetudo
601 3869 686 3916 est
725 3875 1068 3930 permanere,
1110 3865 1354 3933 exceptis
1399 3865 1506 3930 his,
1536 3865 1627 3934 qui
1657 3866 1804 3936 gravi

225 3948 472 4004 molestia
503 3949 840 4005 infirmitatis
869 3963 1150 4022 urgentur.
1182 3973 1200 4005 ι

291 4041 400 4096 Vll.
447 4041 508 4098 In
555 4044 838 4100 metanacis
887 4055 1091 4108 autent,
1137 4047 1410 4118 palmatis,
1485 4047 1805 4116 disciplinis,

229 4134 454 4205 aliisque
483 4137 590 4206 piis
621 4137 926 4208 hujusmodi
953 4139 1230 4194 exercitiis
1254 4149 1489 4209 quantus
1518 4142 1808 4212 utrobique

229 4223 406 4281 fervor
451 4238 619 4294 esset,
679 4228 1030 4299 intelligimus
1075 4246 1142 4285 ex
1183 4231 1466 4301 Rodutpbo
1512 4231 1692 4301 priore
1750 4234 1802 4287 in

236 4318 716 4375 constitutionibus
741 4323 870 4375 anni
907 4321 1040 4376 1085
1070 4322 1136 4376 de
1170 4324 1282 4378 suis
1309 4321 1808 4378 Camaldulensibus

1911 3145 1930 3180 ‹
1957 3133 2062 3186 Aut
2099 3143 2396 3200 nunquam,
2431 3137 2525 3182 aut
2553 3143 2678 3182 raro
2728 3129 3022 3197 capitulum
3073 3144 3194 3182 cum
3225 3127 3486 3183 fratribus

1906 3221 2229 3284 celebretur,
2261 3235 2367 3290 quo
2393 3221 2556 3274 missa
2589 3227 2871 3284 metanaca,
2907 3227 2958 3272 te
2988 3233 3088 3273 non
3119 3233 3361 3273 accuses.
3393 3238 3410 3268 ι

1979 3313 2110 3370 Vill.
2143 3313 2418 3386 Ejusmodi
2471 3327 2636 3382 porro
2685 3313 2941 3366 exercitia
2981 3311 3226 3380 utrisque
3261 3327 3368 3364 non
3421 3327 3490 3364 ex

1911 3403 2144 3475 imperio
2175 3404 2575 3468 indicebantur,
2606 3404 2698 3457 sed
2724 3401 2962 3472 cujusvis
2995 3402 3222 3456 arbitrio
3251 3401 3483 3469 relinqui

1905 3502 2317 3550 consueverant.
2351 3491 2482 3546 Nam
2513 3493 2577 3548 de
2603 3493 2722 3546 suis.
2743 3492 3062 3545 Avellanitis
3082 3493 3158 3545 ait
3189 3493 3482 3546 Damianus

1905 3603 2088 3657 Opusc.
2123 3601 2211 3650 xv,
2241 3601 2359 3654 cap.
2393 3587 2459 3641 l8
2507 3603 2520 3638 :
2570 3603 2588 3636 ‹
2617 3584 2796 3654 Super
2826 3585 3106 3638 metanmis
3138 3598 3286 3648 vero,
3321 3583 3487 3638 disci-

1907 3678 2090 3749 plinis,
2142 3687 2303 3747 atque
2356 3676 2628 3744 palmetis,
2675 3675 2792 3728 sive
2830 3673 2996 3728 etiam
3034 3674 3270 3728 brachiis
3303 3683 3492 3727 exten-

1909 3769 2100 3825 dendis
2159 3769 2212 3824 in
2261 3767 2618 3831 orationibus,
2671 3765 2990 3834 cretei-isque
3045 3765 3218 3818 sancti
3265 3763 3494 3820 fervoris

1908 3860 2201 3926 exercitiis,
2237 3857 2380 3912 nulla
2428 3856 2652 3911 fratrem
2699 3857 2818 3927 lege
2854 3855 3304 3926 constringimus,
3353 3855 3483 3924 quin

1908 3949 2088 4018 potius
2141 3963 2252 4004 sua:
2300 3947 2685 4002 committenda
2721 3946 3050 4017 provisiouis
3099 3947 3327 4001 arbitrio
3346 3945 3492 4014 judi-

1910 4057 2118 4098 camus.
2151 4042 2288 4097 Sunt
2312 4041 2478 4108 enim,
2511 4042 2707 4111 quibus
2726 4042 2918 4096 horum
2948 4039 3140 4110 aliquae
3163 4054 3268 4094 non
3298 4053 3496 4094 conve-

1911 4135 2102 4200 niunt;
2136 4143 2298 4204 atque
2321 4133 2442 4188 ideo
2480 4141 2650 4187 tutum
2693 4131 2930 4198 videtur,
2957 4139 3120 4200 atque
3152 4130 3388 4194 liberius,
3434 4136 3496 4182 ut

1911 4227 1964 4280 in
1997 4225 2196 4281 talibus
2223 4225 2399 4296 magis
2439 4225 2587 4294 optio
2616 4233 2968 4293 prepoualur,
3005 4237 3168 4292 quam
3215 4221 3492 4275 definitiva

1912 4318 2110 4388 regula:
2126 4307 2390 4372 sententia
2414 4315 2817 4386 prmscribatur.
2845 4335 2861 4366 ι
2891 4315 2967 4369 De
2991 4309 3496 4369 Camaldulensibus

237 4411 310 4466 sic
345 4413 600 4481 loquente
633 4431 646 4466 :
703 4432 720 4463 ι
743 4411 878 4466 Nam
909 4414 1030 4481 quis
1058 4414 1218 4484 digne
1250 4430 1474 4468 narrare
1515 4415 1687 4468 valeat
1722 4430 1804 4480 ea,
1839 4385 1886 4445 ί)
1915 4385 2042 4462 vero
2071 4408 2212 4462 idem
2257 4385 2571 4477 liodulphus
2595 4405 2716 4460 loco
2744 4406 2834 4459 cit.
2869 4419 2986 4473 cap.
3018 4405 3104 4470 55,
3137 4406 3215 4460 sic
3257 4405 3446 4460 scribit
3476 4421 3492 4457 :

233 4518 346 4572 quae
373 4505 532 4572 hujus
575 4504 748 4560 eremi
799 4505 990 4560 fratres
1021 4521 1120 4576 per
1167 4523 1328 4561 onme
1379 4517 1590 4578 tempus
1634 4508 1810 4562 solent

238 4609 406 4664 agere,
443 4595 710 4651 bonorum
752 4594 960 4652 scilicet
1005 4613 1264 4667 Operam;
1299 4599 1350 4652 id
1392 4609 1476 4652 est
1524 4598 1664 4652 ictus
1689 4613 1810 4652 sco-

237 4697 438 4750 parum,
469 4685 846 4740 discurrentes
869 4685 1158 4758 lacrynias,
1187 4686 1610 4742 innumerabiles
1643 4695 1812 4740 meta-

239 4787 390 4837 nteas,
444 4775 692 4830 cordium
749 4776 1002 4846 suspiria,
1057 4777 1375 4831 continuam
1433 4776 1810 4846 psalmodiam,

237 4867 524 4926 orationum
553 4868 900 4934 instantiam,
933 4885 1116 4925 sacras
1143 4869 1398 4938 vigilias?
1425 4881 1450 4922 ‘i
1490 4876 1596 4924 etc.
1643 4869 1708 4923 Et
1742 4883 1810 4924 ex

239 4955 385 5016 Petro
433 4961 692 5017 Damiani
739 4975 921 5030 opusc.
954 4979 1048 5017 xw
1083 4963 1150 5017 de
1197 4961 1517 5019 Avellanitis
1556 4961 1634 5017 sic
1679 4962 1814 5018 scri-

239 5049 382 5112 bente
410 5071 424 5112 :
471 5077 490 5110 ‹
519 5059 578 5112 lu
613 5054 838 5112 caeteris
877 5067 1052 5113 autem
1086 5055 1384 5124 spiritualis
1416 5055 1662 5112 exercitii
1693 5065 1811 5110 stu—

235 5143 344 5213 diis,
369 5163 489 5218 quae
517 5149 592 5203 sit
626 5145 874 5202 continui
929 5147 1158 5204 fervoris
1203 5147 1480 5216 instantia,
1512 5161 1634 5219 quae
1661 5147 1810 5203 solli-

231 5239 418 5308 citudo,
469 5256 642 5312 quam
693 5225 842 5308 vigil,
895 5252 948 5294 et
997 5251 1226 5312 operosa
1275 5242 1600 5314 frequentia,
1649 5242 1812 5296 timeo

239 5328 332 5350 12-.
548 5334 562 5350 I
599 5347 654 5350 __
690 5339 862 5350 .__--_._
953 5335 1021 5350 -ι-
1067 5333 1220 5350 ι·---.
1360 5340 1370 5350 ι
1453 5346 1460 5350 .
1550 5343 1560 5350 .
1689 5343 1700 5350 Α
1747 5333 1784 5350 ι’

1920 4517 1940 4554 t
1977 4501 2034 4555 In
2067 4502 2344 4556 metanmis
2379 4505 2530 4562 vero,
2560 4508 2616 4554 et
2647 4499 2916 4568 palmetis,
2943 4498 3025 4551 vel
3057 4513 3340 4567 scoparum
3375 4496 3486 4550 icti-

1914 4593 2040 4660 bus,
2069 4591 2296 4662 aliisque
2337 4591 2606 4645 similibus
2647 4589 2943 4658 obsequiis,
2985 4589 3070 4642 vel
3101 4586 3370 4656 operibus,
3403 4599 3496 4640 seu.

1919 4685 2193 4750 artificiis,
2225 4683 2456 4754 quisque
2487 4683 2646 4738 debet
2674 4683 2936 4744 exerceri,
2965 4687 3124 4750 prout
3155 4677 3380 4732 facultas
3417 4685 3500 4731 tu-

1915 4779 2059 4844 lerit,
2077 4777 2158 4832 vel
2187 4777 2391 4830 utilitas
2421 4774 2676 4838 suaserit,
2705 4791 2800 4829 seu
2823 4774 3002 4828 divina
3021 4769 3500 4840 inspiraveritgra-

1919 4873 1994 4928 tia
2021 4891 2032 4926 :
2067 4872 2120 4926 in
2155 4869 2350 4924 talibus
2379 4872 2522 4925 enim
2543 4867 2850 4922 voluntaria
2875 4861 3372 4925 snadeturoblatio,
3397 4875 3501 4912 non

1919 4964 2130 5021 coactio
2148 4949 2444 5030 imponitur
2463 4980 2477 5030 ;
2499 4958 2936 5028 unusquisquein
2959 4957 3059 5009 hac
3081 4965 3234 5024 parte
3256 4967 3382 5007 suas
3399 4965 3506 5004 me-

1921 5059 2088 5113 tiatur
2105 5056 2264 5117 vires,
2289 5063 2568 5128 computet
2590 5061 2857 5122 sumptus,
2881 5049 3192 5107 moderetur
3215 5044 3456 5100 affectus.
3483 5059 3502 5092 ι

1991 5147 2082 5203 ῘΧ·
2125 5145 2252 5210 Quae
2285 5159 2420 5204 vero
2459 5141 2703 5202 eremitis
2744 5147 3028 5213 utriusque
3078 5131 3510 5208 congregationis
3565 5207 3570 5212 θ

1919 5238 2194 5298 communi
2219 5236 2338 5305 lege
2367 5237 2684 5311 praescripta
2717 5247 2895 5303 erant,
2925 5234 3112 5290 eadem
3139 5227 3504 5285 nihilominus.

1927 5331 2004 5350 1-1
2028 5330 2238 5350 -1:.....-..-
2269 5343 2374 5350 _-__
2469 5343 2516 5350 -_
2589 5326 2812 5350 .I:-....-._.
2861 5323 3249 5350 ,ιε-..ιιηηηιζιιηη
3283 5331 3380 5350 nrn
3417 5327 3510 5350 ειπ-

2093 5341 2238 5350 ...ρ--..Α
2269 5343 2374 5350 —-__
2469 5343 2516 5350 Α.
2589 5341 2812 5350 ι..-..-.-ι..
2861 5341 2964 5350 ;;-.-
