3982 5350
475 303 545 361 ss
1370 298 1428 356 s.
1466 295 1741 356 remus
1774 288 2129 352 DAMIANUS
2161 289 2220 350 s.
2260 291 2327 350 n.
2370 291 2434 351 E.
2457 293 2885 369 canemus.
3677 308 3753 368 ιο

474 420 813 480 suetudinem
870 417 1130 489 paulatim
1180 415 1331 472 abire
1377 415 1733 484 contingeret.
1792 410 2057 466 Audiatur
2086 414 2132 474 Α
2161 410 2406 481 psalmis,
2438 422 2567 469 tunc
2613 415 2813 480 dicitur
2873 434 2886 470 :

477 512 767 567 Damianus
795 524 981 580 opusc.
1011 522 1102 572 xv,
1131 521 1249 574 cap.
1296 502 1399 559 l6:
1439 523 1457 555 ‹
1479 502 1539 558 Si
1592 517 1771 567 unus,
1792 509 1887 556 aut
1942 499 2054 555 l'or-

476 613 619 657 tasse
646 600 828 670 plures
874 598 1133 667 indigent,
1163 594 1307 665 quod
1334 593 1394 658 ii,
1423 592 1516 662 qui
1564 590 1865 646 incolumes
1906 597 2053 654 sunt,

474 707 696 748 necesse
738 704 844 745 non
887 687 1108 745 habent.
1140 686 1281 741 clam
1324 682 1596 748 videlicet,
1625 689 1682 737 et
1713 679 1923 736 occulte
1977 680 2057 735 sic

473 783 702 840 inﬁrmis
730 781 818 853 pia
846 780 1164 836 exhibentur
1203 775 1533 842 humanitas,
1565 783 1626 829 ut
1645 773 1912 839 valentes,
1939 771 2056 827 sine

474 872 692 929 invidia:
726 872 962 934 stimulo,
994 857 1071 925 -in
1120 868 1201 924 sui
1250 867 1445 938 rigoris
1487 872 1844 937 permaneant
1891 863 2057 919 disci-

470 960 615 1032 plina
646 979 659 1015 :
694 974 870 1030 neque
917 958 1059 1013 enim
1092 970 1318 1012 necesse
1345 963 1448 1021 cst,
1479 955 1621 1025 quod
1652 954 1741 1007 uni
1771 967 1930 1008 casus
1978 952 2051 1006 ir-

471 1059 646 1125 rogat,
675 1050 816 1107 illico
845 1048 1092 1120 regulare
1119 1046 1369 1104 omnibus
1411 1045 1523 1100 ﬂat.
1557 1064 1575 1098 ι
1607 1043 1707 1099 Cui
1743 1042 1804 1097 Β.
1849 1042 2053 1097 Rodul-

468 1143 609 1215 phus
641 1141 720 1196 sic
769 1147 1037 1196 consonat
1084 1138 1137 1192 in
1180 1145 1357 1193 const.
1392 1135 1518 1191 anni
1568 1134 1727 1201 1080,
1779 1148 1899 1204 cap.
1944 1131 2049 1186 50:

476 1253 495 1287 ‹
532 1234 808 1290 Debilibus
837 1242 1040 1298 autem,
1071 1240 1127 1286 et
1166 1227 1526 1285 tenerioribus
1564 1226 1608 1283 si
1636 1242 1741 1297 qua
1766 1224 2052 1296 dispensa-

470 1329 546 1385 tio
575 1329 631 1384 in
660 1327 951 1392 alimentis,
989 1334 1082 1379 ant
1110 1323 1352 1379 vestibus
1382 1319 1688 1376 necessaria
1712 1319 1805 1385 sit,
1838 1317 2054 1389 sapien-

470 1431 554 1478 ter
577 1430 633 1476 et
663 1430 823 1487 caute
852 1420 968 1474 fieri
1007 1419 1187 1481 debet,
1217 1424 1276 1470 ut
1296 1416 1368 1469 ita
1401 1413 1764 1484 indigentibus
1794 1411 2058 1481 exhibea-e

468 1522 561 1569 tur
580 1514 669 1584 pia
697 1511 968 1575 discretio,
998 1525 1068 1565 ne
1113 1508 1238 1563 inde
1273 1506 1588 1563 fortioribus
1620 1505 1780 1561 noxia
1831 1517 2055 1575 genere-

468 1614 558 1659 tur
583 1602 867 1659 dissolutio
892 1619 905 1656 :
944 1616 1069 1656 nam
1100 1597 1373 1669 specialis,
1400 1596 1485 1652 vel
1512 1595 1801 1668 singularis
1831 1587 2055 1650 conces-

469 1694 551 1750 sio
578 1708 685 1748 non
711 1690 1032 1753 debettrahi
1061 1688 1129 1744 ad
1152 1687 1591 1756 consequentiam
1618 1693 1966 1747 czeterorutn,
1983 1694 2050 1735 ue

2958 414 3025 471 Te
3062 414 3232 471 Deum
3274 413 3492 474 Patrem
3541 421 3749 492 ingeni-

2159 512 2291 568 tum,
2322 501 2391 559 Te
2416 502 2614 559 Filium
2632 507 2976 577 unigenitum,
3010 507 3081 563 Te
3102 507 3363 578 Spiritum
3381 496 3626 569 sanetum
3649 531 3751 585 pa-

2161 592 2431 658 racletum,
2450 605 2686 650 sanctam
2700 606 2748 651 et
2764 598 3089 653 individuam
3110 597 3441 666 Trinitatem,
3457 609 3568 658 toto
3584 605 3750 665 corde

2158 692 2206 737 et
2240 700 2329 738 ore
2362 685 2709 755 conﬁtemur,
2737 688 3016 744 laudamus
3042 698 3196 761 atque
3233 690 3620 759 benedicimus,
3647 695 3747 751 tibi

2157 773 2326 845 gloria
2351 777 2405 832 in
2429 778 2644 832 saecula.
2676 783 2860 834 Amen.
2890 779 3134 846 Domine,
3177 780 3316 836 Deus
3339 784 3394 837 in
3413 783 3747 853 adiutorium

2158 880 2331 919 meum
2357 866 2586 932 intende,
2616 866 2840 922 Domine
2882 868 2951 922 ad
2986 869 3343 938 adjuvandum
3391 887 3474 927 me
3499 871 3697 942 festina
3726 890 3747 936 ;

2171 954 2582 1026 Confundantur
2617 968 2666 1012 et
2713 970 3045 1017 revereantur
3073 960 3272 1014 inimici
3302 963 3426 1033 mei,
3466 963 3558 1033 qui
3597 978 3750 1034 quee-

2157 1058 2278 1101 runt
2305 1048 2538 1102 animum
2569 1065 2757 1104 meam.
2784 1050 3012 1121 Adjutor
3042 1066 3207 1117 meus,
3236 1060 3283 1105 et
3321 1051 3573 1106 liberator
3596 1069 3748 1109 metu

2158 1149 2290 1205 esto,
2320 1140 2563 1208 Domine,
2588 1158 2650 1197 ne
2671 1143 2980 1197 tardaveris.
3008 1141 3192 1197 Gloria
3224 1140 3400 1208 Patri,
3429 1154 3475 1199 et
3501 1142 3668 1211 Filio,
3695 1155 3745 1200 et

2159 1226 2379 1299 Spiritui
2406 1240 2607 1286 sancto.
2656 1231 2775 1300 Quo
2838 1232 3031 1302 linith
3083 1248 3272 1289 rursus
3308 1233 3509 1290 dicitur
3553 1253 3566 1289 :
3632 1237 3746 1291 Ad-

2147 1317 2411 1387 jutorium
2463 1330 2703 1374 nostrum
2734 1320 2789 1375 in
2833 1322 3040 1376 nomine
3089 1322 3324 1378 Domini.
3378 1323 3507 1381 Haec
3571 1325 3746 1397 igitur

2154 1426 2251 1481 per
2280 1412 2622 1483 quinquenos
2652 1413 2887 1483 psalmos
2925 1413 3238 1471 alternatim
3279 1430 3492 1487 semper
3531 1418 3746 1474 addun-

2157 1509 2265 1568 tur,
2303 1503 2476 1559 donec
2514 1504 2855 1574 psalterium,
2903 1520 3026 1562 cum
3070 1506 3241 1562 tribus
3290 1505 3740 1570 Dominicalibus,

2154 1606 2390 1648 necnon
2436 1602 2492 1648 et
2538 1594 2700 1649 totius
2743 1595 3090 1652 hebdomadas
3141 1596 3390 1660 canticis,
3425 1598 3739 1669 expleatur.

2154 1682 2252 1739 His
2284 1683 2451 1739 etiam
2476 1700 2581 1739 non
2609 1684 2887 1755 neglectis,
2917 1700 3039 1755 qua:
3062 1686 3117 1741 iu
3139 1684 3247 1741 line
3271 1685 3516 1756 psalterii
3548 1687 3745 1745 viden-

469 1783 535 1840 de
562 1782 742 1847 unius,
776 1780 857 1836 vel
903 1793 1199 1851 paucorum
1231 1775 1563 1847 indulgentia
1596 1782 1852 1830 nascatur
1884 1772 2051 1844 pluri-
2082 1769 2129 1829 Β
2158 1784 2246 1830 tur
2293 1774 2535 1846 adiecta,
2578 1777 2865 1833 videlicet:
2899 1777 2968 1832 Te
3015 1777 3180 1832 Deum
3215 1777 3532 1845 laudamus;
3578 1780 3746 1834 Nunc

468 1888 681 1930 morum
708 1871 1023 1925 enormitas.
1060 1888 1078 1920 ι
1960 1930 1965 1935 η

539 1964 607 2019 Χ.
647 1963 765 2020 Νοιι
796 1963 971 2018 minor
1020 1962 1074 2016 in
1112 1959 1399 2031 disciplina
1452 1955 1716 2030 psallendi
1767 1955 2052 2012 consensio

468 2060 756 2129 utriusque
779 2055 997 2111 familiae
1020 2054 1297 2110 observari
1328 2060 1522 2123 potest.
1549 2050 1756 2119 Duplex
1785 2048 1891 2103 illis
1911 2047 2059 2118 psal-

475 2154 655 2208 modia
692 2152 747 2206 in
780 2166 881 2204 usu
913 2158 1050 2213 erat,
1084 2148 1313 2218 privata,
1360 2154 1415 2199 et
1458 2143 1692 2213 publica.
1724 2141 1817 2196 llla
1847 2139 2056 2194 duobus

467 2241 742 2319 psalteriis
754 2239 1153 2302 continebatur,
1171 2250 1399 2305 quorum
1415 2234 1644 2288 alterum
1660 2246 1758 2302 pro
1780 2231 1916 2286 vivis
1929 2244 2051 2286 cum

469 2329 862 2402 adiectionibus
884 2326 1172 2391 nonnullis,
1200 2339 1335 2395 quas
1386 2324 1447 2378 S.
1496 2321 1833 2377 Romualdns
1858 2319 2051 2391 apponi

461 2420 719 2490 iusserat,
746 2416 987 2487 quotidie
1031 2414 1357 2478 recitabant,
1388 2411 1614 2466 alterum
1636 2426 1734 2480 pro
1761 2408 2049 2473 defunctis,

469 2512 791 2585 quandoque
810 2519 1006 2575 totum,
1018 2507 1343 2578 quandoque
1355 2522 1421 2560 ex
1439 2502 1847 2576 parte,singulis
1864 2502 2053 2557 diebus

468 2605 664 2676 singuli
690 2604 744 2658 in
769 2601 882 2658 suis
912 2600 1120 2657 cellulis
1147 2598 1562 2669 persolvebant;
1597 2596 1674 2649 ait
1693 2595 1839 2649 enim
1861 2593 1924 2647 B.
1951 2592 2055 2647 Ro-

468 2695 700 2767 dulphus
734 2694 792 2749 in
833 2691 1050 2749 constit.
1081 2690 1209 2745 anni
1234 2688 1401 2769 '1080,
1432 2701 1553 2756 cap.
1590 2684 1700 2741 35:
1741 2702 1759 2735 ‹
1791 2683 1907 2739 Duo
1947 2684 2050 2738 ita-

471 2804 578 2861 que
605 2787 859 2859 psalleria
884 2799 1008 2840 cum
1043 2780 1438 2863 adiectionibus
1497 2777 1613 2833 suis
1663 2776 1770 2864 (itte
1805 2774 1933 2846 quid
1967 2789 2055 2831 es-

480 2887 602 2937 sent
622 2895 686 2934 ex
719 2877 981 2933 Damiano
1012 2872 1153 2928 infra
1184 2868 1565 2942 intelligemus)
1614 2884 1712 2939 per
1772 2877 2056 2937 utramque

471 2968 949 3040 Quadragesimam
975 2966 1205 3035 quisque
1224 2962 1393 3017 frater
1413 2976 1510 3031 per
1530 2959 1774 3031 singulos
1795 2960 1910 3014 dies
1930 2972 2058 3029 per-

467 3062 684 3123 solvat:
731 3061 790 3116 in
834 3058 955 3115 aliis
984 3072 1113 3113 vero
1163 3054 1517 3126 temporibus,
1567 3067 1737 3109 unum
1777 3066 1877 3123 pro
1913 3050 2053 3105 vivis

2156 1868 2376 1923 dimittis
2420 1885 2624 1945 servum
2668 1879 2849 1936 tuum;
2892 1869 3095 1925 duobus
3127 1869 3421 1939 Symbolis;
3461 1869 3647 1926 Gloria
3670 1860 3747 1925 'iss

2155 1956 2374 2013 excelsis
2432 1957 2577 2023 Deo;
2642 1958 2803 2014 Pater
2870 1968 3063 2024 noster,
3119 1974 3237 2013 cum
3258 1959 3363 2027 fide
3436 1960 3744 2026 catholica;

2153 2057 2429 2119 postremo
2464 2048 2691 2104 Litania:
2730 2066 2852 2104 cum
2884 2049 3206 2104 orationibus
3250 2050 3367 2106 hinc
3395 2049 3581 2106 omnia
3612 2065 3748 2107 con-

2156 2149 2311 2199 sueto
2347 2139 2453 2193 fine
2476 2139 2822 2199 concludunt.
2865 2160 2883 2192 ο
3437 2142 3441 2146 ’

2225 2231 2317 2287 XI.
2355 2231 2623 2288 Praeterea
2664 2248 2733 2288 ex
2764 2232 3105 2288 institutione
3154 2232 3394 2304 eiusdem
3442 2232 3590 2288 Petri
3636 2231 3749 2288 Da-

2155 2311 2340 2390 miani,
2395 2325 2455 2380 Β.
2513 2324 2696 2381 Mariae
2742 2326 2966 2397 virginis
3005 2324 3274 2392 Ollicium,
3327 2327 3414 2383 vel
3466 2325 3521 2383 in
3572 2327 3749 2383 choro

2155 2416 2533 2483 communiter,
2559 2416 2646 2471 vel
2681 2418 3050 2487 unusquisque
3074 2418 3327 2488 privatim
3358 2418 3414 2472 in
3450 2433 3549 2474 sua
3577 2419 3745 2484 cella,

2155 2505 2398 2574 quotidie
2467 2506 2767 2561 recitabant
2816 2508 3103 2578 utriusque
3146 2508 3250 2563 loci
3296 2516 3630 2575 sectatores,
3683 2517 3753 2577 ut

2156 2596 2426 2668 colligitur
2470 2614 2535 2653 ex
2566 2596 2810 2665 eiusdem
2856 2598 3107 2655 Damiani
3137 2600 3257 2655 Vita
3283 2614 3406 2670 cap.
3436 2599 3528 2666 15,
3568 2607 3627 2657 et
3671 2615 3745 2656 ex

2154 2690 2386 2769 epist_52
2402 2690 2526 2745 libri
2554 2707 2629 2756 vt,
2661 2691 2751 2746 ubi
2777 2699 2833 2746 et
2853 2692 3240 2748 monasterium
3270 2691 3330 2746 S.
3354 2688 3632 2748 Vineentii
3657 2692 3747 2747 di-

2153 2782 2357 2837 vinitus
2387 2780 2641 2838 aﬂlictum
2671 2793 2878 2848 narrat,
2908 2784 2979 2840 ob
3025 2783 3396 2839 intermissum
3442 2783 3505 2838 B.
3552 2782 3747 2840 Maria:

2155 2873 2383 2944 virginis
2407 2874 2780 2942 quotidianum
2802 2874 3134 2945 Ollicium,ab
3154 2875 3272 2945 ipso
3290 2874 3623 2941 institutum,
3639 2889 3750 2930 nec

2156 2966 2259 3023 nisi
2286 2976 2410 3038 post
2429 2977 2706 3039 peractam
2735 2970 2963 3040 neglecti
2980 2971 3140 3040 huius
3160 2970 3313 3039 pensi
3336 2971 3747 3040 paenitentiam,

2156 3064 2212 3110 et
2240 3056 2439 3112 seriam
2470 3059 2880 3115 consuetudinis
2925 3058 3085 3128 huius
3121 3060 3376 3129 deinceps
3406 3059 3746 3116 inviolabilis-

471 3155 630 3211 debet
653 3152 933 3209 celebrare
963 3147 1300 3220 psalterium,
1332 3161 1432 3217 pro
1458 3144 1726 3202 defunctis
1750 3151 1934 3199 autem
1966 3150 2049 3200 ιο·
2079 3139 2127 3206 C
2160 3147 2620 3227 tergobservandte
2641 3148 3075 3218 promissionem,
3097 3149 3339 3219 pristinae
3359 3149 3745 3219 tranquillitati

471 3254 610 3310 tum,
638 3251 745 3304 aut,
768 3241 1075 3305 dimidium,
1103 3238 1188 3296 vel
1215 3237 1283 3292 ad
1309 3237 1486 3294 minus
1513 3236 1733 3292 tertiam
1762 3243 1996 3306 partem.
2026 3254 2047 3288 ι

470 3338 672 3394 Petrus
693 3344 875 3389 autem
898 3330 1193 3389 Damianus
1224 3343 1541 3400 opusc.x1v,
1573 3328 1654 3384 sic
1677 3328 1888 3408 habet:
1928 3345 1948 3378 ι
1976 3326 2054 3381 De

466 3428 768 3503 psalmodia
790 3441 920 3483 vero
948 3422 1281 3480 consuetudo
1321 3431 1424 3489 est,
1454 3432 1514 3476 ut
1548 3436 1672 3477 cum
1709 3420 1816 3476 duo
1857 3419 2053 3475 fratres

469 3524 633 3581 simul
665 3525 1076 3577 commorantur
1100 3516 1154 3571 in
1197 3514 1353 3580 cella,
1391 3514 1498 3571 duo
1543 3513 1856 3585 persolvant
1878 3513 1931 3571 in
1965 3513 2058 3568 die

467 3617 749 3691 psalteria,
773 3629 943 3669 unum
968 3626 1067 3682 pro
1094 3610 1255 3675 vivis,
1286 3607 1514 3663 alterum
1544 3619 1644 3677 pro
1674 3602 1961 3661 defunctis.
1985 3602 2054 3658 Et

470 3709 603 3765 illud
634 3708 852 3778 quidem
878 3702 1023 3774 quod
1049 3709 1134 3758 est
1156 3701 1404 3755 vivorum
1432 3712 1558 3755 cum
1585 3695 1689 3751 illis
1720 3695 1920 3751 dicitur
1957 3692 2055 3748 ad-

469 3798 803 3862 ditamentis,
831 3810 950 3865 qua:
970 3794 1030 3848 Β.
1057 3789 1389 3848 Romualdus
1431 3787 1715 3859 apposuit:
1752 3785 1895 3856 quod
1923 3796 2055 3839 vero

469 3907 570 3964 pro
590 3888 865 3945 defunctis
889 3902 1012 3941 cum
1045 3898 1236 3939 novent
1264 3879 1589 3936 lectionibus
1616 3878 1836 3943 dicitur,
1879 3877 2050 3933 tribus

472 3981 725 4038 nimirum
756 3992 853 4046 per
880 3974 1286 4045 quinquagenos
1314 3968 1571 4040 psalmos.
1618 3966 1721 4036 Qui
1752 3974 1932 4022 autem
1958 3981 2048 4021 so-

468 4071 555 4126 lus
581 4075 848 4127 moratur,
879 4062 1193 4132 psalterium
1219 4060 1436 4128 quidem
1465 4058 1710 4113 vivorum
1745 4065 1913 4112 totum
1954 4070 2051 4124 per

470 4157 713 4230 singulos
741 4154 858 4210 dies
886 4150 1171 4220 adimplet;
1202 4147 1577 4205 defunctorum
1604 4154 1782 4202 autem
1805 4147 1917 4200 sive
1940 4159 2052 4198 me-

470 4251 640 4314 dium,
669 4248 783 4303 sive
807 4252 999 4305 totum,
1022 4241 1177 4311 iuxta
1202 4238 1346 4309 quod
1371 4237 1567 4291 virium
1596 4235 1931 4306 possibilitas
1956 4234 2051 4288 atl-

470 4343 756 4401 ministrat.
792 4357 811 4390 »
861 4335 990 4403 Quae
1042 4332 1224 4389 omnia
1266 4330 1464 4401 repetit
1509 4345 1701 4400 opusc.
1734 4344 1823 4395 xv,
1853 4344 1973 4398 cap.
2018 4326 2053 4384 9

470 4436 732 4493 duntaxat
760 4428 980 4486 uberius
1019 4424 1296 4496 explicans
1330 4423 1700 4478 additamenta
1730 4419 1818 4476 illa
1847 4421 1907 4476 B.
1938 4420 2048 4477 [lo-

2156 3240 2467 3298 cmnobium
2527 3241 2795 3306 redditum
2839 3242 3007 3298 fuisse
3069 3250 3384 3310 asseverat;
3420 3250 3585 3314 atque
3633 3244 3763 3300 hoc:

2156 3335 2332 3406 ipsum
2360 3335 2614 3391 diurnum
2637 3335 2894 3392 horarum
2919 3334 2980 3389 B.
3006 3333 3243 3406 Virginis
3265 3347 3519 3404 pensum,
3545 3334 3616 3389 ad
3638 3349 3750 3392 nos

2155 3424 2493 3481 hareditatis
2547 3424 2766 3479 nomine
2796 3422 3226 3499 _transmissum,
3297 3423 3588 3479 hodicdum
3640 3425 3747 3481 ob-

2154 3515 2311 3582 tinet,
2341 3517 2408 3571 de
2435 3529 2542 3585 quo
2575 3513 2988 3571 constitutiones
3018 3514 3406 3570 monachorum
3437 3512 3749 3571 Camaldu-

2152 3605 2384 3664 lensium
2425 3608 2527 3664 sub
2583 3606 2678 3662 Pio
2705 3607 2771 3673 V,
2807 3621 2928 3676 cap.
2976 3606 3063 3671 18,
3119 3605 3199 3663 sic
3250 3604 3495 3661 habent:
3545 3625 3561 3658 ι
3595 3605 3749 3662 ΙΙΙιιίὶ

2154 3706 2279 3756 ante
2309 3699 2496 3756 oculos
2526 3708 2742 3756 nostros
2788 3714 2993 3771 ponere
3040 3698 3232 3754 Patres
3273 3707 3607 3767 statuerunt,
3653 3700 3747 3756 ni-

2152 3792 2350 3847 mirum
2378 3806 2472 3848 eos
2495 3806 2684 3847 omnes
2717 3791 2988 3862 professos
3028 3790 3335 3853 mortaliter
3356 3804 3611 3859 peccare,
3640 3789 3747 3859 qui

2151 3898 2261 3941 non
2288 3881 2529 3953 legitime
2559 3882 2825 3953 impediti,
2859 3880 3092 3937 ollicium
3141 3888 3250 3935 tam
3286 3879 3456 3950 ipsius
3495 3879 3742 3946 Domini,

2152 3990 2316 4047 quam
2345 3975 2540 4031 matris
2563 3975 2702 4046 eius,
2724 3973 2810 4030 vel
2831 3973 2887 4029 in
2916 3980 3107 4037 totum,
3136 3969 3297 4039 velin
3323 3979 3537 4040 partem
3565 3970 3748 4026 scieno

2153 4073 2238 4120 ter
2265 4064 2448 4119 dicere
2484 4064 2783 4119 omittunt:
2818 4065 2922 4119 hoc
2946 4071 3031 4118 est
3062 4061 3206 4117 enim
3237 4069 3423 4117 contra
3467 4069 3746 4127 veterem,

2153 4163 2210 4212 et
2264 4153 2585 4210 laudabilem
2656 4153 3123 4217 consuetudinem,
3187 4160 3295 4205 tam
3344 4151 3742 4219 eremitarum,

2153 4259 2316 4314 quam
2344 4245 2732 4299 monachorum
2761 4254 2963 4299 nostra:
2984 4243 3440 4314 congregationis,
3464 4244 3558 4312 qui
3582 4260 3743 4301 sem-

2152 4349 2249 4405 per
2288 4342 2578 4404 utrumque
2604 4331 2836 4389 cilicium
2866 4332 3198 4403 persolvere.
3244 4340 3300 4389 et
3347 4332 3543 4387 devote
3584 4335 3743 4391 cere-

2152 4426 2314 4482 brare
2343 4424 2525 4482 conati
2550 4433 2694 4481 sunt.
2727 4443 2747 4477 ι
2783 4422 2910 4480 [hec
2932 4424 3127 4479 Patres
3153 4421 3346 4488 nostri,
3374 4437 3482 4477 non
3510 4424 3739 4493 quidem

471 4491 694 4591 inualdi,
757 4523 871 4578 sive
919 4491 1270 4590 adiectiones,
1320 4524 1382 4571 ut
1430 4515 1748 4586 Rodulphus
1792 4514 2047 4586 appellat,
2079 4491 2127 4549 Ῐ)
2155 4532 2350 4574 novam
2396 4514 2557 4584 huius
2585 4514 2768 4571 oneris
2815 4513 3197 4585 obligationem
3236 4491 3595 4582 imponentes,
3639 4517 3742 4572 sed

469 4615 724 4690 psalterio
751 4612 992 4667 vivorum
1023 4606 1466 4676 coniungendas:
1515 4606 1593 4661 ait
1643 4606 1786 4662 enim
1816 4625 1830 4661 :
1868 4624 1886 4658 ι
1914 4605 2048 4663 illud

472 4710 690 4783 quidem
724 4698 1082 4779 (psalterium)
1107 4698 1250 4768 quod
1276 4707 1361 4754 est
1382 4698 1650 4762 vivorum,
1686 4713 1810 4754 cum
1838 4696 1943 4752 illis
1966 4696 2048 4751 di-

471 4802 613 4857 citur
641 4791 1039 4857 additamentis,
1070 4804 1189 4859 qua:
1214 4788 1274 4842 Β.
1297 4787 1632 4845 Romualdus
1656 4789 1897 4860 apponit,
1926 4800 2047 4858 quae

471 4890 634 4946 etiam
662 4902 758 4943 nos
789 4899 894 4940 non
919 4894 1218 4954 ,gravemur
1259 4880 1519 4945 inserere,
1546 4893 1614 4934 ne
1658 4894 1759 4935 nos
1810 4894 2048 4949 conque—

471 4989 624 5037 ratur
654 4977 790 5032 forte
812 4974 1067 5036 novitius,
1098 4985 1217 5041 quae
1253 4969 1359 5025 sibi
1404 4984 1728 5040 magnopere
1771 4972 2045 5040 noscenda

471 5078 619 5138 sunt,
646 5067 971 5140 praeterisse.
1014 5062 1266 5120 Decursis
1307 5062 1464 5133 plane
1510 5062 1750 5133 quinque
1799 5064 2040 5135 psalmis,

472 5162 721 5237 protinus
748 5157 1081 5216 subiufertur
1134 5172 1159 5229 ~:
1207 5153 1391 5237 Gloria
1430 5154 1561 5237 tibi,
1586 5153 1836 5223 Trinitas,
1865 5174 2049 5228 (equa-3

474 5257 537 5292 ις.
558 5268 662 5292 mm
699 5250 887 5292 dailns-
913 5256 961 5292 et
987 5254 1108 5292 ante
1153 5262 1303 5292 unane
1330 5245 1600 5292 sarculum-
1627 5256 1675 5292 et
1707 5264 1863 5292 nunc-
1909 5259 1957 5292 ρι
1987 5248 2041 5292 in

2155 4617 2419 4674 veterem,
2451 4614 2571 4679 quae
2599 4609 2650 4664 vi
2681 4610 2917 4679 antiquae
2943 4606 3370 4670 consuetudinis,
3396 4607 3551 4677 cuius
3583 4606 3745 4665 locu—

2152 4697 2439 4767 pletissimi
2468 4707 2635 4754 testes
2664 4708 2810 4764 sunt,
2844 4698 3166 4761 invaluerat,
3194 4695 3507 4751 authentica
3549 4697 3740 4754 decla-

2152 4788 2365 4844 ratione
2392 4799 2741 4860 exponentes,
2777 4804 3038 4860 responso
3067 4802 3237 4844 sacra:
3262 4771 3389 4840 Rit."
3422 4801 3616 4858 congr;
3646 4792 3742 4850 die

2153 4882 2220 4939 12
2248 4881 2422 4936 Martii
2447 4882 2585 4936 iﬁlli
2628 4881 2920 4937 novissime
2966 4880 3305 4947 conﬁrmata,
3335 4877 3427 4932 ubi
3474 4879 3597 4937 haec
3625 4882 3743 4939 duo

2151 4972 2551 5027 decernuntur:
2590 4971 2790 5040 primo,
2823 4989 2842 5022 ι
2874 4970 2954 5025 Ex
2983 4966 3456 5025 constitutionibus
3494 4983 3611 5026 suae
3643 4985 3743 5029 re-

2149 5063 2307 5135 gulae,
2338 5062 2439 5118 sub
2465 5076 2626 5133 poena
2672 5062 2882 5132 peccati
2926 5060 3169 5117 mortalis
3217 5060 3383 5116 teneri
3430 5064 3735 5120 monachos

2147 5151 2589 5211 Camaldulenses
2620 5151 2687 5206 ad
2710 5152 3047 5207 recitandum
3077 5150 3318 5220 quotidie
3342 5148 3578 5209 cilicium
3605 5169 3739 5224 par-

2147 5262 2273 5292 vnm
2336 5245 2397 5292 B-
2446 5244 2627 5292 Maria!
2663 5245 2902 5292 viminis.
2936 5261 2959 5292 ι
2999 5242 3269 5292 Secundo.
3322 5242 3388 5292 ad
3436 5243 3491 5292 id
3552 5245 3725 5292 teneri
