3982 5350
207 359 264 412 ll
1089 353 1622 412 PROLOGOMENA.
1661 385 1726 392 ——
1759 353 1844 406 DE
1881 355 2246 412 liVS'l'lTUTO
2276 353 2668 412 CAMALDUL.
3367 361 3440 418 σιξ

205 487 356 546 posse
381 485 478 542 per
513 471 686 526 nostri
713 471 918 526 ordinis
949 471 1200 540 prtelatos
1223 470 1524 534 constituit,
1571 471 1638 522 ab
1679 467 1769 521 illo
1797 471 1844 529 Α
1875 483 2002 530 nox,
2031 468 2114 522 vel
2139 469 2376 538 quolibet
2403 471 2561 525 modo
2587 487 2778 542 graves
2809 473 3058 527 videntur
3079 490 3196 530 esse
3227 478 3438 549 vigilim,

205 581 298 619 non
329 565 456 617 item
489 579 502 616 :
533 563 612 616 sic
639 562 782 616 enim
815 562 974 614 habet
999 561 1050 613 iu
1077 559 1206 614 bull.
1240 577 1252 612 :
1297 559 1361 612 Et
1393 559 1437 611 si
1481 575 1514 610 ιι
1543 573 1762 620 ιιιιιιιιιο,

202 653 350 725 ςιοε
384 671 402 702 ι
437 651 516 706 Ac
545 653 690 720 quod
723 651 796 704 illi
820 667 884 706 ex
905 649 1140 722 prmfatis
1163 649 1464 713 monachis,
1499 648 1590 718 qui
1632 647 1766 702 adeo

201 743 642 798 monasteriorum
669 757 886 796 suorum
911 733 1100 796 olﬁciis
1121 741 1389 809 occupati,
1432 749 1562 805 etc.,
1608 739 1764 792 dmu-

199 835 345 889 modo
373 835 426 887 in
459 833 634 888 sacris
663 849 768 887 non
819 835 926 888 sint
973 833 1251 887 ordinibus
1298 833 1598 895 constituti,
1641 832 1766 886 licet

199 923 581 994 professionem
635 923 952 986 emiserint;
993 931 1170 976 tamen
1225 922 1293 976 ad
1349 920 1764 990 persolvcndum

199 1027 354 1070 totum
389 1017 666 1083 integrum
697 1013 938 1070 Ofﬁcium
985 1014 1228 1090 divinum
1269 1013 1492 1066 minime
1537 1023 1762 1066 tenean-

197 1121 294 1172 tur,
323 1109 414 1163 sed
433 1125 628 1163 eorum
651 1107 877 1176 praelati,
899 1107 1084 1160 habita
1110 1105 1514 1176 suppositorum
1540 1117 1763 1156 suorum

195 1199 620 1255 consideratione
648 1197 814 1269 (ultra
839 1196 1082 1252 Ofﬁcium
1113 1196 1174 1250 B.
1207 1195 1386 1248 Maria:
1413 1194 1662 1262 virginis,
1695 1193 1764 1246 ad

205 1295 332 1364 quod
373 1293 600 1363 obligati
630 1292 966 1360 remaneant)
998 1289 1150 1357 juxta
1197 1287 1656 1357 dispensationem
1685 1285 1764 1340 eis

197 1387 460 1448 traditam,
511 1385 558 1438 si
609 1399 798 1438 eorum
835 1381 1118 1444 animabus
1161 1380 1414 1450 expedire
1473 1378 1761 1445 videbitur,

195 1473 381 1544 aliquid
406 1473 702 1528 dicendum
751 1471 1024 1540 injuugant
1049 1471 1192 1541 quod
1223 1485 1346 1526 cum
1377 1469 1543 1523 animi
1571 1467 1764 1524 alacri-

199 1571 296 1620 tate
323 1565 538 1618 valeant
570 1564 876 1632 adimpleri.
913 1583 932 1616 ι

255 1656 362 1710 ΧΗ.
409 1655 644 1726 Insuper
690 1655 868 1710 debita
912 1671 1038 1727 erga
1067 1656 1299 1726 propriae
1332 1653 1762 1726 congregationis

196 1747 460 1802 defunctos
503 1747 702 1815 pietas,
765 1755 872 1800 tam
919 1748 1058 1814 apud
1099 1741 1558 1810 Camaldulenses,
1599 1759 1762 1814 quam

1871 567 2112 626 repetere
2147 561 2453 614 accubitum
2481 562 2652 626 licet;
2701 572 2820 632 post
2863 574 3183 620 nocturnum
3223 571 3442 624 omnino

1866 663 1971 702 non
2009 649 2154 703 licet.
2203 671 2222 702 ι
2259 651 2426 718 Unde,
2459 664 2514 708 et
2551 663 2678 708 tom.
2733 653 2770 718 Ι,
2815 655 2907 708 lib.
2945 671 3020 720 vt,
3067 672 3152 726 ep.
3199 660 3284 726 l7,
3315 663 3390 716 ait
3425 679 3438 715 :

1873 755 1892 787 ι
1919 737 2033 792 Νοη
2061 755 2316 794 canonem
2348 744 2507 796 solvit
2535 744 2624 812 qui
2655 745 2890 814 psallens
2915 757 3072 802 nocte
3103 750 3382 806 redormit.
3417 771 3435 804 ι

1937 825 2072 882 XIV.
2109 829 2181 884 De
2211 830 2408 886 silentii
2439 847 2688 898 censura,
2723 843 2906 903 utpote
2934 838 3278 894 ereutitarum
3311 855 3440 910 pro-

1864 916 2004 985 pria,
2057 933 2160 972 non
2193 929 2278 972 est
2329 922 2469 988 quod
2509 924 2746 978 addam:
2801 935 3009 982 tantum
3051 931 3303 984 audiatur
3333 931 3443 986 llo-

1864 1007 2554 1082 dulpltus.Catnaldulensis
2593 1013 2742 1082 prior
2775 1015 2828 1069 in
2876 1018 3090 1072 constit.
3121 1021 3246 1074 anni
3281 1019 3438 1084 1030,

1861 1113 1983 1170 cap.
2019 1100 2112 1165 2|,
2151 1100 2230 1155 sic
2259 1102 2656 1174 pratcipicntis:
2705 1124 2724 1156 ι
2773 1107 3040 1164 Exeuntes
3069 1109 3135 1165 de
3178 1111 3344 1176 cellis,
3389 1123 3444 1166 et

1863 1193 1930 1246 ad
1959 1193 2104 1262 ipsas
2130 1195 2436 1262 redeuntes,
2461 1197 2652 1253 silendi
2673 1214 2918 1256 censura:
2941 1203 3134 1258 debent
3157 1208 3396 1262 cohiberi
3423 1226 3437 1260 :

1861 1282 1920 1336 In
1967 1285 2236 1350 oratorio,
2287 1293 2339 1339 et
2391 1285 2445 1340 in
2487 1285 2772 1344 refectorio
2812 1292 2994 1363 regula
3042 1294 3240 1350 silentii
3293 1299 3442 1352 omni

1863 1383 2104 1444 tampore
2133 1375 2450 1432 intemerata
2477 1389 2742 1436 servetur.
2779 1402 2798 1434 ι
2835 1383 2932 1438 Cui
2961 1396 3222 1440 consonat
3253 1388 3312 1442 Β.
3341 1389 3444 1444 Pe-

1861 1475 1978 1520 trus
2007 1469 2270 1534 Damiaui,
2307 1479 2418 1524 tum
2455 1486 2642 1542 opusc.
2669 1489 2796 1542 μιν,
2844 1485 2956 1530 tum
2999 1493 3088 1544 xv,
3135 1495 3255 1550 cap.
3287 1482 3347 1535 il
3387 1491 3444 1535 et

1863 1556 2002 1612 18.1
2046 1557 2102 1612 ln
2135 1560 2387 1630 capitulo,
2429 1563 2481 1616 in
2524 1566 2780 1628 oratorio,
2819 1566 2872 1619 in
2907 1567 3188 1626 rcfectorio
3227 1571 3442 1640 regula-

1861 1665 1974 1706 rem
2003 1653 2442 1708 consuetudinem
2475 1670 2578 1709 non
2615 1665 2961 1726 postponam,
3015 1671 3073 1715 ut
3101 1679 3222 1718 cum
3265 1665 3445 1735 hospi-

1863 1743 2006 1798 tibus
2036 1757 2141 1796 non
2181 1743 2501 1813 loquantur;
2541 1756 2702 1817 atque
2733 1750 2854 1805 ideo
2881 1766 2908 1804 a
2941 1752 3145 1808 cellulis
3181 1771 3348 1826 usque
3375 1758 3442 1810 ad

195 1839 510 1893 Avellanitas
559 1838 786 1908 paribus
851 1836 1125 1892 exercitiis
1168 1837 1445 1900 enitebat;
1497 1837 1574 1889 ait
1619 1837 1760 1890 enim
1797 1823 1838 1882 Β
1867 1833 2154 1888 ecclesiam
2191 1834 2303 1889 sive.
2335 1836 2634 1903 venientes,
2668 1838 2780 1893 sive
2811 1841 3098 1898 redeuntes
3133 1859 3164 1897 a
3213 1823 3440 1900 censura

197 1928 488 1990 Datnianus,
531 1942 722 1996 opusc.
757 1941 846 1980 xiv
871 1933 924 1980 et
953 1942 1041 1990 xv,
1073 1939 1188 1992 cap.
1227 1925 1294 1978 l2
1322 1943 1334 1978 :
1383 1945 1401 1976 ι
1437 1924 1568 1978 Cum
1600 1924 1767 1978 fratcr

197 2017 447 2086 quispiam
475 2033 548 2070 ex
577 2017 782 2070 nostris
807 2015 1020 2080 obierit,
1065 2016 1154 2085 qui
1191 2015 1440 2070 videlicet
1486 2015 1765 2069 nobiscnnt

197 2109 405 2176 degunt,
451 2122 554 2176 pro
607 2122 672 2160 eo
718 2106 1084 2176 unusquisque
1131 2115 1334 2175 septem
1383 2106 1500 2162 dies
1536 2105 1765 2173 j-junat,

199 2207 380 2268 septem
423 2197 750 2266 disciplinas
785 2211 904 2251 cum
955 2197 1188 2250 millenis
1237 2212 1518 2266 scoparum
1573 2195 1768 2252 ictibus

199 2290 398 2357 accipit,
455 2289 836 2358 scptingcntas
877 2295 1176 2342 metanmas
1211 2287 1368 2353 facit,
1416 2289 1634 2358 triginta
1683 2289 1766 2342 in-

199 2395 336 2448 super
380 2378 650 2448 psalteria
685 2391 752 2432 ex
797 2391 948 2431 more
991 2377 1262 2442 decantat,
1299 2387 1354 2432 ct
1401 2379 1769 2448 unusquisque

197 2471 424 2524 sacerdos
461 2478 682 2538 septem
727 2468 924 2522 missas
971 2467 1046 2521 illi
1091 2483 1190 2537 pro
1220 2483 1316 2522 sua
1363 2483 1592 2538 persona
1647 2484 1768 2536 per-

189 2559 364 2625 solvit,
415 2560 574 2615 salvo
621 2573 720 2624 eo,
767 2559 910 2628 quod
947 2559 1230 2613 continuis
1283 2575 1496 2629 quoque
1549 2559 1768 2629 triginta

196 2650 360 2704 diebus
391 2665 488 2718 pro
523 2663 599 2704 eo
629 2649 916 2702 missarum
945 2648 1205 2702 solemnia
1237 2649 1288 2702 in
1321 2657 1586 2703 conventu
1622 2663 1768 2701 cotti-

193 2741 405 2793 utuniter
434 2738 812 2794 celebrantur.
853 2757 870 2788 ι
907 2737 1222 2806 Rodulphus
1247 2745 1428 2791 autem
1465 2739 1518 2790 itt
1545 2737 1767 2790 constit.

191 2831 301 2882 anui
329 2830 478 2892 1080,
509 2845 642 2899 cap.
673 2829 764 2894 35,
803 2843 908 2883 non
938 2829 1224 2882 admodum
1261 2829 1468 2882 diversa
1507 2829 1765 2894 decernit,

193 2919 300 2970 dum
323 2919 594 2988 prteoipit,
625 2917 772 2987 quod
800 2936 812 2971 :
859 2936 878 2969 ι
913 2917 1015 2972 Pro
1043 2917 1368 2987 migratione
1403 2917 1769 2987 cujuscunque

195 3007 354 3064 fratris
381 3010 434 3064 itt
479 3023 699 3072 eremo,
735 3009 818 3062 vel
863 3009 916 3062 in
959 3008 1131 3062 Fonte
1175 3009 1320 3062 bono
1360 3008 1618 3073 defuncti,
1669 3009 1766 3063 tri-

195 3101 318 3168 ginta
349 3101 644 3171 psalteria,
683 3099 766 3154 vel
811 3101 1004 3154 missas
1049 3100 1206 3154 debet
1243 3099 1610 3169 unusquisque
1639 3115 1764 3169 per-

197 3190 405 3254 solvere;
447 3206 550 3261 pro
600 3189 688 3243 his
715 3204 868 3253 vero,
905 3189 996 3258 qui
1043 3205 1140 3256 per
1169 3188 1270 3242 alia
1309 3189 1428 3242 loca
1465 3204 1760 3259 congrega-
1793 3173 1836 3234 C

199 3279 334 3332 tionis
353 3280 620 3344 obierint,
647 3279 748 3332 tria
773 3278 1025 3346 psalteria
1053 3277 1132 3332 vel
1155 3279 1330 3333 missa:
1354 3280 1420 3333 ab
1443 3295 1764 3348 unoquoque

199 3371 391 3426 dicenda
439 3381 616 3436 sunt;
666 3371 720 3424 in
786 3371 1072 3424 metanmis
1133 3385 1291 3434 vero,
1346 3371 1622 3440 palmatis,
1681 3373 1764 3429 vel

201 3476 456 3532 scoparum
487 3463 696 3518 ictibus
731 3461 962 3530 aliisque
1003 3461 1266 3518 similibus
1285 3463 1574 3533 obsequiis,
1619 3465 1765 3534 quis-

199 3567 286 3619 que
311 3554 484 3618 debet,
515 3563 692 3624 prout
719 3552 948 3607 facultas
979 3553 1178 3616 tulerit,
1219 3555 1482 3608 exerceri.
1533 3573 1550 3605 ι

257 3644 378 3699 ‘Xlll.
425 3645 760 3701 Psalmodiae
815 3661 943 3700 vero
989 3645 1218 3715 publica:
1263 3663 1394 3702 usus
1449 3647 1590 3702 idem
1641 3665 1766 3718 pro-

197 3733 334 3802 fecto,
381 3753 486 3792 non
553 3737 726 3790 modo
769 3735 911 3806 apud
959 3745 1244 3804 utramque
1293 3737 1435 3792 hanc
1479 3738 1762 3794 Romualdi

200 3821 448 3890 familiam,
487 3827 588 3882 sed
637 3826 782 3895 apud
829 3841 1016 3880 omnes
1051 3828 1342 3882 monachos
1379 3827 1502 3896 fuit,
1547 3840 1606 3884 ut
1637 3831 1764 3886 hinc

195 3915 318 3968 nulla
359 3917 617 3986 specialis
649 3916 934 3972 consensio
973 3917 1228 3972 relucent.
1278 3915 1633 3975 Nihilominus
1663 3921 1765 3975 hoc

199 4004 360 4060 saltem
402 4009 706 4063 observare
753 4005 897 4070 licet,
942 4007 1080 4076 quod
1133 4015 1188 4060 ut
1217 4007 1568 4074 Romualdus,
1621 4009 1760 4064 refe-

199 4107 328 4154 rente
360 4100 628 4156 Damiano
659 4100 714 4154 in
741 4098 860 4168 ejus
896 4099 1010 4154 Vita
1047 4115 1164 4170 cap.
1194 4101 1227 4156 9
1255 4119 1268 4154 :
1305 4121 1322 4152 ι
1362 4103 1586 4172 Vigilias
1633 4113 1763 4158 tem-

197 4199 379 4256 perate,
403 4199 460 4244 et
488 4206 620 4246 cum
656 4205 850 4260 magna
879 4191 1200 4246 discretione
1227 4191 1500 4248 faciendas
1531 4195 1762 4249 maxime

201 4280 468 4347 suadebat,
504 4297 578 4336 ne
625 4281 714 4336 cui
763 4280 992 4335 fortasse
1031 4283 1398 4352 contingeret,
1444 4293 1498 4338 ut
1549 4285 1757 4355 sopozi,

197 4371 406 4436 peractis
435 4370 726 4426 nocturnis
751 4368 961 4435 olliciis,
989 4375 1357 4428 consentiret:
1407 4393 1426 4424 ι
1459 4375 1580 4443 quia
1609 4377 1759 4430 vide-

201 4454 308 4514 licet
337 4481 356 4512 ι
389 4463 662 4533 ejusmodi
697 4477 946 4517 somnum
970 4464 1054 4517 vir
1083 4477 1299 4520 sanctus
1329 4466 1380 4520 in
1417 4475 1621 4522 tantum
1653 4469 1762 4522 ha-

1867 1923 2064 1978 silentii
2091 1941 2195 1978 non
2225 1929 2498 1983 recedant.
2537 1947 2555 1980 ι

1937 2009 2052 2068 XV.
2073 2013 2178 2069 Sed
2205 2025 2258 2071 et
2277 2017 2430 2086 quies
2454 2020 2734 2090 Omnisque
2761 2022 3060 2092 vagationis
3089 2037 3211 2096 tuga
3235 2032 3438 2084 utrius-

1869 2119 1974 2172 que
2025 2107 2190 2160 eremi
2227 2111 2590 2166 sectatoribus
2631 2114 2744 2182 pari
2801 2115 3083 2170 sedulitate
3123 2118 3436 2190 injungitur,

1867 2209 1897 2248 a
1938 2195 2218 2267 Rodulpho
2247 2201 2461 2269 quidem
2513 2203 2616 2260 loc.
2649 2206 2766 2272 eit.,
2791 2223 2906 2278 cap.
2941 2209 3030 2274 52,
3077 2211 3182 2264 illis
3223 2213 3438 2268 verbis:

1874 2303 1891 2334 ι
1935 2285 2135 2340 Vitium
2165 2303 2380 2358 quoque
2407 2293 2729 2361 vagationis,
2770 2305 2825 2350 et
2861 2297 3226 2354 instabilitatis
3265 2301 3442 2356 taliter

1868 2373 2056 2444 fugiat,
2087 2387 2144 2428 ut
2167 2393 2274 2432 non
2305 2379 2476 2434 solum
2500 2384 2758 2447 exterius,
2783 2401 2904 2438 cum
2941 2385 3096 2452 Dina,
3129 2389 3232 2442 filia
3253 2388 3442 2455 Iacob,

1869 2479 1972 2516 non
2007 2465 2163 2520 facile
2193 2468 2501 2534 discurrat;
2537 2471 2630 2525 sed
2661 2473 2824 2528 ctiatn
2849 2474 2899 2528 in
2927 2475 3039 2544 ipsa
3069 2478 3202 2532 cella
3237 2481 3450 2536 stabilis

1869 2555 2114 2626 fixusque
2181 2571 2522 2628 permaneat:
2577 2572 2758 2632 posset
2821 2565 2963 2618 enim
3011 2567 3151 2622 intra
3197 2571 3444 2626 eamdem

1867 2648 2078 2712 cellam,
2121 2659 2372 2719 tanquam
2403 2655 2681 2724 cujusdam
2725 2655 2956 2725 impulsu
3005 2657 3304 2728 Vertumni,
3352 2679 3444 2715 va—

1867 2740 2203 2808 gattonisquc
2246 2743 2432 2810 spiritu
2478 2753 2585 2798 tota
2618 2745 2704 2799 die
2733 2747 2982 2802 circuire.
3024 2769 3042 2801 ι
3076 2751 3118 2804 Α
3147 2751 3311 2806 Petro
3343 2755 3442 2806 Da—

1869 2830 2047 2883 tniano
2076 2841 2276 2897 autem,
2309 2849 2493 2903 opusc.
2537 2852 2632 2901 .vtt,
2659 2852 2775 2905 cap.
2808 2837 2876 2892 2i
2905 2857 2917 2892 :
2955 2859 2976 2892 ‹
3013 2839 3141 2895 Illud
3189 2859 3292 2898 non
3325 2861 3441 2898 ute-

1869 2921 2126 2976 diocritcr
2179 2923 2460 2993 displicet,
2506 2928 2648 2996 quod
2698 2930 2859 2982 etiam
2907 2931 3036 3000 ipsis
3085 2935 3439 2989 sanctissimis

1867 3014 2106 3067 eremitis
2131 3016 2347 3085 quidam
2389 3019 2636 3072 videntur
2669 3019 2903 3086 admisti,
2933 3037 3068 3092 quos
3100 3024 3236 3078 idem
3275 3027 3440 3094 pesti-

1867 3101 1996 3158 fera:
2025 3107 2321 3176 vagationis
2357 3109 2575 3162 morbus
2603 3110 2860 3177 exagitat,
2886 3121 2939 3164 et
2970 3113 3034 3180 (si
3059 3113 3234 3168 dicere
3263 3115 3442 3186 liceat)

1869 3199 2024 3266 quasi
2073 3201 2433 3266 Vertumnus,
2487 3201 2752 3270 quoddam
2805 3203 3013 3258 scilicet
3059 3205 3440 3262 daemoniorum

1869 3305 2058 3360 genus,
2089 3303 2264 3346 vexat.
2299 3295 2572 3348 Vertumni
2607 3295 2868 3363 siquidem
2905 3299 3043 3366 apud
3079 3299 3326 3368 antiquos
3357 3301 3438 3354 di—

1869 3381 2126 3436 cebantur
2167 3383 2458 3448 daemones,
2509 3399 2738 3452 quorum
2789 3385 3044 3440 instinctu
3091 3387 3334 3442 homines
3385 3389 3438 3442 in

1868 3472 2128 3542 vertigine
2169 3474 2329 3543 positi
2373 3473 2734 3528 reddebantur
2761 3475 3056 3532 instabiles.
3109 3496 3128 3530 ι
3162 3478 3227 3532 Ει
3254 3493 3439 3549 opusc.

1869 3578 1957 3628 xv,
2018 3578 2134 3632 cap.
2189 3563 2290 3618 18:
2353 3582 2370 3614 ι
2433 3561 2603 3618 Ponat
2646 3574 2821 3619 autem
2873 3565 3138 3638 (eretuita)
3177 3566 3330 3635 juxta
3384 3583 3442 3622 se

1867 3670 2090 3725 quzeque
2135 3655 2234 3710 sibi
2283 3666 2408 3711 sunt
2457 3657 2771 3712 familiarius
2817 3660 3152 3722 necessaria,
3203 3673 3269 3714 ne
3319 3675 3438 3714 cum

1867 3761 2020 3800 usum
2050 3747 2237 3800 horum
2266 3748 2560 3802 necessitas
2579 3747 2830 3818 postulat,
2859 3749 2970 3818 ipse
2993 3749 3059 3802 ad
3083 3749 3440 3804 exhibendum

1867 3837 1966 3892 sibi
2021 3838 2354 3907 frequentius
2401 3849 2604 3909 surgat.
2648 3839 2946 3908 Tuntopet'e
2991 3841 3184 3911 quippe
3225 3844 3441 3910 vagatio

1865 3940 1947 3985 est
1979 3931 2212 3993 vitanda,
2259 3939 2316 3985 ut
2347 3945 2443 3984 nec
2476 3946 2569 3999 per
2601 3931 2767 4000 ipsam
2793 3929 3037 3985 cellulam
3075 3932 3291 4000 spatiari
3326 3933 3442 3986 ina-

1867 4025 2204 4078 ltllel‘liCCttl.
2245 4045 2264 4076 ι

1936 4113 2070 4169 XVI.
2100 4114 2166 4168 Ut
2194 4131 2316 4168 vero
2341 4113 2549 4169 facinus
2579 4131 2630 4170 ιιι
2662 4115 2792 4169 cella
2823 4116 3100 4186 quiescere
3130 4129 3442 4174 assuescant

1866 4207 2110 4272 solitarii,
2149 4207 2248 4262 hoc
2277 4223 2439 4261 aurm
2468 4207 2672 4262 monito
2699 4207 2816 4261 illos
2845 4205 3160 4279 Rodulpitus
3184 4209 3286 4266 loc.
3322 4212 3438 4277 cit.,

1865 4315 1982 4369 cap.
2022 4299 2110 4363 '58,
2154 4301 2479 4355 continuare
2509 4311 2778 4358 conatur:
2836 4321 2854 4354 ι
2912 4303 3196 4370 Praeterea,
3229 4308 3442 4362 studeat

1866 4391 2139 4445 solitarius
2167 4391 2219 4444 in
2249 4391 2379 4445 cella
2423 4393 2630 4463 jugcm,
2676 4403 2728 4446 et
2761 4395 3067 4449 continuam
3104 4397 3440 4453 sedulitatem

1866 4479 2086 4544 habere,
2131 4487 2187 4532 ut
2229 4495 2324 4548 per
2372 4481 2599 4546 gratiam
2651 4481 2768 4545 Dei,
2814 4491 2868 4536 et
2909 4483 3276 4539 assiduitatem
3330 4503 3442 4540 tua-

199 4546 603 4619 Ῑδθδείῑειοευηιπ
633 4554 752 4608 υἱεῖ
782 4555 904 4624 (Illis
932 4556 980 4609 ei
1009 4556 1374 4622 COIllllel‘elm':
1403 4568 1522 4628 DOSl
1556 4559 1759 4616 dliOJC~
1794 4550 1838 4608 θ
1864 4571 2020 4626 nendi
2043 4611 2056 4636 ,
2109 4546 2276 4638 possit
2317 4572 2366 4625 ei
2417 4571 2678 4626 habitatio
2731 4572 2876 4628 cella:
2927 4573 3284 4632 dulcescere.‘
3304 4577 3436 4630 Nam

202 4640 292 4694 cini
321 4647 650 4714 psalmorum
683 4647 896 4716 vigilias
921 4658 976 4702 et
1003 4650 1236 4704 maxime
1269 4649 1412 4705 circa
1451 4653 1760 4718 diluculum,

203 4747 514 4806 nequaquam
559 4749 742 4808 posset
769 4755 836 4793 eo
871 4741 980 4806 die,
1011 4757 1132 4796 cum
1163 4739 1278 4807 ejus
1319 4742 1552 4808 licentia,
1609 4761 1761 4800 sacra

205 4825 461 4882 missarum
491 4830 758 4884 solemnia
787 4832 1100 4897 celebrare;
1141 4853 1159 4884 ι
1195 4831 1345 4898 Quod
1381 4835 1482 4888 hoc
1511 4836 1624 4906 ipso
1653 4837 1762 4890 Ro-

203 4919 378 4975 mualdi
422 4924 708 4999 exemplo,
769 4927 1012 4980 eremitis
1067 4927 1304 4980 inculcat
1354 4927 1550 4982 Paulus
1599 4927 1764 4984 Justi-

201 5007 372 5062 nianus
421 5013 474 5065 in
525 5014 708 5082 regula
755 5017 1030 5072 eremitica
1093 5031 1212 5085 cap.
1262 5019 1346 5073 40.
1403 5019 1473 5073 Ita
1527 5021 1755 5076 similem

205 5099 352 5150 somni
377 5100 782 5169 discretionem,
807 5105 1029 5176 ejusque
1067 5114 1192 5177 post
1231 5111 1520 5165 matutinas
1549 5111 1758 5180 vigilias

203 5182 362 5255 fugam
414 5191 736 5248 Avellanitis
787 5199 896 5252 suis
949 5201 1136 5254 indicit
1191 5199 1379 5258 Petrus
1426 5203 1754 5267 Damianus;

1047 5293 1145 5320 IK.

1185 5308 1202 5320 ο
1239 5291 1308 5320 nn
1335 5309 1520 5320 ΑΛιιιινιΑ
1549 5308 1758 5320 νσιι-ιθοοσλ

207 5277 368 5320 ιρι-ἰιιὶι
393 5282 538 5320 nni")
565 5297 728 5320 nnllun
781 5301 846 5320 νυ
899 5305 992 5320 nn“

1859 4661 2000 4714 sicut
2034 4661 2270 4729 inquieto
2308 4671 2361 4714 ct
2393 4661 2606 4716 instahli
2645 4665 2934 4730 monacho,
2983 4665 3152 4720 instar
3183 4669 3440 4732 carceris,

1860 4769 2078 4824 poenam
2110 4753 2363 4822 ergastuli
2409 4753 2712 4810 amictiOuis
2746 4757 3024 4810 materiam
3063 4767 3312 4825 praestat;
3369 4759 3440 4813 ita

1863 4846 2047 4913 quieto
2095 4854 2148 4898 et
2191 4845 2579 4913 perseveranti,
2629 4847 2915 4900 suavitatis
2959 4847 3314 4916 refrigerium,
3367 4849 3442 4902 si—

1863 4933 2086 4990 lentium
2113 4935 2479 4998 beatitudinis,
2512 4943 2762 5004 tanquam
2785 4937 3080 5006 portionem
3109 4938 3326 4992 exhibet
3348 4955 3440 5008 pn-

1865 5027 2049 5080 radisi.
2077 5045 2093 5078 ι
2117 5025 2263 5092 Quod
2292 5026 2434 5081 item
2459 5035 2765 5080 asscruerat
2795 5027 3102 5090 Damiauus,
3126 5044 3308 5097 opusc.
3339 5047 3444 5092 xu,
3503 5061 3506 5064 ι

1865 5133 1984 5187 cap.
2021 5115 2129 5170 ἣδε
2169 5135 2186 5164 t
2243 5114 2358 5168 llue
2403 5114 2626 5174 accedit,
2663 5115 2802 5184 quod
2837 5117 2920 5180 iis,
2964 5117 3051 5184 qui
3083 5119 3246 5171 vitam
3290 5133 3444 5172 suam

1865 5213 1966 5262 sub
2009 5211 2110 5263 hac
2161 5207 2524 5263 inconstantia
2561 5208 2872 5264 mutationis
2919 5207 3217 5272 alternam,
3263 5223 3328 5262 eo
3391 5211 3449 5264 fit
