3982 5350
508 319 580 374 45
1401 322 1458 377 5.
1501 323 1778 380 PETRUS
1821 323 2174 381 DAMIAKUS
2215 324 2273 381 5.
2311 325 2375 381 ll.
2408 326 2471 382 E.
2513 327 2941 385 CARDINALIS.
3284 346 3285 349 ‘
3699 333 3771 386 Η

579 436 739 493 XVII.
792 435 1031 501 Rursus,
1081 435 1531 505 quemadmodum
1589 436 1958 504 Romualdus,
2016 452 2083 493 ex
2111 451 2157 507 Α
2186 439 2466 509 utriusque
2514 440 2744 496 instituti
2790 442 3221 498 convenientiam
3269 446 3559 502 ostendunt
3608 458 3768 518 atque

506 527 622 598 eius
656 526 796 592 Vita,
823 542 943 596 cap.
971 525 1043 582 9:
1072 544 1092 577 ι
1129 526 1577 597 Parvipendebat,
1616 528 1661 583 si
1694 527 1817 598 quis
1852 527 1919 584 ad
1950 537 2083 585 tem-

505 641 607 696 pus
643 637 895 693 magnum
938 620 1067 692 quid
1117 621 1399 691 inciperet,
1444 622 1490 677 si
1540 636 1647 677 non
1698 621 1862 677 etiam
1912 622 1966 677 in
2020 637 2086 679 eo

505 715 886 787 longanimiter
903 722 1278 786 perseveraret
1301 732 1315 769 :
1351 733 1370 767 ι
1398 715 1471 769 ita
1499 715 1742 770 eamdem
1771 715 2087 771 Avellanitis

503 805 962 879 perseverantiam
1015 804 1317 861 inculcabat
1362 804 1687 870 Damianus,
1738 820 1924 876 opusc.
1973 822 2082 872 xv,

503 916 625 971 cap.
657 899 747 964 27,
793 898 978 954 dicens
1006 915 1019 952 :
1058 915 1077 949 ι
1115 898 1252 953 Vitae
1282 899 1519 961 modum,
1552 914 1710 969 quem
1753 899 1917 954 semel
1949 900 2087 955 arri-

500 989 706 1062 pueris,
731 996 1140 1059 perseveranter
1163 995 1306 1052 tene,
1338 996 1653 1043 constanter
1670 1002 1986 1057 exsequere,
2018 1003 2086 1044 ne

501 1082 738 1146 scenica,
771 1080 915 1151 quod
961 1078 1122 1142 absit,
1169 1094 1200 1133 a
1231 1079 1514 1149 temetipso
1552 1079 1785 1134 videaris
1824 1079 2085 1150 vertigine

502 1173 830 1242 discrepare.
859 1171 1153 1226 Persevera
1186 1171 1368 1240 itaque
1399 1171 1450 1225 in
1478 1186 1544 1225 eo
1577 1172 1719 1240 quod
1747 1171 2000 1240 cmperis,
2030 1178 2084 1226 et

500 1272 705 1318 rectam
754 1270 1025 1317 consuetae
1072 1260 1197 1316 vita:
1243 1261 1441 1315 lineam
1485 1269 1626 1325 tene,
1681 1276 1750 1316 ne
1790 1270 1843 1316 te
1886 1276 2083 1316 novum

502 1368 715 1425 semper
735 1353 956 1408 variata
980 1352 1104 1408 vita:
1133 1353 1419 1407 diversitas
1440 1352 1648 1415 reddat,
1676 1352 1769 1407 sed
1801 1352 1854 1405 in
1882 1362 2084 1408 sanetae

498 1443 819 1499 constantia:
866 1441 1214 1498 fundamento
1254 1442 1487 1513 prmlixa:
1523 1442 1719 1514 regula:
1750 1443 2082 1499 consuetudo

499 1533 760 1589 stabiliat.
793 1552 813 1587 ι

569 1626 752 1682 XVIII.
800 1626 1040 1697 Denique
1080 1624 1340 1697 quidquid
1371 1626 1719 1682 beatissimus
1752 1625 2080 1684 Romualdus

495 1716 752 1771 ercmitas
781 1731 907 1771 suos
932 1716 997 1770 ad
1027 1715 1145 1786 ejus
1172 1714 1358 1769 cellam
1389 1715 1440 1768 iu
1469 1730 1653 1770 ereum
1676 1714 2078 1771 Camaldulensi

2188 530 2473 600 utriusque
2512 531 2731 586 familiae
2776 533 3217 601 constitutiones,
3263 543 3446 606 utpote
3481 536 3769 605 similibus,

2188 631 2282 676 aut
2325 636 2517 691 parum
2555 622 2784 679 diversis
2832 625 3118 695 prseceptis
3160 625 3617 698 circumscriptas,
3660 630 3769 684 imo
3812 658 3821 663 -

2188 710 2409 768 totidem
2440 713 2754 785 plerumque
2782 716 2983 781 verbis,
3010 725 3065 770 et
3091 716 3281 773 iisdem
3311 716 3552 774 formulis
3578 735 3769 776 exara-

2189 810 2302 867 tas,
2341 804 2531 859 eodem
2588 803 2824 860 dictante
2870 806 3064 875 Spiritu
3117 816 3448 877 conceptas,
3498 816 3660 879 atque
3700 811 3771 865 ab

2186 893 2374 949 eodem
2425 895 2709 950 Romualdi
2758 895 2908 951 fonte
2951 898 3222 953 derivatas
3271 898 3441 955 fuisse
3491 915 3773 956 common-

2184 992 2378 1039 strant.
2402 983 2537 1041 Hinc
2564 1000 2671 1040 non
2701 987 2970 1040 inuncrito
2998 1002 3182 1058 parem
3211 990 3591 1045 auctoritatem
3621 1000 3772 1045 utra-

2186 1091 2291 1146 que
2336 1076 2521 1147 regula
2568 1078 2708 1146 apud
2757 1086 3016 1146 utrosque
3050 1078 3304 1144 obtinuit,
3349 1089 3407 1135 et
3448 1080 3593 1135 nullo
3632 1096 3774 1152 pene

2185 1166 2495 1223 discrimine
2522 1167 2638 1222 sive
2671 1184 2700 1222 a
2734 1169 3052 1234 Romualdo,
3083 1171 3197 1225 sive
3242 1184 3273 1224 a
3302 1169 3464 1227 Petro
3505 1171 3774 1228 Damiano

2187 1266 2415 1325 statuta,
2456 1261 2750 1316 eremitica:
2774 1260 2899 1315 vitze
2923 1262 3183 1317 rationem
3210 1265 3613 1327 conceruentia,
3637 1280 3773 1334 per-

2190 1350 2315 1404 inde
2352 1349 2772 1420 recipiebantur,
2800 1361 2860 1407 ut
2899 1351 3095 1423 mirum
3127 1368 3233 1408 non
3262 1354 3336 1407 sit
3364 1354 3770 1426 ,llieronymum

2182 1440 2508 1511 Pragensem
2548 1442 2685 1506 loco,
2724 1456 2885 1513 quem
2914 1445 3178 1513 superiori
3217 1444 3414 1514 capite,
3461 1459 3609 1500 num.
3643 1447 3773 1514 nlt.,

2180 1535 2549 1605 allegavimus,
2597 1537 2899 1592 Romualdo
2953 1536 3273 1607 pancnesim
3320 1536 3656 1608 ascripsisse,
3698 1554 3771 1594 ex

2179 1624 2601 1681 Avellanitarum
2638 1627 2823 1698 regula
2862 1628 2928 1681 ad
2959 1626 3179 1682 verbum
3223 1641 3361 1696 pene
3404 1629 3768 1699 desumptam.

2252 1717 2317 1772 ll.
2356 1716 2497 1774 Sane
2533 1719 2676 1773 baud
2720 1718 3057 1788 frequentior
3104 1728 3187 1773 est
3234 1719 3378 1790 apud
3424 1718 3771 1789 Rodulpbum

496 1804 1792 1877 convenientesdocuissediciturabHieronymo
1817 1807 2071 1878 Pragensi
2102 1806 2643 1880 BCamaldulensem
2666 1810 2908 1879 priorem
2953 1825 3113 1879 quam
3145 1811 3287 1879 apud
3331 1810 3503 1881 ipsum
3553 1811 3771 1865 Damia-

456 1882 635 1971 ‘apud
680 1899 994 1954 Bollandum
1043 1898 1111 1953 ad
1160 1898 1301 1952 diem
1347 1898 1377 1950 7
1429 1897 1714 1953 Februarii
1742 1938 1756 1962 ,
1806 1898 1973 1953 multa
2021 1899 2075 1953 in

494 2005 747 2046 sermone
781 1991 846 2044 de
887 1988 944 2043 S.
1002 1988 1322 2054 Romualdo,
1352 2002 1473 2057 cap.
1510 1988 1570 2042 ll
1604 1987 2076 2058 (quemadmodum

493 2093 549 2141 et
576 2084 703 2148 alia,
734 2098 850 2153 cap.
874 2082 906 2136 6
937 2089 991 2136 et
1011 2081 1045 2137 9
1068 2080 1314 2150 inserta),
1347 2089 1518 2135 totum
1550 2081 1738 2145 ferme,
1770 2096 1835 2135 ac
1863 2080 2074 2146 iisdem,

491 2176 578 2231 vel
608 2175 878 2229 similibus
917 2164 1166 2227 formulis
1196 2186 1511 2242 expressum
1559 2172 1610 2226 in
1659 2173 1919 2226 Damiano
1952 2186 2079 2227 suos

492 2267 827 2325 Avellanitas
874 2266 1177 2320 instruente
1222 2264 1512 2333 reperitur,
1544 2278 1737 2333 nempe
1771 2264 1914 2335 quod
1954 2279 2074 2334 cap.

491 2364 613 2428 cit.,
643 2376 791 2417 num.
826 2360 926 2425 69,
960 2359 1156 2414 dicitur
1209 2359 1284 2413 De
1335 2357 1540 2428 quiete,
1578 2356 1813 2424 silentio,
1851 2367 1907 2412 et
1941 2358 2080 2431 jeju-

491 2455 585 2510 nio
636 2453 883 2509 eremitis
959 2451 1304 2517 necessario;
1379 2450 1600 2504 totidem
1659 2450 1838 2506 verbis
1915 2451 2081 2507 habet

493 2546 808 2610 Damianus,
839 2558 1026 2613 opusc.
1067 2558 1155 2609 xv,
1200 2557 1322 2612 cap.
1366 2541 1420 2595 5.
1472 2540 1623 2609 Quod
1670 2540 1867 2595 ibidem
1900 2541 2081 2596 subdit

489 2634 852 2705 Hieronymus
883 2632 984 2704 (es
1024 2647 1121 2688 ore
1162 2630 1481 2700 Romualdi)
1554 2631 1629 2687 De
1675 2631 1902 2686 vestium
1940 2646 2078 2702 pau-

494 2737 725 2797 pertate,
756 2736 811 2782 et
857 2725 1065 2780 vilitate
1129 2725 1383 2789 amanda,
1424 2739 1611 2779 rursus
1667 2724 1856 2779 iisdem
1898 2724 2079 2780 verbis

490 2821 782 2874 Damianus
821 2816 1054 2873 inculcat
1101 2815 1205 2871 loc.
1238 2816 1353 2882 cit.,
1401 2831 1519 2886 cap.
1567 2815 1658 2870 21.
1700 2814 1852 2883 Quod
1900 2815 2081 2871 subdit

495 2915 586 2969 ille
646 2928 792 2967 nmn.
836 2912 924 2978 70,
979 2912 1054 2966 De
1109 2911 1453 2966 venientibus
1493 2926 1561 2965 ex
1608 2911 1805 2968 sarculo
1850 2911 1918 2968 ad
1959 2925 2079 2966 ere-

492 3019 688 3068 mum,
731 3001 871 3057 idem
930 3003 1230 3071 eodemque
1288 3003 1577 3056 verborum
1634 3011 1842 3068 tenore,
1893 3010 2078 3058 monet

492 3093 582 3147 hic
632 3091 843 3162 pra-fati
904 3091 1151 3163 opusculi
1205 3106 1324 3162 cap.
1377 3091 1467 3148 29.
1518 3093 1671 3160 Quod
1721 3094 1936 3148 demum
1991 3093 2079 3149 ille

2180 1915 2310 1956 num
2342 1900 2625 1956 Romualdi
2655 1902 2879 1966 mentio,
2912 1902 2978 1956 ad
3009 1903 3430 1959 consuetudines
3459 1904 3775 1960 eremiticas

2180 1994 2296 2065 ejus
2324 1995 2650 2050 auctoritate
2687 1995 2980 2050 firmandas
3012 2012 3035 2050 ετ
3062 1994 3312 2065 inprimis
3352 1996 3499 2050 enim
3544 1997 3772 2066 privata:

2180 2083 2494 2154 psalmodize
2524 2100 2701 2149 usum,
2730 2093 2790 2139 ut
2820 2099 2937 2154 cap.
2971 2085 3202 2153 praeced.
3236 2101 3384 2140 num.
3417 2085 3505 2151 10,
3536 2085 3771 2142 vidimus

2177 2185 2245 2226 ex
2267 2170 2324 2226 S.
2346 2171 2634 2228 Romualdi
2665 2173 3008 2229 institutione
3031 2175 3240 2229 derivat
3265 2175 3553 2231 Damianus
3576 2191 3768 2247 Opusc.

2179 2277 2269 2316 xrv
2297 2278 2311 2316 :
2342 2282 2360 2315 ‹
2396 2262 2739 2330 Psalterium,
2771 2267 2915 2336 quod
2951 2275 3035 2320 est
3065 2266 3332 2333 vivorum,
3358 2282 3480 2323 cum
3512 2267 3615 2323 illis
3635 2269 3772 2322 diei-

2181 2362 2269 2407 tur
2291 2352 2672 2410 additamentis
2703 2371 2825 2425 qua:
2870 2355 2930 2411 Β.
2968 2355 3301 2412 Romualdus
3329 2358 3576 2430 apposuit
3606 2377 3621 2425 ;
3662 2378 3680 2412 ι
3710 2368 3771 2414 et

2180 2445 2375 2500 iterum
2404 2461 2591 2516 opusc.
2617 2462 2708 2513 xv,
2732 2462 2850 2517 cap.
2880 2447 2913 2502 9
2939 2466 2952 2502 :
2985 2467 3002 2499 ι
3036 2447 3383 2516 Psalterium,
3415 2448 3555 2519 quod
3576 2458 3661 2505 est
3686 2450 3770 2506 vi-

2178 2550 2367 2591 vorum
2400 2552 2524 2592 cum
2568 2537 2671 2592 illis
2716 2539 2917 2594 dicitur
2955 2540 3356 2606 additamentis,
3396 2555 3515 2609 qua:
3548 2539 3608 2594 Β.
3659 2540 3769 2594 llo-

2179 2628 2427 2683 mualdus
2472 2630 2715 2700 apponit,
2758 2649 2778 2682 ›
2832 2645 2951 2701 qua:
2982 2640 3128 2685 tanta
3178 2631 3540 2687 sollicitudine
3580 2632 3770 2687 obser-

2179 2717 2353 2770 vanda
2379 2730 2500 2772 esse
2523 2727 2690 2785 notat,
2718 2729 2777 2772 ut
2804 2720 2944 2773 inter
2970 2735 3087 2786 eas,
3113 2735 3232 2790 quae
3263 2720 3499 2775 maxime
3520 2719 3767 2776 omnium

2180 2805 2449 2873 intererit,
2477 2816 2535 2862 ut
2557 2809 2838 2864 addiscant
2865 2810 3075 2876 novitii,
3095 2819 3464 2877 connumeret,
3494 2811 3558 2866 iis
3586 2811 3770 2866 verbis

2179 2899 2362 2952 statim
2386 2899 2882 2969 subsequentibus:
2929 2918 2949 2952 ι
2991 2902 3120 2969 Quae
3159 2901 3322 2957 etiam
3365 2915 3465 2956 nos
3495 2916 3600 2956 non
3643 2917 3767 2973 gra-

2182 3004 2371 3044 ventur
2399 2991 2658 3055 inserere,
2703 3008 2769 3045 ne
2800 3007 2897 3046 nos
2922 3002 3290 3062 conqueratur
3322 2991 3462 3048 forte
3505 2994 3767 3060 novitins,

2180 3094 2298 3150 qua:
2343 3081 2445 3136 sibi
2488 3096 2810 3153 magnOpere
2856 3085 3130 3140 noscenda
3179 3093 3324 3151 sunt,
3354 3085 3702 3155 praeteriisse.
3740 3105 3762 3138 ι

492 3200 643 3240 num.
694 3185 782 3249 71,
812 3184 1070 3239 decernit.
1127 3183 1202 3238 De
1235 3185 1341 3249 his,
1380 3184 1469 3254 qui
1498 3200 1565 3240 ex
1593 3185 1912 3241 coenobium
1943 3200 2074 3241 οοιι-
2103 3185 2148 3247 ο
2180 3170 2289 3226 Nec
2334 3172 2558 3227 minoris
2586 3173 2845 3228 momenti
2874 3189 3016 3239 esse,
3048 3174 3115 3229 ad
3156 3175 3504 3230 eremitarum
3543 3191 3766 3231 suorum

487 3274 801 3330 versatione
836 3273 900 3328 ad
927 3288 1169 3328 eremum
1198 3273 1486 3339 accedunt,
1543 3276 1646 3331 iste
1691 3278 1928 3347 pariter,
1979 3277 2071 3333 ubi

489 3382 651 3437 supra
686 3380 805 3434 cap.
846 3364 934 3430 50,
978 3365 1264 3437 ipsissimis
1295 3366 1517 3421 vocibus
1562 3365 1918 3438 formulisque
1946 3382 2073 3437 pro-

456 3494 461 3497 ς
488 3459 662 3528 ponit,
688 3457 982 3528 utperinde
997 3458 1220 3523 sit,sive
1254 3458 1402 3523 hinc,
1429 3458 1546 3513 sive
1576 3459 1698 3512 inde
1721 3459 2070 3525 transeribas,

490 3566 614 3603 cum
645 3564 750 3604 non
792 3548 950 3602 modo
976 3564 1190 3614 sensus,
1222 3549 1317 3604 sed
1348 3550 1513 3604 verba
1559 3557 1615 3603 et
1638 3548 1772 3603 ordo
1801 3548 1913 3619 ipse
1950 3564 2074 3605 ver-

491 3639 684 3696 borum
725 3639 1009 3708 utrobique
1036 3639 1353 3696 immutatus
1376 3648 1643 3695 occurrat.

1112 3775 1340 3834 CAPUT
1378 3776 1442 3833 V.

1147 3885 1389 3925 SYNOPSIS
1400 3908 1412 3925 ο

563 3960 1066 4025 Camaldufensium,
1101 3971 1147 4015 et
1184 3960 1597 4033 Avellanitarum
1635 3960 1858 4033 aﬂinitas
1884 3960 2004 4015 aliis

980 4031 1252 4085 momentis
1277 4031 1592 4085 illustratur.

494 4124 768 4180 Svsnrsrs.
794 4121 1171 4193 -—Utriusque
1198 4122 1298 4176 loci
1331 4123 1512 4192 regula
1564 4125 1807 4192 utrisque
1829 4138 2072 4178 commu—

560 4197 661 4249 nis.
691 4195 846 4248 Num.
868 4194 919 4247 Ι.
945 4192 1298 4261 Freqttentior
1326 4194 1466 4263 apud
1496 4193 1711 4247 Petrum
1738 4194 2072 4263 Damianum,

560 4281 720 4333 quam
743 4265 882 4334 apud
911 4264 1249 4334 [lodulphum
1274 4262 1988 4334 prieremljamaldulensetn
2013 4262 2068 4316 S.

562 4331 847 4392 Romualdi
871 4352 988 4388 men
999 4331 1156 4388 ιίοζῖ.
1176 4331 1485 4388 Auctoritas
1499 4332 1556 4387 S.
1575 4332 1855 4388 Romualdi
1873 4348 1900 4385 a
1915 4331 2076 4387 Petro

564 4406 807 4461 Damiaui
822 4420 964 4474 smpe
988 4413 1262 4473 usurpata.
1281 4406 1332 4459 3.
1353 4403 1478 4459 Vice
1501 4418 1654 4457 versa
1668 4403 1811 4457 Petri
1831 4402 2075 4474 Datuiaui

567 4476 858 4531 auctoritas
893 4472 944 4530 in
974 4472 1459 4530 Catualdulensinm
1492 4474 1710 4528 statutis
1737 4474 1986 4526 adducta.
2014 4472 2071 4526 4.

2177 3261 2611 3329 instructionem,
2635 3262 2888 3334 qua-libet
2926 3262 3211 3319 Romualdi
3242 3266 3472 3326 monita,
3495 3265 3763 3336 exempla,

2175 3356 2417 3423 consilia,
2447 3358 2578 3413 satis
2606 3357 2825 3425 indicat,
2848 3359 2972 3414 dum
3009 3359 3250 3429 ejusdem
3272 3360 3513 3430 opusculi
3537 3376 3657 3432 cap.
3677 3360 3765 3427 16,

2174 3445 2241 3500 ad
2270 3446 2653 3503 discretionem
2685 3448 2738 3503 in
2771 3448 3097 3504 moderanda
3126 3450 3462 3505 subditorum
3493 3450 3602 3506 vita
3628 3467 3768 3521 pra:-

2174 3537 2300 3594 latis
2339 3537 2742 3610 injungendam,
2788 3540 2848 3593 Β.
2889 3539 3173 3596 Romualdi
3205 3542 3506 3597 sententias
3549 3543 3602 3597 in
3653 3556 3770 3596 me-

2174 3630 2320 3685 dium
2349 3630 2619 3699 producit,
2655 3645 2823 3700 seque
2861 3629 2967 3686 illis
2996 3631 3273 3688 adluerere
3313 3633 3531 3687 fatetur.
3585 3650 3608 3685 ι
3656 3632 3772 3689 Nos

2174 3721 2536 3790 approbamus
2579 3722 2657 3776 ait
2708 3723 2851 3791 quod
2903 3722 3015 3777 suis
3059 3737 3200 3793 stcpe
3244 3723 3522 3793 discipulis
3568 3723 3629 3779 Β.
3668 3724 3770 3780 Bo-

2175 3810 2427 3867 mualdus
2468 3812 2672 3868 dixisse
2726 3812 3043 3884 perhibetur
3081 3829 3096 3868 :
3152 3831 3171 3865 c
3205 3813 3528 3881 Dummodo,
3569 3815 3765 3886 inquit,

2174 3907 2346 3962 frater
2393 3908 2620 3978 quilibet
2674 3908 2862 3963 cellam
2917 3924 3022 3964 non
3070 3908 3309 3975 deserat,
3358 3909 3524 3963 etiam
3574 3924 3769 3966 carnes

2173 4002 2523 4072 permittatur
2551 4016 2617 4056 ex
2655 4000 2983 4056 discretione
3014 4001 3320 4067 comedere,
3365 4001 3408 4056 si
3452 4010 3561 4056 tam
3592 4003 3766 4058 inevi-

2175 4095 2356 4151 tabilis
2403 4095 2650 4149 videatur
2690 4095 2987 4149 necessitas
3016 4094 3321 4150 imminere.
3356 4112 3376 4146 ι
3405 4094 3653 4149 Addebat
3686 4096 3766 4149 iu-

2176 4200 2376 4255 super:
2408 4205 2428 4236 σ
2469 4185 2600 4239 Tale
2626 4186 2770 4240 enim
2818 4187 3205 4256 propemodum
3236 4194 3318 4240 est
3360 4186 3426 4241 de
3470 4200 3657 4240 eremo
3699 4186 3767 4241 ad

2175 4274 2561 4328 monasterium
2594 4275 2811 4337 reverti,
2850 4275 3008 4345 quale
3056 4276 3122 4330 de
3166 4274 3533 4330 monasteriali
3576 4275 3767 4329 ordine

2175 4362 2242 4417 ad
2273 4362 2526 4418 saeculum
2550 4365 2838 4433 asportari.
2863 4383 2881 4413 ι
2908 4364 2975 4418 Et
2999 4364 3157 4435 paulo
3181 4373 3301 4434 post
3326 4364 3508 4419 subdit
3533 4381 3548 4418 :
3577 4384 3599 4416 ι
3630 4363 3766 4419 Nam

2176 4463 2232 4510 et
2272 4454 2411 4509 idem
2448 4453 2510 4507 B.
2539 4452 2893 4520 Romualdus,
2933 4464 2993 4509 ut
3016 4456 3096 4510 sui
3127 4464 3527 4510 consueverunt
3557 4456 3766 4510 referre

563 4547 851 4618 Eremilica
878 4545 1061 4618 regula
1086 4545 1142 4600 S.
1161 4544 1302 4618 Petri
1321 4544 1560 4618 Damiani
1592 4543 2071 4618 in‘eretnollamal-
2108 4553 2152 4611 |)
2179 4545 2449 4617 discipuli,
2471 4547 2550 4601 sic
2574 4547 2747 4601 aestivi
2772 4547 3033 4618 temporis
3055 4547 3421 4603 hebdomadas
3439 4543 3765 4612 alternabat,

562 4617 768 4675 dulensi
789 4617 896 4671 vim
924 4614 1057 4687 legis
1081 4616 1317 4687 obtinuit
1328 4629 1398 4687 ex,
1413 4614 1471 4668 Β.
1493 4614 1770 4687 llodulpho
1792 4614 1987 4683 priore.
2013 4614 2067 4669 5.

565 4689 721 4755 Quod
757 4685 1078 4743 ostenditur.
1122 4686 1155 4740 6
1200 4693 1256 4739 et
1285 4686 1344 4755 :1.
1374 4685 1798 4739 Avellanitarum
1848 4700 2069 4755 congre-

561 4753 729 4829 gatio.
778 4773 846 4814 ex
876 4756 1147 4829 Ludovico
1174 4753 1397 4829 (ιιι-Νη,
1431 4755 1636 4829 species
1682 4753 2067 4829 e_mt_ejusd_em

565 4824 913 4884 cremitarum
946 4827 1157 4897 generis
1188 4841 1218 4897 a_
1258 4824 1554 4897 llomualtlo
1595 4825 1844 4897 instituti.
1874 4827 1933 4897 78.
1969 4824 2069 4877 Ea-

564 4901 686 4953 dem
720 4894 1021 4960 Romualdi,
1052 4910 1172 4966 quae
1202 4895 1344 4949 Petri
1373 4894 1617 4966 Dalmatii
1654 4896 1922 4966 institutio
1942 4935 1956 4959 ,
2001 4909 2067 4949 ex

561 4968 837 5023 Ludovico
887 4964 1259 5019 'l'homassiuo.
1299 4966 1352 5019 9.
1402 4964 1518 5033 Ipse
1552 4965 1741 5018 Petrus
1783 4964 2069 5019 Damianus

560 5037 828 5104 ejusmodi
857 5036 1165 5088 afﬁnitatem
1197 5043 1442 5088 testatur.
1490 5033 1850 5104 l0.7llospitii,
1883 5044 1942 5104 et
1966 5034 2076 5086 suf-

568 5103 864 5175 fragiorum
896 5104 1199 5175 communio
1222 5106 1361 5157 inter
1378 5103 1814 5175 Cztntaldulenses
1840 5112 1895 5157 et
1920 5103 2075 5175 Avel-

568 5173 763 5230 lanitas
804 5173 1183 5229 vetustissimis
1219 5174 1550 5241 temporibus
1572 5174 1724 5228 inita.
1751 5174 1836 5226 ll.
1864 5174 2079 5227 Avella-

566 5246 803 5301 nitarum
830 5244 1044 5298 habitus
1070 5242 1249 5297 colore
1276 5253 1330 5298 et
1371 5243 1542 5297 forma
1585 5242 2074 5299 Camaldulensium

571 5318 808 5350 vnclilnm
857 5311 1160 5350 ciunillilnnc
1208 5313 1273 5350 19
1326 5313 1484 5350 Ihlnna
1524 5313 1737 5350 ninnnln
1798 5322 1849 5350 nl
1884 5314 2050 5350 ..θεονί

2178 4644 2238 4690 ιιι
2264 4652 2428 4691 unam
2458 4637 2674 4708 quidem
2705 4652 2734 4692 a
2768 4638 3043 4692 Dominica
3075 4639 3127 4691 in
3158 4638 3493 4693 Dominieam
3518 4638 3571 4692 in
3599 4651 3764 4708 pane,

2177 4738 2233 4783 et
2261 4745 2398 4799 aqua
2424 4729 2714 4798 jejunando
2745 4733 3087 4802 transigeret,
3131 4731 3353 4785 alterius
3395 4746 3526 4786 vero
3557 4731 3765 4787 hebdo-

2180 4820 2350 4874 mada:
2376 4819 2707 4889 pulmentum
2736 4822 2921 4890 quinta
2952 4821 3085 4875 feria
3114 4819 3484 4875 manducaret.
3519 4837 3539 4872 ι

2249 4910 2333 4964 lll.
2388 4910 2651 4967 Similiter
2696 4913 2834 4966 idem
2892 4912 3183 4967 Damianus
3237 4922 3367 4966 tom.
3425 4911 3466 4978 l,
3532 4912 3627 4967 lib.
3687 4928 3761 4978 vr,

2180 5002 2342 5071 epist.
2391 5002 2481 5067 26,
2541 5014 2599 5056 ut
2640 5004 2959 5057 modestiam
3008 5005 3059 5057 in
3107 5003 3432 5058 feminarum
3483 5002 3766 5071 colloquiis

2182 5091 2389 5146 Marino
2416 5093 2678 5145 monacho
2700 5092 2929 5161 patrueli
2959 5108 3055 5146 suo
3072 5094 3433 5155 commendet,
3456 5091 3763 5161 exemplum

2180 5183 2240 5237 B.
2270 5183 2571 5246 liomualdi,
2604 5184 2692 5251 qui
2716 5183 3035 5253 discipulum
3069 5183 3245 5236 nimia:
3271 5182 3606 5237 curiositatis
3641 5197 3766 5251 pru-

2182 5274 2373 5329 denter
2402 5274 2694 5344 redarguit,
2726 5273 2797 5326 illi
2828 5276 2896 5328 ob
2921 5272 3106 5326 oculos
3132 5273 3302 5342 ponit,
3333 5287 3398 5326 ac
3428 5272 3592 5342 paulo
3620 5278 3762 5341 post,
