3982 5350
175 277 178 280 ρ
211 234 270 291 ιδ
1111 219 1646 280 PROLOGOMENA.
1673 247 1742 258 —-
1783 217 1870 272 DE
1899 209 2269 270 INSTITUTO
2295 209 2692 267 CAMALDUL.
3405 207 3472 262 ut

216 352 264 408 in
289 351 412 422 ipso
441 344 768 404 refectionis
797 341 950 400 initio
973 341 1206 412 parcite;
1235 347 1290 394 et
1319 353 1436 392 cum
1465 336 1576 406 jam
1607 333 1712 386 illis
1743 345 1808 386 ex
1839 335 1884 394 Α
1915 329 1994 384 vel
2017 339 2234 391 caetera,
2254 341 2374 395 quae
2401 325 2558 394 hujus
2581 324 2746 378 eremi
2776 322 2958 380 usibus
2987 325 3236 380 videnlur
3255 336 3476 382 contra-

227 451 368 516 parte
409 437 760 494 satisfactum
805 433 983 494 fuerit,
1017 446 1114 485 vos
1155 429 1424 488 inchoate,
1451 434 1718 494 quatenus
1753 429 1810 474 et

228 515 534 606 hypocrisis
565 539 750 584 notam
775 526 994 596 possitis
1021 522 1270 580 evadere,
1305 527 1360 572 et
1386 515 1694 572 sobrietatis
1727 526 1810 564 re-

233 603 400 694 gulam
439 622 562 676 sine
601 617 899 673 olfensione
929 627 1164 668 servare.
1220 629 1238 660 ι
1275 609 1342 662 Ει
1375 606 1560 661 eodem
1599 603 1688 656 lib.
1731 617 1807 664 vr,

231 693 382 784 epist.
405 713 500 772 30,
523 711 590 764 ad
613 709 955 762 Theuzonem
979 701 1282 763 eremitam,
1309 705 1492 752 narrat
1517 693 1812 748 rationibus

233 801 478 873 sepositis
504 801 572 852 ad
601 797 980 852 auctoritatem
1005 791 1062 846 S.
1095 788 1376 844 Romualdi
1405 803 1464 841 se
1487 785 1810 853 confugisse,

235 905 291 948 ut
337 895 608 946 intentum
659 889 933 942 cvinceret
989 901 1003 937 :
1055 901 1074 934 ι
1129 880 1407 944 Tandem,
1453 875 1642 944 inquit,
1691 886 1814 926 cum

234 985 284 1038 in
307 993 460 1036 arcto
482 979 643 1050 positi
661 1019 676 1042 ,
701 972 1074 1044 multiplicium
1101 969 1460 1038 objectionum
1491 965 1817 1020 vallaremur

235 1070 518 1142 angustiis,
541 1068 633 1122 ubi
665 1063 1020 1120 ratiocinandi
1050 1062 1205 1130 copia
1235 1065 1520 1127 suppetere
1547 1053 1725 1114 desiit,
1749 1052 1816 1104 ad

237 1141 546 1217 sanctorum
585 1173 710 1212 mox
737 1153 981 1223 exempla
1013 1149 1372 1220 confugimus,
1404 1155 1463 1200 ut
1493 1143 1602 1198 illis
1623 1141 1816 1196 saltem

237 1254 367 1308 ﬁdes
413 1250 704 1312 habeatur,
747 1260 974 1316 quorum
1007 1239 1301 1296 auctoritas
1339 1237 1404 1290 ad
1444 1233 1818 1304 probationem

229 1345 604 1413 cujuscunque
638 1338 840 1406 negotii
887 1337 1264 1390 incunctanter
1301 1327 1624 1382 admittitur.
1659 1323 1820 1379 Cum-

231 1455 340 1509 que
385 1451 552 1506 super
597 1433 831 1503 quodam
877 1423 1286 1496 disceptationis
1334 1418 1568 1474 articulo
1611 1417 1668 1471 S.
1717 1413 1820 1468 Ro-

237 1529 486 1585 mualdus
511 1528 564 1580 in
603 1521 971 1580 testimonium
1003 1519 1308 1575 duceretur,
1345 1531 1362 1563 ι
1395 1519 1504 1566 etc.

303 1619 394 1673 ιν.
433 1617 688 1672 Vicissim
717 1627 844 1668 vero
889 1607 1130 1662 Damiaui
1175 1603 1474 1658 auctoritas
1523 1600 1574 1654 in
1603 1596 1824 1654 Camal-

1909 425 2012 486 tia,
2039 435 2209 490 eaque
2233 419 2470 474 breviter
2493 417 2877 486 descripsimus
2899 417 2952 472 in
2975 417 3076 473 hac
3099 421 3312 490 pagina,
3341 439 3476 490 pne-

1909 511 2302 568 termittautur,
2355 507 2632 578 quoniam,
2687 516 2748 562 ut
2801 507 2900 576 ipsi
2957 509 3171 573 videtis,
3207 513 3478 583 prmcipua

1909 613 2032 659 sunt
2066 604 2200 665 lucc,
2231 609 2284 654 et
2313 601 2545 654 arctiora
2569 617 2582 664 ;
2608 609 2772 669 atque
2800 599 2852 654 in
2895 601 2996 656 hac
3021 617 3203 656 eremo
3229 605 3480 674 primitus

1909 695 2198 748 observata
2232 705 2394 760 quam
2441 691 2554 758 ipsa
2589 689 2790 760 Regula
2835 689 3023 745 fuisset
3051 679 3343 762 descripta.
3373 693 3482 752 Sed

1913 787 2118 856 reliqua
2155 785 2359 848 omnia,
2406 797 2525 853 qua:
2553 783 2710 850 hujus
2738 785 2904 838 eremi
2935 785 3119 840 usibus
3147 789 3479 842 convenien-

1915 881 2012 942 tia,
2040 887 2095 932 et
2121 876 2339 940 similia,
2363 883 2416 928 et
2445 873 2678 944 qualiter
2725 874 2881 930 docet
2923 891 3019 930 nos
3075 877 3128 931 in
3186 877 3402 946 cellula,
3429 889 3486 936 et

1915 967 2118 1022 deforis
2143 979 2482 1036 permanere,
2519 977 2618 1017 nec
2657 978 2766 1018 non
2817 964 2958 1020 intus
2997 966 3270 1033 resistere,
3297 971 3482 1023 ctvir—

1917 1065 2060 1110 tutes
2091 1056 2394 1124 acquirere,
2425 1063 2480 1108 et
2505 1053 2882 1108 discretionem
2911 1055 2962 1109 in
2997 1057 3244 1112 omnibus
3271 1073 3485 1128 seraper

1919 1151 2170 1214 retinere,
2199 1151 2454 1205 debemus
2477 1148 2700 1221 jugiter,
2727 1151 2940 1207 Christo
2961 1153 3268 1222 arljuvante,
3300 1155 3489 1210 obser-

1921 1259 2072 1308 vare,
2121 1251 2174 1297 et
2205 1255 2478 1311 nunquam
2513 1241 2570 1295 S.
2612 1241 2896 1296 Romualdi
2945 1251 3000 1296 et
3039 1255 3358 1299 eteterorum
3391 1261 3488 1300 no-

1921 1345 2158 1390 strorum
2189 1343 2592 1388 antecessorum
2637 1333 2784 1404 pium
2839 1349 2992 1388 usum
3033 1333 3428 1405 derelinquere.
3465 1359 3484 1390 ι

1993 1425 2078 1481 Vl.
2113 1426 2400 1480 Enimvero
2429 1426 2568 1479 hanc
2616 1443 2636 1476 ι
2683 1425 3018 1480 eremiticam
3047 1427 3310 1496 regulam,
3355 1447 3373 1481 ι
3425 1429 3492 1484 de

1917 1531 2026 1587 qua
2049 1516 2366 1587 Rodulphns
2388 1517 2647 1586 loquitur,
2671 1517 2830 1570 aliam
2863 1533 2981 1572 esse
3007 1535 3111 1572 non
3137 1535 3313 1589 posse,
3351 1537 3492 1590 prte-

1925 1619 2008 1662 ter
2038 1607 2182 1660 illam
2229 1607 2374 1661 Petri
2421 1607 2686 1671 Damiani,
2718 1622 2876 1675 quam
2907 1607 3107 1662 Paulus
3151 1609 3491 1666 Justiniauus

235 1710 544 1766 dulensium
571 1705 792 1761 statutis
826 1702 1018 1771 szepius
1065 1698 1369 1752 invocatur.
1405 1691 1494 1746 Sic
1526 1691 1578 1744 in
1611 1689 1818 1744 consti-
1855 1715 1898 1775 Β
1925 1706 2046 1766 post
2079 1697 2488 1750 οοηειίιυιίοηος
2512 1711 2638 1750 suas
2674 1696 2938 1750 edendam
2968 1698 3200 1762 censuit.
3225 1699 3498 1767 conigium.

239 1804 472 1866 tutione,
501 1815 664 1871 quam
705 1795 956 1850 Placidus
1002 1789 1170 1844 eremi
1199 1783 1627 1842 Cautaldulensis
1649 1782 1816 1850 prior,

242 1903 296 1948 et
327 1869 598 1946 Martinus
629 1885 871 1957 ejusdem
917 1880 1088 1936 eremi
1117 1878 1381 1949 provisor,
1424 1874 1586 1928 unico
1609 1880 1734 1942 post
1759 1869 1820 1923 B.

239 1981 588 2050 Rodulpbum
617 1975 834 2036 sarculo,
855 1969 1280 2042 promulgarunt,
1299 1963 1495 2020 silentii
1513 1959 1822 2030 disciplina,

243 2071 470 2140 ejusque
487 2065 792 2121 necessitas
819 2059 1136 2116 confirmata
1166 2052 1524 2126 legitur,quia
1549 2050 1824 2120 inquiunt,

249 2139 490 2216 «Petrus
519 2157 816 2212 Damianus
837 2153 910 2205 ait
939 2169 950 2204 :
985 2148 1234 2202 Eremitte
1255 2144 1486 2200 ofﬁcium
1509 2150 1594 2197 est
1616 2139 1826 2209 jejunio

247 2252 574 2319 silentioque
593 2245 896 2317 quiescere.
931 2260 950 2292 ι
965 2240 1036 2293 -Ει
1063 2239 1114 2292 in
1133 2235 1410 2290 eremitiea
1431 2231 1638 2302 regula,
1663 2243 1824 2300 quam

247 2344 448 2398 Paulus
491 2337 833 2394 Justiuianus
875 2332 1062 2392 edidit,
1096 2339 1206 2383 tum
1251 2343 1371 2396 cap.
1395 2327 1486 2390 47,
1509 2322 1825 2391 verbisjam

247 2435 462 2490 dissert.
499 2430 552 2492 1,
583 2443 698 2497 cap.
723 2425 778 2488 4,
805 2439 950 2478 num.
985 2421 1072 2485 14,
1096 2419 1360 2482 adductis,
1392 2436 1410 2468 ι
1441 2415 1581 2470 Petri
1611 2413 1830 2468 Damia-

247 2527 302 2579 ni
348 2543 366 2575 ι
421 2519 723 2575 auctoritas
773 2516 918 2568 circa
981 2509 1318 2580 disciplinam
1363 2505 1829 2576 suscipiendorum

249 2611 586 2666 sarcularium
617 2608 670 2662 in
697 2618 882 2660 eremo
917 2600 1260 2672 proponitur;
1305 2605 1416 2650 tum
1445 2593 1571 2648 alibi
1604 2593 1828 2663 passim,

251 2714 312 2758 ut
335 2705 480 2758 circa
509 2699 712 2772 prioris
759 2695 926 2751 eremi
961 2691 1256 2762 qualitates
1303 2687 1514 2755 aliaque
1548 2685 1740 2746 multa,
1763 2682 1828 2736 ad

251 2795 492 2863 ejusdem
521 2810 540 2842 ι
577 2789 726 2844 Petri
781 2783 1028 2840 Damiani
1069 2801 1086 2833 ι
1123 2779 1434 2835 sanctiones
1481 2783 1830 2845 provocatur,

247 2901 371 2940 cum
409 2885 636 2952 insuper
670 2897 688 2931 ι
735 2875 1070 2933 eremiticam
1099 2871 1338 2940 regulam
1362 2868 1506 2922 Petri
1533 2865 1774 2922 Damiaui
1809 2885 1825 2916 ι

253 2993 320 3032 ex
343 2979 556 3042 integro
581 2973 770 3033 edere,
799 2977 852 3022 et
873 2965 1072 3036 regula:
1099 2963 1394 3018 eremiticce
1441 2957 1498 3014 S.
1543 2955 1830 3012 Romualdi

1923 1788 2121 1857 primo,
2145 1786 2270 1855 quia
2305 1785 2392 1838 illa
2425 1785 2540 1854 ipsa
2593 1795 2694 1849 est,
2726 1801 2846 1856 quae
2873 1804 2892 1838 ε
2929 1788 2994 1841 de
3017 1787 3262 1844 lancibus
3295 1791 3499 1845 baben-

1925 1879 2008 1934 dis
2033 1879 2086 1932 in
2115 1877 2249 1932 cella
2281 1878 2346 1931 ad
2367 1877 2524 1947 panis
2551 1893 2859 1932 mensuram
2903 1879 3327 1948 ponderandam,
3371 1903 3388 1934 ι
3417 1881 3499 1938 lo-

1924 1970 2109 2040 quitur
2137 1981 2324 2038 Opuse.
2379 1983 2468 2032 xv,
2518 1983 2639 2038 cap.
2694 1969 2752 2033 8,
2801 1967 2956 2037 cujus
3003 1978 3210 2024 textum
3251 1974 3500 2041 superius

1924 2059 2246 2113 adduximus
2267 2071 2386 2126 cap.
2414 2056 2466 2120 5,
2497 2073 2646 2110 num.
2671 2056 2757 2110 M.
2787 2057 2929 2112 Idem
2953 2057 3222 2129 colligitur
3239 2062 3500 2124 secundo,

1927 2163 1996 2204 ex
2025 2163 2131 2218 quo
2154 2148 2243 2202 illa
2273 2149 2386 2218 ipsa
2411 2147 2504 2212 sit,
2529 2163 2648 2216 quae
2674 2167 2692 2198 ι
2723 2146 2948 2202 Sabbati
2975 2147 3264 2218 jejunium,
3305 2169 3324 2201 ι
3351 2161 3500 2205 extra

1927 2238 2399 2308 Quadragesimas,
2453 2251 2666 2305 semper
2707 2245 2816 2290 tam
2857 2245 3066 2300 testate,
3097 2253 3258 2306 quam
3303 2239 3502 2302 hieme,

1929 2339 2150 2402 pr0pter
2175 2329 2471 2383 imbecilles
2509 2328 2853 2383 relaxandum
2887 2329 3146 2401 indulget,
3180 2347 3244 2385 ac
3275 2331 3502 2402 simplici

1931 2423 2210 2477 refectioni
2237 2437 2355 2476 cum
2385 2421 2685 2492 pulmento,
2719 2433 2774 2476 et
2797 2423 2922 2476 vino
2951 2425 3336 2491 deputandum,
3365 2427 3507 2493 quod

1933 2515 2108 2584 ipsmn
2148 2514 2372 2583 intelligi
2409 2514 2579 2568 voluit
2637 2513 2954 2584 Rodulphus
2987 2531 3048 2569 ea
3083 2515 3308 2569 formula
3337 2533 3356 2568 ε
3389 2537 3404 2568 ι
3436 2519 3510 2572 De

1934 2607 2021 2660 die
2072 2605 2292 2660 Sabbati
2339 2605 2671 2659 manducare
2700 2605 2766 2658 ad
2811 2621 3084 2670 mensam;
3128 2625 3145 2656 ι
3181 2608 3422 2661 aiteuim
3455 2609 3506 2662 in

1931 2697 2150 2752 constit.
2192 2697 2316 2750 anni
2343 2697 2497 2762 1080,
2531 2711 2649 2766 cap.
2679 2695 2749 2750 20
2777 2715 2790 2750 :
2820 2715 2838 2747 ι
2866 2698 2944 2750 Ad
2975 2712 3215 2752 mensam
3241 2715 3368 2754 vero
3394 2715 3507 2753 om-

1935 2787 2094 2843 nibus
2143 2788 2331 2842 diebus
2375 2789 2602 2858 gemime
2654 2787 2990 2860 refectionis,
3041 2789 3444 2860 autsimplicis,
3483 2811 3502 2841 ι

1936 2879 2194 2934 nimirum
2249 2894 2354 2932 non
2414 2877 2634 2948 perfecti
2673 2896 2698 2929 r
2749 2877 2938 2946 jejunii
2980 2881 3352 2936 communiter
3383 2881 3508 2935 refi-

1937 2971 2083 3024 ciunt
2127 2969 2360 3034 fratres;
2401 2989 2420 3020 ι
2465 2984 2586 3022 nam
2640 2967 2834 3023 diebus
2887 2970 3227 3024 abstinentiae
3277 2972 3431 3040 panis
3459 2981 3512 3024 ct

255 3066 412 3120 simul
462 3063 811 3132 conjungere,
860 3057 1158 3124 eodemque
1215 3051 1498 3120 complecti
1536 3048 1828 3111 volumine,

1939 3077 2092 3130 aquae
2125 3060 2314 3130 singuli
2367 3061 2420 3114 in
2451 3060 2600 3114 cellis
2649 3061 2781 3126 suis,
2823 3077 2844 3111 ι
2889 3061 3044 3115 nudis
3089 3061 3512 3132 pedibns'super

255 3159 396 3212 idem
445 3155 786 3211 Justinianus
837 3163 944 3202 non
973 3143 1320 3206 dubitaverit,
1348 3141 1558 3197 czeteris
1587 3139 1712 3194 licet
1733 3139 1834 3194 Ca-

257 3247 684 3304 maldulensibus
734 3237 1210 3296 constitutionibus
1259 3233 1550 3304 Rodulphi,
1604 3232 1832 3298 Placidi,

255 3337 548 3398 Gherardi,
599 3333 812 3388 Martini
841 3329 1065 3385 omnino
1113 3324 1441 3396 postpositis,
1473 3325 1628 3393 quasi
1675 3323 1836 3377 nimi-

263 3445 378 3482 rum
428 3426 774 3496 intelligeret,
821 3422 875 3475 in
927 3419 1060 3474 solis
1093 3417 1238 3470 Petri
1279 3415 1522 3468 Damiani
1551 3414 1833 3476 institutis,

263 3519 525 3590 quidquid
579 3518 630 3570 in
678 3513 918 3570 omnium
965 3508 1068 3563 PP.
1103 3515 1411 3560 nostrorum
1468 3503 1837 3557 sanctionibus

259 3613 594 3673 continetur,
617 3616 874 3675 tanquam
901 3604 952 3656 in
971 3616 1070 3656 suo
1096 3599 1269 3662 fonte,
1291 3597 1506 3662 melius,
1531 3605 1586 3650 et
1611 3593 1837 3650 uberius

259 3700 524 3772 reperiri;
557 3713 654 3752 nec
675 3697 810 3751 satis
841 3692 1134 3763 perfectam
1161 3697 1311 3742 ratus
1346 3701 1520 3752 suam,
1549 3701 1614 3741 ex
1647 3686 1704 3738 S.
1731 3683 1838 3738 lio-

257 3793 462 3849 mualdi
495 3787 896 3849 traditionibus,
921 3792 976 3837 et
1003 3790 1408 3835 antecessorum
1439 3776 1680 3832 omnimn
1711 3775 1840 3829 scri-

253 3889 398 3957 ptis;
430 3884 520 3938 vel
552 3897 646 3952 per
673 3893 867 3934 manus
923 3874 1184 3930 traductis
1217 3869 1700 3926 consuetudinibus
1727 3868 1840 3923 col-

255 3977 476 4040 lectam,
503 3973 742 4043 regulam
775 3968 1132 4030 eremiticam,
1163 3964 1264 4018 uisi
1293 3961 1436 4016 Petri
1471 3961 1724 4014 Datuiani
1751 3975 1842 4014 co-

257 4079 418 4140 gnato
475 4065 654 4118 libello
685 4082 706 4114 ι
745 4063 821 4116 De
868 4073 978 4114 suae
1027 4053 1462 4124 congregationis
1519 4051 1780 4106 institutis
1816 4070 1834 4102 ι

262 4159 514 4214 tractanti
547 4155 914 4226 copularetur,
933 4165 972 4204 a
1002 4165 1108 4218 quo
1159 4146 1439 4214 majorem,
1477 4153 1532 4201 et
1567 4145 1764 4209 lucem,
1789 4153 1844 4198 et

261 4249 576 4304 ﬁrmitatem
609 4246 902 4312 acciperet.

333 4340 394 4395 ν.
429 4340 544 4394 lmo
574 4338 804 4406 ipsumet
839 4351 856 4384 ι
891 4330 1034 4386 Petri
1083 4329 1326 4384 Damiaui
1359 4328 1637 4383 eremitica
1681 4343 1841 4398 regu-

1936 3152 2249 3220 pavimcnto
2279 3152 2530 3205 sedentes
2577 3151 2883 3220 librumque
2925 3167 3096 3206 sacrae
3155 3151 3400 3206 lectionis
3426 3152 3506 3205 in-

1937 3251 2169 3306 tuentes,
2210 3261 2228 3293 ι
2272 3241 2674 3306 reficiebantur,
2719 3251 2774 3294 ut
2801 3241 2994 3296 ibidem
3050 3241 3364 3310 Rodulphus
3394 3243 3506 3306 ait;

1935 3337 2014 3390 ait
2063 3337 2206 3390 enim
2261 3335 2558 3389 Dantiunus
2597 3333 2742 3390 dicto
2794 3334 3058 3403 opusculo
3106 3349 3196 3398 xv,
3227 3350 3346 3404 cap.
3401 3334 3505 3389 t5:

1941 3448 1961 3480 1
2005 3429 2285 3484 Credimus
2313 3443 2750 3498 unumquemque
2785 3423 3012 3499 fratrem
3043 3427 3096 3480 iu
3141 3427 3330 3481 cellula
3362 3442 3510 3480 com-

1939 3529 2263 3581 moranlcm,
2299 3520 2398 3572 nisi
2449 3517 2670 3572 omnino
2702 3527 2934 3587 aegrotus
2964 3519 3052 3581 sit,
3105 3518 3173 3570 ita
3201 3527 3258 3570 ut
3289 3517 3512 3571 decum-

1938 3611 2034 3665 but
2053 3611 2270 3679 quidem
2297 3609 2348 3662 in
2377 3607 2594 3672 lectulo,
2631 3617 2744 3662 toto
2771 3607 2896 3660 anui
2925 3615 3185 3676 torpore,
3213 3607 3325 3662 sive
3353 3615 3514 3662 testa-

1943 3710 1994 3753 te
2053 3699 2321 3760 videlicet,
2371 3698 2484 3752 sive
2525 3697 2721 3759 hieme,
2785 3695 2958 3748 tribus
2989 3710 3083 3764 per
3123 3695 3511 3750 hebdomadam

1941 3791 2128 3845 diebus
2167 3790 2414 3860 jejunare
2464 3789 2514 3841 in
2547 3803 2684 3856 pane
2712 3797 2766 3842 et
2805 3804 2944 3858 aqua
2973 3803 3092 3842 cum
3122 3788 3212 3844 Dei
3247 3788 3514 3858 adjutoriu

1944 3879 2198 3934 facillime
2229 3894 2408 3948 posse,
2435 3887 2486 3932 et
2511 3879 2767 3948 quoniam
2816 3879 3051 3934 Sabbato
3077 3879 3324 3949 jejunare
3352 3896 3516 3936 cano-

1945 3970 2080 4024 nica:
2109 3967 2414 4022 traditionis
2448 3967 2816 4021 authenticum
2856 3975 2958 4032 est,
2993 3983 3098 4022 non
3136 3984 3299 4037 grave
3329 3968 3516 4024 videa-

1949 4069 2033 4113 tur
2061 4057 2214 4112 fratri
2239 4058 2402 4112 etiam
2437 4057 2677 4111 Sabbato
2720 4057 3068 4112 refectionem
3099 4059 3162 4112 ad
3195 4074 3389 4112 nonam
3425 4061 3520 4114 ho-

1946 4167 2062 4205 ram
2101 4165 2271 4219 usque
2303 4147 2543 4214 dill‘erre,
2592 4159 2650 4202 ut
2678 4149 2845 4204 semel
2884 4150 3098 4217 quidem
3145 4149 3258 4218 ipso
3288 4150 3372 4204 die
3399 4153 3522 4204 reli-

1947 4245 2140 4308 ciatur,
2191 4243 2282 4296 sed
2319 4251 2498 4296 tamen
2540 4242 2720 4296 viuum
2768 4253 2932 4312 atque
2976 4243 3309 4312 pulmentum
3345 4246 3522 4314 perci-

1947 4349 2075 4403 pere
2121 4349 2186 4387 ex
2215 4331 2374 4398 hujus
2407 4341 2602 4386 nostra:
2638 4333 2995 4386 institutionis
3051 4333 3384 4404 indulgentia
3413 4351 3522 4389 non

267 4433 312 4487 Ia
345 4452 365 4486 ι
403 4433 456 4487 in
485 4444 675 4486 eremo
721 4424 1118 4480 Camaldulensi
1174 4422 1288 4477 sola
1339 4422 1404 4474 ad
1438 4422 1838 4476 observandum
1873 4409 1922 4468 D
1947 4433 2177 4479 vetetur.
2211 4424 2276 4477 Et
2307 4425 2410 4478 hoc
2447 4422 2664 4494 quidem
2704 4433 2912 4489 astate,
2964 4440 3088 4478 nam
3112 4426 3180 4480 ab
3207 4425 3388 4480 Idibus
3426 4427 3522 4480 se-

267 4523 570 4594 aliquandiu
619 4516 900 4588 proposita
947 4513 1176 4576 exstitit,
1235 4511 1480 4566 videlicet
1506 4527 1676 4581 usque
1713 4511 1838 4565 dum

265 4615 324 4668 Β.
357 4611 678 4681 Rodulphus
701 4607 847 4677 prior
875 4620 1001 4659 suas
1035 4604 1220 4658 ederet
1249 4604 1683 4657 constitutiones.
1712 4601 1844 4668 Qui—

269 4706 363 4760 bus
389 4716 572 4759 tamen
601 4715 713 4754 non
769 4707 1050 4767 propterea
1085 4695 1201 4765 ejus
1225 4696 1306 4748 vis
1337 4695 1550 4764 penitus
1583 4693 1840 4762 abrogata

265 4807 366 4860 est,
391 4799 480 4852 sed
521 4807 657 4856 uno,
701 4790 788 4844 vel
835 4789 1004 4842 altero
1033 4789 1298 4842 duntaxat
1339 4787 1566 4842 articulo
1587 4795 1838 4856 excepto,

267 4885 315 4940 in
343 4885 568 4954 reliquis
609 4881 796 4934 adlmc
821 4891 1074 4945 expresse
1102 4877 1396 4948 approbata
1442 4877 1636 4932 mansit
1660 4877 1728 4928 ab
1755 4891 1843 4930 eo-

257 4979 370 5036 dem
415 4974 746 5043 Rodulpho,
773 4970 865 5039 qui
913 4971 964 5024 in
1014 4969 1492 5026 constitutionibus
1525 4969 1654 5026 anni
1683 4968 1842 5032 l085,

251 5073 326 5128 sic
353 5073 432 5126 ait
465 5085 482 5124 :
521 5085 542 5119 ι
584 5061 978 5130 Unusquisque
1007 5062 1176 5118 frater
1201 5061 1384 5116 lances
1414 5062 1465 5114 in
1499 5061 1634 5116 cella
1659 5059 1843 5121 habet,

243 5185 360 5222 cum
387 5165 606 5236 quibus
647 5162 846 5226 pensat
897 5161 1004 5207 tres
1047 5169 1241 5224 panes,
1270 5167 1406 5221 quos
1431 5153 1628 5224 accipit
1655 5163 1847 5205 omnes

181 5312 216 5316 ._
239 5262 352 5316 dies
411 5248 752 5311 Dominicos
785 5249 840 5293 et
891 5243 1069 5310 quinta
1121 5243 1278 5300 feria.
1315 5243 1376 5296 Et
1405 5243 1506 5297 alia
1555 5243 1724 5297 multa
1757 5237 1842 5292 his

1949 4517 2230 4590 ptembris,
2260 4532 2428 4586 usque
2454 4517 2520 4571 ad
2571 4515 2830 4570 Paschale
2857 4515 3133 4588 gaudium,
3167 4527 3398 4588 quatuor
3425 4535 3522 4588 per

1951 4611 2342 4667 hebdomadam
2377 4609 2565 4664 diebus
2595 4611 2808 4664 noverit
2859 4609 3239 4678 jejunandum;
3273 4612 3364 4666 sed
3389 4623 3444 4668 et
3473 4614 3520 4667 si

1951 4701 2242 4771 aliquando
2297 4709 2443 4754 tanta
2500 4700 2747 4757 debilitas
2796 4701 3074 4764 acciderit,
3103 4701 3326 4756 hiberno
3357 4704 3521 4758 etiam

1953 4803 2195 4864 tempore
2227 4792 2312 4846 die
2370 4791 2614 4854 Subhati,
2645 4799 2738 4842 aut
2769 4791 3126 4859 leguminibus
3187 4792 3402 4860 infusis,
3435 4804 3528 4849 aut

1953 4885 2242 4940 herbarum
2293 4884 2592 4948 radicibus,
2624 4880 2735 4934 sive
2788 4882 2950 4934 etiam
3000 4883 3195 4951 pomis,
3228 4883 3442 4940 solitum
3473 4885 3529 4938 li-

1952 4975 2097 5029 cebit
2124 4973 2519 5043 aliquantiSpcr
2566 4981 2868 5037 temperare
2893 4971 3152 5042 jejunium
3183 4988 3197 5026 :
3227 4974 3296 5027 ita
3321 4982 3524 5038 tamen,

1951 5074 2012 5118 ut
2043 5065 2084 5119 si
2117 5078 2280 5115 unttm
2306 5067 2588 5130 quodlibet
2627 5061 2815 5112 borum
2847 5071 3044 5126 sumat,
3069 5063 3233 5128 aliud,
3261 5064 3363 5117 nisi
3387 5081 3527 5119 vera:

1952 5153 2296 5210 necessitatis
2324 5169 2486 5212 causa
2519 5149 2826 5211 dictaverit,
2855 5166 2958 5206 non
2987 5152 3215 5220 adjiciat.
3251 5153 3531 5210 Postremo

1957 5253 2164 5307 tamen,
2193 5252 2412 5313 propter
2454 5237 2848 5318 pusillanimes,
2880 5241 2923 5293 si
2961 5242 3062 5296 hoc
3097 5241 3388 5294 necessitas
3417 5255 3531 5293 om-

2719 5343 2841 5350 ..o..._.
2885 5345 3050 5350 ._____
3089 5343 3104 5350 Α
3159 5347 3180 5350 .-
3219 5345 3256 5350 ,Α
