3982 5350
456 241 521 295 Π
1388 239 1443 290 S.
1488 236 1759 292 PETRL’S
1785 234 2136 290 DAMIANUS
2178 235 2235 289 S.
2276 237 2340 289 lt.
2382 237 2441 290 E.
2474 234 2899 292 CABDINALIS.
3638 236 3706 291 43

457 326 669 419 statuit,
693 362 878 423 utpote
903 350 1018 421 ejus
1050 353 1427 408 consuetudini
1467 352 1815 411 contrariam.
1839 352 2037 420 quippe
2065 360 2107 413 Α
2140 352 2400 420 tiquaieut
2454 352 2517 406 de
2566 349 2801 420 grandes
2842 348 3151 415 attsttirités,
3198 358 3251 405 et
3304 348 3557 405 faisaiettt
3611 349 3712 404 des

466 454 724 500 auntaxat
773 463 790 495 ι
827 443 1071 498 Paschali
1117 454 1377 512 tempore,
1420 463 1437 494 ι
1473 453 1531 496 ut
1575 452 1788 496 constat
1812 457 1877 496 ex
1915 441 2030 509 ejus

458 536 678 591 constit.
734 534 1006 603 prioribus
1060 549 1177 603 cap.
1220 534 1306 598 {2,
1338 548 1472 601 quas
1530 547 1693 602 supra
1747 533 2029 587 retulimus

458 641 577 696 cap.
610 626 672 690 '5',
691 640 839 678 num.
864 623 923 688 9,
950 643 967 673 ι
998 632 1051 677 et
1083 623 1136 677 in
1166 624 1371 678 octavis
1413 630 1743 686 sanctorum,
1769 630 1823 677 et
1843 622 2031 678 diebus

460 714 857 784 phlebotomia},
894 733 911 766 ι
963 722 1059 767 aut
1095 732 1112 765 ε
1152 714 1219 768 ob
1250 729 1527 768 accessum
1552 712 1780 783 alicujus
1804 713 2031 769 celebris

459 820 721 875 personae,
759 823 777 854 ι
826 804 938 858 sive
974 820 991 854 ι
1024 802 1443 858 extraordinarii
1492 801 1690 857 laboris
1736 801 1953 868 intuitu,
1977 812 2033 859 et

464 898 515 949 in
557 894 811 948 Sabhatis
847 904 1135 964 utramque
1181 894 1660 965 Quadragesimam
1719 895 2029 975 prmcedcn-

458 986 624 1049 tibus,
653 1004 671 1038 ι
704 993 914 1056 poterat
938 984 1160 1040 Sabbati
1191 985 1518 1041 abstinentia
1551 984 1803 1051 relaxari,
1828 1000 1893 1038 ex
1917 985 2033 1040 eius

457 1078 734 1131 coustitut.
768 1076 943 1142 citat.,
973 1091 1091 1147 cap.
1124 1076 1212 1131 16.

532 1207 639 1263 Vll.
690 1206 835 1264 idem
867 1209 1032 1262 etiam
1064 1208 1220 1263 tertio
1260 1210 1586 1276 ostenditur,
1616 1224 1680 1263 ex
1706 1209 2032 1280 quo-eremi-

463 1297 568 1350 tica
620 1295 824 1367 regula,
879 1298 944 1353 de
980 1313 1085 1367 qua
1137 1297 1378 1367 loquitur
1425 1298 1764 1369 Bodulphus,
1792 1308 2035 1368 tempore

458 1390 577 1459 ipso
635 1391 777 1445 inter
824 1389 1254 1445 Camaldulensis
1312 1391 1479 1445 eremi
1538 1389 1926 1457 fundationem,
1979 1398 2035 1445 et

428 1480 728 1550 .Rodulplti
778 1491 993 1537 aetatem
1036 1482 1213 1538 medio
1255 1482 1551 1551 composita
1600 1492 1737 1547 erat,
1774 1484 1846 1538 ibi
1879 1501 1895 1535 :
1923 1502 1941 1535 ι
1976 1483 2032 1537 In

430 1573 563 1631 .bac
587 1588 771 1628 eremo
806 1573 1057 1643 primitus
1085 1589 1114 1627 a
1145 1574 1347 1628 sanctis
1379 1574 1509 1629 viris
1541 1573 1756 1629 fuerunt
1799 1576 1911 1629 lucc
1938 1574 2031 1630 ob-

461 1671 695 1725 servata,
728 1676 886 1730 quam
917 1662 1029 1731 ipsa
1057 1662 1237 1733 regula
1277 1661 1467 1717 fuisst‘t
1496 1664 1787 1733 descripta.
1821 1683 1839 1717 ι
1874 1663 2028 1719 Nulla
2069 1694 2112 1753 Β

466 1764 666 1818 autem,
702 1753 801 1809 nisi
839 1753 981 1809 l'etri
1016 1756 1259 1809 Damiani
1306 1756 1654 1809 eremitarum
1684 1755 1866 1824 regula
1894 1756 2037 1811 dicto

466 1853 707 1914 tempore
732 1854 951 1899 exarata
998 1856 1097 1909 est,
1126 1846 1279 1915 cujus
1300 1847 1521 1915 quidem
1551 1846 1799 1900 notitiam
1831 1847 2037 1901 habea-

459 1951 602 1998 mus,
634 1936 817 2004 itaque
839 1936 954 1992 haec
985 1936 1097 2005 ipsa
1135 1946 1240 1999 est,
1272 1952 1390 2005 qua:
1416 1936 1859 1993 Camaldulenses
1898 1937 2038 2007 apud

463 2024 722 2078 eremitas
743 2025 795 2077 in
823 2040 919 2078 usu
952 2034 1178 2079 eatenus
1219 2025 1418 2089 fuerat,
1451 2035 1505 2081 et
1548 2026 1822 2095 deinceps,
1854 2027 1904 2081 in
1932 2027 2038 2092 his,

462 2130 584 2183 qute
606 2114 993 2169 vetustioribus
1039 2116 1210 2169 eremi
1260 2116 1403 2169 illius
1431 2117 1616 2171 usibus
1660 2133 1765 2172 nou
1799 2117 2037 2173 contrai-

465 2213 610 2271 rent,
662 2205 1000 2260 observanda
1052 2203 1229 2260 adhuc
1287 2221 1317 2259 a
1364 2204 1646 2277 Bodulplto
1695 2209 2034 2279 proponitur.

463 2296 667 2363 Quarto
690 2298 920 2368 denique
951 2299 1211 2354 doctrina:
1240 2300 1368 2368 ipsa:
1402 2319 1419 2351 t
1466 2301 1530 2355 de
1560 2301 1709 2356 cellie
1732 2315 2041 2372 sequestra-

464 2388 635 2455 tiune,
669 2388 734 2442 de
781 2389 1196 2443 conversatione
1234 2400 1388 2445 extra
1427 2391 1642 2456 cellam,
1683 2394 1750 2448 de
1774 2394 2039 2448 virtutum

466 2479 851 2550 acquisitioue,
898 2480 964 2534 de
1013 2482 1339 2536 discretione
1392 2483 1623 2553 prmlati,
1673 2503 1691 2536 ι
1748 2501 1868 2555 qum
1912 2486 2038 2541 inibi

468 2558 747 2625 continere
785 2581 1123 2637 asseruntur,
1170 2573 1347 2642 reipsa
1393 2574 1446 2627 in
1477 2575 1736 2643 opusculo
1769 2576 1909 2630 Petri
1941 2578 2041 2630 Da-

468 2663 633 2716 miani
671 2672 985 2729 occurrunt,
1018 2672 1073 2717 ut
1098 2663 1399 2735 legentibus
1420 2675 1584 2735 patet.
1620 2666 1797 2733 Quare
1821 2668 2040 2724 omnino

468 2754 756 2811 coniicitur
795 2754 1061 2825 Bodulphi
1111 2764 1352 2825 tempore
1401 2757 1569 2827 ipsam
1617 2757 1760 2813 Petri
1792 2759 2037 2813 Damiaui

472 2844 710 2915 regulam
738 2846 791 2899 in
820 2860 973 2900 sacra
1003 2845 1399 2921 Camallulensi
1424 2863 1627 2915 eremo,
1656 2851 1878 2920 perinde
1900 2867 1962 2905 ac
1990 2852 2044 2906 in

467 2936 739 2991 Avellauze
767 2935 1071 2996 solitudine.
1104 2945 1374 3006 receptam
1425 2937 1591 2995 fuisse
1618 2949 1778 3010 atque
1807 2957 1871 2995 ex
1903 2942 2044 2996 inte-

470 3041 568 3096 gro
596 3040 732 3095 pene
753 3025 1117 3080 observatam.

543 3156 675 3213 VIII.
704 3156 835 3213 Jure
859 3158 1021 3229 igitur
1051 3159 1349 3229 meritoque
1388 3160 1527 3214 idem
1552 3160 2040 3217 Cantaldulensium

472 3260 526 3304 et
549 3249 975 3305 Avellanitarum
1026 3250 1329 3305 institutum
1360 3267 1389 3305 a
1419 3250 1476 3306 S.
1512 3252 1571 3306 Ρ.
1597 3252 1895 3307 Romualdo
1921 3270 2043 3323 pro-

466 3339 668 3395 fectum
701 3340 886 3395 haberi
914 3340 1089 3403 debet,
1144 3341 1283 3395 unde
1328 3341 1409 3395 vir
1445 3342 1841 3397 eruditissimus
1867 3344 2045 3399 Ludo-

470 3433 626 3487 vicus
677 3432 844 3487 Ellies
872 3432 947 3485 Du
976 3432 1097 3498 Pin,
1136 3433 1185 3486 in
1212 3432 1359 3487 Nova
1392 3432 1725 3489 Bibliotheca
1763 3447 2043 3491 auctorum

470 3523 962 3579 ecclesiasticorum
1019 3534 1150 3578 tom.
1182 3523 1318 3589 V'lll,
1361 3534 1501 3593 part.
1537 3541 1595 3585 tt.
1649 3527 1829 3580 δίρρυιὶ
1857 3544 1907 3580 xi
1940 3528 2046 3582 Ec-

474 3616 679 3680 clesiae,
711 3631 831 3685 cap.
884 3616 970 3678 Η.
999 3616 1025 3689 §
1055 3616 1141 3681 lO,
1188 3628 1475 3687 postquam
1507 3620 1715 3674 ordinis
1758 3621 2046 3675 (Zamaldu-

477 3706 642 3761 tensis
686 3706 1050 3761 fuudationem
1081 3722 1110 3761 a
1149 3707 1446 3762 Romualdo
1497 3707 1691 3762 factam
1741 3709 2044 3779 descripsit,

478 3801 557 3852 ait
621 3798 782 3852 aliam
829 3799 1119 3869 specialem
1183 3799 1654 3870 congregationem
1693 3801 2045 3855 ereutitarum

478 3910 495 3940 ι
539 3891 779 3959 ejusdem
829 3891 1041 3960 generis
1079 3909 1097 3941 ι
1143 3905 1173 3943 a
1205 3889 1367 3950 Petro
1414 3892 1673 3944 Damiano
1721 3891 2044 3945 institutam.

476 3981 555 4034 Eu
586 3982 790 4049 integra
834 3980 1071 4034 auctoris
1094 3980 1254 4033 verba
1287 3996 1301 4035 :
1331 3999 1348 4030 t
1383 3980 1420 4034 ll
1452 3995 1509 4035 se
1551 3981 1647 4033 init
1676 3980 2047 4051 (Romualdus)

477 4084 605 4123 sous
642 4068 689 4122 la
728 4068 976 4122 conduite
1007 4068 1130 4122 d’un
1167 4068 1311 4122 saiut
1343 4069 1558 4131 ermite,
1595 4068 1810 4123 nomine
1858 4069 2045 4129 Mario,

476 4159 568 4228 qui
601 4157 902 4211 detneurait
931 4158 1066 4210 dans
1097 4156 1144 4209 le
1194 4171 1326 4227 pays
1354 4155 1419 4209 de
1451 4155 1665 4221 Venisc,
1698 4168 1751 4209 et
1772 4157 2047 4211 embrassa

475 4253 526 4306 la
582 4252 667 4305 vie
699 4249 1043 4319 érémitique,
1077 4249 1208 4319 qu'il
1258 4249 1474 4304 retablit
1513 4265 1577 4302 cu
1604 4247 1881 4304 Oecidcnt.
1908 4250 2052 4304 Lcur

477 4341 695 4398 institut
713 4338 900 4395 n‘était
923 4354 1018 4409 pas
1044 4339 1109 4392 de
1144 4340 1292 4393 vivre
1330 4338 1474 4393 seuls
1494 4340 1627 4393 dans
1650 4340 1742 4393 des
1770 4339 2047 4405 solitudes,

2138 445 2328 499 cboscs
2352 443 2457 497 fort
2487 442 2970 498 extraordiuaires.
3011 462 3030 494 ι

2202 536 2291 590 IX.
2327 537 2432 592 Sed
2462 549 2515 592 ct
2559 535 2915 592 doctissimus
2958 534 3262 591 Ludovicus
3317 536 3710 591 Thomassinus

2133 627 2187 682 in
2214 628 2635 707 vetcrietnova
2687 626 2948 689 Ecclesire
2996 626 3283 694 disoipliua
3326 625 3401 680 De
3429 626 3711 681 beneficiis

2131 726 2272 788 part.
2316 734 2355 781 t,
2398 718 2490 772 lib.
2541 734 2624 782 ut,
2652 734 2772 788 cap.
2818 718 2906 781 23,
2959 731 3112 771 num.
3141 716 3197 776 Ἰ,
3229 715 3369 769 idem
3414 714 3581 769 fuisse
3611 715 3713 769 lto-

2134 808 2363 873 mualdi,
2391 823 2455 862 ac
2502 807 2647 862 Petri
2682 808 2924 862 Damiani
2960 800 3269 862 institutum
3320 803 3556 868 iudicat;
3585 819 3711 856 nam

2133 910 2253 970 post
2278 908 2554 954 narratam
2576 899 2866 953 crcmiticm
2903 900 3025 953 vita:
3063 894 3485 958 restitutionem,
3508 902 3563 947 et
3589 909 3712 945 cum

2132 988 2477 1043 Benedictina
2497 988 2675 1055 regula
2693 987 3126 1055 conjunctionem
3153 982 3500 1044 aRomualdo
3524 983 3580 1037 in
3611 982 3715 1037 Ita-

2134 1080 2201 1135 lia
2227 1082 2496 1151 prtecipuc
2531 1079 2750 1144 factam,
2785 1080 2861 1134 ait
2888 1091 3075 1135 contra
3103 1081 3531 1137 hocinstitutum
3560 1075 3713 1129 ohlac

2137 1178 2345 1223 trantes
2375 1185 2403 1221 a
2434 1167 2594 1223 Petro
2623 1168 2885 1222 Damiano
2911 1184 3253 1239 compressos
3284 1185 3368 1241 ep.
3397 1170 3483 1233 £2.
3508 1168 3600 1223 lib.
3640 1179 3715 1232 δί,

2136 1260 2225 1314 ubi
2256 1258 2495 1329 profecto
2531 1274 2588 1313 se
2611 1267 2663 1313 et
2686 1274 2814 1314 suos
2839 1260 3136 1329 prmsertim
3162 1270 3343 1315 tuetur
3370 1277 3399 1313 a
3428 1260 3712 1329 cujusdam

2136 1348 2347 1404 abbatis
2390 1348 2814 1417 impugnatione,
2867 1348 2961 1418 qui
3011 1359 3338 1418 conquestus
3382 1358 3526 1414 erat,
3566 1348 3717 1418 quod

2137 1440 2460 1495 monachum
2488 1454 2555 1492 ex
2599 1453 2696 1493 suo
2738 1438 3064 1493 monasterio
3094 1454 3391 1508 egressura,
3424 1450 3615 1494 contra
3649 1436 3711 1491 S.

2134 1529 2409 1585 Benedicti
2439 1528 2672 1599 regulam
2707 1529 3036 1597 recepisset:
3070 1548 3086 1580 t
3120 1527 3465 1584 Suecensetis
3489 1528 3710 1591 enim,»

2138 1620 2331 1690 inquit,
2370 1637 2391 1670 ο
2425 1634 2487 1673 ac
2510 1633 2606 1672 nos
2636 1626 3032 1686 conquerentes
3069 1617 3294 1686 arguitis
3323 1618 3450 1686 quia
3480 1631 3586 1670 non
3615 1617 3716 1669 de-

2140 1711 2355 1765 buimus
2408 1718 2617 1763 vestros
2671 1707 2965 1763 monachos
3005 1707 3059 1761 in
3091 1721 3277 1762 eremo
3319 1719 3509 1760 contra
3552 1704 3615 1757 B.
3647 1704 3710 1758 P.

2141 1802 2312 1859 nostri
2355 1801 2629 1856 Benedicti
2660 1812 2925 1872 praecepta
2953 1802 3245 1870 suscipere.
3288 1820 3305 1852 ι
3333 1800 3581 1856 Ostendit
3611 1815 3710 1853 au-

2141 1904 2247 1951 tem
2294 1893 2695 1948 sanctissimum
2742 1892 3103 1961 legislaturem
3159 1899 3407 1946 nostrum
3438 1890 3721 1961 vagatioui

2140 1985 2402 2039 duntaxat
2446 1997 2512 2037 ex
2552 1998 2660 2037 uno
2704 1982 2755 2036 in
2799 1981 2942 2035 aliud
2971 1981 3276 2036 coenobium
3318 1995 3603 2035 occurrere
3626 1995 3719 2033 vo-

2141 2075 2340 2140 luisse;
2368 2091 2472 2130 non
2500 2074 2786 2144 prohibere
2824 2081 3027 2139 autem,
3056 2073 3163 2129 imo
3189 2089 3373 2128 ontnes
3402 2071 3630 2134 hortari,
3659 2081 3720 2125 ut

2142 2182 2206 2221 ex
2239 2165 2560 2220 cmuobitica
2591 2164 2657 2217 ad
2681 2164 3060 2233 perfectiorem
3085 2164 3431 2218 ercmitarum
3464 2162 3629 2215 viam
3659 2176 3720 2214 se

2146 2257 2492 2312 transferant.
2527 2257 2706 2323 Quare
2752 2257 2888 2310 adeo
2923 2256 3179 2310 coincidit
3213 2253 3494 2310 Itomualdi
3521 2263 3578 2309 et
3620 2253 3722 2306 Da-

2143 2347 2307 2402 miani
2341 2347 2663 2408 institutum,
2692 2356 2749 2400 ut
2780 2347 2938 2400 unius
2968 2345 3230 2410 defensio,
3262 2344 3484 2398 alterius
3511 2342 3720 2413 pariter

2144 2437 2387 2508 apologia
2428 2446 2733 2491 censeatur.
2789 2437 2927 2491 Ecce
2981 2435 3322 2490 Thomassini
3368 2434 3531 2488 verba
3595 2433 3723 2488 loco

2144 2529 2236 2583 cit.
2268 2546 2280 2581 :
2319 2547 2336 2579 ι
2375 2527 2603 2597 Scripsit
2645 2527 2926 2580 Bomualtli
2959 2528 3123 2581 vitam
3178 2526 3372 2580 Petrus
3396 2526 3717 2588 Damianus,

2147 2618 2362 2687 scripsit
2389 2625 2445 2672 et
2474 2616 2797 2687 apulogiam,
2823 2615 3106 2670 confestim
3140 2617 3281 2669 enim
3318 2615 3400 2668 his
3423 2614 3715 2670 anachore-

2151 2709 2221 2764 tis
2251 2723 2473 2763 summae
2502 2708 2565 2761 ad
2597 2706 2943 2778 perfectionis
2964 2706 3208 2761 columen
3239 2705 3598 2760 elustantltus
3616 2706 3719 2759 ob-

2151 2800 2369 2855 trectari
2397 2809 2632 2867 ca‘ptum
2660 2807 2765 2862 est,
2801 2798 2941 2868 quod
2980 2798 3225 2852 semitam
3257 2804 3523 2857 tenerent,
3554 2809 3722 2864 quam

2148 2908 2253 2946 non
2310 2899 2799 2961 przcmouslrassel,
2844 2906 2950 2943 non
2994 2889 3338 2945 teuuissctB.
3371 2889 3718 2949 Benedictus.

2149 2984 2399 3051 quodque
2451 2997 2549 3036 suo
2594 2982 2756 3036 coetui
2788 2991 3148 3053 aggregareut
3176 2981 3628 3036 monasteriorum
3655 2978 3720 3032 Β.

2074 3063 2117 3123 C
2150 3071 2424 3125 Benedicti
2457 3072 2782 3125 desertores.
2818 3071 2911 3124 llis
2950 3087 3043 3124 ora
3069 3072 3356 3125 obturahat
3385 3071 3577 3125 Petrus
3613 3070 3720 3122 Da-

2148 3162 2362 3216 mianus
2383 3162 2484 3216 hoc
2515 3177 2773 3231 responso
2805 3180 2816 3215 :
2843 3162 3031 3216 Caveri
3056 3179 3085 3217 a
3114 3163 3174 3216 B.
3195 3161 3511 3227 Benedicto,
3536 3177 3604 3215 ne
3633 3162 3724 3214 ab-

2147 3256 2301 3310 bates
2326 3255 2415 3309 alii
2468 3255 2696 3310 aliorum
2750 3257 3043 3310 monachos
3090 3256 3459 3319 admitterent,
3481 3253 3607 3308 dum
3631 3268 3725 3309 co-

2148 3344 2281 3413 gniti
2320 3344 2422 3398 sibi
2460 3353 2645 3398 mutuo
2668 3354 2848 3399 esseut
2876 3344 3117 3413 (Caveat,
3160 3362 3177 3394 ι
3222 3344 3395 3414 inquit
3433 3359 3567 3414 reg.,
3590 3358 3719 3412 cap.

2149 3434 2239 3500 61,
2274 3453 2293 3485 ‹
2326 3435 2493 3489 abbas
2523 3450 2590 3489 ne
2632 3436 2922 3504 aliquando
2953 3436 3017 3490 de
3072 3445 3203 3490 noto
3243 3436 3575 3490 monasterio
3604 3450 3726 3490 mo-

2150 3526 2384 3579 nacbum
2436 3526 2501 3579 ad
2552 3525 2903 3579 habitandum
2952 3526 3229 3594 suscipiat,
3279 3526 3396 3580 sine
3447 3540 3725 3581 consensu

2151 3613 2366 3667 abbatis
2390 3612 2493 3683 sui)
2525 3631 2539 3669 :
2570 3614 2663 3669 sed
2712 3614 2923 3683 priores
2964 3620 3409 3669 auachoretarum
3435 3630 3503 3670 ex
3538 3614 3727 3673 tirolti~

2150 3703 2354 3759 bitione
2383 3721 2484 3760 non
2530 3705 2813 3775 implicari.
2859 3724 2877 3757 ι

2223 3797 2291 3852 Χ.
2337 3797 2507 3853 Porro
2536 3799 2674 3852 hanc
2710 3798 2878 3867 ipsam
2931 3798 3233 3853 communis
3266 3798 3492 3853 instituti
3553 3813 3726 3853 soere-

2153 3894 2343 3951 tatem,
2378 3903 2444 3941 ne
2473 3887 2586 3956 ipse
2624 3887 2841 3955 quidem
2869 3885 3059 3940 Petrus
3087 3886 3378 3942 Damianns
3406 3888 3545 3942 inter
3565 3903 3645 3948 se.
3669 3896 3728 3941 et

2153 3977 2209 4031 S.
2230 3976 2508 4031 Romualdi
2528 3976 2815 4045 discipulos
2846 3976 3217 4031 intercessisse
3244 3976 3519 4042 dimtetur;
3541 3979 3722 4032 enim-

2154 4082 2283 4123 vero
2307 4069 2357 4120 iu
2383 4067 2600 4136 prologo
2626 4068 2750 4120 Vita:
2771 4066 3007 4136 ejusdem
3030 4068 3200 4121 sancti
3218 4066 3393 4123 Patris
3417 4067 3726 4132 Routualdi,

2152 4167 2209 4212 ut
2236 4174 2292 4211 se
2314 4159 2383 4212 ab
2430 4159 2677 4227 egregiis,
2712 4158 2804 4225 qui
2843 4158 3161 4227 superstites
3206 4170 3382 4224 erant,
3419 4161 3592 4214 sancti
3621 4161 3730 4215 viri

2153 4249 2427 4318 discipulis
2458 4249 2790 4318 compulsum
2820 4249 2886 4302 ad
2914 4248 3029 4315 ejus
3067 4259 3219 4320 gesta
3247 4254 3731 4306 commemoranda

2154 4339 2450 4407 significet.
2516 4359 2531 4388 c
2579 4338 2890 4403 multorum,
2971 4340 3190 4409 inquit,
3252 4338 3479 4394 fratrum
3550 4344 3734 4411 preci-

474 4447 690 4490 coutme
727 4432 806 4487 les
833 4432 1052 4486 anciens
1088 4432 1328 4495 ermites,
1366 4432 1502 4485 mais
1534 4430 1600 4485 de
1627 4432 1908 4485 demenrer
1934 4431 2049 4500 plu-
2081 4410 2127 4468 ί)
2154 4429 2275 4492 bus,
2300 4438 2351 4481 et
2378 4444 2632 4498 germana
2666 4429 2931 4483 cbaritate
2970 4430 3276 4493 devinctus,
3307 4432 3449 4499 qttod
3493 4410 3561 4484 de
3590 4449 3733 4500 prae-

475 4527 652 4581 sieurs
679 4515 955 4577 enseintle
974 4521 1108 4577 dans
1135 4539 1204 4576 un
1235 4523 1411 4577 meme
1452 4521 1687 4587 endroit,
1710 4522 1928 4591 se’parés
1955 4522 2051 4577 des

480 4625 665 4671 autres
710 4614 976 4674 homines.
1004 4622 1059 4667 et
1098 4616 1232 4667 dans
1280 4614 1374 4668 des
1415 4612 1631 4668 cellules
1657 4613 2049 4682 particuliéres,

476 4724 605 4765 sous
627 4707 676 4761 la
706 4704 959 4760 conduite
974 4704 1097 4758 d'uu
1119 4706 1293 4759 meme
1319 4703 1622 4773 supérieur,
1647 4721 1712 4759 en
1744 4706 2054 4775 pratiquaut

478 4802 529 4854 la
565 4801 739 4854 meme
784 4797 946 4867 régle.
982 4796 1083 4852 Ces
1114 4805 1288 4851 sortes
1337 4797 1403 4853 de
1450 4795 1785 4853 monastéres
1837 4797 2050 4867 s‘appe-

475 4888 644 4943 laieut
668 4887 1083 4941 aucieunement
1108 4886 1307 4941 lauros.
1347 4886 1503 4939 Saint
1543 4886 1808 4942 Romuald
1834 4902 1901 4941 en
1933 4886 2051 4942 éta-

478 4978 581 5035 blit
609 4993 677 5030 ttn
707 4976 1012 5046 trés-grand
1041 4978 1267 5031 nombre
1295 4992 1360 5030 cn
1390 4976 1558 5030 ltalie.
1584 4975 1667 5032 Uu
1698 4977 1792 5031 des
1821 4979 1941 5046 plus
1967 4977 2050 5030 fa-

480 5081 642 5122 meux
691 5063 773 5118 fut
799 5066 937 5119 celui
974 5066 1062 5134 qui
1091 5066 1170 5120 fut
1212 5064 1324 5120 bt’ui
1358 5081 1451 5121 sur
1483 5066 1825 5136 l'Appenuin,
1851 5067 2053 5135 proche

475 5155 759 5217 d‘Arezzo,
792 5153 928 5207 dans
960 5169 1030 5205 tm
1075 5153 1179 5208 lieu
1232 5156 1323 5225 qui
1383 5155 1499 5209 leur
1523 5156 1603 5209 fut
1652 5156 1829 5210 donné
1858 5174 1955 5229 par
1981 5172 2051 5211 un

481 5244 697 5292 homine
747 5240 936 5292 anuelé
980 5240 1213 5292 Mando].
1264 5243 1387 5292 d'ot‘t
1419 5243 1614 5292 l’urdre
1637 5259 1664 5292 a
1705 5247 1817 5292 uris
1848 5247 1894 5292 le.
1925 5261 2048 5292 nnm

2155 4516 2297 4571 dicto
2327 4517 2554 4570 mirabili
2587 4516 2701 4570 viro
2732 4518 2797 4569 ab
2820 4518 3051 4587 egregiis
3078 4517 3196 4584 ejus
3229 4520 3509 4589 discipulis
3537 4508 3732 4586 didici,
3794 4532 3802 4539 '

2156 4607 2456 4677 aggrediar,
2486 4607 2596 4661 Deo
2623 4618 2869 4671 auctore,
2900 4608 3237 4674 describere;
3271 4628 3288 4661 ν
3341 4610 3611 4664 Nimirum
3642 4627 3738 4665 co-

2158 4699 2277 4752 dem
2324 4698 2597 4768 religionis
2644 4699 2844 4754 fmdere
2874 4716 2931 4753 se
2964 4700 3070 4754 illis
3110 4700 3453 4768 conjunctum
3486 4704 3738 4757 conside-

2162 4809 2307 4856 rans,
2356 4808 2462 4862 quo
2497 4813 2515 4845 ι
2552 4794 2793 4863 germani
2835 4802 2892 4847 et
2933 4794 3130 4849 fratres
3166 4813 3185 4845 ι
3218 4796 3286 4848 ab
3332 4794 3521 4848 eodem
3579 4804 3737 4864 patre

2161 4884 2423 4954 progeniti
2455 4884 2649 4939 debent
2676 4885 2903 4938 invicem
2932 4885 3251 4953 quibusdam
3271 4887 3497 4946 amoris.
3523 4896 3578 4942 et
3602 4889 3737 4942 cha-

2161 4978 2336 5032 ritatis
2366 4977 2593 5031 vinculis
2626 4976 2854 5046 alligari.
3728 5032 3741 5037 _

2230 5068 2319 5123 XI.
2374 5067 2668 5137 Reciproce
2718 5084 2847 5122 vero
2909 5083 2939 5121 a
2992 5068 3192 5122 nostris
3226 5067 3737 5124 Camaltluleusibus

2157 5156 2471 5213 Avellauita'
2522 5159 2619 5228 ipsi
2650 5169 2710 5212 ttt
2751 5178 2768 5210 ι
2808 5157 3023 5220 fratres,
3072 5177 3091 5209 ι
3138 5158 3328 5220 habiti,
3377 5165 3432 5209 et
3474 5166 3731 5227 tauquam

2157 5256 2404 5290 nnunntzn
2424 5248 2609 5290 stirnie
2638 5263 2665 5290 ει
2697 5246 3013 5290 antmltln-
3045 5244 3189 5290 velut
3227 5260 3255 5290 ε)
3282 5247 3554 5290 communi
3583 5254 3736 5288 Irim-
