3982 5350
264 142 327 197 ιθ
1162 135 1693 199 PROLEGOMENA.
1710 181 1719 188 .
1734 169 1802 177 —
1829 138 1915 193 DE
1941 138 2310 198 INSTITUTO
2342 142 2734 200 CAMAI.DUL.
3435 147 3503 202 ει.)

264 253 822 317 desciverant,contra
844 251 1079 322 ejusdem
1101 253 1246 309 Petri
1268 255 1511 309 Βατιιίαηί
1536 254 1821 317 monitum,
1853 255 1900 312 Α
1928 250 2104 320 placet
2131 254 2291 321 quod,
2326 269 2446 309 cum
2472 255 2691 309 habitus
2718 254 3204 311 Camaldnlcnsiutn
3247 272 3275 311 a
3298 261 3511 313 eunetis

265 362 362 417 quo
390 346 507 401 illos
534 346 796 415 opusculo
830 362 941 411 xrv,
983 346 1081 401 sub
1110 348 1269 402 finem
1305 348 1622 418 gravissime
1649 348 1828 402 incre—

266 446 515 507 paverat:
555 456 572 487 ι
607 436 727 491 Non
782 437 961 507 itaque
989 438 1054 491 ad
1100 439 1529 493 monasterialem
1572 438 1830 492 laxitudi-

266 543 374 581 nem
396 527 462 580 ab
485 527 769 581 eremitica
795 543 887 581 vos
912 527 1417 581 lilieatdistrict‘ione
1433 528 1781 592 descendere,
1805 546 1823 577 ι

265 619 310 671 in
339 619 457 682 hoc,
492 618 740 688 inquam,
770 619 975 688 pariter
995 628 1133 673 statu
1176 619 1507 683 Avellanitze,
1535 620 1685 689 quasi
1717 634 1832 688 ger-

263 724 421 763 mana:
460 710 752 765 cltaritatis
778 711 1152 765 communione
1189 711 1342 767 nobis
1389 710 1685 781 conjunCti,
1709 728 1832 780 per-

264 799 377 853 inde
432 814 494 853 ac
522 801 778 854 monachi
806 800 1242 855 Vallisumbrosae
1273 818 1300 855 a
1346 801 1405 855 S.
1437 800 1643 857 Joanne
1664 800 1830 857 Gual-

265 901 408 944 Lerto
460 890 516 942 D.
556 891 846 946 Romualdi
900 893 1162 963 discipulo
1206 894 1460 958 instituti,
1517 895 1707 948 eodem
1735 880 1841 949 lto-4

263 980 393 1046 ιιυίιῆ
419 980 544 1048 jure
597 982 650 1035 in
684 982 884 1036 neStris
928 983 1271 1037 monasteriis
1324 984 1377 1037 in
1426 983 1713 1038 refectorio
1741 998 1831 1038 su—

265 1072 408 1141 scipi,
464 1074 697 1143 ejusque
749 1075 1181 1146 congregationis
1236 1077 1612 1132 defunctorum
1638 1076 1833 1131 anima:

266 1162 472 1231 paribus
517 1164 853 1219 Christianae
903 1166 1125 1236 pietatis
1172 1165 1446 1238 suffragiis
1471 1167 1677 1237 expiari
1710 1183 1832 1221 cou-

264 1261 576 1318 sueverunt;
646 1269 772 1307 nam
820 1256 876 1309 in
907 1256 1392 1312 constitutionibus
1434 1272 1575 1311 anno
1610 1258 1768 1321 l253,
1801 1271 1832 1311 a

264 1342 316 1394 Β.
344 1342 574 1398 Martino
616 1344 687 1399 lll
718 1347 960 1416 generali
1016 1347 1177 1403 editis
1230 1348 1322 1403 lib.
1355 1364 1437 1415 tu,
1467 1364 1591 1419 cap.
1631 1348 1725 1414 2‘5,
1754 1350 1834 1404 sic

266 1435 565 1507 praccipitur
598 1455 613 1491 :
650 1458 668 1490 ι
702 1438 1026 1507 Statuimus,
1073 1451 1138 1495 ut
1176 1440 1375 1497 fratres
1402 1443 1571 1498 nostri
1602 1443 1830 1509 ordinis,

268 1524 715 1593 Vallumbrosani,
747 1537 802 1583 et
851 1540 1050 1585 sancta:
1101 1532 1278 1585 crucis
1314 1531 1501 1587 Fontis
1539 1531 1829 1599 Avellanze,

1935 342 2353 397 monasticarum
2404 345 2881 414 congregationem
2944 348 3183 402 vestibus
3233 346 3430 418 (etiam
3478 364 3510 402 a

1932 434 2317 488 monachorum
2364 436 2568 489 montis
2616 434 2874 507 Virginis,
2924 448 2979 491 et
3032 440 3231 494 montis
3281 438 3509 505 Oiiveti,

1933 522 2055 577 allio
2078 524 2260 579 colore
2290 528 2495 596 pariter
2522 529 2790 583 utentium
2828 531 3062 599 amictu)
3096 531 3196 586 hoc
3234 533 3507 602 prmcipuo

1932 612 2241 668 discrimine
2284 615 2665 685 distinguatur,
2695 618 2834 686 quod
2882 635 2986 673 non
3034 619 3306 683 solutum,
3346 629 3510 689 atque

1934 704 2001 760 ab
2033 704 2273 761 humeris
2302 706 2556 777 utrinque
2585 707 2752 763 libere
2782 708 3074 764 demissmn
3106 710 3386 780 scapulare
3416 726 3513 765 no-

1933 796 2029 851 stri
2053 796 2318 863 deferant,
2344 799 2436 852 sed
2462 800 2560 853 sub
2584 808 2799 869 pectore
2824 800 2976 856 laneo
2997 801 3213 872 cingulo
3234 802 3512 872 colligant,

1932 889 2097 958 quod,
2126 899 2247 959 post
2279 891 2738 959 expeditissimam
2781 892 2903 946 nodi
2933 894 3424 969 complicationem,
3460 896 3514 949 itt

1934 979 2091 1035 binas
2126 982 2315 1036 taenias
2349 983 2415 1036 ab
2445 984 2703 1037 anteriori
2734 993 2886 1053 parte
2910 985 3206 1054 pendentes
3235 988 3511 1051 excurrit;

1937 1072 2277 1129 Avellanitice
2305 1077 2508 1145 pariter
2538 1076 2697 1131 simili
2725 1078 2939 1147 cingulo
2970 1079 3218 1149 pra-cingi
3243 1080 3514 1149 quondam

1935 1166 2280 1220 consuevisse
2317 1168 2809 1236 deprehetnltnttur.
2849 1166 2981 1222 Nam
3030 1184 3151 1222 cum
3194 1168 3385 1225 Petrus
3416 1172 3517 1224 Da-

1936 1255 2193 1318 mianitts,
2217 1264 2271 1311 et
2295 1257 2485 1312 Albizo
2509 1257 2623 1325 ejus
2643 1272 2841 1322 comes,
2869 1258 3212 1314 Theuzonetn
3233 1262 3514 1316 eremitam

1936 1345 2224 1401 Florentiae
2271 1350 2673 1411 convenientes,
2706 1351 2773 1403 ab
2814 1350 2999 1405 eodem
3040 1350 3172 1404 dure
3216 1350 3403 1414 habiti,
3452 1368 3514 1407 ac

1939 1439 2153 1492 tandem
2182 1448 2305 1509 post
2337 1439 2502 1494 multa
2528 1439 2705 1511 jnrgia
2734 1440 2891 1509 cjecti
2929 1450 3071 1504 sunt,
3104 1455 3200 1510 per
3241 1441 3511 1514 cingulum

1939 1527 2127 1583 ambus
2156 1526 2524 1599 apprehensus
2556 1529 2738 1594 fuisse,
2773 1524 2999 1585 testatur
3027 1532 3166 1586 idem
3198 1532 3508 1597 Damianns,

264 1616 400 1683 quasi
423 1633 533 1671 uno
562 1619 855 1674 eharitatis
877 1619 1071 1684 officio,
1100 1622 1350 1676 monachi
1378 1638 1498 1676 cum
1527 1624 1825 1689 monachis,
1860 1623 1905 1681 B
1935 1617 2025 1671 lib-
2075 1634 2149 1684 γε,
2188 1634 2270 1688 cp.
2324 1619 2394 1673 30
2423 1638 2436 1672 :
2473 1639 2491 1671 ε
2524 1620 2786 1684 Tandem,
2847 1620 3057 1690 inquit,
3109 1638 3205 1691 per
3256 1622 3510 1676 semicin-

267 1710 493 1781 conversi
520 1726 650 1765 cum
688 1713 970 1767 conversis
1018 1713 1288 1779 hilariter,
1324 1725 1373 1767 et
1404 1715 1633 1785 benigne
1659 1718 1831 1770 susci-

268 1800 467 1867 piantur
502 1819 533 1855 a
560 1803 747 1857 nostri
772 1804 978 1857 ordinis
1023 1804 1258 1873 prtelatis
1281 1815 1334 1860 et
1361 1806 1590 1860 subditis
1614 1807 1831 1861 univer-

266 1889 348 1942 sis.
387 1908 403 1939 ι
434 1890 499 1945 Et
532 1907 731 1947 rursus
758 1909 903 1947 anno
955 1895 1107 1960 1372,
1141 1896 1228 1951 die
1256 1896 1326 1950 27
1359 1896 1480 1951 Maii
1515 1898 1567 1951 in
1597 1898 1832 1966 capitulo

266 1980 503 2047 generali,
537 1984 691 2052 quod
726 1983 1053 2038 celebratum
1099 1995 1183 2040 est
1213 1987 1264 2040 in
1294 1988 1624 2042 monasterio
1650 1988 1709 2044 S.
1734 1988 1832 2043 ΜΞ-

268 2071 451 2127 chaelis
500 2073 559 2127 in
612 2074 793 2143 Burge
835 2074 1099 2140 Pisarum,
1133 2078 1459 2146 praesidente
1502 2077 1711 2133 Joanne
1743 2078 1827 2145 ΙΙΙ,

265 2165 498 2232 generali,
525 2165 817 2220 decretum
845 2175 946 2231 est,
971 2186 989 2218 ι
1016 2175 1075 2221 ιιι
1100 2169 1345 2222 monachi
1369 2168 1827 2237 Vallisumbrosm,

265 2253 383 2308 ctS.
436 2256 629 2312 crucis
664 2256 732 2311 de
779 2257 1057 2323 Avcllana,
1115 2267 1224 2312 tam
1254 2260 1306 2313 in
1358 2274 1544 2313 eremo
1571 2276 1731 2330 quam
1778 2261 1829 2315 in

266 2348 595 2402 monasteriis
659 2348 865 2404 ordinis
923 2351 1255 2421 recipiantur
1308 2352 1360 2406 in
1392 2351 1582 2417 choro,
1616 2362 1669 2408 et
1698 2353 1832 2408 refe-

265 2439 436 2501 ctorio,
468 2455 532 2495 ac
595 2441 640 2495 si
686 2451 870 2496 essent
904 2442 1112 2498 ordinis
1156 2441 1601 2506 Catualdulcnsis,
1636 2452 1685 2496 et
1740 2459 1831 2497 eo-

267 2533 480 2584 rnmJetn
509 2532 772 2585 crdinum
794 2532 999 2597 brevia,
1031 2552 1048 2585 ι
1085 2534 1137 2588 id
1184 2542 1265 2589 est
1305 2534 1535 2605 dyptictc
1556 2575 1571 2599 ,
1603 2532 1830 2587 fratrum

264 2617 631 2675 defunctorum
656 2623 874 2676 nomina
907 2624 1225 2689 indicantes,
1247 2643 1264 2673 ι
1294 2640 1390 2695 per
1415 2624 1828 2679 breviferarinm

263 2709 447 2764 ordinis
498 2709 846 2778 deferantur,
907 2732 923 2765 ι
976 2722 1079 2769 etc.
1122 2715 1315 2768 Actum
1351 2731 1511 2769 manu
1563 2713 1831 2770 Leonardi

262 2797 370 2853 olim
397 2799 690 2855 Francisci
727 2803 791 2857 de
815 2802 1117 2858 Castilioue
1144 2803 1364 2858 Aretino
1388 2804 1585 2860 notarii
1613 2813 1667 2859 et
1698 2805 1834 2859 scri-

264 2889 333 2943 ba:
354 2892 625 2961 deputa‘ti,
653 2908 716 2948 ex
741 2896 974 2950 archivii
1002 2895 1433 2951 Catnaldulcnsis
1473 2896 1609 2952 libro
1639 2896 1704 2950 It.
1742 2897 1827 2961 18,

1926 1708 2035 1762 .tias
2087 1710 2319 1778 correpti
2372 1711 2633 1763 violenter
2672 1710 3027 1764 excludimur.
3081 1732 3101 1763 ι
3136 1711 3321 1782 Itaque
3367 1712 3511 1766 nulla

1930 1809 2047 1855 erat
2090 1799 2513 1854 Avellanilarutn
2544 1809 2599 1854 et
2634 1799 3123 1854 Catualduleusium
3172 1800 3469 1854 indumenti
3494 1840 3510 1862 ,

1931 1891 2072 1944 unde
2102 1900 2157 1943 et
2186 1889 2338 1947 nulla
2356 1890 2497 1953 vitze,
2532 1888 2675 1942 nttlla
2707 1889 2959 1955 instituti,
2986 1888 3128 1944 nulla
3158 1888 3513 1958 professionis

1932 1978 2139 2049 pariter
2171 1979 2473 2032 ditferentia
2503 1978 2790 2032 censenda.

2000 2068 2135 2123 Xlll.
2163 2067 2432 2138 Quidquid
2460 2077 2643 2122 tamen
2687 2068 2758 2122 sit
2789 2067 2852 2121 de
2883 2068 3003 2122 aliis
3040 2068 3228 2123 Fontis
3267 2068 3511 2123 Avellani

1931 2157 2184 2222 alumnis,
2218 2168 2364 2214 certe
2402 2159 2453 2212 in
2486 2157 2645 2213 Petro
2670 2159 2927 2212 Damiano
2958 2158 3135 2227 potior
3164 2158 3318 2229 longe.
3346 2173 3507 2228 quam

1934 2247 1986 2301 in
2013 2248 2241 2314 caeteris,
2273 2247 2409 2303 ratio
2435 2248 2662 2313 relucet,
2699 2264 2797 2302 cur
2825 2248 2890 2302 ad
2926 2246 3388 2304 Camaldulensem
3420 2264 3507 2303 or-

1932 2336 2141 2405 dinem,
2190 2339 2303 2393 sive
2346 2338 2410 2392 ad
2452 2338 2515 2393 D.
2555 2338 2837 2393 ltomualdi
2882 2339 3187 2394 institutum
3238 2342 3511 2410 pertinere

1933 2429 2234 2482 censendus
2276 2429 2376 2494 sit;
2421 2428 2503 2483 vel
2547 2428 2722 2499 primo
2770 2429 2896 2498 quia
2947 2430 3251 2484 immediate
3281 2431 3349 2484 ab
3393 2431 3510 2499 ipso

1936 2519 1991 2574 S.
2038 2520 2097 2574 P.
2145 2518 2439 2574 ltomnaldo
2469 2521 2585 2590 (aut
2616 2530 2763 2575 certe
2794 2521 3154 2576 mediautibus
3179 2520 3297 2591 ejus
3344 2523 3507 2577 disci-

1934 2611 2094 2681 pulis)
2122 2611 2411 2667 eretnitica:
2439 2612 2558 2666 vine
2590 2612 2925 2673 rudimentis,
2954 2628 3071 2683 quae
3090 2611 3427 2683 postmodum
3454 2614 3505 2667 in

1935 2703 2069 2757 alios
2096 2702 2372 2773 erogavit,
2416 2703 2711 2756 instructus
2758 2701 2938 2755 fuerit.
2984 2701 3135 2757 Unde
3167 2702 3505 2757 revercndis-

1933 2792 2105 2847 simus
2140 2792 2307 2846 abbas
2337 2792 2398 2846 D.
2430 2791 2712 2847 Secundus
2744 2792 3080 2847 Lancellotus
3102 2793 3414 2849 Olivetanus
3452 2796 3504 2849 in

1934 2898 2045 2938 sure
2068 2884 2499 2954 congregationis
2521 2884 2752 2939 Historia
2775 2884 2867 2939 lib.
2901 2900 2960 2948 ιι,
2990 2900 3089 2954 cap
3135 2883 3226 2949 22,
3257 2884 3321 2939 de
3348 2884 3509 2941 Petro

263 2978 337 3044 30,
387 2981 622 3053 piusque
675 2984 851 3039 indice
905 2984 933 3057 ᾗ
992 2986 1237 3053 Suum",
1284 3002 1404 3059 pag.
1456 2988 1490 3042 2
1514 3031 1527 3053 ν
1580 3003 1727 3042 ηοω,
1771 2987 1827 3043 9,
1860 2982 1905 3045 ρ
1939 2974 2197 3029 Damiano
2223 2974 2298 3028 ait
2331 2991 2346 3028 :
2385 2994 2401 3025 ι
2433 2973 2617 3027 Audiit
2645 2974 2788 3028 iure
2823 2974 3119 3028 tnouastica
3151 2973 3506 3030 Roumaldum

266 3070 421 3136 Quare
452 3075 629 3129 multo
670 3079 864 3147 magis,
905 3078 1029 3130 dum
1086 3079 1370 3147 pristinam
1420 3078 1595 3133 adhuc
1626 3080 1827 3133 eremi-

268 3165 368 3216 lica:
388 3165 507 3219 vita:
533 3165 796 3232 formam,
825 3168 890 3220 ad
916 3183 1098 3236 quam,
1124 3183 1187 3223 ex
1221 3169 1501 3222 Romualdi
1524 3169 1827 3242 praeceptis,

267 3268 346 3321 per
368 3256 421 3308 Β.
459 3256 687 3312 Petrum
752 3258 1069 3313 Damianum
1115 3261 1428 3316 Avellauitai
1458 3262 1685 3316 instituti
1717 3262 1831 3317 fue-

270 3356 389 3409 rant,
418 3349 817 3417 sequebantur,
852 3366 949 3419 pro
982 3352 1176 3405 similis
1228 3353 1523 3422 disciplina»
1555 3355 1824 3408 consorti-

267 3436 351 3494 bus
370 3441 550 3496 haberi
587 3442 732 3511 apud
755 3442 1192 3498 Canmlduleases
1223 3447 1586 3500 merebantur.

325 3530 422 3586 Xll.
455 3533 625 3603 quue
654 3549 719 3589 eo
758 3536 955 3605 magis,
984 3552 1049 3590 ex
1082 3552 1187 3605 quo
1224 3537 1647 3594 Avellanitarnm
1679 3547 1831 3594 vele-

268 3637 367 3676 rum
397 3624 655 3691 habitus,
692 3636 749 3681 et
796 3627 1003 3701 colores
1035 3636 1088 3682 et
1118 3625 1320 3691 forma,
1370 3643 1491 3683 cum
1537 3630 1825 3683 Camaldn-

266 3709 471 3767 lcnsinm
522 3715 714 3769 habitu
768 3717 983 3784 penitus
1031 3717 1364 3771 conveniret.
1413 3718 1735 3781 Enimvero,
1770 3729 1824 3774 ut

266 3802 461 3858 dissert.
496 3822 579 3867 ιιι,
606 3820 728 3875 cap.
757 3809 809 3868 ‘2,
843 3823 989 3860 ntnn.
1021 3807 1054 3861 9
1079 3816 1132 3860 et
1167 3807 1227 3861 l0
1270 3808 1604 3862 ostendimus
1625 3849 1640 3874 ,
1671 3808 1825 3863 albus

267 3891 395 3947 color
423 3897 746 3951 monasticis
782 3913 966 3951 eorum
999 3896 1241 3951 vestibus
1270 3898 1596 3952 conveniens
1631 3914 1695 3952 ex
1725 3914 1822 3952 au-

268 3982 412 4052 tiquis
442 3989 811 4042 monumentis
840 3988 1068 4057 aliisque
1097 3989 1279 4058 probis
1309 3989 1625 4044 auctoribus
1656 3990 1824 4044 dedu-

268 4072 407 4139 citur,
436 4077 669 4145 ipsomct
702 4078 859 4133 Petro
893 4079 1172 4145 Dantiano,
1206 4090 1334 4134 tom.
1368 4080 1408 4146 Ι,
1440 4081 1530 4137 lib.
1563 4099 1637 4146 vt,
1664 4084 1820 4154 epist.

268 4162 337 4228 ll,
369 4165 703 4223 Mainardum
734 4168 981 4224 abbatem
1018 4179 1290 4236 monente,
1328 4187 1397 4225 ne
1427 4171 1606 4226 album
1637 4189 1823 4228 mona-

265 4251 466 4310 chorum
497 4261 779 4324 amictum,
805 4268 991 4330 utpote
1012 4260 1193 4325 vilem,
1228 4261 1549 4331 despiceret,
1577 4263 1823 4333 exemplo

1937 3064 2426 3120 Catualdulensium
2490 3065 2889 3130 institutorem,
2946 3074 3001 3119 et
3050 3065 3225 3135 primo
3280 3065 3505 3121 Fontem

1933 3157 2245 3211 Avellanam
2276 3156 2559 3221 habitavit,
2592 3155 2680 3209 ubi
2718 3171 2840 3210 cum
2874 3170 3063 3224 magna
3093 3157 3503 3220 monachorum,

1932 3249 2015 3304 vel
2057 3249 2406 3303 eretnitarum
2458 3247 2755 3317 frequentia
2805 3246 3000 3302 multos
3037 3263 3206 3303 annos
3245 3253 3501 3312 extraxit,

1933 3349 2045 3394 ttttn
2094 3340 2399 3410 Stephanus
2446 3338 2517 3393 IX
2563 3349 2980 3409 purpuratorum
3028 3339 3254 3407 collegio
3306 3355 3499 3411 aggre-

1932 3431 2111 3501 gavit;
2153 3449 2171 3482 ι
2213 3430 2294 3484 vel
2333 3430 2569 3485 secundo
2615 3431 2740 3499 quia
2791 3432 2965 3500 reipsa
3007 3430 3059 3484 in
3109 3429 3502 3486 Camaldnlcnsi

1930 3536 2115 3576 eremo
2161 3521 2469 3592 aliquandiu
2512 3530 2566 3575 et
2623 3522 2736 3590 ipse
2784 3521 3014 3586 vixerit,
3062 3537 3127 3575 ex
3178 3522 3503 3591 conjecturis

1931 3609 2148 3665 dissert.
2172 3625 2253 3673 tu,
2278 3624 2393 3678 cap.
2419 3609 2474 3673 Ξ,
2501 3625 2645 3662 nmn.
2671 3608 2723 3672 8,
2748 3609 3022 3672 adductis;
3053 3609 3246 3678 quibus
3270 3611 3499 3671 accedit,

1930 3703 2072 3769 quod
2099 3700 2364 3754 Antonius
2393 3700 2557 3753 Maria
2597 3699 2918 3763 Bonuccius,
2952 3699 3236 3770 Ephetner.
3265 3700 3501 3757 Euchar.

1931 3802 2059 3846 tom.
2087 3792 2138 3858 Ι,
2162 3794 2228 3846 ad
2257 3794 2395 3846 diem
2424 3792 2496 3846 22
2534 3792 2812 3847 Februarii
2861 3807 3116 3863 expresse
3163 3797 3357 3849 asserit
3399 3793 3503 3850 Pe-

1930 3894 2069 3937 trum
2143 3883 2462 3937 Damianum
2527 3883 2882 3938 cardinalitite
2946 3884 3195 3956 dignitati
3256 3886 3500 3940 tutntium

1930 3973 2206 4028 remittere
2237 3973 2493 4035 voluisse,
2529 3992 2548 4025 ι
2582 3981 2642 4027 ιιι
2672 3974 2737 4027 ad
2766 3988 2916 4028 suam
2949 3987 3185 4029 eretntm
3218 3975 3516 4031 Gamaldu-

1927 4060 2129 4117 lensem
2159 4063 2378 4117 rediret.
2420 4081 2437 4114 ι
2470 4062 2619 4118 Unde
2667 4074 2775 4117 tmn
2825 4073 2974 4131 ante,
3024 4075 3135 4120 tum
3181 4076 3300 4137 post
3352 4066 3504 4122 abdi-

1928 4164 2106 4209 catam
2163 4169 2490 4224 purpuram,
2538 4155 2815 4225 probabile
2864 4166 2949 4210 est
3009 4156 3157 4210 illum
3208 4157 3260 4211 in
3318 4172 3504 4212 eremo

1927 4244 2326 4298 Camaldnlcnsi
2374 4253 2646 4299 versatum
2695 4257 2844 4310 esse;
2897 4244 2980 4299 vel
3032 4247 3261 4315 denique
3309 4249 3499 4307 tertio,

266 4346 467 4413 Christi,
495 4350 584 4420 qui
617 4366 679 4406 se
706 4370 724 4402 ‹
759 4361 906 4406 veste
929 4352 1050 4407 alba
1081 4371 1097 4403 ι
1127 4352 1272 4405 illudi
1306 4355 1372 4407 ab
1395 4352 1605 4408 Herode
1634 4369 1823 4424 passus

1937 4337 2053 4404 quia
2086 4335 2137 4388 in
2172 4335 2292 4389 aliis
2320 4335 2668 4390 monasteriis
2696 4349 2727 4388 a
2775 4335 2833 4389 S.
2884 4334 2955 4389 P.‘
2994 4334 3293 4391 Romualdo
3331 4336 3502 4390 todill-

266 4447 352 4500 est,
383 4449 438 4494 nt
468 4442 689 4497 dissert.
726 4460 782 4497 ιιι
816 4446 931 4509 cit.,
975 4460 1095 4514 cap.
1134 4445 1190 4506 2,
1221 4462 1369 4498 ιιιιιιι.
1400 4445 1450 4510 7,
1482 4449 1816 4515 notavimus;

268 4543 351 4583 nec
398 4549 500 4588 non
561 4533 722 4589 Petro
780 4535 1109 4605 Ricordato,
1167 4536 1426 4592 Silvestro
1476 4539 1820 4612 Illanrolyco,

268 4615 412 4673 Paulo
448 4623 694 4695 Morigia,
725 4625 1082 4683 Constantino
1124 4627 1403 4697 Caietano,
1448 4641 1501 4684 et
1547 4630 1820 4685 cltronista

270 4707 596 4768 Bcnedictino
626 4717 767 4785 apud
797 4720 1044 4772 eumdem
1078 4718 1583 4789 in‘prolegomenis,
1618 4729 1747 4775 tom.
1781 4721 1820 4788 Ι,

268 4817 398 4867 oper.
434 4806 489 4859 Β.
529 4806 675 4863 Petri
723 4808 1003 4874 Damiaui,
1040 4811 1105 4864 de
1151 4809 1571 4866 Avellanitarum
1618 4813 1821 4877 tunica,

270 4897 540 4964 seapulari,
588 4910 643 4954 et
683 4902 882 4957 eacnlla
920 4904 1132 4972 penitus
1180 4903 1300 4957 alba
1352 4905 1717 4959 testimonium
1749 4904 1825 4960 fe-

271 4991 528 5054 rentibus;
577 4993 713 5046 adeo
760 5002 817 5048 ut
854 4995 1003 5065 juxta
1059 4996 1284 5051 citatum
1339 4997 1652 5069 Morigiam,
1681 4996 1820 5051 llist.

271 5084 429 5155 relig,
456 5104 577 5158 cap.
607 5088 696 5152 58,
725 5103 789 5143 ex
814 5092 977 5159 abusu
1007 5093 1269 5147 duntaxat
1297 5094 1655 5162 posteriorum
1686 5099 1819 5144 tem-

271 5187 439 5241 porum
472 5178 749 5233 inductum
778 5178 934 5235 fuerit
969 5183 1258 5238 emruleum
1297 5182 1543 5252 pallium,
1584 5196 1692 5251 quo
1725 5197 1825 5235 nu-

271 5267 486 5329 perritne
528 5270 750 5324 cuculim
790 5271 903 5327 loco
948 5278 1256 5331 utebantur.
1311 5276 1461 5342 Quod
1506 5275 1820 5337 continuat,

1929 4428 2100 4490 catis,
2147 4427 2230 4480 vel
2264 4426 2331 4480 ad
2377 4427 2679 4497 regularem
2725 4424 3118 4480 observantiam
3169 4420 3501 4496 compositis,

1931 4519 2095 4571 vitam
2126 4532 2275 4572 suam
2325 4516 2620 4574 Damianus
2650 4513 2968 4571 traduxerit.
3012 4517 3192 4583 Quod,
3224 4516 3347 4586 quia
3387 4517 3505 4571 lon-

1930 4609 2065 4678 giori
2103 4609 2423 4663 ttactatioue
2450 4610 2678 4678 indiget,
2710 4608 2776 4661 ad
2806 4609 3079 4678 sequentis
3112 4604 3304 4676 capitis
3347 4622 3508 4677 argu-

1932 4707 2172 4755 tuentmn
2212 4701 2595 4756 reservabitur.

2541 4787 2765 4844 CAPUT
2820 4786 2902 4841 Ἣ.

1927 4884 1991 4941 Β.
2025 4881 2214 4937 Petrus
2247 4882 2541 4940 Dominum
2588 4884 2723 4934 inter
2765 4878 2826 4933 S.
2878 4877 3168 4933 Romtmldi.
3199 4878 3503 4947 discipulos,

2027 4966 2181 5024 atque
2210 4956 2263 5007 in
2291 4954 2532 5022 ejusdem
2562 4949 2888 5005 monasteriis
2911 4950 3231 5019 potissimum
3263 4950 3408 5003 vixit.

1931 5048 2205 5106 Svnorsm.
2245 5075 2313 5084 —
2344 5046 2423 5102 De
2464 5042 2808 5106 Avellanensi
2842 5052 2898 5097 et
2925 5041 3278 5108 Pomposiano
3315 5054 3506 5094 mona-

2001 5119 2190 5183 sterio,
2224 5118 2274 5169 in
2302 5120 2507 5185 quibus
2548 5117 2742 5170 Petrus
2777 5112 3069 5185 Damianus
3110 5110 3283 5185 vixit,
3320 5109 3509 5185 remis—

2002 5191 2135 5245 sive.
2164 5177 2335 5241 Nunt.-
2359 5188 2411 5242 1.
2446 5194 2500 5246 ιιι
2533 5183 2859 5241 monasterio
2886 5181 2940 5236 S.
2967 5178 3228 5232 Vincentii
3253 5177 3321 5230 de
3349 5178 3505 5246 Petra

1999 5267 2218 5350 pertusa
2272 5254 2613 5315 lioinualdus
2665 5268 2784 5304 cum
2851 5248 3124 5319 discipulis
3175 5246 3398 5299 habitat.

2024 5329 2193 5350 .21..--
2258 5324 2388 5350 II-.-
2530 5323 2820 5350 n...:.....m
2883 5323 3052 5350 Vh...“
3103 5318 3140 5350 ς
3226 5314 3504 5350 Rnnnmlnl

2024 5336 2033 5350 ι
2060 5329 2193 5350 LI...“
2258 5324 2388 5350 ll-.-
2429 5314 2435 5315 γ
2465 5314 2469 5315 7
2530 5328 2602 5350 IL.
2629 5342 2641 5350 .
2667 5323 2820 5350 ζημιιη
2883 5314 3052 5350 \'::..'...
3103 5318 3140 5350 ς
3226 5314 3505 5350 [linunt-nlui:

2668 5323 2820 5350 ἶ-ιιιιιη
2883 5323 3052 5350 δ’ίιηιιι
