3982 5350
454 305 519 360 5i
1090 316 1101 327 ”
1379 308 1435 368 8.
1463 312 1740 368 PETRUS
1779 311 2025 366 DAMIAN

2127 347 2129 358 ι
2166 314 2223 368 8.
2254 314 2320 368 ιι.
2361 316 2424 370 Ε.
2447 314 2877 375 CARDINALIS.

3602 314 3702 372 '59.

523 418 795 503 gentibus,
827 419 878 476 5.
911 420 1170 503 candidi,
1198 430 1249 476 et
1296 421 1401 477 albi
1451 425 1647 503 _color_is
1692 424 2018 503 dinei-entia.
2053 429 2095 486 Α
2126 425 2438 496 magisterio
2481 429 2749 497 vixerant,
2795 442 2958 503 atque
2996 433 3050 488 in
3099 433 3338 502 ejusdem
3383 441 3701 496 monasterii

521 489 651 541 ibid.
680 490 885 545 Rursus
913 493 978 544 ad
1007 493 1143 544 item
1175 495 1558 548 monasterium
1589 495 1782 550 Petrus
1807 495 2020 548 Damia-

524 572 626 613 nus
684 561 930 616 mittitur.
981 559 1035 615 6.
1079 561 1215 615 Aliis
1266 562 1470 618 vicibus
1522 564 1718 618 ibidem
1778 565 2018 627 habitat,

522 627 742 701 ejusque
770 638 966 684 statuta
991 631 1185 685 ibidem
1217 633 1562 701 recipiuntur.
1591 636 1643 689 7.
1670 634 2022 689 Severissime

523 699 780 769 divinitus
818 702 1038 769 punitur
1083 701 1211 755 illud
1260 699 1598 768 etenobium,
1650 707 1720 759 ob
1764 705 2018 759 violatam

523 767 768 823 Damiani
819 767 1157 825 decretorum
1207 767 1621 828 observantiam.
1675 775 1727 829 8.
1777 774 2021 828 Damiani

523 852 670 908 erga,
713 838 852 893 idem
902 840 1286 894 monasterium
1334 857 1512 905 amor,
1577 854 1631 898 et
1695 843 2018 898 sollicitudo.

521 906 924 964 9‘.'Diutissime
971 909 1165 963 ibidem
1216 922 1583 966 conversatur.
1629 915 1709 968 10,
1745 914 1801 967 8.
1835 913 2023 966 Salva-

525 978 659 1032 toris
700 979 1003 1034 emnobium
1057 981 1108 1034 in
1153 979 1412 1035 Perusino
1442 984 1716 1038 territorio
1760 1000 1790 1037 a
1823 982 1881 1038 S.
1914 984 2023 1038 Ro-

520 1046 737 1120 mualdo
764 1058 1163 1120 constructum.
1197 1052 1280 1104 cui
1319 1049 1531 1120 prtefnit
1574 1054 1768 1108 Petrus
1806 1053 2023 1106 Damia-

522 1132 641 1190 Ius.
688 1119 771 1173 11.
813 1119 1038 1174 Eremus
1082 1121 1279 1174 montis
1319 1119 1497 1190 Prcgii
1544 1139 1572 1174 a
1621 1124 1677 1177 S.
1727 1122 2021 1177 [temnaldo

524 1188 789 1255 primum,
835 1189 1027 1244 deinde
1057 1206 1086 1243 a
1134 1190 1391 1246 Damiano
1434 1188 1791 1247 inhabitatur.
1827 1193 1913 1246 12.
1949 1193 2021 1246 De

524 1255 824 1331 aliisdocis
868 1258 1279 1331 abitomualdo
1331 1265 1688 1328 constructis,
1738 1264 1790 1317 in
1825 1263 2021 1331 quibus

520 1325 814 1381 Damianus
843 1338 898 1381 et
925 1327 1042 1396 ejus
1086 1330 1330 1396 discipuli
1379 1333 1647 1386 vixerunt.
1673 1325 1769 1386 ⁷15.
1815 1325 1876 1386 Β.
1913 1332 2018 1386 Do-

520 1396 752 1471 n‘ui‘nicus
779 1397 1058 1471 Lorigatus
1082 1400 1189 1471 sub
1206 1400 1448 1471 Damiani
1474 1403 1783 1471 magisterio
1808 1404 2018 1466 vivens,

519 1465 670 1533 prior
698 1467 864 1522 eremi
906 1466 1082 1523 8ἰιι·ἰεε
1107 1485 1137 1522 a
1167 1470 1223 1523 S.
1256 1465 1906 1528 Romualdo'constructtn
1943 1465 2021 1525 fa?-

520 1543 639 1589 ctus
671 1544 770 1590 est.
805 1537 888 1591 14.
921 1537 1063 1592 Idem
1103 1540 1168 1592 ad
1211 1555 1449 1595 eretnutn
1478 1543 1675 1597 mootis
1721 1541 2016 1605 Suavieini,

521 1620 682 1673 quam
723 1606 912 1662 Petrus
940 1609 1230 1682 _[)am_ian_u_s
1258 1610 1609 1682 fundaverat,
1641 1614 1797 1666 morti
1831 1611 2017 1682 proxi-

522 1690 644 1729 mus
675 1691 733 1730 se
774 1678 996 1747 recepit.
1028 1679 1112 1732 15.
1147 1680 1438 1736 Sitrienses
1476 1698 1505 1734 a
1547 1681 1707 1736 Petro
1734 1678 2014 1742 Damiano.

523 1752 777 1818 tanquam
804 1749 1008 1818 proprii
1039 1749 1259 1816 alumni,
1293 1763 1805 1807 commemorantur.
1837 1750 1921 1804 16.
1952 1752 2013 1806 Β.

520 1813 865 1891 [sco—guis
908 1813 1190 1891 reclusus,
1247 1813 1388 1891 Petri
1441 1821 1683 1876 Damiani
1738 1822 2015 1891 magister.

518 1884 648 1938 ibid.
677 1884 868 1941 Petrus
908 1889 1196 1943 Damianus
1241 1889 1523 1945 Classensc
1552 1894 1792 1946 nostrum
1831 1884 2020 1944 inena-

518 1955 743 2028 sterium
790 1957 1032 2028 incoluit.
1063 1959 1146 2013 l7.
1180 1959 1443 2028 Propositi
1493 1963 1660 2015 nostri
1711 1976 1777 2016 ex
1825 1976 2023 2015 monu—

524 2026 723 2101 mentis
767 2027 1060 2082 conclusio.
1108 2030 1205 2101 18.
1232 2026 1522 2101 Multorum
1565 2033 1921 2101 scriptorum,
1967 2041 2022 2085 et

524 2096 683 2148 trium
708 2111 1039 2170 sunnnorum
1063 2100 1372 2170 pontificum
1402 2096 1697 2154 auctoritas
1716 2116 1813 2170 pro
1835 2110 2019 2154 nostra

522 2166 944 2238 sententia._l9.
993 2167 1302 2238 Avellantia:
1348 2185 1568 2235 omnes,
1617 2166 1737 2225 cuni
1783 2173 2027 2238 ipsorum

522 2234 789 2300 coauobio,
823 2236 875 2288 in
905 2235 1392 2292 Camalduleusium
1425 2238 1515 2306 jus
1558 2234 1903 2294 transierunt.
1928 2238 2017 2292 20.

520 2320 562 2375 L
594 2322 734 2378 Nihil
764 2325 935 2396 magis
968 2326 1165 2381 evincit
1192 2326 1410 2381 Petrtun
1438 2329 1757 2384 Datnianum
1784 2328 1883 2385 sub
1908 2329 2019 2385 Ro-

451 2412 649 2467 mualdi
682 2415 940 2471 meruisse
968 2417 1248 2487 disciplina
1275 2427 1437 2488 atque
1466 2420 1609 2474 inter
1635 2421 1752 2489 ejus
1788 2421 2023 2476 asscclas

451 2506 724 2558 nuntcrari
763 2506 978 2575 debere,
1027 2524 1188 2579 quam
1228 2511 1490 2578 locorum,
1536 2513 1734 2583 quibus
1772 2514 1858 2569 ille
1882 2529 2021 2585 prte-

450 2591 574 2659 fuit,
613 2606 705 2652 aut
739 2598 792 2653 in
821 2602 1018 2670 quibus
1046 2612 1128 2658 est
1158 2604 1457 2661 diutissime
1484 2617 1868 2677 conversatus,
1897 2623 2023 2664 mox

450 2686 783 2744 instituenda
826 2693 1219 2754 consideratio:
1265 2696 1395 2753 hinc
1435 2701 1579 2754 enim
1624 2701 1859 2770 patebit.
1916 2718 2023 2757 non

449 2778 594 2834 aliud
633 2796 795 2853 quam
828 2783 884 2840 S.
912 2785 1194 2843 Romualdi
1239 2788 1540 2845 institutum
1573 2793 1722 2862 sequi
1754 2794 2020 2863 potuisse,

449 2871 603 2940 cujus
649 2874 789 2930 inter
826 2877 1117 2949 discipulos
1161 2883 1400 2951 quotidie
1441 2884 1682 2950 vivebat,
1730 2900 2025 2957 eorumque

447 2965 660 3020 vivendi
702 2972 1074 3025 consuetudini
1107 2988 1166 3027 se
1199 2974 1594 3031 conformabat.
1621 2978 1688 3032 Et
1717 2978 1932 3048 quidem
1958 2979 2026 3034 de

448 3061 637 3117 Fontis
661 3063 930 3118 Avellante
951 3069 1215 3132 coenobio,
1249 3071 1390 3139 quod
1421 3070 1755 3142 frequentius
1778 3073 2020 3137 incoluit,

450 3152 584 3205 nihil
613 3161 695 3208 est
738 3155 880 3223 quod
922 3131 1398 3227 repetamus-cum
1442 3131 1575 3217 satis
1620 3165 1788 3219 multa
1835 3165 1902 3221 de
1935 3166 2025 3221 illo
2053 3131 2097 3193 Ο

446 3245 709 3299 hactenus
739 3246 881 3302 dicta
909 3247 1037 3312 sint,
1065 3264 1184 3319 qua:
1215 3251 1487 3322 negotium
1517 3253 1619 3308 hoc
1661 3254 1821 3324 plane
1858 3256 2028 3311 conli-

447 3337 627 3402 eiuut,
663 3337 788 3390 dum
830 3335 946 3406 ejus
990 3338 1384 3398 institutionem
1411 3358 1440 3397 a
1469 3341 1526 3398 8.
1555 3343 1858 3402 Romnaldo
1885 3346 2028 3401 deri-

448 3434 628 3479 valam
667 3426 946 3481 evidenter
988 3431 1298 3486 ostendunt.
1333 3431 1441 3488 Sed
1470 3449 1645 3503 neque
1689 3435 1755 3490 de
1796 3434 2027 3504 Pompo-

447 3518 602 3571 siano
657 3521 1020 3586 monasterio,
1072 3522 1163 3576 ubi
1221 3521 1392 3579 ferme
1449 3525 1725 3580 biennium
1775 3527 2029 3597 expendit

449 3608 765 3676 Damianus,
788 3610 943 3678 juxta
974 3613 1092 3683 ejus
1121 3613 1295 3669 Vitam
1326 3616 1395 3670 ab
1413 3613 1622 3673 Joanne
1645 3615 1704 3672 S.
1736 3618 1835 3672 viri
1865 3617 2029 3674 disci-

446 3699 575 3756 nulo
610 3702 998 3773 conscriptam,
1038 3720 1157 3773 cap.
1189 3707 1251 3770 6,
1294 3706 1569 3778 quidpiam
1599 3707 1691 3764 hic
1721 3707 2025 3778 loquemur,

451 3810 521 3847 ne
566 3795 736 3866 magis
779 3796 1045 3866 ambiguis
1080 3798 1342 3869 exemplis
1384 3800 1692 3870 ambiguam
1731 3801 1871 3857 hanc
1901 3819 2032 3857 con-

447 3886 767 3940 troversiazn
812 3886 1067 3942 dirimere
1113 3888 1251 3943 velle
1295 3889 1579 3945 videamur
1625 3908 1638 3945 :
1695 3894 1909 3948 tametsi
1962 3909 2027 3949 ex

450 3974 611 4029 dictis
649 3976 865 4031 dissert.
888 3992 929 4042 ιν,
954 3994 1073 4049 cap.
1100 3978 1157 4043 4,
1186 3996 1334 4035 num.
1358 3981 1412 4045 8,
1441 3996 1563 4052 pag.
1594 3982 1682 4049 70,
1719 3985 1851 4040 satis
1879 3985 2031 4039 inno-

453 4065 637 4130 tuerit,
674 4067 741 4121 ad
770 4066 1053 4122 Romualdi
1080 4085 1345 4136 normam,
1379 4075 1671 4129 eremitica:
1696 4090 1818 4130 cum
1848 4091 2031 4133 emno.

451 4156 617 4212 bitica
644 4157 751 4213 vita
796 4158 1230 4228 conjunctionem
1275 4163 1348 4218 ibi
1382 4163 1676 4221 invaluisse
1696 4207 1712 4231 ,
1737 4177 1792 4222 et
1816 4170 1882 4223 ad
1907 4185 2030 4238 pra-

452 4246 597 4311 xim,
616 4247 707 4302 illo
735 4248 850 4318 ipso
876 4248 1121 4305 Damiani
1149 4263 1411 4321 tempore,
1444 4253 1610 4310 fuisse
1634 4259 1904 4312 redactam
1931 4258 2033 4313 sub

455 4337 515 4393 8.
549 4337 819 4417 Gnidone,
842 4342 1030 4412 qui‘ex
1060 4344 1325 4400 monacho
1363 4346 1596 4401 cmubbii
1639 4347 1811 4403 nostri
1850 4348 1909 4404 8.
1938 4347 2033 4404 Se-

453 4431 588 4497 veri,
614 4429 1003 4503 Pomposianus
1032 4434 1201 4489 abbas
1224 4433 1446 4492 effectus
1472 4445 1575 4492 est.

525 4521 587 4576 li.
617 4522 832 4579 Initium
864 4534 1044 4581 autem
1074 4526 1334 4584 ducemus
1380 4546 1408 4583 a
1451 4532 1780 4587 monasterio
1808 4532 1865 4587 8.
1896 4533 2029 4587 Vin-

455 4615 621 4670 eentii
647 4614 715 4672 de
740 4616 900 4672 Petra
925 4617 1175 4685 Pertusa,
1204 4623 1347 4691 quod
1378 4624 1430 4677 in
1462 4622 1706 4680 Urbinati
1734 4627 2030 4692 territorio,

462 4705 496 4760 8
524 4718 776 4776 passuum
821 4709 1057 4766 millibus
1084 4711 1291 4769 Urbino
1335 4714 1541 4770 distans
1587 4716 1716 4772 olim
1756 4719 2031 4789 surgebat,

466 4813 614 4853 ttunc
658 4797 898 4868 ejusdem
947 4800 1097 4856 urbis
1143 4804 1416 4859 canonicis
1464 4805 1734 4861 addictum
1780 4807 2036 4878 reliquias

458 4890 720 4943 duntaxat
744 4890 986 4959 pristinae
1016 4892 1400 4961 magnitudinis
1422 4895 1688 4949 ostendat.
1719 4894 1817 4951 Hic
1843 4895 1901 4951 8.
1927 4896 2035 4953 Ro-

457 4979 732 5024 mnnldnm
780 4983 1089 5024 enneodkm
1165 4990 1326 5024 atrum
1355 4984 1476 5024 hnin
1510 4985 1609 5024 inci
1642 4987 1889 5024 ρωηηιιςη
1916 5002 2035 5024 ora-

2058 4478 2107 4537 D

2124 516 2442 571 cmmeterio
2490 519 2694 586 pariter
2739 530 2866 576 sunt
2912 522 3190 588 tumulati;
3235 540 3465 596 euntque
3508 541 3705 583 eorum

2122 602 2279 669 alter,
2296 619 2486 680 nempe
2501 607 2853 673 Gaudentius,
2875 619 3178 667 revoca-tam
3202 614 3301 669 sibi
3324 631 3353 668 a
3378 611 3698 683 Romualdo,

2122 695 2194 750 ob
2219 695 2441 752 Tedaldi
2477 702 2893 771 suggestionem,
2924 705 3266 760 abstinentiae
3312 708 3516 776 pridem
3562 724 3700 763 con-

2122 801 2291 841 cessae
2322 787 2592 844 licentiam
2641 792 2856 863 indigne
2887 793 3084 859 ferens,
3117 795 3182 848 ad
3217 796 3574 866 lngelbertum
3607 800 3702 854 de-

2122 878 2358 942 fecisset,
2386 881 2714 953 proindeque
2736 884 2790 937 in
2812 903 2830 935 ‹
2860 886 3301 954 praevaricatione
3324 888 3703 945 inobedientite

2123 969 2289 1023 vitam
2335 969 2520 1026 ﬁnisse
2568 992 2587 1025 ι
2619 974 2920 1039 videretur,
2953 994 2971 1026 ι
3019 976 3349 1034 Romualdus
3393 980 3698 1036 orationem

2120 1072 2220 1126 pro
2247 1073 2312 1113 eo
2345 1058 2459 1113 fieri
2500 1062 2713 1130 penitus
2762 1063 3074 1129 interdixit,
3117 1065 3238 1120 licet
3285 1068 3337 1121 in
3383 1070 3701 1125 cmmeterio

2121 1146 2185 1201 Β.
2220 1148 2484 1206 Vincentii
2504 1193 2519 1217 ,
2541 1151 2697 1220 juxta
2727 1170 2921 1225 corpus
2948 1155 3170 1211 Berardi
3218 1159 3541 1215 venerabilis
3570 1162 3695 1227 viri,

2122 1239 2212 1306 qui
2245 1254 2396 1310 aeque
2418 1240 2700 1298 Romualdi
2730 1245 3023 1314 discipulus
3051 1246 3244 1313 fuerat,
3277 1268 3295 1303 ι
3322 1252 3512 1320 apponi
3548 1268 3698 1306 man-

2121 1328 2307 1384 dasset
2337 1348 2351 1384 :
2379 1345 2568 1386 verum
2613 1334 2683 1388 ob
2707 1334 2994 1400 visionem,
3038 1352 3143 1392 non
3173 1336 3390 1409 quidem
3434 1341 3694 1408 Berardo,

2121 1430 2181 1473 ut
2212 1421 2623 1479 Macchiarellus
2656 1436 2841 1480 noster
2871 1437 3022 1496 putat
3051 1428 3106 1483 in
3138 1444 3232 1484 sua
3261 1430 3542 1502 Apologia,
3569 1449 3692 1503 pag.

2120 1510 2190 1565 22
2213 1513 2358 1582 (nam
2399 1527 2463 1568 ex
2493 1515 2737 1584 proxime
2763 1516 2943 1572 allatis
2978 1519 3219 1576 Damiani
3243 1522 3446 1587 verbis,
3477 1534 3699 1592 totoque

2121 1612 2374 1658 contextu
2394 1644 2409 1670 ,
2437 1613 2556 1659 erat
2601 1605 2690 1660 ille
2720 1612 3130 1681 prtemortuus),
3173 1611 3268 1666 sed
3298 1612 3453 1668 alteri
3481 1614 3699 1668 cuidam

2121 1692 2388 1747 monacho
2434 1693 2501 1747 ad
2547 1694 2828 1764 utriusque
2866 1697 3171 1767 sepulcrum
3220 1701 3419 1766 oranti,
3468 1712 3630 1771 atque
3665 1718 3697 1757 τι

2048 1776 2094 1835 Β
2125 1784 2363 1837 dentium
2409 1783 2594 1839 dolore
2643 1784 2895 1853 liberato,
2942 1799 3255 1856 ostensam,
3301 1809 3321 1843 ι
3373 1794 3702 1849 ltomualtlus

2121 1874 2267 1931 illico
2295 1877 2549 1945 prmcepit
2573 1876 2827 1934 fratribus
2853 1890 2911 1935 ut
2932 1880 3044 1951 jam
3070 1882 3372 1940 Gaudentio
3403 1885 3703 1941 fraternam

2120 1969 2443 2026 charitalent
2482 1971 2877 2040 impenderent,
2912 1984 3074 2045 atque
3109 1990 3209 2047 pro
3248 1991 3313 2032 eo
3338 1977 3550 2032 enixius
3578 1994 3704 2035 ora-

2123 2071 2261 2117 rem.
2294 2081 2312 2114 »
3099 2065 3104 2075 ’

2192 2150 2280 2203 lll.
2312 2149 2369 2204 ι..
2399 2151 2501 2206 hoc
2530 2151 2697 2223 igitur
2716 2156 3044 2211 monasterio
3064 2155 3123 2212 8.
3150 2157 3440 2224 Vincentii,
3462 2160 3705 2231 adeoque

2124 2240 2266 2294 inter
2312 2243 2631 2310 superstites
2678 2243 2960 2301 Romualdi
3001 2248 3291 2317 discipulos
3339 2259 3587 2306 versatus
3620 2262 3706 2307 est

2123 2328 2316 2383 Petrus
2346 2329 2656 2395 itamianus,
2690 2334 2798 2387 imo
2840 2350 2906 2390 eo
2934 2334 3036 2390 loci
3068 2337 3241 2392 Vitam
3274 2337 3445 2407 ipsam
3490 2337 3547 2395 8.
3590 2339 3704 2395 llo-

2126 2420 2324 2475 mualdi
2355 2422 2662 2493 descripsit,
2695 2434 2755 2479 et
2780 2426 2986 2480 notavit
3010 2425 3300 2482 Fortunius
3322 2427 3459 2482 Hist.
3492 2428 3700 2484 Camal.

2124 2521 2262 2581 part.
2294 2528 2354 2577 ll,
2388 2512 2424 2565 ι.
2455 2528 2510 2578 v,
2537 2529 2654 2584 cap.
2680 2515 2745 2580 6’;
2775 2525 2935 2585 atque
2959 2526 3144 2585 aperte
3167 2517 3436 2587 colligitur
3454 2534 3519 2571 ex
3549 2518 3705 2572 initio

2126 2603 2274 2657 citati
2321 2605 2515 2674 capitis
2544 2605 2611 2660 57
2644 2606 2778 2661 Vitae
2825 2605 2882 2660 8.
2916 2607 3123 2670 Patris,
3153 2608 3241 2663 ubi
3285 2608 3582 2665 Damianus
3623 2611 3705 2665 sic

2126 2692 2367 2762 loquitur
2399 2713 2411 2747 :
2445 2712 2463 2746 α
2491 2694 2646 2750 Alius
2668 2695 2836 2750 frater
2853 2696 3192 2753 Gaudentius
3222 2699 3457 2766 nomine,
3489 2699 3707 2755 abbatis

2125 2788 2374 2843 videlicet
2402 2788 2563 2857 hujus
2592 2790 2904 2845 monasterii
2930 2789 2987 2844 5.
3014 2789 3275 2845 Vincentii
3303 2789 3484 2846 Pater.
3518 2811 3535 2843 ι
3566 2791 3704 2846 Dum

2126 2877 2270 2933 enim
2318 2880 2561 2947 proxime
2602 2887 2761 2933 antea
2807 2879 2932 2933 talis
2974 2880 3285 2934 monasterii
3317 2880 3459 2933 nulla
3499 2882 3707 2937 mentio

2125 2981 2497 3043 prmcesserat,
2526 2971 2620 3027 sed
2644 2970 2810 3026 ferme
2836 2973 2901 3027 de
2922 2973 3087 3039 gestis
3112 2973 3251 3042 apud
3274 2971 3494 3027 Sitriam
3519 2988 3705 3029 sermo

2127 3071 2265 3127 erat,
2298 3078 2402 3116 non
2445 3073 2619 3131 potest
2660 3062 2913 3116 ostensivi
2946 3063 3086 3117 illius
3126 3064 3460 3131 pronominis
3489 3083 3507 3115 ι
3543 3065 3705 3133 hujus

2129 3158 2444 3213 monasterii
2482 3177 2500 3209 ι
2534 3156 2856 3226 significatio
2900 3156 3005 3210 alio
3045 3157 3396 3227 detorqueri,
3440 3174 3603 3227 quam
3645 3168 3704 3214 ut

2129 3250 2197 3304 de
2238 3248 2486 3304 coenobio
2516 3248 2616 3303 sibi
2664 3256 2950 3317 praesente,
2981 3248 3069 3302 ubi
3104 3248 3348 3303 videlicet
3392 3259 3511 3304 actu
3565 3251 3705 3304 seri-

2128 3341 2309 3402 bcbat.
2364 3338 2581 3409 intelligi
2623 3348 2842 3393 sanctus
2895 3338 3085 3394 doctor
3133 3338 3361 3393 voluerit
3407 3358 3419 3393 :
3462 3340 3597 3393 adeo
3645 3349 3706 3395 ut

2129 3435 2183 3489 in
2231 3434 2331 3488 hos
2381 3432 2903 3488 San-Vinccntianos
2950 3434 3241 3488 monachos
3290 3435 3447 3488 cadat
3496 3433 3707 3489 illustre

2130 3525 2344 3597 Egregii
2402 3534 2851 3594 cognomentum,
2918 3540 3026 3593 quo
3076 3523 3136 3579 S.
3194 3524 3371 3579 Patris
3410 3525 3708 3593 discipulos

2129 3618 2501 3672 cohonestavit
2531 3616 2583 3669 in
2605 3613 2721 3683 ejus
2743 3615 2877 3669 Vita:
2906 3616 3189 3683 prommio,
3219 3615 3287 3669 ibi
3319 3634 3330 3668 :
3363 3635 3379 3666 ι
3413 3615 3707 3671 Multorum

2129 3704 2355 3760 fratrum
2397 3704 2645 3775 precibus
2684 3713 2738 3758 et
2782 3718 3037 3772 germana
3089 3705 3355 3759 charitate
3400 3705 3710 3770 devinctus,

2128 3797 2270 3867 quod
2298 3797 2361 3851 de
2402 3795 2658 3865 prtedirto
2690 3794 2919 3848 mirabili
2952 3795 3069 3848 viro
3111 3793 3179 3848 ab
3221 3795 3454 3864 egregiis
3481 3797 3600 3863 ejus
3627 3797 3709 3850 di.

2129 3884 2350 3956 scipulis
2379 3884 2563 3948 didici,
2596 3883 2896 3955 aggrediar,
2928 3883 3035 3936 Deo
3053 3891 3294 3945 auctore,
3323 3883 3650 3938 describere.
3684 3905 3702 3936 ι

2130 3977 2283 4034 Unde
2321 3977 2373 4031 in
2406 3975 2795 4045 nuncupatoria
2830 3974 3083 4028 editionis
3123 3971 3380 4027 Romana:
3407 3973 3532 4026 anni
3572 3973 3711 4029 1656

2130 4069 2267 4124 Vita:
2296 4069 2356 4124 8.
2401 4067 2685 4123 Rotnnaldi
2728 4083 2754 4120 a
2800 4064 3258 4119 Petro'Damiano
3293 4063 3597 4133 descriptm,
3629 4065 3710 4119 sic

2132 4157 2489 4215 Romualdum
2530 4158 2702 4227 ipsum
2746 4164 2935 4210 auctor
2981 4153 3315 4223 alloquitur:
3352 4171 3369 4204 ι
3416 4151 3708 4220 Postquam

2131 4250 2242 4313 ille,
2285 4269 2304 4301 ι
2341 4263 2531 4318 nempe
2561 4247 2872 4308 Damianus,
2906 4263 2923 4294 ι
2959 4258 3136 4297 mores
3170 4251 3289 4296 tuos
3322 4257 3441 4295 cum
3472 4241 3709 4296 vestibus

2135 4341 2210 4396 tui
2235 4340 2441 4395 ordinis
2463 4338 2655 4401 induit,
2680 4336 2732 4389 in
2756 4336 2813 4389 S.
2840 4334 3107 4388 Vincentii
3132 4333 3460 4388 monasterio
3487 4332 3706 4402 degens,

2134 4431 2225 4487 ubi
2273 4442 2327 4486 tu
2397 4426 2775 4501 (Romualde)
2831 4423 3172 4479 sanctissime
3218 4424 3461 4484 vixeras,
3512 4422 3712 4490 aliique

2133 4538 2198 4577 ex
2248 4530 2335 4576 tua
2368 4518 2646 4587 disciplina
2687 4515 2784 4570 viri
2817 4513 3175 4569 sanctimonia
3208 4513 3329 4565 vita:
3372 4510 3712 4580 percelebres

2135 4613 2276 4667 diem
2322 4619 2626 4664 extremum
2669 4606 3002 4665 clauserant,
3036 4617 3157 4656 cutn
3204 4600 3335 4655 inibi
3372 4599 3711 4653 animadver-

2135 4711 2271 4758 teret
2294 4700 2617 4756 eximiartnn
2664 4697 2918 4751 virtutum
2963 4692 3187 4763 vestigia
3235 4707 3338 4745 non
3386 4690 3576 4744 leviter
3604 4689 3709 4741 im-

2136 4806 2344 4864 pressa,
2377 4789 2585 4860 ipsique
2610 4787 2842 4856 parietes
2870 4785 2994 4837 vitae
3018 4792 3119 4836 tute
3160 4781 3332 4836 beam
3356 4778 3712 4839 suavissimos

2136 4885 2355 4954 Spiritus
2405 4883 2479 4937 illi
2515 4880 2780 4945 amarent,
2811 4877 3006 4946 adjecit
3051 4875 3314 4937 animum,
3360 4881 3418 4926 ut
3451 4872 3590 4925 facta
3622 4879 3709 4923 tua

2137 4977 2353 5024 hernica
2391 4972 2621 5024 nublicis
2651 4969 3016 5024 monumentis
3043 4965 3416 5024 consignaret,
3449 4982 3467 5013 ι
3499 4972 3600 5016 etc.
