3982 5350
283 235 354 294 53
1179 235 1712 294 Pl'tOLEGOMENA.
1753 269 1822 278 —--
1849 239 1936 294 DE
1968 236 2336 296 lNSTITUTO
2373 235 2764 294 CAMALDUL.
3479 227 3550 284 54

287 361 454 408 stnim
481 351 774 410 submissis
803 353 964 425 cmpit
997 353 1272 424 precibus,
1299 369 1366 408 ne
1395 353 1493 410 sibi
1541 355 1642 410 boc
1686 367 1870 422 mgna-
1899 359 1947 416 Α
1979 352 2176 408 uelium
2205 353 2529 410 Frontonem
2563 353 2626 408 de
2655 349 2956 408 differentia
2985 332 3369 404 vocabulorum
3409 348 3552 402 inter

287 453 436 500 retur
467 447 794 515 praecipere,
824 447 964 516 quod
1001 448 1114 518 ipse
1144 447 1388 508 nimium,
1423 447 1566 500 velut
1595 448 1868 510 indecens,

283 535 630 590 abhorreret.
661 534 917 606 Magister
945 553 1072 590 vero
1101 535 1216 600 cius
1243 537 1490 604 precibus
1521 536 1870 604 acquiescere

283 625 532 692 uolebat,
571 642 642 682 ne
673 627 1002 697 vilépeudere
1045 627 1316 680 videretur
1356 626 1676 696 discipulum
1708 641 1868 696 quem

281 715 542 784 diligebat
587 725 846 786 tanquam
887 718 1136 781 unicum,
1166 715 1208 770 si
1239 718 1320 770 sic
1347 731 1492 778 eum,
1533 716 1684 786 juxta
1715 732 1870 770 suum

281 809 641 875 desiderium,
669 825 855 866 secum
901 810 1239 879 permitteret
1267 809 1528 864 incultum
1558 808 1870 879 procedere.

285 899 594 970 Discipulos
637 909 822 956 autem
871 900 1028 970 longe
1071 900 1230 953 aliter
1278 899 1550 964 sentiens,
1597 905 1874 966 totumque

282 991 542 1046 aliorsum
593 1001 950 1056 convertens,
981 991 1204 1046 nimium
1250 992 1604 1046 erubescebat
1653 990 1873 1044 saecula-

279 1082 430 1138 ribus
467 1081 588 1152 jam
641 1096 904 1151 apparere
955 1081 1230 1140 nitidulus.
1283 1097 1350 1135 ne
1399 1083 1550 1150 ipse,
1599 1082 1690 1150 qui
1743 1081 1872 1136 olim

281 1172 476 1227 neuio
525 1173 874 1228 renuntiasse
905 1173 1205 1237 videbatur,
1255 1173 1568 1228 surcularem
1620 1189 1870 1244 pompam

281 1265 458 1317 adhuc
499 1263 804 1318 c-amaliter
849 1278 1094 1332 quaerere
1139 1271 1438 1332 putaretur.
1488 1263 1642 1332 Quod
1692 1273 1871 1320 tamen

279 1355 630 1424 opprobrium
671 1355 842 1410 multo
889 1355 1060 1424 magis
1105 1355 1192 1410 ille
1238 1355 1442 1420 subire,
1489 1371 1652 1424 quam
1685 1355 1872 1412 inobo-

283 1447 502 1501 dicntiae
561 1455 750 1502 notam
813 1447 1030 1511 maluit,
1077 1463 1238 1516 quam
1289 1447 1542 1503 videlicet
1593 1449 1873 1506 incurrere

283 1539 658 1592 vehementius
705 1539 942 1610 expavit.
993 1539 1286 1596 Videbatur
1331 1542 1475 1596 enim
1527 1542 1660 1606 sibi,
1713 1555 1873 1612 prout

285 1627 400 1696 ipse
451 1627 749 1694 referebat,
801 1637 860 1684 ut
905 1631 1216 1702 quicunque
1263 1632 1410 1686 illum
1467 1633 1546 1688 sic
1591 1646 1868 1707 complura

277 1719 530 1786 equitare
577 1731 889 1786 cernerent,
935 1723 1106 1793 digito
1149 1725 1614 1794 demonstrarent,
1643 1736 1698 1781 et
1729 1728 1872 1784 velut

275 1816 552 1870 earn-lem
599 1817 1042 1872 subsaunarent:
1075 1819 1262 1887 sicque
1309 1835 1414 1874 non
1459 1821 1744 1884 monachi,
1777 1823 1870 1876 sed

275 1907 458 1975 sponsi
493 1923 692 1960 neuneu
719 1917 988 1978 aptarcut.
1017 1907 1170 1963 Unde
1203 1917 1384 1964 tantus
1425 1911 1590 1964 rubor
1615 1906 1730 1978 ejus
1761 1910 1872 1966 suf-

279 1996 496 2049 fuderat
542 1995 762 2062 faciem,
795 2007 854 2050 ut
883 1997 970 2052 vix
1003 2009 1165 2066 caput
1191 2000 1422 2070 erigere,
1463 2000 1552 2054 vix
1603 2001 1654 2054 in
1685 2015 1873 2071 quem-

279 2087 420 2156 piam
473 2097 658 2156 posset
705 2090 849 2144 acies
905 2089 1186 2144 ocnlorum
1239 2089 1495 2162 dirigere.
1542 2091 1650 2148 Illis
1689 2103 1869 2148 autem

279 2179 736 2246 regredientibus,
767 2194 888 2232 eum
933 2180 998 2234 ad
1027 2180 1332 2235 cmnobium
1377 2180 1434 2234 S.
1465 2181 1752 2248 Vincentii,
1783 2183 1870 2238 cui

281 2269 456 2320 vicina
503 2283 666 2336 rupes
695 2269 854 2324 Petra
885 2281 1104 2338 pertuso
1138 2271 1454 2326 vocabulum
1503 2274 1714 2341 indidit,
1747 2291 1871 2346 per-

279 2366 496 2412 ventura
543 2356 772 2423 fuisset;
814 2358 926 2427 jam
985 2361 1192 2414 Domini
1233 2377 1424 2416 servus
1461 2362 1684 2418 ulterius
1727 2365 1870 2421 ferre

279 2447 467 2515 nequit
509 2447 930 2516 ignominiosum
981 2451 1220 2506 nitidulre
1251 2453 1418 2508 vestis
1457 2463 1706 2508 ornatum
1738 2475 1750 2509 :
1781 2473 1871 2512 oc-

277 2537 498 2591 casione
527 2537 712 2607 itaque
753 2539 950 2594 ibidem
1002 2541 1272 2611 paulisper
1301 2545 1602 2598 remorandi
1639 2555 1867 2614 reperta,

279 2629 540 2697 magister
561 2639 744 2699 coepto
781 2631 972 2686 itinere
1001 2634 1172 2687 tendit
1212 2635 1278 2688 ad
1307 2651 1552 2689 eremmn
1573 2677 1586 2700 ,
1621 2637 1710 2691 ille
1740 2653 1870 2692 vero

279 2718 448 2772 alium
475 2719 578 2772 sibi
605 2720 942 2789 scapularem
971 2723 1312 2779 humiliorem
1357 2727 1586 2782 stamine
1613 2737 1666 2782 et
1691 2729 1870 2786 colore

277 2810 604 2877 acquisitum
651 2811 826 2866 induit
872 2829 884 2864 :
938 2813 1126 2883 sicque
1167 2816 1316 2870 velut
1365 2817 1584 2872 immani
1635 2820 1866 2884 sarcina,

279 2916 382 2968 qua
409 2901 706 2970 depressus
745 2903 1004 2958 hactenus
1049 2904 1244 2968 fuerat,
1277 2905 1524 2971 leviatus,
1551 2909 1868 2976 quantocius

278 3001 398 3058 post
430 2992 748 3061 magistrum
792 2993 858 3046 ad
905 2995 1180 3064 proprium
1227 3005 1310 3049 est
1357 2999 1742 3052 monasterium
1785 3015 1870 3053 re-

1975 453 2264 514 utrumque
2309 446 2388 498 sic
2411 445 2850 514 distinguentem,
2883 449 2942 495 ut
2973 458 3001 492 r
3025 433 3308 495 candidum
3337 441 3551 510 proprie

1973 534 2185 588 dicatur
2213 537 2354 604 quod
2389 537 2445 588 tit
2481 550 2633 598 cura,
2669 533 2848 588 album
2877 531 3018 602 quod
3047 529 3106 584 iit
3131 537 3346 584 natura-
3377 550 3395 582 ι
3445 527 3551 584 Sed

1972 623 2074 678 hoc
2101 624 2277 680 obiter
2304 625 2588 678 adnotasse
2611 623 2858 678 suiiiciat.

2047 715 2129 768 γι.
2169 716 2420 770 Secundo
2449 716 2514 768 ad
2547 714 2685 768 idem
2719 713 2776 768 S.
2805 713 3072 770 Vincentii
3095 712 3398 768 cmnobimn
3424 711 3552 766 mis.-

1973 822 2064 860 sus
2091 805 2286 878 legitur
2319 806 2510 860 Petrus
2538 807 2848 870 Damianus,
2884 813 2942 860 ut
2975 805 3270 860 monachos
3295 803 3414 859 illos
3438 815 3549 858 tum

1974 897 2026 952 in
2053 898 2226 953 sacris
2261 897 2458 952 litteris
2483 897 2745 961 erudiret,
2779 905 2890 950 tum
2940 897 3006 951 ad
3038 899 3390 952 monasticam
3423 913 3549 968 pero

1973 990 2258 1046 fectiouem
2313 991 2532 1046 uberius
2586 999 2962 1060 promoveret,
3015 1001 3072 1044 ut
3127 990 3266 1044 idem
3315 988 3550 1044 Joannes

1973 1085 2268 1156 discipulus
2311 1085 2456 1140 Petri
2489 1085 2734 1140 Damiani
2783 1092 3009 1140 testatur
3039 1085 3090 1138 iu
3123 1083 3238 1152 ejus
3271 1083 3385 1138 Vita
3427 1100 3546 1153 cap.

1971 1178 2006 1234 6
2033 1195 2046 1232 :
2083 1195 2100 1228 ε
2129 1177 2358 1234 Peracto
2389 1177 2550 1249 igitur
2585 1193 2706 1231 cum
2753 1177 2866 1232 suis
2895 1174 3262 1232 confratribus
3299 1175 3546 1244 permissi

1973 1270 2232 1340 temporis
2255 1269 2450 1339 spatio,
2482 1269 2676 1324 iterum
2699 1267 2938 1338 ejusdem
2971 1265 3044 1320 rei
3069 1264 3266 1335 gratia,
3296 1265 3366 1318 ob
3387 1280 3547 1333 quam

1971 1360 2314 1431 Pomposiam
2351 1359 2508 1422 ierat,
2537 1359 2604 1414 ad
2642 1358 2700 1414 S.
2733 1356 3022 1422 \‘inccntii,
3049 1356 3204 1426 cujus
3240 1371 3402 1424 supra
3437 1371 3550 1410 me-

1973 1454 2252 1518 minimus,
2285 1453 2670 1508 monasterium
2703 1465 2928 1522 pergere
2962 1448 3202 1518 jubetur.
3234 1449 3308 1503 lbi
3339 1463 3552 1518 quoque

1971 1545 2288 1615 aliquandiu
2315 1551 2704 1608 commoratus,
2737 1556 3077 1610 nequaquam
3107 1540 3286 1612 segnis
3309 1557 3336 1594 a
3371 1541 3554 1595 Domi-

1973 1635 2110 1690 nicas
2149 1637 2322 1690 vinea:
2355 1635 2568 1690 cultura
2597 1633 2821 1704 quievit,
2853 1631 3047 1698 donec,
3083 1641 3409 1701 cooperante
3449 1631 3550 1688 sibi

1905 1707 1946 1767 Β
1975 1725 2226 1790 Domino,
2277 1726 2499 1780 uberem
2553 1724 2636 1780 sui
2681 1723 2912 1778 fructum
2943 1721 3236 1776 famulatus
3279 1721 3554 1792 impende-

1975 1825 2077 1872 ret.
2111 1836 2128 1870 ι
2161 1817 2338 1887 Atque
2363 1818 2462 1870 hac
2488 1817 2724 1870 secunda
2753 1815 2872 1870 vice
2914 1815 3256 1878 Damianum,
3285 1815 3352 1868 ab
3391 1813 3551 1882 hujus

1969 1906 2204 1962 emnobii
2235 1906 2536 1970 monachis,
2571 1905 2630 1958 Ι).
2665 1904 2945 1960 Romualdi
2978 1903 3254 1974 discipulis
3283 1911 3549 1972 ragatnm,

1970 1996 2270 2052 scribendae
2301 1994 2586 2050 Romualdi
2613 1993 2750 2050 Vitae
2773 1995 3056 2050 consilium
3083 1995 3134 2048 iu
3163 2009 3221 2050 se
3249 1995 3553 2064 suscepisse

1969 2095 2186 2144 constat
2223 2102 2384 2144 nam
2427 2101 2492 2141 ex
2518 2102 2622 2140 una
2653 2097 2806 2156 parte
2835 2086 3047 2140 videtur
3069 2085 3214 2138 illam
3245 2100 3352 2140 non
3375 2101 3402 2138 a
3439 2101 3552 2140 sum

1969 2178 2346 2234 conversionis
2391 2176 2562 2231 initiis
2605 2174 3014 2244 conscripsisse,
3061 2190 3128 2229 ex
3187 2173 3295 2228 iliis
3342 2175 3552 2246 prologi

1970 2270 2196 2324 verbis:
2235 2286 2256 2320 ι
2291 2267 2454 2324 Nobis
2503 2275 2686 2322 autem
2737 2266 2788 2320 in
2830 2275 3058 2338 angusto
3108 2264 3314 2320 cellula:
3355 2265 3553 2336 angulo

1971 2362 2340 2418 residentibus
2387 2361 2572 2416 utilius
2618 2367 2757 2424 erat,
2794 2359 2934 2414 sicut
2974 2358 3370 2430 proposuimus,
3424 2373 3552 2427 pro-

1971 2455 2088 2525 pria
2141 2461 2366 2524 peccata
2409 2453 2475 2506 ad
2521 2452 2720 2507 mentis
2762 2451 2952 2530 oculos
2997 2449 3212 2505 assidue
3268 2464 3549 2512 revocare,

1971 2561 2130 2616 quam
2165 2547 2354 2600 alieme
2377 2544 2594 2598 virtutis
2632 2543 2916 2598 historiam
2946 2549 3160 2605 texere;
3191 2539 3364 2610 magis
3393 2553 3554 2608 expc-

1971 2637 2110 2692 diret
2163 2637 2436 2692 commissi
2497 2645 2680 2690 reatus
2737 2633 2990 2690 tenebras
3041 2632 3330 2702 plangere,
3391 2646 3550 2700 quam

1969 2729 2248 2799 Splendida
2290 2729 2594 2782 sanctitatis
2637 2726 2868 2796 insignia
2903 2725 3167 2795 imperitis
3210 2723 3552 2778 sermonibus

1969 2819 2268 2883 oti'uscare;
2303 2837 2322 2869 ι
2359 2817 2436 2871 Ex
2479 2815 2582 2870 alia
2625 2831 2755 2870 vero
2793 2825 2972 2884 parte,
3020 2828 3124 2868 non
3177 2813 3351 2882 potuit
3405 2810 3548 2864 illam

1971 2909 2146 2978 prima
2187 2908 2304 2962 vice
2357 2907 2412 2962 in
2460 2907 2562 2961 hoc
2611 2905 2942 2960 monasterio
2997 2917 3266 2966 exarare,
3309 2917 3432 2958 cum
3487 2900 3541 2954 in

1975 3000 2204 3056 transitu
2233 3000 2498 3052 duntaxat
2545 2997 2618 3052 ibi
2655 3011 2893 3066 praesens
2919 2993 3176 3055 adfuerit,
3213 3007 3311 3047 nec
3343 3006 3548 3046 moram

281 3095 504 3143 usus;
557 3095 898 3152 nequaquam
937 3086 1082 3138 enim
1139 3100 1232 3139 eos
1281 3101 1434 3154 atque
1482 3095 1726 3154 poterat,
1775 3089 1863 3158 qni
1896 3061 1942 3123 ο
1971 3090 2124 3160 operi
2157 3089 2283 3144 huic
2315 3088 2644 3158 perﬁciendo
2687 3095 3040 3157 opportunam
3076 3082 3271 3138 ibidem
3300 3082 3549 3136 traxerit.

279 3171 540 3237 squalidis
575 3172 864 3226 utebantur
897 3174 1153 3239 vestibus,
1191 3177 1428 3230 venustis
1478 3175 1593 3247 ipse
1629 3179 1864 3244 indutus,

280 3261 518 3316 revisere
559 3277 576 3316 :
627 3263 752 3316 dum
795 3265 1036 3320 moribus
1085 3266 1304 3332 ornari,
1341 3267 1520 3335 potius
1572 3269 1864 3338 gestirem,

275 3368 440 3420 quam
471 3355 730 3410 vestibus.
769 3375 788 3408 ι

349 3442 412 3496 ν.
455 3445 576 3512 Quo
604 3462 670 3500 ex
698 3449 818 3503 loco
846 3457 1030 3517 aperte
1057 3450 1242 3520 liquet,
1281 3465 1470 3504 canem
1509 3452 1726 3508 nabitus
1749 3469 1867 3522 spe-

283 3534 386 3594 cie.
431 3538 636 3600 colore,
667 3538 862 3602 forma,
891 3541 1302 3604 consuetudine,
1357 3551 1462 3596 tam
1513 3542 1864 3608 Avellauitas,

277 3641 440 3694 quam
481 3631 773 3684 iuonacitos
814 3629 870 3684 S.
923 3631 1185 3686 Vineentii
1245 3635 1462 3687 indutos
1505 3633 1694 3701 fuisse,
1739 3637 1864 3690 dum

279 3719 424 3787 apud
457 3720 558 3773 hos
587 3721 878 3778 Damianns
913 3725 1160 3780 i.'oncmu
1200 3727 1436 3780 tunicam
1486 3727 1756 3782 invenisse
1786 3729 1865 3780 di-

271 3811 438 3873 citur,
473 3825 584 3879 qua
609 3813 676 3866 ad
705 3813 848 3877 illos,
875 3829 978 3868 non
1013 3814 1128 3882 jam
1163 3815 1390 3878 recenti,
1425 3825 1519 3868 aut
1556 3831 1728 3886 nuper
1761 3816 1864 3870 lota

275 3909 442 3960 veste,
469 3915 534 3954 ex
572 3903 804 3957 tenuiori
847 3902 972 3957 lana
1001 3913 1276 3968 contexta,
1309 3905 1589 3968 candidus,
1643 3913 1698 3960 et
1735 3906 1862 3958 niti.

269 3988 452 4056 dulus,
485 3993 580 4046 sed
613 3993 870 4049 crassiori
897 3994 1150 4058 stamine,
1187 4011 1251 4049 ac
1285 3995 1470 4050 nativa
1513 3997 1692 4050 ovimn
1726 3996 1864 4051 albet

271 4082 400 4136 nine
429 4082 708 4150 squalidus
733 4092 792 4139 et
819 4083 1070 4149 incultus,
1113 4087 1432 4156 cmterisque
1457 4087 1572 4140 suis
1607 4086 1865 4143 fratribus

271 4175 534 4230 concolor
580 4187 866 4246 appareret
901 4196 914 4231 :
950 4179 1204 4234 nimirum
1246 4181 1387 4249 apud
1443 4192 1702 4252 utrosque
1759 4199 1862 4238 non

273 4267 599 4335 exquisitos,
651 4279 706 4323 ct
754 4267 1038 4325 aﬂ'cctatus
1083 4271 1304 4338 candor,
1337 4273 1428 4341 qui
1483 4273 1588 4328 luci
1639 4277 1861 4345 potissi-

275 4369 420 4410 mum
466 4355 642 4412 afﬁnis
689 4368 796 4424 est,
843 4371 900 4414 ut
931 4362 1151 4417 dissert.
1183 4379 1268 4428 ιιι,
1313 4379 1434 4434 cap.
1481 4365 1534 4431 6,
1579 4383 1723 4421 num.
1771 4368 1857 4433 16,

275 4447 650 4518 probavimus,
683 4450 778 4504 sed
806 4450 990 4506 albedo
1025 4453 1250 4522 simplex
1279 4455 1468 4523 pallori
1513 4457 1689 4524 potius
1727 4473 1855 4512 con-

267 4536 474 4605 juncta,
509 4540 562 4592 in
595 4555 694 4594 usu
725 4549 879 4605 erat;
909 4542 975 4595 dc
1007 4557 1116 4612 quo
1145 4544 1480 4611 discrimine,
1519 4547 1586 4600 ad
1617 4549 1857 4618 compluo

275 4643 364 4681 res
407 4627 834 4683 Monasticarum
877 4631 1276 4702 Antiquitatum
1329 4643 1508 4692 textus
1557 4638 1853 4692 concilian-

277 4719 392 4784 dos,
428 4726 484 4773 et
535 4718 892 4774 auctoritates
937 4721 1080 4776 Petri
1121 4721 1494 4780 Cluniacensis
1523 4726 1612 4781 lib.
1657 4743 1732 4792 iv,
1769 4743 1854 4798 ep.

281 4806 366 4870 17,
413 4822 512 4860 nsc
549 4823 654 4860 non
689 4809 966 4878 Smaragdi
1001 4810 1052 4864 in
1094 4812 1442 4879 Expositione
1485 4816 1699 4882 Regula:
1731 4833 1852 4886 cap.

277 4899 361 4965 55,
385 4909 688 4957 canm'dum
717 4901 882 4954 vestis
910 4902 1142 4958 colorem
1180 4903 1600 4974 improbantiunt
1629 4925 1640 4958 :
1672 4926 1688 4958 ι
1721 4909 1854 4974 Quia

275 4994 438 5063 magis
464 4994 728 5065 gloriam,
763 5007 926 5062 quam
965 4994 1324 5064 abjectionem
1369 5001 1636 5072 designat,
1675 5019 1692 5052 ι
1731 5015 1852 5055 cum

273 5085 662 5150 ntonumentis,
694 5093 752 5137 et
789 5085 1166 5142 traditionibus
1195 5103 1290 5157 pro
1321 5091 1606 5148 monastici
1643 5091 1857 5146 habitus

267 5175 362 5228 albi
391 5185 606 5232 vetusta
631 5176 1043 5242 consuetudine,
1067 5178 1284 5233 dissert.
1315 5197 1398 5242 ιιι,
1421 5197 1540 5242 cap.
1575 5181 1625 5242 7,
1649 5197 1676 5232 a
1703 5197 1852 5236 ιιηιιι.

2047 3180 2150 3235 Vil.
2197 3182 2402 3236 Rursus
2427 3181 2546 3234 aliis
2577 3179 2784 3233 vicibus
2817 3178 2869 3232 in
2903 3178 2962 3231 S.
3002 3174 3268 3232 V'inccntii
3301 3172 3550 3228 coenobio

1970 3275 2174 3328 diutius
2205 3273 2428 3336 vixisse,
2475 3288 2538 3328 ac
2579 3280 2698 3341 post
2728 3279 3036 3340 susceptum
3077 3267 3438 3322 Eremitarum
3465 3279 3552 3320 rc-

1969 3369 2146 3438 gimcn
2191 3367 2308 3436 ejus
2337 3367 2604 3437 spirituali
2648 3365 2928 3420 directioni
2960 3347 3190 3418 sollicite
3229 3361 3542 3432 invigilasse

1969 3461 2304 3525 Damianum,
2357 3469 2570 3514 constat
2609 3475 2676 3514 ex
2706 3467 2836 3513 tom.
2863 3457 2883 3510 ι
2912 3454 3152 3522 ejusdem
3196 3455 3252 3508 S.
3303 3453 3542 3508 doctoris

1967 3552 2058 3605 lib.
2093 3567 2170 3614 vr,
2199 3567 2286 3620 ep.
2316 3551 2404 3615 '52,
2447 3551 2534 3604 ubi
2556 3549 2800 3619 exempla
2841 3548 3114 3602 relaturus
3136 3561 3200 3602 ex
3233 3545 3320 3606 iis,
3348 3559 3468 3612 qua:
3491 3543 3566 3595 in»

1967 3642 2110 3696 dicto
2165 3641 2494 3696 inouasterio
2534 3641 2905 3711 contigerant,
2947 3638 3234 3692 doinestica
3291 3635 3377 3690 illa
3427 3649 3548 3688 esse

1969 3745 2138 3800 notat,
2171 3743 2332 3803 atque
2358 3749 2388 3787 a
2411 3736 2680 3802 pra’ceptis
2709 3733 2838 3786 inibi
2862 3732 3186 3786 auctoritate
3215 3745 3315 3782 sua
3347 3728 3550 3782 consli-

1969 3826 2116 3887 tutis,
2151 3833 2206 3878 et
2239 3824 2619 3878 nonnullorum
2659 3821 2985 3894 pervicacia,
3023 3820 3286 3874 divinitus
3329 3819 3542 3872 demum

1966 3915 2174 3983 punita,
2223 3913 2486 3983 neglectis
2547 3912 2906 3981 dcpendenria
2957 3909 3308 3975 narratyait
3353 3907 3545 3963 enim:

1971 4024 1988 4056 ι
2027 4004 2096 4060 Ut
2123 4013 2304 4060 autem
2335 4020 2364 4058 e
2397 4004 2710 4060 domesticis
2744 4017 2958 4072 quoque
2997 4003 3336 4072 praebeamus
3363 4013 3547 4054 exem~

1965 4098 2132 4168 plum,
2169 4097 2222 4152 in
2251 4097 2582 4151 monasterio
2611 4097 2670 4150 Β.
2709 4094 2998 4156 Vincentii,
3031 4093 3174 4164 quod
3221 4108 3328 4148 non
3361 4091 3549 4162 procul

1965 4207 1996 4246 a
2023 4201 2223 4254 monte,
2255 4189 2346 4258 qui
2377 4189 2577 4244 dicitur
2613 4187 2770 4242 Petra
2804 4196 3044 4256 pertuso,
3075 4185 3318 4240 cernitur
3343 4183 3550 4238 consti-

1967 4291 2162 4350 tutum,
2213 4281 2316 4336 hoc
2366 4290 2623 4349 tanquam
2661 4277 2910 4348 regulare
2940 4277 3400 4332 constitueranms
3436 4273 3549 4328 edi-

1965 4355 2117 4429 .Cltllll
2147 4391 2160 4428 :
2195 4382 2252 4426 ut
2301 4361 2400 4428 sub
2437 4372 2668 4426 districti
2699 4385 2931 4426 censura
2973 4369 3169 4439 rigoris
3199 4358 3548 4436 quadragesi-

1973 4463 2114 4518 male
2139 4463 2510 4518 celebraretur
2537 4462 2748 4515 initium
2777 4479 2790 4513 :
2817 4461 3070 4516 nimirum
3099 4468 3158 4513 ut
3187 4474 3282 4528 per
3309 4457 3544 4512 triduum

1963 4555 2180 4610 nonnisi
2224 4555 2494 4610 modicum
2551 4553 2703 4622 panis
2753 4569 2879 4608 cum
2925 4568 3064 4624 aqua
3115 4567 3305 4606 omnes
3347 4549 3542 4604 fratres

1963 4649 2335 4710 comederent;
2391 4647 2533 4700 nulla
2585 4646 2688 4700 nisi
2744 4644 3074 4708 lectionum,
3129 4643 3244 4698 sive
3293 4642 3542 4694 ordinum

1965 4737 2124 4792 verba
2152 4737 2492 4807 proferrent;
2541 4737 2701 4791 nudis
2741 4737 2970 4803 pedibus
2999 4734 3274 4805 lugubres,
3321 4746 3384 4785 ac
3415 4745 3548 4786 mce—

1964 4841 2144 4884 rentes
2193 4829 2539 4895 incederent;
2588 4827 2804 4896 expleto
2863 4825 3132 4884 contemni
3185 4821 3551 4878 modulatione

1961 4919 2245 4982 Psalterio,
2287 4929 2470 4974 nmtua
2523 4933 2580 4972 se
2627 4932 2922 4986 scoparum
2963 4915 3320 4984 castigatione
3359 4926 3553 4980 purga-

1960 5017 2102 5066 rent.
2143 5009 2295 5076 Quod
2341 5025 2465 5064 cnm
2513 5007 2711 5062 fratres
2751 5019 2904 5076 voto,
2931 5018 2988 5062 et
3037 5005 3240 5069 animo,
3287 5017 3356 5058 ac
3393 4999 3557 5070 spiri—

1963 5101 2092 5156 tuali
2136 5099 2481 5171 jucunditate
2537 5114 2640 5152 non
2689 5105 2935 5169 segniter
2990 5107 3214 5169 agerent
3261 5114 3274 5149 :
3313 5104 3371 5148 et
3416 5091 3554 5146 ultra

1959 5193 2122 5242 etiam
2164 5189 2304 5242 utiod
2347 5193 2630 5242 nrmlixum
2673 5199 2816 5242 erat-
2869 5193 3006 5242 satis
3045 5199 3318 5242 sunernue
3349 5180 3557 5242 necuiio
