3982 5350
470 311 541 363 εςτς
1384 321 1440 377 S.
1468 321 1738 379 PETRUS
1782 323 2133 380 DAMIAXUS
2174 325 2229 378 S.
2277 325 2339 378 li.
2372 325 2432 379 Ε.
2475 325 2902 383 CARDiNALiS.

3620 296 3725 375 se

466 429 598 498 pri:e
642 428 933 500 voluptatis
985 433 1375 503 impatientiam
1419 438 1691 505 frangunt.
1728 459 1745 490 ι
1774 439 1927 495 Unde
1968 441 2033 494 li-
2064 447 2110 501 Α
2139 439 2285 493 bium
2325 456 2507 497 amore
2530 442 2612 496 vir
2641 452 2860 496 sanctus
2888 440 3127 505 ardebat,
3172 449 3227 494 ut
3257 437 3388 494 illud
3419 453 3530 509 pra:
3559 445 3715 493 ca'teo

464 532 611 593 quet,
642 540 801 592 quam
838 540 1023 580 severe
1049 526 1191 580 Petri
1229 528 1472 582 Damiani
1503 539 1701 583 statuta
1746 532 1798 584 in
1847 533 1949 587 hoc
1978 532 2035 587 S.

467 614 733 669 Vineentii
787 616 1035 669 emnobio
1066 616 1454 681 custodienda,
1506 629 1558 674 et
1606 634 1767 688 quam
1815 638 1918 677 non
1965 633 2040 679 te-

464 722 632 767 tuere,
664 720 716 760 et
741 708 958 776 impune
986 709 1233 763 violanda
1267 726 1408 776 esse,
1442 712 1586 769 Deus
1629 715 1762 784 ipse,
1813 716 2036 771 terribili

465 815 594 866 erga
627 799 770 852 hunc
801 801 1123 855 monaelnun
1153 802 1375 864 ultione.
1416 808 1820 861 monstraverit.

534 890 661 943 Vlll.
702 890 807 944 Sed
836 899 890 945 et
930 891 1202 961 integmm
1236 894 1364 947 illud
1404 896 1545 949 idem
1589 899 1919 956 emnohium.
1967 899 2036 952 ob

462 980 848 1045 intermissam,
874 996 1035 1050 quam
1075 984 1372 1040 Damianns
1405 987 1708 1053 induxerat,
1736 989 2033 1059 quotidiani

458 1070 520 1123 Β.
550 1068 733 1124 Marim
766 1071 1000 1140 Virginis
1023 1072 1182 1128 ofﬁcii
1223 1077 1685 1141 consuetudinem,
1718 1080 2032 1149 gravissima

457 1162 598 1217 Deus
622 1163 1088 1218 animadversione
1112 1166 1392 1236 corripuit,
1423 1169 1563 1222 unde
1596 1170 1782 1223 eodem
1810 1169 1928 1225 loco
1954 1172 2034 1225 sic

456 1250 803 1319 prosequitur
845 1252 901 1305 S.
937 1252 1166 1308 doctor:
1205 1274 1223 1307 ι
1256 1255 1434 1310 Dicam
1478 1268 1533 1312 et
1581 1258 1744 1323 aliud,
1778 1261 1918 1329 quod
1977 1262 2031 1315 in

455 1340 682 1408 praefato
710 1342 933 1412 contigit
984 1346 1328 1399 monasterio.
1376 1346 1648 1401 Statutum
1687 1359 1822 1413 erat,
1871 1359 2031 1420 atque

452 1430 564 1500 jam
595 1446 691 1500 per
727 1433 1020 1488 triennium
1050 1434 1162 1489 fere
1204 1446 1500 1502 servatum,
1531 1446 1588 1492 ut
1616 1454 1735 1493 cum
1767 1437 1915 1495 horis
1943 1457 2032 1495 ca-

454 1518 673 1573 nonicis
710 1517 769 1571 B.
814 1518 994 1573 Maria:
1040 1536 1252 1590 semper
1301 1520 1533 1593 Virginis
1580 1524 1751 1579 ofﬁcia
1786 1527 2031 1582 diceren—

464 1616 574 1662 tur.
616 1608 746 1663 Erat
780 1620 959 1664 autem
994 1611 1135 1665 inter
1166 1628 1258 1666 eos
1299 1612 1461 1673 Gozo,
1495 1614 1680 1669 habitu
1711 1618 2027 1682 monachus,

462 1702 705 1768 reprobat
733 1701 949 1769 quidem
982 1702 1125 1767 vitai,
1179 1702 1273 1757 sed
1316 1704 1516 1758 dicacis
1552 1715 1607 1759 et
1645 1717 1912 1763 accurata:
1955 1709 2030 1762 fac

2141 533 2216 588 ris
2243 534 2517 589 Bonifaeio
2545 536 2666 590 duci
2699 536 2911 590 enixius
2939 535 3425 590 commendandum
3464 548 3720 603 suscepe-

2139 623 2229 682 rit.
2264 633 2320 677 ut
2362 634 2572 679 constat
2606 640 2669 680 ex
2703 626 2795 679 lib.
2841 641 2936 687 vn,
2967 641 3053 695 ep.
3105 626 3191 687 t5,
3240 625 3328 679 ubi
3362 627 3478 681 haec
3511 626 3717 680 habet:

2144 730 2163 763 ι
2200 713 2277 767 De
2323 714 2652 769 monasterio
2698 725 2876 768 autem
2924 714 2981 769 S.
3022 713 3290 769 Vincentii
3331 715 3720 769 excellentiam

2136 813 2370 858 vestram
2398 820 2508 874 pra:
2535 805 2801 869 omnibus,
2838 815 2892 858 et
2920 819 3081 874 super
3104 807 3284 858 omnia
3313 809 3466 873 rogo,
3489 814 3549 859 ut
3580 805 3716 859 illud

2137 894 2443 961 specialiter
2464 893 2675 963 diligas.
2706 892 2932 956 l‘razdia,
2965 909 3083 962 qum
3111 894 3180 948 ab
3206 895 3542 949 invasoribus
3573 895 3717 949 deti-

2140 993 2353 1047 nentur,
2383 984 2536 1053 legali
2572 985 2671 1039 sibi
2696 982 2817 1051 jure
2846 966 3121 1047 restituas,
3160 994 3214 1040 el.
3256 1002 3286 1041 a
3320 988 3534 1042 cunctis
3562 1002 3719 1042 mor-

2138 1072 2333 1127 tatibus
2360 1074 2711 1142 protectionis
2741 1082 2844 1128 tuae
2880 1083 3034 1128 scuto
3060 1074 3317 1129 defendas
3344 1065 3359 1127 Ξ
3392 1075 3446 1128 in
3479 1076 3584 1131 hoc
3613 1076 3719 1146 igi-

2137 1173 2224 1218 tur
2266 1164 2591 1218 monasterio
2630 1165 2910 1218 evidenter
2947 1172 3219 1234 appareat,
3256 1165 3299 1219 si
3331 1164 3475 1234 apud
3516 1174 3719 1220 vestra:

2134 1254 2467 1309 celsitudinis
2495 1269 2652 1307 aures
2695 1254 2867 1322 majus
2896 1254 3096 1322 aliquid
3130 1254 3424 1323 impetrare
3457 1269 3575 1307 mea
3609 1254 3718 1308 hoc

2134 1349 2334 1404 utilitas
2368 1348 2562 1402 valeat.
2596 1367 2613 1398 ι
2649 1347 2931 1417 Nunquam
2958 1347 3202 1415 profecto
3224 1362 3412 1416 parem
3446 1345 3718 1401 sollicitu-

2132 1438 2313 1492 dinem
2358 1439 2424 1491 de
2467 1439 2579 1507 ipsa
2623 1453 2733 1492 sum
2773 1438 3123 1507 professionis
3170 1439 3320 1502 sede,
3358 1436 3716 1492 Avellanensi

2138 1528 2393 1581 nimirum
2424 1543 2626 1591 eremo,
2660 1543 2933 1598 nunquam
2977 1529 3043 1583 de
3074 1528 3179 1582 ullo
3205 1542 3273 1582 ex
3318 1535 3394 1581 tot
3427 1536 3713 1581 monaste-

2132 1618 2253 1681 riis,
2318 1618 2386 1671 ab
2443 1619 2559 1687 ipso
2603 1619 2882 1688 speciatim
2933 1620 3164 1681 erectis,
3228 1617 3459 1672 similem
3524 1632 3716 1672 curam

2131 1710 2389 1774 ostendit,
2446 1725 2509 1764 ac
2554 1710 2619 1764 de
2667 1712 2992 1779 przelaudato
3026 1711 3083 1765 S.
3120 1710 3386 1765 Vincentii
3438 1710 3713 1772 eoenobio,

448 1790 691 1844 'euudite.
718 1790 816 1846 llic
838 1792 1000 1861 cmpit
1025 1792 1305 1861 conqueri,
1338 1795 1468 1848 satis
1491 1810 1757 1865 superque
1785 1797 2029 1852 sufﬁcere
2062 1792 2102 1848 li
2133 1799 2273 1868 quod
2314 1798 2645 1853 Romualdus
2670 1800 2944 1869 praeclaris
2985 1802 3096 1856 suis
3128 1801 3411 1864 institutis,
3457 1815 3718 1854 suorum-

460 1883 603 1951 quod
646 1892 869 1937 sanctus
898 1884 1139 1953 prtecipit
1180 1884 1521 1948 Benedictus.
1554 1903 1652 1942 nec
1687 1904 1837 1944 novae
1873 1891 2028 1945 adino

455 1973 723 2026 ventionis
769 1974 978 2042 pondus
1018 1976 1212 2028 debere
1257 1978 1569 2047 superponi,
1623 1994 1724 2032 nec
1769 1995 1866 2033 nos
1911 1995 2030 2036 esse

460 2063 696 2131 antiquis
722 2062 973 2119 Patrihus
1002 2065 1300 2121 sanctiores
1332 2083 1348 2121 :
1381 2068 1470 2137 qui
1500 2068 1747 2123 videlicet
1782 2070 1896 2123 haec
1935 2085 2027 2125 su-

462 2155 768 2222 perstitiosa
836 2144 900 2209 ac
947 2171 1345 2225 supervacanea
1385 2159 1719 2229 jndieantes,
1767 2161 2027 2229 psallendi

457 2246 614 2299 nobis
641 2257 860 2310 metam,
910 2262 1230 2316 omnemque
1259 2250 1467 2305 vivendi
1516 2251 1752 2321 regulam
1787 2253 2027 2323 practise-

454 2345 582 2390 runt
616 2353 627 2388 :
664 2336 765 2391 hac
809 2352 938 2391 sane
976 2337 1173 2393 debere
1218 2355 1317 2395 nos
1354 2355 1475 2395 esse
1514 2351 1814 2409 contentos,
1848 2360 1915 2399 ne
1959 2346 2027 2400 ab

453 2425 542 2480 iila
590 2425 860 2479 incautius
907 2427 1274 2492 declinantes,
1320 2447 1419 2501 per
1466 2434 1742 2488 anfractus
1783 2444 1838 2489 et
1881 2436 2025 2491 invia

448 2515 714 2572 ducamur
760 2519 995 2574 erronei.
1053 2520 1192 2588 Quid
1251 2521 1444 2591 plura?
1503 2523 1703 2579 Contra
1764 2524 2022 2596 Reginam

450 2611 635 2665 mundi
667 2612 897 2680 prmliari
946 2613 1095 2667 visus
1140 2622 1255 2679 est,
1297 2623 1352 2668 et
1383 2614 1618 2670 confecit
1650 2634 1662 2670 :
1697 2619 1764 2670 ad
1798 2618 1901 2673 hoc
1943 2619 2025 2672 ni-

452 2701 649 2755 mirum
675 2702 871 2757 fratres
902 2713 1115 2759 versuta
1156 2706 1555 2763 machinatione
1577 2707 1817 2777 pellexit,
1852 2719 1911 2763 ut
1938 2725 2023 2765 so-

451 2789 577 2844 litas
604 2790 773 2846 beata:
802 2792 983 2848 Maria:
1006 2793 1190 2849 laudes
1224 2794 1449 2850 ulterius
1478 2812 1585 2851 non
1613 2796 1889 2853 offerrent.
1915 2799 2022 2855 Sed

450 2879 523 2934 ob
546 2881 784 2937 divinum
809 2883 1069 2951 judicium
1099 2901 1126 2939 a
1156 2894 1350 2939 nostra:
1373 2888 1656 2956 pravitatis
1689 2890 1883 2943 intuitu
1915 2906 2020 2946 non

450 2970 776 3026 dormitans!
815 2972 930 3026 Mox
963 2974 1105 3027 enim
1135 2975 1391 3029 adversus
1431 2975 1711 3045 prtcfatum
1743 2987 2017 3034 monaste-

447 3060 587 3115 rium
614 3070 695 3115 tot
717 3063 1098 3117 adversitatum
1129 3064 1436 3134 grandines,
1478 3073 1555 3120 tot
1580 3068 1817 3138 undique
1850 3068 2016 3123 bello-

2132 1910 2236 1965 que
2262 1895 2647 1963 discipulorum
2679 1896 2919 1965 reliquiis
2948 1904 3383 1950 consecraverat.

2198 1984 2265 2039 X.
2304 1985 2543 2053 Denique
2589 1984 2899 2054 longissimo
2924 1994 3183 2054 tempore.
3230 2000 3294 2038 ac
3318 1983 3521 2038 diutius
3561 1981 3706 2037 forte

2127 2088 2290 2143 quam
2344 2074 2493 2139 alibi,
2538 2074 2590 2129 in
2637 2074 2893 2143 prtcdicto
2939 2074 3270 2128 monasterio
3319 2080 3707 2127 conversatnm

2128 2163 2296 2218 fuisse
2324 2164 2666 2230 Damianum,
2703 2163 2883 2233 colligi
2914 2178 3073 2233 posse
3106 2164 3316 2217 videtur
3351 2176 3417 2216 ex
3449 2177 3579 2216 casu
3609 2162 3713 2218 Ar-

2128 2255 2298 2320 duini,
2334 2270 2492 2325 quem
2519 2256 2703 2309 decem
2731 2269 2996 2309 annorum
3026 2254 3200 2324 spatio
3227 2253 3507 2322 promissa:
3528 2253 3712 2325 eidem

2127 2345 2389 2401 Damiano
2412 2346 2782 2401 conversionis
2808 2355 2987 2400 votmn
3030 2344 3385 2407 ditl‘erentcm.
3417 2344 3711 2413 sanctique

2124 2438 2229 2491 viri
2273 2436 2519 2491 assiduas
2547 2436 2830 2491 instantias
2854 2435 3179 2500 eludentem,
3198 2434 3346 2504 justo
3376 2433 3469 2488 Dei
3495 2432 3710 2502 judicio

2124 2525 2368 2594 punitum
2400 2532 2586 2578 narrat
2615 2523 2707 2577 lib.
2749 2539 2802 2587 ν,
2836 2523 2995 2593 epist.
3030 2522 3092 2576 16
3134 2540 3147 2574 :
3190 2540 3208 2573 ι
3248 2521 3455 2584 Dicam,
3502 2522 3704 2592 inquit,

2123 2616 2265 2686 quod
2294 2630 2454 2685 super
2474 2631 2579 2669 non
2601 2614 2842 2670 dissimili
2876 2629 2934 2667 re
2954 2627 3123 2680 nuper
3141 2612 3282 2681 apud
3308 2627 3409 2666 nos
3429 2611 3700 2666 accidisse

2123 2706 2486 2775 cognoscitur.
2529 2706 2622 2758 Vir
2650 2704 2865 2773 quidam
2894 2703 3164 2757 Arduinus
3206 2702 3445 2768 nomine,
3475 2702 3705 2756 famosa:

2121 2794 2419 2865 prudentia:
2462 2808 2656 2861 genere
2709 2792 2910 2855 clarus,
2950 2790 3151 2845 divitiis
3196 2789 3504 2859 Opnlentus-,
3551 2799 3707 2843 certa

2122 2886 2253 2940 mihi
2291 2884 2576 2940 devotione
2604 2880 2978 2952 spoponderat,
3003 2880 3145 2950 quod
3179 2879 3226 2935 si
3272 2888 3400 2933 ante
3430 2893 3536 2933 non
3575 2894 3706 2947 pos—

2121 2985 2223 3039 set,
2268 2973 2455 3028 saltem
2498 2972 2711 3042 espleto
2756 2970 3039 3033 decennio,
3086 2969 3154 3023 ad
3203 2968 3593 3023 monasterium
3635 2967 3705 3022 B.

2122 3065 2413 3126 Vincentii,
2443 3065 2584 3133 quod
2614 3062 2862 3117 videlicet
2882 3062 2933 3115 in
2963 3060 3208 3115 Urbinati
3235 3060 3592 3116 constitutum
3616 3068 3705 3113 est

449 3164 568 3202 rum
618 3159 779 3218 atque
828 3151 1170 3205 conflictuum
1226 3162 1431 3207 exorta:
1479 3163 1603 3209 sunt
1642 3137 2015 3225 tempestates,
2046 3137 2089 3197 (ἶ
2123 3156 2429 3219 territorio,
2476 3154 2848 3208 monachicum
2916 3160 3265 3221 suscepturus
3317 3149 3563 3204 habitum
3607 3149 3704 3202 dc-

450 3247 510 3292 ιιι
537 3238 666 3308 ipsis
693 3239 933 3307 quotidie
968 3241 1245 3294 monachis
1279 3242 1517 3297 minaces
1538 3243 1695 3314 gladii
1729 3246 1875 3300 necis
1900 3247 2017 3300 exi-

451 3339 564 3383 tum
614 3330 965 3387 intentarent.
1007 3333 1169 3387 Fiunt
1204 3334 1442 3402 undique
1470 3335 1897 3406 deprtedationcs
1939 3349 2017 3393 at-

449 3439 555 3493 que
594 3426 831 3496 rapiam;
878 3425 1279 3497 conﬂagrantur
1331 3444 1452 3482 cum
1517 3431 1788 3500 segetilms
1840 3447 2014 3492 arcte;

450 3516 760 3578 familiares,
791 3532 854 3571 ac
895 3518 1036 3574 servi
1072 3519 1244 3573 sancti
1282 3519 1382 3574 loci
1423 3521 1717 3575 crudeliter
1745 3523 2020 3578 trucidan-

451 3617 538 3661 tur
566 3626 579 3662 :
613 3618 669 3663 et
692 3625 798 3664 non
821 3609 931 3680 jam
957 3610 1133 3680 imago
1179 3612 1389 3677 mortis,
1416 3613 1509 3667 sed
1553 3630 1699 3668 mors
1728 3615 1842 3683 ipsa
1874 3631 2018 3685 gras-

444 3707 632 3763 satur;
681 3700 815 3754 adeo
847 3711 906 3754 ut
936 3701 1155 3757 taederet
1173 3701 1288 3771 jam
1333 3706 1627 3761 monachos
1648 3706 1856 3770 vivere,
1890 3711 2017 3760 dum

445 3805 779 3862 nequaquam
813 3803 1032 3863 possent
1060 3794 1113 3849 in
1144 3796 1423 3865 procinctu
1450 3798 1761 3852 certaminis
1785 3799 2017 3853 amicum

444 3880 611 3949 quieti
639 3898 750 3937 sua:
781 3882 1132 3952 professionis
1158 3883 1391 3940 ofﬁcium
1431 3886 1720 3942 custodire.
1756 3886 1871 3942 Non
1900 3903 2019 3956 par-

444 3975 529 4027 vis
558 3976 810 4044 expensis
832 3976 897 4029 ad
934 3975 1234 4031 'l‘eutonum
1278 3986 1457 4047 partes
1487 3978 1781 4049 imperator
1807 3979 2016 4048 expeti-

444 4076 555 4130 tur,
591 4067 936 4135 pragmatica:
981 4070 1292 4124 sanctiones
1332 4085 1456 4124 cum
1505 4072 1697 4141 sigillis
1727 4072 2019 4142 imperiali-

443 4159 546 4210 bus
584 4157 955 4227 advehuntur;
1003 4162 1097 4215 sed
1140 4163 1479 4216 tantumdem
1519 4172 1634 4226 est;
1674 4164 1727 4218 in
1763 4166 2017 4220 omnibus

445 4248 642 4317 quippe
670 4249 868 4304 studiis
888 4264 995 4305 non
1028 4250 1260 4315 fructus,
1282 4252 1372 4305 sed
1401 4252 1554 4306 labor
1583 4268 1969 4323 supervacuus.
1994 4273 2012 4303 ι

445 4337 582 4391 Tum
623 4339 823 4403 subdit,
880 4347 939 4392 ut
978 4339 1092 4395 suis
1137 4341 1436 4409 pra‘scrtim
1480 4343 1721 4406 moaitis,
1769 4344 2018 4397 monachi

444 4430 682 4484 divinam
731 4431 991 4486 ultionem
1036 4440 1424 4499 agnoscentes,
1476 4433 1687 4501 culpam
1746 4433 2020 4488 humiliter

442 4522 803 4591 expiaverint,
854 4522 1042 4591 sicque
1092 4521 1324 4591 procella
1368 4523 1546 4576 omnis
1588 4524 1771 4578 sedata
1815 4522 2012 4577 fuerit:

452 4629 471 4661 ι
512 4609 773 4676 Tandem,
817 4610 1010 4680 inquit,
1050 4611 1115 4664 ad
1162 4626 1257 4665 cor
1307 4610 1550 4675 redeunt,
1592 4612 1900 4679 pavimento
1958 4624 2017 4664 se

445 4700 724 4755 humiliter
778 4708 1048 4763 sternunt,
1099 4717 1163 4755 ac
1206 4708 1454 4770 percepta
1501 4701 1838 4767 pmnileulia,
1887 4716 2016 4753 nun-

442 4809 605 4865 quam
656 4810 715 4849 se
741 4794 808 4849 de
836 4804 1032 4849 ctctero
1061 4793 1399 4864 neglecturus
1426 4794 1580 4847 solita
1608 4793 1897 4848 Ccnitricis
1922 4791 2013 4845 Dei

441 4888 712 4955 prtcconia
743 4888 1069 4942 unanimiter
1092 4885 1431 4956 pollicentur.
1459 4885 1577 4941 Mox
1609 4887 1809 4953 itaque,
1842 4892 1898 4937 ut
1930 4883 2012 4937 fa-

446 4988 583 5041 tear,
623 4979 694 5030 ita
735 4987 857 5048 post
888 4994 1161 5042 coruscos,
1216 4989 1376 5047 atque
1423 4979 1659 5032 tonitrua
1701 4986 1846 5031 tanta
1890 4976 2013 5031 ρωιὶ

445 5067 709 5100 cornnilnc
744 5068 897 5100 νοιΙῖἷΙ
960 5080 1017 5100 nl
1060 5076 1255 5100 nvlnnn
1302 5083 1471 5100 non-on
1514 5062 1673 5100 Ιιλιιῖη
1707 5066 1898 5100 ru-nlrnc
1932 5066 1984 5100 ἷη

2120 3250 2365 3305 clinaret.
2398 3248 2633 3303 Tandem
2660 3248 2887 3302 termino
2907 3246 3170 3300 condicta:
3191 3244 3458 3316 pactionis
3477 3254 3703 3305 exacto.

2120 3356 2243 3396 cum
2269 3355 2369 3411 ego
2399 3338 2526 3394 huic
2546 3338 2796 3392 assiduus
2824 3345 3048 3392 exactor
3084 3336 3417 3399 insisterem,
3442 3335 3531 3390 ille
3570 3334 3705 3389 inde

2119 3429 2378 3494 cedemlo,
2433 3427 2755 3481 hlamlicmlo
2799 3427 2978 3481 verbis
3021 3426 3238 3494 quidem
3282 3427 3479 3480 bonum
3529 3440 3705 3483 .omne

2118 3517 2493 3586 promitteret,
2555 3516 2720 3584 ipsius
2774 3524 2956 3569 autem
3021 3514 3387 3569 conversionis
3443 3512 3699 3568 eﬂ'ectum

2120 3609 2442 3676 quihusdam
2512 3608 3044 3675 tergiversationibus
3109 3606 3442 3677 protelaret;
3513 3618 3701 3662 rector

2119 3716 2333 3771 quoque
2367 3698 2480 3767 jam
2523 3699 2647 3752 dicti
2699 3699 3007 3752 monasterii
3053 3698 3197 3753 illius
3252 3697 3470 3753 favebat
3514 3699 3694 3763 votis,

2119 3793 2566 3860 dissuadebatqne
2599 3790 2860 3852 converti,
2889 3790 3042 3858 cujus
3068 3791 3320 3844 nimirum
3344 3803 3702 3860 pernecessa-

2119 3884 2216 3939 riis
2235 3882 2636 3938 sustentabatur
2661 3880 2893 3934 auxiliis.
2923 3880 3130 3934 Interea
3160 3880 3419 3951 languore
3445 3882 3702 3951 corporis

2121 3976 2360 4030 irruente
2389 3972 2660 4038 decubuit,
2700 3992 2716 4023 ι
2748 3980 2851 4026 etc.
2883 3971 2986 4027 Sed
3014 3974 3079 4027 dc
3110 3974 3444 4028 monasterio
3474 3973 3532 4028 S.
3567 3973 3701 4028 Vin-

2117 4064 2282 4120 centii
2300 4062 2413 4132 jam
2444 4063 2595 4118 satis.

2186 4157 2272 4211 XI.
2311 4156 2390 4210 Ad
2427 4154 2487 4209 S.
2527 4153 2824 4208 Salvatoris
2877 4152 2943 4207 de
2982 4161 3163 4206 monte
3209 4153 3383 4213 Ae::to
3437 4152 3695 4207 Perusini

2121 4246 2380 4302 territorii
2437 4244 2740 4300 emnohium
2786 4252 3155 4303 transeamus,
3195 4242 3336 4309 quod
3388 4238 3702 4296 Ludovicus

2117 4336 2408 4393 Jacobillns
2443 4334 2509 4388 de
2553 4331 2651 4389 SS.
2695 4330 2929 4387 Umbria:
2975 4338 3106 4384 tom.
3133 4328 3175 4383 ιι
3217 4328 3413 4384 asserit
3451 4345 3484 4386 a
3522 4328 3587 4386 S.
3627 4329 3697 4388 P.

2124 4428 2416 4483 Romuallo
2437 4425 2787 4486 ardilicatmn;
2820 4420 2916 4474 ctsi
2947 4436 3073 4475 vero
3098 4421 3436 4490 postmodum
3468 4431 3605 4473 tom.
3632 4420 3699 4474 Ill

2121 4520 2248 4576 illud
2291 4520 2429 4572 idem
2463 4517 2561 4569 sub
2596 4514 2788 4567 ordine
2831 4510 3173 4565 Cisterciensi
3217 4526 3360 4565 anno
3388 4509 3536 4565 1008.
3566 4524 3699 4564 eon-

2118 4618 2382 4666 structum
2414 4606 2650 4662 scribat:
2679 4611 2826 4671 patet
2858 4601 3228 4671 impressionis
3268 4615 3458 4656 errore
3512 4602 3699 4654 conti-.

2118 4703 2279 4771 gisse,
2321 4710 2377 4753 ut
2415 4695 2743 4751 Cisterciensi
2788 4707 2883 4762 pro
2924 4691 3314 4745 Camaldulensi
3368 4691 3699 4759 subrogare~

2120 4801 2232 4856 tur;
2264 4791 2537 4843 enimvero
2563 4801 2628 4839 ne
2656 4784 2870 4851 quidem
2916 4791 3074 4836 natus
3099 4796 3241 4834 anno
3270 4782 3406 4835 1008
3436 4797 3557 4836 esse
3598 4798 3701 4849 po-

2120 4889 2253 4934 terat
2284 4877 2343 4931 S.
2380 4875 2640 4929 Bobertus
2679 4872 2844 4924 abbas
2872 4868 3311 4921 Cistcrciensium
3341 4868 3521 4931 Pater,
3555 4869 3697 4922 adeo

2125 4985 2228 5023 non
2261 4980 2386 5021 tunc
2415 4980 2512 5034 pro
2535 4959 2980 5017 Cistcrciensihus
3003 4959 3127 5011 illud
3159 4974 3320 5012 mona
3353 4961 3548 5013 terinm
3575 4960 3696 5012 fun-

2121 5061 2235 5098 duri
2279 5063 2514 5098 πωπω-ηιξ
2564 5053 2669 5098 imo
2712 5048 2837 5098 alibi
2888 5047 3151 5098 duntaxat
3189 5062 3328 5098 anno
3374 5048 3510 5098 1594
3563 5047 3694 5096 illud
