3982 5350
211 183 274 236 ἒὶῗ
1121 187 1658 247 PROLEGOMENA.
1691 221 1758 232 -—

1861 191 1876 246 Β
1915 191 2288 251 INSTITUTO
2324 195 2406 250 CA
2421 197 2721 255 MALDUL.
3389 205 3457 261 58

209 289 436 360 egregiis
475 291 844 348 sanctimonia:
885 293 1054 350 titulis
1097 295 1296 352 ﬂoruit.
1341 299 1526 368 Itaque
1569 302 1618 354 in
1669 303 1770 356 hoc
1799 307 1846 364 Α
1873 302 2072 358 Christi
2107 319 2234 360 vere
2279 307 2719 378 philosophorum
2766 315 3072 384 percepisse
3101 317 3394 374 doctorem.
3429 339 3446 373 ι

207 381 360 432 etiam
409 379 680 442 eoenobio,
729 384 872 450 quod
917 395 970 438 et
1015 387 1222 456 pridem
1281 387 1770 446 Camaldulensinm

201 472 332 540 juris
357 469 484 532 fuit,
508 480 563 525 et
593 489 734 527 nunc
763 476 924 528 etiam
951 476 1014 528 ad
1055 479 1364 532 corumdem
1389 483 1770 550 proprietatem

206 561 380 622 rediit,
409 563 626 628 ist-cpias
683 577 1042 620 conversatus
1093 579 1176 622 est
1225 567 1416 622 Petrus
1462 571 1768 634 Damianus,

203 659 258 701 ut
299 657 456 703 notat
479 649 776 708 Jacobillus
803 655 998 709 citatus
1027 675 1038 709 :
1065 658 1172 710 imo
1199 657 1438 724 ejusdem
1478 661 1644 716 abbas
1677 664 1772 716 ali-

203 740 410 806 quando
457 745 690 808 exstitit,
723 755 782 798 ut
828 761 890 800 ex
943 756 1072 800 tom.
1105 748 1377 818 lOpemm
1429 750 1484 804 S.
1538 755 1772 808 doctoris

203 826 288 880 lib.
323 845 400 890 vt,
425 845 510 900 ep.
559 833 630 886 50
659 835 950 904 colligitur,
983 839 1070 892 ubi
1103 841 1180 892 sic
1213 841 1286 892 ait
1315 856 1328 894 :
1363 860 1380 892 ι
1415 842 1468 894 1η
1509 842 1772 898 Perusino

199 921 562 984 monasterio,
601 923 786 980 Sancti
817 927 1064 983 videlicet
1107 930 1431 997 Salvatoris,
1477 935 1562 987 cui
1601 949 1772 1004 nuper

197 1023 242 1064 et
273 1013 380 1078 ipse.
401 1013 616 1080 prchui,
651 1019 866 1086 quidam
899 1025 1194 1078 monachus
1225 1026 1383 1094 paulo
1418 1038 1544 1082 ante
1573 1028 1768 1096 fuerat,

199 1104 400 1156 nomine
429 1105 684 1170 Guinizo,
729 1128 748 1160 ι
781 1119 886 1166 etc.

255 1193 356 1248 ΧΗ.
393 1195 623 1266 Insuper
652 1201 702 1253 in
731 1202 916 1256 eodem
941 1205 1204 1261 Perusino
1229 1209 1502 1264 territorio
1526 1212 1591 1265 ad
1619 1229 1770 1266 mon-

201 1295 294 1338 tem
319 1286 572 1357 Pregium
609 1291 872 1347 habitavit
917 1296 1206 1354 Damiauus
1247 1301 1299 1355 in
1325 1318 1508 1356 eremo
1541 1303 1600 1358 S.
1635 1305 1770 1361 Vin-

197 1377 366 1442 ceutii,
395 1393 562 1447 quam
615 1382 674 1435 S.
707 1383 769 1438 P.
804 1385 1212 1443 Romualdusin
1258 1395 1600 1461 possessione
1639 1397 1769 1450 ﬂai-

199 1469 318 1522 uerii
347 1472 686 1526 marchionis
713 1473 1048 1536 fundaverat.
1079 1491 1136 1534 ut
1159 1497 1224 1536 ex
1249 1497 1366 1551 cap.
1397 1485 1466 1538 '59
1493 1485 1610 1554 ejus
1635 1487 1770 1542 Viue

197 1559 242 1611 in
279 1559 376 1614 line
399 1603 414 1625 ,
446 1571 502 1617 et
529 1567 780 1632 sequenti
809 1567 878 1620 40
899 1571 1184 1638 colligitur,
1221 1576 1612 1646 confirmatque
1637 1579 1768 1634 (Zos-

199 1665 303 1702 utus
327 1651 390 1704 de
417 1651 600 1706 Arena
645 1657 696 1708 in
733 1656 882 1712 Scrie
907 1659 1108 1714 Ducum
1143 1663 1372 1718 Etruria:
1405 1679 1554 1733 parte
1583 1685 1618 1730 t,
1645 1685 1761 1736 pag.
1801 1699 1840 1756 Β

197 1738 302 1803 185,
333 1745 692 1814 eamdemque
729 1749 868 1802 inter
891 1752 1004 1805 loca
1027 1767 1055 1804 a
1085 1753 1142 1808 S.
1167 1755 1463 1810 Ptomualdo
1501 1759 1761 1814 ardifiCata

197 1842 421 1884 recenset
449 1833 754 1891 Jacobillus
783 1839 849 1894 de
875 1840 972 1894 SS.
1008 1842 1242 1898 Umbria:
1284 1855 1412 1899 tom.
1441 1848 1480 1900 ll
1504 1859 1662 1918 atque
1696 1851 1762 1904 ab

194 1923 360 1974 eadem
388 1921 554 1978 Petro
593 1927 876 1993 Damiano,
900 1932 1096 1984 nedum
1131 1933 1512 2002 inhabitatum,
1561 1940 1650 1992 sed
1695 1940 1762 1994 ad

195 2013 430 2080 majorem
481 2017 748 2072 cellarum
799 2022 1032 2090 copiam,
1063 2032 1118 2076 et
1169 2039 1450 2079 servorum
1504 2029 1594 2081 Dei
1649 2027 1758 2084 fre-

195 2105 448 2170 quentiam
477 2123 790 2178 promotam
841 2113 1016 2174 fuisse,
1047 2127 1233 2171 narrat
1281 2119 1332 2171 in
1366 2120 1608 2174 Damiani
1643 2121 1759 2175 Vita

195 2193 405 2252 Joannes
465 2203 792 2272 discipulus,
837 2221 955 2276 cap.
1003 2209 1062 2268 7,
1099 2209 1168 2262 ibi
1211 2227 1272 2262 ε(
1305 2209 1556 2265 Pervenit
1600 2213 1762 2282 igitur

195 2288 248 2338 ad
277 2301 506 2344 montem
553 2294 832 2365 Pregium,
857 2299 908 2352 in
946 2300 1216 2354 territorio
1247 2301 1528 2368 Perusino,
1579 2305 1762 2374 ibique

193 2377 276 2430 alia
301 2383 507 2448 (prmter
552 2402 616 2437 ea
658 2387 904 2442 nimirum
931 2407 1048 2459 qua!
1079 2392 1198 2460 jam
1234 2394 1526 2462 exstabant)
1560 2397 1759 2450 eremi-

195 2479 345 2524 tarum
395 2475 650 2530 fundavit
701 2479 1031 2546 habitacula,
1083 2485 1170 2538 nisi
1219 2486 1470 2542 videlicet
1513 2489 1757 2544 cellulam

193 2564 452 2628 quamdam
479 2567 716 2632 invenit,
751 2571 802 2624 in
831 2587 935 2642 qua
983 2573 1040 2626 Β.
1093 2575 1452 2632 Romualdnm
1485 2581 1756 2648 quondam

193 2657 430 2710 mansisse
459 2659 736 2714 ferebant.
777 2681 794 2713 ι

251 2745 366 2800 Xlll.
407 2749 574 2804 Addit
623 2766 785 2819 porro
830 2752 1144 2818 Jacobillus,
1193 2759 1510 2814 Damianum
1562 2763 1758 2820 exinde

190 2833 436 2892 Perusiam
483 2841 814 2910 profectum,
861 2855 916 2900 et
965 2847 1016 2900 in
1067 2849 1304 2918 hospitio
1335 2851 1753 2918 Camaldulensi,

189 2929 306 2992 quod
349 2931 484 2996 apud
527 2933 822 2988 ecclesiam
870 2935 926 2990 S.
978 2937 1210 2992 Matttuei
1263 2942 1313 2993 in
1352 2941 1554 3010 Campo
1587 2945 1752 3008 horti,

1875 391 2026 456 Quod
2057 404 2204 448 certe
2249 397 2362 450 fieri
2395 413 2496 452 non
2545 408 2776 466 poterat,
2807 403 2850 456 si
2885 404 3160 473 religione,
3192 415 3246 458 et
3293 407 3450 460 iusti-

1875 491 2025 548 tuto,
2071 484 2362 556 habituque
2411 503 2438 541 a
2487 489 2649 544 Petro
2695 491 2956 546 Damiano
2999 496 3308 550 Dominicus
3350 496 3456 550 Ro-

1875 574 2074 627 mualdi
2105 585 2430 632 sectatorum
2462 580 2708 636 alumnus
2735 584 3007 638 distasset.

1945 662 2080 720 XIV.
2121 666 2410 737 Postquam
2457 687 2588 726 vero
2625 674 2677 726 in
2731 677 2974 744 proxima
3019 693 3140 730 cum
3193 677 3456 734 Damiano

1872 755 2006 808 cella
2053 759 2360 812 Dominicus
2387 759 2670 817 Loricatus
2699 765 2798 819 sub
2843 767 2960 835 ejus
2985 767 3266 837 disciplina
3295 769 3454 840 dege-

1873 855 1956 900 rat
1985 865 1996 901 :
2031 849 2172 902 unde
2199 849 2291 904 lib.
2323 867 2396 916 vt,
2431 868 2515 920 ep.
2542 855 2629 918 50,
2663 857 2730 910 de
2761 858 2876 924 ipso
2904 859 2983 912 sic
3025 859 3100 912 ait
3128 878 3142 913 :
3179 877 3198 910 ι
3221 859 3326 914 Sed
3355 875 3458 914 cur

1871 951 1970 1006 ego
1997 949 2216 994 sanctos
2251 947 2726 1000 con‘tntcmorando
2774 949 2938 1012 viros,
2991 950 3204 1005 diversa
3255 952 3455 1020 passim

1871 1026 1986 1080 loca
2037 1030 2346 1097 perlustro?
2389 1037 2822 1105 quandoquidem
2865 1039 3007 1092 intra
3049 1040 3314 1102 limen,et
3345 1055 3455 1110 prae

1873 1118 2119 1172 manibus
2149 1127 2324 1184 teneo,
2373 1123 2440 1175 ad
2481 1123 2635 1191 cujus
2673 1126 2836 1196 digne
2883 1127 3152 1182 clicrenda
3185 1131 3454 1197 praeconia

1819 1279 1822 1282 .
1871 1207 2044 1276 impar
2072 1209 2277 1266 viribus
2305 1229 2406 1266 non
2435 1229 2656 1285 assurgo
2679 1233 2692 1282 ;
2719 1227 2866 1271 certe
2895 1219 3104 1273 cellulis
3133 1221 3456 1274 altrinsecus

1871 1300 2197 1360 constitutis,
2230 1303 2346 1356 solo
2373 1303 2618 1361 Basilii-te
2649 1311 2938 1364 meditantis
2982 1312 3293 1376 interstitio,
3331 1327 3454 1381 ego,

1871 1389 2064 1458 illeque
2091 1393 2403 1458 dividimur,
2450 1397 2602 1464 cujus
2645 1401 2688 1453 si
2739 1402 3028 1456 virtutibus
3071 1403 3456 1456 enumerandis

1870 1481 2104 1554 invigilo,
2133 1495 2260 1540 ante
2303 1487 2420 1541 dies
2465 1490 2714 1554 elabitur,
2756 1507 2915 1561 quam
2968 1493 3236 1548 scribendi
3291 1501 3456 1546 mate-

1870 1571 1948 1624 ria
2011 1573 2242 1629 deiicere
2304 1593 2460 1644 posse
2525 1579 2788 1634 videatur.
2877 1582 3208 1636 Dominicum
3287 1583 3452 1646 dico,

1871 1664 2144 1716 doctorem
2179 1665 2446 1730 videlicet,
2495 1679 2549 1722 et
2588 1670 2866 1723 dominum
2915 1687 3112 1726 meum.
3145 1691 3163 1723 ι
3209 1671 3454 1729 Postmo-

1867 1758 2014 1818 tlum,
2049 1756 2289 1824 inquam,
2319 1759 2466 1828 prior
2495 1761 2550 1814 8.
2585 1761 2766 1814 Maria:
2792 1763 2970 1816 Sitrite
3000 1763 3174 1817 factus
3200 1773 3304 1828 est,
3331 1781 3454 1833 qute

1867 1847 2148 1901 notissima
2195 1863 2410 1904 eremus
2441 1865 2468 1903 a
2511 1851 2568 1904 S.
2609 1851 2666 1905 P.
2701 1851 3000 1906 Romuahlu
3029 1863 3334 1908 constructa
3380 1869 3448 1909 ex

1863 1939 1980 2008 ejus
2009 1939 2126 1993 Vita
2153 1957 2271 2011 cap.
2301 1943 2390 2004 49,
2417 1945 2507 1996 ubi
2532 1945 2696 1997 etiam
2735 1964 2753 1994 ‹
2783 1961 2877 2014 per
2903 1955 3106 2014 septem
3135 1945 3246 2000 fere
3276 1963 3448 2001 annos

1867 2029 2104 2083 inclusus
2135 2033 2353 2096 mansit,
2385 2045 2440 2087 et
2491 2034 2762 2088 silentium
2797 2038 3112 2090 contimmm
3166 2038 3446 2092 inviolabi-

1863 2116 1988 2170 liter
2036 2121 2206 2174 tenuit
2235 2141 2254 2173 ι
2307 2122 2394 2190 (ex
2442 2126 2627 2178 eadem
2687 2125 2800 2179 Vita
2847 2143 2966 2197 cap.
3016 2129 3104 2196 5‘2)
3151 2145 3375 2197 quaeque
3420 2145 3446 2182 a

1863 2210 2224 2265 sanctissimis
2253 2211 2369 2278 ejus
2399 2215 2678 2284 discipulis
2715 2217 2910 2271 referta
2951 2218 3199 2272 laudatur
3245 2219 3312 2271 ab
3357 2235 3450 2274 co-

1863 2297 1982 2350 dem
2015 2298 2172 2353 Petro
2201 2301 2457 2356 Damiano
2485 2305 2682 2358 ibidem
2711 2322 2830 2376 cap.
2859 2307 2926 2360 64
2953 2321 2968 2360 :
2998 2325 3016 2357 ι
3041 2306 3243 2362 Taliter
3266 2317 3448 2362 autem

1861 2387 1916 2441 in
1951 2387 2116 2444 Sitria
2149 2392 2450 2459 vivebatur,
2481 2411 2544 2448 ac
2575 2397 2618 2449 si
2651 2411 2714 2449 ex
2753 2399 3106 2452 similitudine
3135 2414 3240 2452 non
3273 2398 3444 2452 sohnn

1863 2481 2118 2547 nominis,
2149 2484 2240 2537 sed
2271 2485 2434 2538 etiam
2464 2489 2668 2556 operis,
2700 2489 2868 2542 altera
2900 2487 3076 2543 denuo
3099 2487 3267 2542 Nitria
3301 2489 3446 2544 vide-

1863 2583 2032 2627 retur.
2113 2615 2125 2628 .
2204 2615 2220 2630 .
2301 2617 2316 2633 .
2392 2578 2436 2632 Ο
2493 2595 2718 2633 aureum
2801 2580 3084 2632 Romualdi
3148 2580 3440 2642 saeculum,

1859 2668 2002 2734 qrod
2053 2668 2154 2721 etsi
2209 2679 2472 2724 tormenta
2527 2683 2930 2742 persecutormu
2999 2687 3104 2725 non
3178 2681 3442 2738 noverat,

1859 2771 2157 2829 spontaneo
2207 2771 2384 2816 tamen
2430 2765 2690 2833 martyrio
2735 2781 2838 2816 non
2885 2764 3140 2818 carebat!
3192 2779 3439 2821 aureum.

1860 2851 2100 2918 inquam,
2133 2853 2406 2917 saeculum,
2439 2857 2578 2922 quod
2613 2857 2751 2908 inter
2789 2857 3048 2910 montium
3085 2871 3148 2910 ac
3177 2857 3434 2910 silvarum

1859 2938 2002 2994 feras
2047 2951 2116 2994 tot
2164 2943 2402 2996 etelestis
2430 2943 2730 2998 Jerusalem
2782 2947 2928 2999 cives
2975 2945 3171 2998 alebat.
3207 2965 3224 2997 ›
3275 2943 3444 3012 Hujus

191 3030 310 3070 nunc
345 3019 447 3072 PP.
493 3021 560 3074 S.
605 3022 882 3078 Francisci
917 3041 1192 3090 concesso,
1239 3031 1548 3098 aliquandiu
1597 3033 1752 3086 habi-
1782 3049 1824 3110 ρ
1857 3047 1987 3102 ergo
2019 3035 2352 3097 monasterii,
2387 3035 2500 3089 sive
2538 3036 2703 3089 eremi
2753 3036 2898 3104 prior
2929 3035 3103 3090 factus
3145 3043 3227 3089 est
3259 3035 3445 3088 Domi-

192 3114 336 3174 tassc;
365 3111 468 3166 imo
503 3123 566 3166 et
598 3113 734 3168 alias
765 3116 818 3168 in
847 3119 1176 3172 monasterio
1213 3119 1269 3172 8.
1301 3121 1582 3175 Gismundi
1613 3125 1754 3192 apud

191 3194 488 3256 liztrsianum
535 3204 594 3258 in
645 3216 828 3260 monte
869 3207 1037 3278 Regio
1075 3210 1280 3266 ordinis
1307 3211 1753 3278 Camaldulensis,

191 3291 266 3342 ubi
295 3293 346 3344 8.
373 3295 429 3347 Ρ.
461 3295 808 3352 ΒοιιιιιειΙιΙιιε
835 3300 1194 3366 habitaverat,
1223 3313 1598 3358 conversatum
1635 3320 1756 3360 esse

189 3385 362 3450 pariter
383 3388 610 3443 Petrum
643 3391 982 3458 Damianum,
1019 3411 1124 3448 non
1155 3412 1262 3450 uno
1297 3397 1350 3450 in
1381 3399 1498 3453 loco
1535 3399 1750 3454 fatetur.

193 3471 280 3527 Sed
311 3488 356 3531 et
392 3479 442 3532 in
473 3497 673 3535 ct'emo
714 3481 892 3538 Serra:
933 3485 1144 3540 Sancta:
1184 3503 1278 3540 seu
1321 3488 1498 3544 Serrae
1529 3490 1756 3545 Sancto--

191 3578 288 3618 runt
321 3572 456 3638 apud
501 3583 752 3627 montem
798 3574 1176 3643 Appenninum
1210 3578 1261 3630 in
1305 3581 1522 3648 regione
1562 3580 1752 3636 Tadiui

191 3653 408 3714 ditecesis
433 3661 724 3716 Nuceriam
753 3663 808 3717 8.
837 3665 1110 3720 doctorem
1137 3667 1356 3730 vixisse,
1386 3671 1598 3734 asserit,
1631 3687 1750 3726 cum

193 3742 456 3806 S.Joauue
511 3753 786 3808 Laudcnsi
835 3755 950 3822 ejus
991 3757 1276 3827 discipulo,
1323 3760 1410 3813 ubi
1443 3761 1646 3828 pridem
1692 3765 1746 3816 8.

189 3832 492 3898 Romuahlus
517 3853 572 3896 et
605 3843 664 3896 S.
686 3844 1032 3900 Facundiuus
1052 3849 1336 3917 episcopus
1355 3851 1748 3907 habitaverant.

188 3923 398 3998 Itemque
445 3936 530 3987 vel
586 3936 818 4003 ipsemet
859 3937 1052 3991 Petrus
1108 3940 1419 4007 Damianus,
1473 3943 1554 3996 vel
1603 3955 1752 3998 certe

189 4015 236 4069 S.
263 4019 568 4078 Dominicus
607 4025 893 4081 Loricatus
919 4026 1034 4094 eius
1053 4029 1364 4098 discipulus,
1397 4035 1592 4086 versati
1625 4043 1749 4088 sunt

187 4107 232 4161 in
257 4129 426 4170 eremo
469 4117 718 4182 Luceoli,
749 4135 907 4188 quam
941 4121 1000 4174 8.
1049 4122 1376 4178 Ιὶοιιιιιίιιάιιε
1412 4123 1556 4194 (post
1601 4127 1750 4180 urbis

189 4199 308 4256 illius
339 4211 723 4264 vetuslissinue
767 4214 1123 4268 vastationem
1173 4215 1242 4269 ab
1277 4215 1488 4272 Othone
1532 4217 1619 4282 Ill,
1649 4221 1749 4273 sub

187 4305 358 4351 annum
387 4299 514 4365 996,
559 4303 899 4372 imperatam,
927 4315 994 4361 eo
1040 4309 1182 4378 quod
1227 4319 1411 4378 partes
1443 4313 1744 4367 Crescentii

1857 3125 2013 3178 uicus
2061 3125 2362 3192 Loricatus,
2407 3133 2466 3179 ut
2499 3135 2710 3180 constat
2757 3141 2820 3180 ex
2875 3126 3027 3179 titulo
3063 3125 3302 3195 epistola:
3349 3125 3438 3186 5|,

1857 3213 1950 3267 lib.
1979 3229 2026 3267 vt
2059 3228 2074 3266 :
2110 3233 2127 3264 ‹
2149 3215 2228 3268 Ad
2265 3215 2601 3270 Dominicum
2629 3215 2936 3270 Loricatum
2963 3216 3198 3284 priorem
3235 3215 3292 3268 S.
3330 3213 3444 3268 Ma-

1857 3306 1950 3360 rize
1979 3305 2180 3366 Sitrite,
2219 3307 2439 3377 ejusque
2465 3310 2753 3373 eremitas;
2787 3330 2804 3360 ι
2844 3319 3006 3378 atque
3053 3318 3178 3362 tunc
3207 3309 3369 3362 etiam
3410 3323 3440 3360 a

1865 3397 2006 3451 Petri
2037 3399 2292 3455 .Damiaui
2331 3407 2486 3464 nutu,
2529 3407 2582 3454 et
2629 3400 2960 3470 magisterio,
2987 3414 3106 3454 cum
3165 3400 3293 3466 ipse.
3329 3405 3440 3448 tum

1855 3485 1970 3554 ejus
1996 3488 2194 3541 subditi
2219 3489 2545 3558 pendebant,
2573 3499 2630 3542 ut
2661 3505 2726 3543 ex
2757 3489 2994 3556 ejusdem
3027 3487 3264 3558 epistolae
3287 3485 3441 3538 initio

1855 3575 2143 3646 colligitur.
2192 3579 2278 3630 ubi
2327 3579 2406 3632 sic
2455 3579 2618 3632 habet
2666 3577 2960 3631 Damianus
3011 3594 3024 3629 :
3083 3595 3100 3626 ι
3131 3575 3440 3643 Scripsistis

1855 3669 2005 3731 mihi,
2039 3669 2394 3733 dilectissimi,
2441 3669 2566 3738 quia
2601 3679 2782 3722 tantus
2823 3683 3200 3737 perversorum
3233 3683 3296 3720 ac
3329 3667 3441 3719 vio-

1855 3757 2124 3812 lentorttm
2177 3759 2454 3811 hominum
2511 3775 2606 3813 vos
2657 3758 2793 3811 livor
2851 3757 3088 3819 infestat,
3140 3757 3282 3824 quod
3333 3755 3438 3810 nisi

1851 3849 2002 3902 vobis
2031 3865 2129 3916 ego
2160 3851 2349 3919 raptim
2395 3850 2754 3919 celeriterque
2795 3865 3150 3912 succurram,
3187 3863 3280 3902 vos
3319 3848 3438 3902 loco

1851 3941 2061 4004 ceditis,
2089 3940 2357 4009 aliumque
2379 3942 2557 4006 vobis,
2591 3943 2681 4011 qui
2717 3941 2917 4011 rapinis
2953 3941 3038 3995 his
3078 3950 3240 4008 atque
3273 3938 3438 3992 mole-

1851 4031 1968 4084 stiis
1999 4049 2101 4084 non
2134 4033 2204 4085 sit
2231 4033 2520 4096 obnoxius,
2549 4033 2918 4102 providebitis.
2953 4051 2970 4083 ι

1921 4123 2034 4178 XV.
2077 4125 2254 4190 Quare
2283 4135 2432 4193 patet
2478 4125 2822 4179 Sitriensium
2886 4139 3076 4179 curam
3105 4122 3170 4177 ad
3217 4121 3436 4176 Damia-

1849 4229 1976 4268 num
2007 4216 2193 4285 utique
2219 4215 2578 4284 pertinuisse;
2617 4217 2758 4270 unde
2787 4225 2970 4270 nmtua
2999 4215 3262 4286 probatur
3287 4215 3433 4268 loco-

1849 4321 1966 4360 rum
1995 4305 2300 4375 anualdi,
2330 4323 2393 4362 ac
2423 4309 2568 4363 Petri
2611 4309 2852 4362 Damiani
2883 4309 3211 4373 communio,
3236 4317 3291 4361 et
3323 4321 3438 4360 mo-

187 4385 384 4447 Romaui
419 4399 660 4452 consulis
684 4403 1046 4472 sequeretur),
1075 4403 1262 4458 eodem
1293 4403 1554 4463 Jacobillo
1587 4417 1741 4474 teste,
1776 4391 1820 4448 υ
1849 4391 2148 4451 ηεὶείιονυηι
2183 4413 2250 4452 ει
2299 4400 2382 4452 his
2429 4400 2481 4454 ill
2529 4400 2637 4464 mil.
2672 4415 2734 4453 πο
2785 4400 3047 4463 νίείεείηιν
3097 4399 3434 4467 limini-50"“

189 4480 243 4533 ad
279 4491 682 4543 rcstauraudam
730 4491 1006 4561 antiquam
1057 4493 1157 4548 luci
1211 4497 1567 4566 religionem,
1621 4515 1748 4552 eou-

186 4583 428 4632 struxerat
464 4591 630 4651 atque
683 4584 735 4637 τη
781 4585 962 4640 det-em
1015 4596 1068 4640 et
1117 4603 1168 4640 ο(
1187 4598 1240 4642 to
1277 4589 1440 4644 Cellas
1483 4592 1747 4646 distinxe-

187 4673 292 4728 rat;
355 4671 444 4725 ubi
517 4685 802 4742 postquam
879 4678 1187 4734 Dominicus
1261 4680 1514 4736 loricatus
1592 4701 1608 4731 ι
1649 4684 1746 4737 snb

189 4761 472 4826 magisterio
523 4768 695 4821 sancti
751 4769 848 4822 viri
903 4770 1150 4836 Joannis,
1203 4771 1292 4840 qui
1347 4773 1628 4828 dicebatur
1679 4775 1746 4827 de

189 4845 340 4906 Monte
381 4855 612 4920 Feretri,
657 4875 750 4926 per
791 4861 1047 4928 plurimos
1095 4863 1230 4916 vixit
1283 4880 1471 4928 annos,
1505 4885 1521 4916 ι
1573 4865 1747 4931 inquit.

191 4937 354 4996 Petrus
385 4945 630 5000 Damiani
663 4947 750 5000 lib.
787 4967 822 5015 ι,
855 4969 937 5024 cp.
975 4955 1061 5020 19,
1089 4970 1148 5010 se
1185 4954 1422 5023 ejusdem
1451 4953 1596 5010 Petri
1641 4956 1747 5008 Da—

189 5032 328 5088 miani
370 5037 656 5092 directioni
685 5043 915 5102 subdidit
945 5065 958 5102 :
994 5071 1012 5100 ‹
1051 5051 1232 5118 Longe
1275 5065 1402 5104 vero
1446 5057 1582 5120 post.
1623 5063 1741 5100 ηιθ-

187 5122 330 5190 gistro
353 5132 626 5198 praebente
651 5149 983 5206 consensum,
1017 5145 1270 5214 dignatus
1301 5155 1382 5198 est
1413 5147 1493 5198 vir
1523 5153 1742 5199 sanctus

188 5217 448 5278 [medietas
478 5223 610 5276 mihi
647 5225 851 5292 misero,
889 5245 940 5288 et
970 5249 1134 5306 quem
1179 5233 1292 5302 ipse
1340 5235 1614 5303 suscipere
1665 5232 1743 5283 di-

188 5318 418 5350 gnat-olm-
469 5313 689 5350 intnnnn
735 5317 800 5350 In:

997 5339 1222 5350 .‘nnnn-nn
1261 5325 1559 5350 l.---u‘:‘:I.-In
1595 5337 1710 5350 Ian-In

529 5314 689 5350 tlinnn
735 5317 862 5350 I‘\:nn
902 5343 952 5350 η..

1843 4483 2146 4544 tranSitus:
2183 4503 2240 4544 ut
2279 4501 2427 4546 certe
2472 4509 2534 4546 cx
2585 4491 2746 4545 Sitria
2797 4491 3108 4546 Dominicus
3155 4491 3434 4544 Loricatus

1849 4581 2069 4636 biennio
2097 4593 2221 4638 ante
2253 4593 2481 4640 mortem
2521 4585 2762 4648 recessit,
2793 4595 2847 4638 et
2874 4586 2938 4638 ad
2967 4599 3206 4639 eremum
3235 4583 3434 4635 montis

1851 4674 2120 4728 Suavicini
2155 4677 2314 4748 (nunc
2349 4676 2640 4744 Frontalis)
2669 4691 2726 4730 se
2757 4676 3005 4738 contulit,
3050 4689 3168 4742 qtue
3213 4673 3281 4727 ab
3315 4671 3434 4739 ipso

1849 4763 2011 4818 Petro
2043 4767 2283 4820 Datniani
2313 4767 2534 4821 fundata
2571 4777 2710 4830 erat,
2751 4777 2806 4818 ut
2847 4767 2958 4834 ipse
2992 4763 3156 4818 tradit
3185 4771 3312 4816 tom.
3345 4759 3432 4822 Ill,

1849 4870 2036 4923 apuse.
2067 4875 2151 4916 xv.
2185 4873 2306 4926 cap.
2333 4861 2364 4910 6
2419 4879 2430 4914 :
2465 4878 2481 4910 ι
2537 4858 2591 4912 In
2641 4857 2726 4911 illa
2750 4858 2966 4918 Eremo,
3017 4854 3210 4922 inquit,
3252 4865 3431 4922 quam,

1850 4954 2071 5002 auctore
2115 4949 2244 5010 Deo,
2279 4949 2330 5000 in
2377 4949 2547 5004 latere
2593 4947 2890 5002 Suavicinii
2939 4943 3140 4998 montis
3169 4941 3268 5008 il“ii
3311 4955 3437 4992 εθη·

1849 5039 2164 5104 struximus,
2197 5061 2214 5089 ι
2252 5039 2558 5112 ibidemque
2590 5039 2845 5108 Spiritum
2895 5039 3002 5091 Deo
3035 5034 3282 5091 reddidii.
3331 5031 3439 5097 Pri”

1848 5145 1994 5182 mum
2048 5132 2100 5186 in
2160 5149 2254 5187 sua
2310 5134 2442 5188 cella
2495 5132 2760 5203 sepultus,
2823 5133 2970 5191 dein,
3022 5127 3160 5179 Ρθινί
3195 5119 3436 5176 θ²¹¹¹⁸ί²¹¹¹ί

1841 5218 2016 5286 jussu,
2069 5225 2118 5277 in
2157 5223 2392 5292 capitulo
2439 5233 2560 5294 post
2609 5237 2814 5276 nouum
2849 5223 2991 5276 diem
3027 5214 3334 5271 tumulatus,
3383 5216 3440 5257 Ill

1847 5311 1920 5350 “II
1969 5330 1982 5350 Ι
2036 5332 2102 5350 an
2157 5319 2223 5350 Μι
2277 5319 2340 5350 ηιΙ
2380 5320 2734 5350 Δια-νηηιΙρηηι
2771 5319 2934 5350 rara-tl
2971 5313 3082 5350 ἰηςιι
3115 5309 3304 5350 ι’ρΙιΊις
3337 5303 3437 5350 n3-

2380 5320 2404 5350 Α
2423 5322 2500 5350 In”
2513 5320 2734 5350 “nil-nun
2771 5319 2934 5350 ι-ηΓηιιΙ
