3982 5350
512 315 579 371 sa
1244 380 1277 389 μ,
1461 319 1522 375 s.
1547 300 1820 375 ps‘raus
1856 318 2086 375 nasum

2190 322 2207 378 5
2242 322 2302 381 S.
2343 324 2410 378 Il.
2453 325 2515 381 E.
2558 325 2983 384 CARDINALIS.
3697 332 3770 390 60

513 429 623 487 imo
643 444 707 484 ex
730 429 936 485 crebris
955 427 1295 485 Sitriensium
1319 431 1603 502 exemplis,
1628 442 1791 502 atque
1810 432 2092 503 colloquiis
2122 441 2165 500 Α
2194 447 2246 491 et
2276 453 2380 506 qua
2427 440 2766 496 abundanter
2812 441 2977 497 lluitis
2996 481 3011 507 ,
3058 442 3107 496 ei
3156 440 3448 501 clementer
3501 441 3766 513 exbibite,

512 520 583 574 ab
632 529 821 575 eodem
861 519 1063 585 relatis,
1094 519 1430 589 frequentius
1469 521 1719 586 lortasse,
1751 538 1913 592 quam
1952 523 2095 578 inter

508 610 862 674 Avellanitas,
881 619 1152 665 versatum
1170 626 1228 666 se
1261 627 1380 666 esse
1401 612 1541 682 apud
1561 612 1841 668 ltomualdi
1866 614 2096 684 discipu-

512 702 925 771 los,eorumque
938 704 1346 759 succcssorcsin
1378 703 1564 770 Sitria,
1589 704 1830 760 indicare
1859 705 2090 761 videtur.

582 792 720 861 XVI.
759 793 919 848 Certe
970 804 1099 849 tom.
1130 793 1219 861 lll,
1246 811 1432 865 opusc.
1478 810 1595 861 xm,
1634 812 1753 866 eap.
1783 797 1873 863 22,
1899 798 1964 854 de
1995 799 2095 854 hoc

511 887 690 941 Sitriae
716 887 1067 953 monasterio,
1108 896 1364 957 tanquam
1385 889 1453 943 de
1482 890 1723 958 proprio,
1751 890 1829 944 sic
1859 890 2095 960 loquitur

510 986 730 1033 sanctus
753 978 942 1033 doctor
970 996 984 1030 :
1017 997 1035 1030 ι
1075 978 1342 1034 Habemus
1365 979 1596 1049 denique
1616 994 1798 1037 senem
1827 981 1880 1036 in
1908 996 2095 1036 mona-

512 1070 701 1134 sterio,
733 1070 941 1125 scilicet
987 1069 1185 1136 Sitriar,
1230 1072 1489 1126 vocabulo
1532 1072 1888 1137 Illainardum,
1934 1087 2091 1141 quem

508 1159 718 1217 scilicet
773 1161 950 1216 adhuc
998 1161 1312 1230 paludatum
1372 1176 1493 1217 cum
1545 1161 1983 1226 admonuissem,
2033 1169 2095 1215 ut

508 1252 811 1307 monachus
839 1251 1011 1316 fieret,
1048 1271 1067 1304 ι
1091 1259 1195 1308 etc.
1224 1251 1362 1307 Hinc
1386 1252 1582 1309 Leonis
1613 1251 1811 1316 Sitriae,
1844 1251 2096 1307 aliorum-

508 1358 615 1412 que
642 1344 885 1413 ejusdem
916 1342 1019 1399 loci
1046 1344 1394 1398 eremitarum
1421 1344 1688 1414 exempla,
1721 1351 1973 1413 tanquam
1999 1345 2094 1399 do-

507 1435 755 1498 mestica,
803 1435 1078 1490 Tbeuzoni
1123 1435 1435 1490 Florentino
1462 1436 1702 1490 ereniitze
1730 1435 1983 1504 proponit
2023 1434 2091 1488 ad

506 1523 624 1593 ejus
643 1526 954 1595 superbiam
972 1526 1436 1595 comprimendam
1464 1534 1596 1581 tom.
1616 1526 1655 1589 l,
1678 1525 1770 1580 lib.
1788 1540 1859 1587 vi,
1878 1540 1964 1594 cp.
1981 1522 2050 1578 30
2071 1537 2088 1578 :

513 1633 537 1666 ιη
564 1613 804 1677 Utinam,
850 1615 1043 1684 inquit,
1078 1630 1317 1684 przesens
1360 1616 1600 1681 adesses,
1638 1625 1694 1671 et
1735 1616 1864 1685 quid
1911 1615 1963 1669 in
2001 1615 2088 1670 his

507 1707 662 1765 silvis
691 1707 757 1761 ab
786 1708 1005 1777 ignotis,
1034 1715 1196 1777 atque
1222 1707 1487 1778 despectis
1524 1716 1737 1777 agatur,
1760 1705 1916 1762 oculo
1947 1704 2090 1775 judi-

2194 539 2254 583 ut
2288 530 2356 585 de
2402 533 2556 587 ruina
2584 534 2667 589 sui
2712 534 2834 599 loci,
2871 535 2953 589 vel
3003 534 3357 591 habitationis
3401 538 3616 593 excidio
3661 555 3773 595 non

2193 624 2533 678 necesse.sit
2583 624 2874 693 trepidare.
2913 624 3093 681 Prosit
3139 627 3304 696 igitur
3341 626 3417 683 illi
3463 637 3574 683 tam
3616 630 3774 685 ardui

2192 710 2394 764 montis
2426 711 2655 766 subiisse
2684 713 2974 782 fastigium,
3014 733 3032 765 ι
3060 723 3165 769 etc.
3209 714 3314 771 Sed
3341 725 3395 770 et
3423 715 3644 786 gloriari
3676 733 3775 786 po-

2194 806 2297 853 test
2328 799 2467 854 idem
2489 801 2769 857 Classcnsc
2791 804 3117 870 cmuobium,
3141 806 3281 876 quod
3309 808 3449 876 apud
3472 822 3534 863 se
3556 815 3776 863 tantum

2193 888 2391 954 virum,
2438 901 2671 960 quantus
2725 902 2809 947 est
2854 892 3045 949 Petrus
3093 896 3408 960 Damianus,
3455 899 3773 967 exceperit;

2188 980 2468 1035 enimvero
2489 983 2647 1052 epist.
2678 983 2733 1049 l,
2755 984 2845 1040 lib.
2877 1000 2967 1050 vn,
2994 986 3131 1056 apud
3159 989 3543 1043 monasterium
3568 988 3776 1045 Classis

2193 1082 2254 1123 se
2296 1071 2559 1126 mansisse
2604 1083 2756 1127 notat
2805 1073 3037 1130 Henrico
3082 1075 3397 1145 imperatori
3453 1079 3704 1133 scribens
3756 1096 3771 1132 :

2200 1175 2220 1210 ι
2247 1157 2453 1215 Redeat
2484 1160 2552 1215 ad
2593 1163 2906 1217 memoriam
2948 1165 3147 1220 domini
3177 1165 3280 1220 mei
3309 1165 3468 1237 regis,
3493 1167 3618 1237 quia
3646 1183 3777 1223 cum

2194 1250 2334 1319 apud
2375 1253 2757 1306 monasterium
2798 1253 2999 1310 Classis
3040 1271 3071 1310 a
3113 1256 3265 1312 vobis
3307 1257 3651 1313 discessurus
3688 1274 3778 1314 es-

2193 1352 2338 1403 sem,
2376 1357 2396 1390 ι
2448 1348 2501 1394 et
2534 1341 2727 1395 iterum
2777 1341 2870 1396 lib.
2910 1359 2984 1407 vt,
3012 1359 3098 1413 ep.
3125 1344 3197 1399 '26
3251 1363 3263 1400 :
3322 1346 3451 1413 tAd
3503 1346 3775 1400 Marinum
3808 1329 3821 1338 ’

2193 1445 2348 1485 suum
2376 1431 2670 1500 patruelem
2694 1433 3010 1488 monachum
3031 1435 3420 1498 Classensem,»
3446 1447 3573 1491 tunc
3595 1437 3779 1492 adhuc

2192 1518 2485 1584 Novitium,
2518 1538 2637 1591 qum
2674 1523 2863 1593 incipit
2892 1542 2906 1577 :
2944 1542 2959 1576 t
2994 1525 3161 1580 Rudis
3195 1533 3312 1597 tyro
3335 1525 3493 1582 facile
3520 1528 3776 1598 inprima

2191 1607 2315 1663 belli
2356 1611 2733 1680 congressione
2779 1614 3160 1682 prosternitur,
3213 1624 3363 1670 sete.
3411 1615 3669 1670 Testatur
3715 1632 3779 1671 se

2192 1698 2268 1753 illi
2308 1701 2542 1769 propriis
2587 1701 2839 1757 manibus
2870 1701 3110 1758 habitum
3149 1705 3505 1759 monasticum
3538 1705 3592 1760 in
3621 1705 3780 1760 Clas-

507 1809 667 1855 cante
692 1799 1086 1867 perpenderes!
1116 1807 1296 1854 tamen
1342 1809 1402 1854 ut
1442 1814 1525 1865 se,
1571 1799 1617 1855 si
1650 1798 1898 1854 fortassis
1928 1798 2086 1864 inest,

2191 1789 2335 1844 sensi
2365 1790 2610 1846 cmnobio
2638 1792 2957 1862 imposuisse
2983 1807 2999 1848 :
3035 1812 3052 1844 ι
3081 1793 3388 1849 Praesertim
3421 1810 3544 1850 cum
3575 1805 3630 1850 et
3657 1796 3779 1865 ipse

507 1902 688 1946 tumor
711 1893 1032 1961 arroganti-re
1062 1893 1352 1963 deprimat,
1400 1893 1481 1949 vel
1525 1893 1764 1949 breviter
1792 1890 1995 1962 aliquid
2040 1899 2090 1946 te

506 1984 575 2037 de
597 1982 810 2037 illorum
837 1985 1340 2040 conversationibus
1362 1985 1513 2040 erudi
1524 2000 1579 2039 re
1605 2001 1708 2039 non
1732 1986 1928 2055 pigeat,
1953 1992 2089 2038 sete.

508 2071 645 2126 Tum
674 2073 740 2129 de
789 2073 1020 2129 Martino
1060 2074 1286 2130 Storace
1327 2075 1640 2131 disserens:
1689 2094 1708 2127 ι
1765 2074 2086 2142 Quemdam,

506 2164 701 2233 inquit,
745 2166 1005 2221 habemus
1053 2167 1107 2220 in
1139 2167 1331 2221 cellula
1372 2168 1630 2222 rusticum
1659 2167 1900 2228 idiotam,
1933 2185 1951 2218 ι
1979 2174 2086 2220 etc.

507 2253 643 2308 Tum
673 2255 740 2309 ad
763 2254 996 2310 Leonem
1016 2255 1513 2312 Sitriaetransiens:
1545 2275 1564 2309 ‹
1599 2256 1845 2322 Veniam,
1894 2256 2087 2327 inquit,

513 2363 530 2395 ι
563 2345 630 2398 ad
656 2346 932 2400 domimun
956 2346 1192 2403 Leonem
1214 2390 1229 2413 ,
1257 2358 1305 2404 et
1336 2364 1464 2405 vere
1490 2350 1747 2415 Leonem,
1779 2367 1797 2400 ι
1846 2349 2001 2419 cujus
2030 2362 2089 2403 se

502 2435 751 2491 consiliis
780 2452 920 2506 saepe
942 2453 1098 2494 usum
1127 2440 1350 2505 iudicat,
1380 2439 1673 2510 itidemque
1692 2438 1898 2509 Lupum
1924 2437 2090 2491 inclu-

504 2540 648 2590 sum,
676 2534 730 2579 et
758 2525 975 2581 Petrum
1003 2528 1284 2583 eremitam
1331 2529 1572 2599 ejusdem
1606 2529 1889 2584 Sitriensis
1919 2528 2086 2583 eremi

504 2625 919 2671 commemorat.
964 2616 1076 2673 Nec
1104 2617 1326 2673 dubium
1370 2626 1451 2673 est
1491 2620 1803 2689 pnedictum
1851 2618 2086 2672 Leonem

502 2703 672 2760 fuisse
708 2704 855 2760 Petri
898 2706 1140 2761 Damiani
1179 2708 1518 2776 potissimum
1556 2709 1913 2774 directorem;
1959 2721 2084 2761 nam

504 2803 635 2850 tom.
666 2795 751 2859 lli,
787 2811 972 2867 opusc.
1023 2812 1096 2865 tu,
1128 2797 1275 2853 illum
1323 2800 1403 2854 sic
1447 2798 1752 2869 alloquitur,
1801 2801 1853 2853 in
1900 2792 2085 2858 libelli.

503 2899 663 2955 quem
703 2886 830 2939 huic
872 2887 1110 2942 eremita:
1154 2872 1420 2954 inscribit,
1466 2890 1852 2959 nuncupatoria
1888 2909 1902 2945 :
1955 2910 1971 2942 ι
2005 2891 2080 2947 Te

503 2991 612 3029 non
655 2976 1083 3047 qualemcunque
1124 2980 1463 3049 complicem,
1490 2981 1575 3035 vel
1619 2982 1872 3044 amicum,
1916 2984 2009 3038 sed
2039 2994 2088 3037 te

504 3072 736 3132 patrem,
781 3076 835 3120 te
880 3067 1178 3132 doctorem,
1223 3077 1274 3122 te
1322 3069 1670 3139 magistrum,
1716 3079 1772 3124 et
1811 3070 2083 3125 dominum

504 3157 734 3212 electum
778 3158 910 3213 mihi
946 3175 1055 3229 prce
1104 3160 1312 3215 cunctis
1356 3175 1490 3230 pene
1537 3161 1853 3216 mortalibus
1888 3162 2082 3219 habeo.

505 3247 576 3302 Et
609 3249 738 3318 quid
792 3249 1022 3319 amplius
1073 3251 1287 3306 dicam?
1331 3252 1763 3322 quandoquidem
1811 3269 1988 3308 meum
2038 3263 2088 3309 te

505 3341 754 3410 angelum
787 3358 906 3397 esse
935 3344 1212 3406 constitui,
1241 3353 1296 3399 ut
1327 3346 1383 3399 in
1413 3345 1591 3400 dubiis
1617 3346 1782 3402 rebus
1808 3347 2089 3415 quodcun-

490 3446 610 3500 que
640 3430 931 3497 haesitanti,
976 3450 1042 3490 ac
1086 3435 1382 3491 sciscitanti
1417 3437 1547 3492 mihi
1577 3437 1859 3493 consilium
1901 3452 1967 3492 ex
1999 3447 2090 3493 tuo

504 3535 598 3575 ore
621 3523 954 3590 procederet,
980 3523 1052 3579 ita
1083 3525 1331 3594 protinus
1363 3526 1734 3581 indubitanter
1759 3529 2088 3597 acciperem,

502 3628 570 3667 ac
599 3614 642 3668 si
679 3630 783 3669 vox
811 3616 943 3671 mihi
973 3617 1211 3673 caelestis
1235 3619 1438 3674 oraculi
1473 3619 1738 3690 angelitus
1776 3620 2046 3676 intonaret
2072 3640 2085 3676 :

502 3710 667 3772 atque
701 3703 822 3759 ideo
852 3705 897 3759 si
927 3706 1144 3775 quando
1172 3708 1503 3776 scrupulosae
1530 3708 1820 3778 cujuslibet
1850 3710 1924 3763 rei
1958 3709 2089 3764 mihi

500 3793 747 3863 subrepit
767 3794 1048 3863 articulus,
1072 3805 1359 3867 antequam
1380 3808 1429 3852 te
1445 3797 1791 3855 consulturus
1811 3800 2087 3865 accedam,

502 3882 607 3937 hoc
634 3885 771 3953 apud
797 3894 848 3941 te
877 3887 1111 3942 divinam
1140 3887 1368 3959 imploro
1391 3888 1753 3950 clementiam,
1776 3898 1834 3943 ut
1862 3898 1912 3944 te
1933 3890 2086 3959 quasi

500 3984 612 4025 sua:
642 3972 933 4030 voluntatis
953 3990 1216 4044 organum
1245 3976 1469 4040 faciens,
1499 3988 1589 4033 tuo
1614 3978 1743 4033 mihi
1774 3994 1870 4033 ore
1896 3980 2088 4048 praci-

501 4064 777 4133 piat,quid
802 4082 886 4120 me
910 4066 1086 4121 facere
1108 4068 1160 4120 in
1180 4067 1393 4135 objecta
1416 4070 1764 4139 ambiguitate
1778 4070 2082 4124 decernat.)

575 4152 733 4208 XV'll.
790 4154 973 4224 Neque
1026 4172 1153 4213 vero
1206 4158 1348 4213 inter
1401 4160 1610 4213 ordinis
1660 4158 2088 4215 Camaldulensis

500 4245 643 4312 loca,
670 4248 721 4301 in
762 4248 959 4317 quibus
1007 4247 1197 4305 Petrus
1233 4250 1479 4306 Damiani
1516 4251 1843 4306 domicilium
1877 4252 2083 4316 habuit,

494 4336 807 4393 caenobium
836 4346 1079 4392 nostrum
1106 4338 1164 4395 S.
1188 4339 1512 4409 Apollinaris
1536 4340 1588 4393 in
1615 4339 1790 4394 classe
1816 4340 2084 4395 Ravenna:

494 4426 674 4480 oudtti
706 4436 963 4491 meretur,
990 4429 1132 4497 quod
1162 4438 1218 4483 et
1258 4428 1538 4483 Romualdi
1571 4429 1938 4484 conversionis
1965 4430 2083 4499 pri-

496 4519 726 4573 mordiis
758 4529 842 4572 est
871 4530 1248 4575 consecratum
1283 4520 1368 4591 (ex
1402 4520 1517 4587 ejus
1543 4522 1663 4576 Vita
1694 4535 1814 4591 cap.
1843 4522 1896 4591 l)
1928 4536 2078 4576 eum-

492 4612 727 4679 demque
751 4612 966 4667 biennio
1004 4613 1194 4668 saltem
1222 4612 1467 4668 abbatem
1497 4629 1555 4669 se
1601 4613 1853 4669 habuisse
1882 4613 2077 4683 gloria-

492 4713 588 4756 tur
615 4703 825 4768 (ibidem
861 4719 978 4773 cap.
1020 4703 1136 4774 9.2),
1160 4715 1322 4774 atque
1367 4705 1534 4774 ipsius
1568 4704 1855 4774 vigilantia:
1898 4705 2070 4767 debet,

495 4796 642 4863 quod
670 4811 699 4849 a
730 4795 1039 4850 Simoniaco
1061 4796 1318 4865 prml‘ecto
1344 4797 1575 4864 quodam
1598 4806 1884 4866 purgatum
1912 4795 2077 4849 fuerit

499 4884 612 4951 (ubi
658 4903 837 4955 supra,
865 4903 986 4956 cap.
1014 4886 1127 4958 4i).
1171 4887 1280 4942 Nec
1314 4890 1490 4943 minus
1519 4888 1732 4943 interim
1766 4887 1925 4941 Petro
1971 4886 2075 4940 Da-

500 4973 683 5028 miano
709 4977 886 5041 debet,
911 4979 1051 5047 quod
1078 4980 1551 5047 praesentissimam
1576 4980 1649 5034 illi
1674 4994 1828 5049 opem
1851 4978 1901 5033 iu
1926 4977 2075 5045 gravi

499 5064 812 5120 discrimine
860 5067 1059 5132 tulerit,
1102 5076 1163 5122 ut.
1208 5079 1421 5126 constat
1448 5088 1515 5126 ex
1544 5071 1659 5140 ejus
1702 5071 1893 5126 litteris
1934 5085 2076 5126 com-

861 5157 990 5184 ...ια
1057 5157 1097 5184 ι’)
1168 5160 1207 5184 11*
1281 5163 1872 5184 ---ιε--μι--ι·ι-μτι·κ-ρι-

501 5153 832 5184 ..ιλιι-Ιηίῖοἶξρ

2194 1876 2287 1932 tibi
2316 1881 2691 1936 monachicum
2716 1882 3024 1938 tradiderim
3049 1884 3310 1949 habitum,
3334 1901 3436 1940 non
3461 1887 3580 1941 sine
3607 1901 3777 1941 causa

2191 1985 2276 2025 me
2315 1986 2345 2025 a
2397 1973 2883 2030 consultationibus
2930 1976 3037 2032 tuis
3080 1976 3311 2033 dilliteor
3354 1979 3705 2045 absolutum;
3747 1999 3770 2033 ι

2190 2062 2279 2116 ubi
2309 2070 2364 2116 et
2411 2078 2470 2118 se
2511 2063 2646 2118 alias
2689 2075 3068 2122 conversatum
3096 2068 3262 2125 fuisse
3307 2070 3441 2125 satis
3487 2071 3686 2135 innuit,
3715 2079 3778 2124 ut
3864 2067 3870 2072 ’

2190 2167 2310 2207 cum
2341 2153 2416 2207 ait
2443 2172 2457 2207 :
2489 2173 2508 2205 ι
2537 2155 2594 2209 ιιι
2622 2156 2811 2209 eodem
2839 2156 2996 2226 plane
3033 2158 3302 2215 Classensi
3326 2161 3596 2225 coenobio,
3626 2158 3777 2229 quod

2190 2258 2331 2297 nunc
2377 2243 2584 2309 incolis,
2619 2255 2777 2301 :etate
2805 2257 2985 2303 nostra
3019 2248 3234 2320 (nempe
3259 2252 3384 2306 dum
3418 2240 3490 2305 ibi
3521 2252 3771 2322 degeret)

2189 2334 2407 2404 quidam
2455 2340 2750 2393 monachus
2788 2338 2961 2394 vicem
2992 2339 3189 2409 prioris
3218 2341 3476 2404 obtinuit,
3506 2359 3524 2392 ι
3558 2350 3669 2396 etc.
3704 2341 3777 2397 Et

2189 2424 2336 2478 circa
2375 2423 2534 2479 linem
2579 2440 2638 2481 se
2664 2425 3020 2483 Classensium
3062 2430 3359 2492 consortio,
3386 2439 3442 2485 et
3479 2440 3776 2485 consuetu-

2190 2517 2315 2573 dine
2362 2510 2515 2573 usum
2555 2519 2842 2590 signiticet,
2883 2520 3006 2574 dum
3047 2521 3118 2574 ita
3166 2522 3482 2576 concludit:
3517 2540 3535 2573 ι
3566 2521 3775 2578 Omnes

2189 2618 2369 2665 autem
2384 2619 2604 2665 sanctos
2622 2608 2820 2665 fratres
2843 2611 3152 2665 monasterii
3178 2612 3253 2666 tui
3275 2627 3393 2666 mea
3418 2614 3535 2667 vice
3555 2611 3768 2677 saluta;

2189 2700 2539 2756 cbarissimos
2569 2710 2746 2755 autem
2775 2701 2903 2754 mihi
2933 2700 3127 2756 fratres
3147 2700 3410 2757 Boninum
3440 2711 3497 2756 et
3521 2702 3771 2767 Petrum,

2189 2795 2232 2849 si
2280 2795 2439 2848 solito
2471 2810 2618 2849 more
2660 2795 2859 2848 videris
2904 2794 3193 2865 aliquando
3235 2795 3501 2849 excelsius
3543 2809 3768 2860 canere,

2189 2885 2292 2939 hoc
2317 2886 2565 2948 disticou,
2594 2900 2712 2940 meo
2742 2886 2979 2950 nomine,
2999 2887 3049 2940 iu
3078 2901 3266 2941 eorum
3290 2887 3540 2941 manilms
3566 2901 3764 2956 pone,»

2191 2986 2295 3031 etc.
2360 2976 2415 3030 Li
2452 2978 2595 3046 quod
2648 2993 2893 3047 utaguam
2925 2976 3346 3033 fmniliaritatcm
3382 2980 3478 3034 bos
3515 2979 3661 3033 inter
3715 2987 3775 3032 et

2190 3077 2433 3121 sanctum
2460 3069 2734 3123 doctorem
2767 3069 3136 3124 intercessisse
3166 3070 3405 3139 profecto
3443 3071 3678 3136 iudicat;
3711 3080 3772 3125 ut

2190 3158 2321 3212 nihil
2350 3158 2541 3212 addam
2566 3160 2630 3212 de
2653 3168 2833 3213 mutua
2860 3160 3302 3231 commigratinne
3322 3171 3374 3213 et
3395 3158 3770 3214 Classensium

2190 3252 2256 3306 ad
2299 3251 2649 3316 Avellanitas,
2697 3262 2752 3305 et
2800 3252 2987 3305 horum
3039 3252 3104 3304 ad
3152 3251 3487 3314 Classcnses,
3535 3265 3659 3319 qua:
3700 3263 3771 3304 ex

2189 3342 2346 3412 epist.
2379 3342 2444 3395 12
2488 3340 2611 3396 libri
2648 3359 2685 3396 ιι
2727 3351 2782 3397 et
2825 3343 2886 3396 l5
2924 3342 3044 3397 libri
3071 3358 3121 3397 Vl
3171 3343 3376 3398 relucet
3408 3360 3420 3395 :
3448 3356 3553 3411 qua
3586 3343 3657 3397 de
3708 3355 3770 3396 re

2189 3433 2351 3489 etiam
2382 3434 2597 3486 dissert.
2628 3449 2710 3494 ιιι,
2734 3448 2853 3502 cap.
2886 3433 2935 3497 7,
2971 3449 3116 3487 num.
3149 3433 3204 3498 8,
3228 3434 3403 3490 obiter
3434 3433 3694 3488 diximus.

2260 3520 2437 3576 XV’IiI.
2479 3522 2630 3589 Quod
2665 3522 2710 3577 si
2755 3523 2937 3593 igitur,
2964 3522 3227 3578 utomnia
3263 3524 3329 3576 ad
3360 3522 3575 3576 brevem
3616 3538 3772 3577 sum-

2190 3629 2332 3670 mam
2361 3615 2618 3685 redigam,
2654 3631 2718 3670 ex
2758 3615 3016 3670 hactenus
3044 3614 3147 3669 late
3189 3614 3432 3669 deductis
3461 3615 3767 3685 colligitur,

2189 3707 2571 3760 monasterium
2600 3703 2785 3758 Fontis
2804 3704 3066 3769 Avellani,
3094 3705 3182 3760 ubi
3208 3705 3399 3759 Petrus
3423 3713 3610 3758 uoster
3651 3719 3772 3758 mo-

2189 3796 2397 3850 nastico
2426 3795 2700 3850 schemate
2726 3804 2810 3850 est
2855 3794 3121 3859 initiatus,
3147 3810 3179 3848 a
3227 3803 3416 3849 sancto
3460 3793 3621 3848 Patre
3652 3793 3767 3847 Ru-

2190 3884 2404 3940 mualdo
2433 3885 2702 3953 quondam
2744 3882 3122 3949 inhabitatum,
3148 3892 3202 3938 et
3231 3900 3260 3937 a
3293 3884 3450 3937 beato
3478 3881 3770 3952 Ludulpho

2187 3975 2304 4044 ejus
2351 3973 2613 4043 discipulo
2658 3974 2961 4028 institutum
3010 3988 3026 4028 :
3074 3970 3498 4026 Avellanitarum
3548 3970 3767 4027 vivendi

2188 4066 2416 4122 formam
2473 4077 2526 4121 et
2575 4065 2872 4136 generatim
2919 4079 3041 4117 cum
3090 4078 3176 4129 ea,
3218 4078 3380 4132 quam
3431 4060 3771 4115 Romualdus

2187 4160 2429 4214 eremitis
2460 4156 2807 4227 praéscripsit,
2832 4164 2886 4209 et
2912 4155 3189 4224 speciatim
3229 4169 3350 4207 cum
3380 4150 3770 4207 Carnaldulen—

2188 4252 2326 4306 sium
2364 4249 2844 4306 consuetudinibus
2880 4247 3228 4310 convenisse;
3255 4246 3321 4298 ad
3350 4242 3638 4297 Romualdi
3669 4258 3769 4296 au-

2188 4342 2493 4397 ctoritatem
2520 4339 2716 4410 passim
2750 4353 2780 4391 a
2822 4336 3082 4391 Damiano
3116 4348 3431 4405 provocare,
3471 4334 3601 4413 dum
3632 4348 3769 4387 suo-

2191 4448 2307 4486 rum
2340 4433 2724 4486 monachorum
2763 4442 2941 4481 mores
2980 4423 3556 4495 componere'nititur;
3588 4423 3766 4491 ipsam

2186 4520 2328 4575 Petri
2362 4521 2604 4574 Damiam
2635 4517 2872 4588 regulam
2898 4516 3036 4584 apud
3075 4513 3519 4568 Camaldulenses
3548 4512 3656 4564 vim
3691 4510 3769 4565 le-

2181 4615 2265 4684 gis
2311 4612 2642 4674 obtinuisse;
2702 4617 2882 4662 mutua
2939 4607 3195 4660 societate
3248 4603 3583 4658 Avellanitas
3637 4615 3767 4656 cum

2181 4699 2681 4758 Catiialdulensibus
2724 4697 2851 4749 olim
2897 4692 3250 4761 cunjunctos,
3300 4692 3352 4745 in
3401 4691 3664 4760 hospitii,
3710 4696 3768 4742 et

2181 4791 2554 4858 suffragiorum
2603 4785 3034 4841 communionem
3085 4792 3346 4852 receptos,
3396 4780 3618 4843 habitu,
3665 4794 3765 4834 seu

2180 4883 2437 4944 colorem,
2480 4894 2572 4934 seu
2621 4877 2858 4930 formam
2929 4874 3202 4941 respicias,
3268 4871 3547 4925 simillimo
3597 4885 3761 4935 usos;

2183 4975 2356 5043 ipsum
2381 4970 2596 5025 Petrum
2626 4965 2889 5026 Damiani,
2915 4962 2997 5016 sin
3027 4963 3202 5015 minus
3231 4959 3517 5014 Romualdi
3550 4958 3765 5012 audito-

2185 5080 2319 5126 rem,
2362 5068 2510 5114 certe
2554 5055 2670 5123 ejus
2717 5053 3101 5122 discipulorum
3143 5051 3420 5104 alumnum
3489 5050 3661 5104 fuisse
3708 5056 3764 5103 et

2183 5151 2561 5184 ..ηηΛι-ἶηιιῖιῖιοπ
2590 5149 2641 5184 in
2689 5162 2871 5184 nronvn
2900 5142 3293 5184 linmnlalnlnnci
3348 5142 3763 5184 nvialpnliccirne
