3982 5350
441 158 511 214 6'5
1351 160 1408 215 S.
1453 108 1727 214 PET’RUS
1755 155 2109 211 DAMIANUS
2145 156 2202 211 S.
2241 156 2306 209 ιι.
2348 156 2408 210 Ε.
2438 156 2868 212 CAiiDiNALlS.
3626 161 3695 216 δι

443 274 835 330 tualdulensem
859 276 1151 330 asserimus
1173 275 1297 330 :sed
1314 283 1599 345 utrumque
1623 273 1829 344 potius,
1856 273 2011 327 idest
2039 283 2084 339 Α
2114 270 2250 325 vivis
2278 271 2529 339 cperibus
2554 271 2768 341 legitur,
2800 271 2959 325 ctiam
3006 268 3247 341 apicibus
3300 271 3584 334 traditum.
3623 276 3693 329 ad

441 363 896 419 Camafdutenscm
944 366 996 419 in
1049 366 1267 434 speciali
1327 366 1658 435 acceptione,
1714 380 1834 435 qua:
1873 364 2015 419 solos

441 468 613 509 sacrae
638 456 806 509 eremi
853 456 1083 509 Etrurire
1121 456 1374 510 eremitas
1419 456 1796 526 complectitur
1844 456 2015 527 (juxta

443 546 845 600 distinctionem
874 547 997 602 alibi
1046 548 1872 617 expositam),ctAvellanensem
1898 564 1927 602 a
1954 550 2016 605 Β.

442 635 722 705 Lodulpho
749 636 805 690 S.
836 637 1114 691 Romualdi
1140 639 1401 706 discipulo
1437 640 1763 704 institutam,
1793 648 1955 709 atque
1987 655 2017 694 a

444 724 608 780 Petro
635 725 877 779 Damiani
902 727 1137 781 maxime
1163 727 1518 792 illustratum;
1563 728 2018 795 quemadmodum

443 822 498 867 et
518 813 891 878 Coronensem,
923 825 979 870 et
1010 814 1404 881 Tauriucusem,
1430 826 1486 871 et
1535 814 1815 882 Gallicam,
1842 827 1897 873 et
1923 835 2020 873 no-

445 910 614 957 stram
643 895 701 958 S.
750 903 1017 958 Michaelis
1052 905 1263 959 Murani
1311 908 1665 964 monasticam
1713 908 2019 977 Familiam,

444 992 500 1046 in
535 1010 700 1048 unum
735 996 967 1051 ordinem
989 1012 1018 1049 a
1042 996 1341 1053 Romualdo
1366 1000 1667 1053 institutum
1694 1002 2020 1073 redegimus,

445 1095 605 1152 quem
649 1085 828 1139 latiori
858 1087 1250 1156 signiﬁcatione
1275 1088 1748 1159 Cama.’dulensem,
1776 1107 1841 1146 ex
1869 1093 2024 1147 nobi-

444 1173 652 1228 lissimo
670 1190 732 1229 ac
759 1176 1115 1231 celeberrimo
1141 1179 1381 1232 omnium
1408 1179 1524 1234 loco
1546 1192 1755 1251 sumpta
1772 1182 2025 1237 denomi-

449 1263 687 1326 natione,
722 1266 1080 1334 appellamus.
1106 1284 1170 1321 ex
1222 1268 1305 1322 his
1335 1285 1453 1337 qua:
1479 1270 1696 1324 dissert.
1746 1287 1784 1334 ι,
1819 1286 1936 1339 eap.
1965 1272 2020 1336 2,

448 1354 774 1408 notavimus.
806 1353 970 1424 quue
1015 1371 1082 1410 ex
1126 1356 1215 1409 illa
1246 1357 1361 1425 ipsa
1397 1376 1414 1407 ι
1444 1374 1699 1427 germana
1736 1359 2021 1424 cbaritate,

450 1457 611 1510 quam
637 1443 894 1498 Dominus
925 1445 1072 1499 dedit
1102 1446 1241 1499 inter
1268 1446 1697 1513 Avellauensem,
1728 1458 1781 1503 et
1811 1448 2025 1503 Catual-

450 1532 728 1589 dulcnsem
760 1535 1039 1601 familiam,
1066 1556 1084 1589 ι
1109 1535 1234 1605 jure
1253 1538 1455 1607 optimo
1477 1539 1674 1593 factum
1697 1554 1814 1595 esse
1841 1548 2025 1596 osten-

2117 378 2300 418 eorum
2359 365 2452 433 qui
2512 364 2664 419 nobis
2722 364 2777 418 in
2837 363 2953 418 loco
3027 364 3129 419 hoc
3180 364 3485 419 successuri
3540 373 3692 430 sunt,

2119 458 2364 511 notitiam
2393 456 2752 512 transferatur
2780 472 2793 509 :
2824 467 3111 526 quatenus,
3138 458 3241 512 etsi
3272 473 3377 511 non
3405 459 3699 529 contigerit

2119 564 2213 603 eos
2244 550 2309 602 ad
2341 550 2530 604 altiora
2558 550 2941 614 conscendere,
2967 551 3208 603 eamdem
3237 549 3427 604 saltem
3475 551 3695 604 vivendi

2119 640 2382 710 regulam,
2406 657 2566 709 quam
2596 656 2692 695 vos
2734 642 2968 695 tenuisse
3013 641 3320 707 didicerint,
3367 650 3421 694 et
3449 640 3552 710 ipsi
3582 650 3698 693 stn-

2121 730 2277 785 deant
2308 731 2533 786 ﬁdeliter
2557 732 2881 796 observare;
2907 739 2964 784 ut
2991 731 3081 801 qui
3118 731 3468 784 habitationis
3491 729 3700 783 fuerint

2122 834 2497 886 successores,
2563 822 2674 875 sint
2730 819 3073 874 nihilominus
3149 828 3202 873 et
3265 819 3700 874 conversationis

2122 908 2408 981 bzeredes.)
2433 910 2513 965 Ex
2541 925 2646 979 quo
2677 918 2891 965 constat
2930 919 3056 964 ante
3078 910 3191 963 haec
3220 918 3460 979 tempora
3485 910 3705 963 Avella-

2123 1013 2319 1054 nenscs
2342 1001 2598 1055 eremitas
2638 1009 2816 1055 certas
2840 1015 2943 1052 non
2969 998 3222 1052 habuisse
3252 999 3700 1061 constitutiones,

2122 1099 2176 1145 et
2205 1092 2384 1159 petius
2412 1093 2670 1157 moribus,
2705 1107 2865 1161 quam
2892 1091 3099 1160 legibus
3144 1092 3401 1147 deductos
3433 1091 3604 1147 fuisse
3632 1093 3703 1145 ad

2123 1180 2478 1237 obedientium
2508 1184 2627 1237 fidei
2652 1185 2703 1237 in
2744 1182 3022 1247 omnibus;
3049 1197 3154 1236 non
3179 1190 3260 1237 est
3283 1198 3432 1254 ergo,
3460 1183 3606 1252 quod
3635 1197 3701 1237 ex

2124 1273 2593 1327 constitutionibus
2613 1274 2869 1341 probetur
2890 1280 3077 1324 contra
3106 1273 3365 1326 unitatem
3399 1286 3706 1342 congrega-

2126 1358 2328 1413 tionum
2354 1361 2596 1423 istarum,
2624 1361 2749 1413 dum
2784 1375 2880 1414 nec
2903 1360 3027 1424 ista,
3058 1375 3156 1414 nec
3186 1360 3271 1414 illa
3302 1361 3447 1429 ipsas
3474 1360 3702 1423 habuit;

2126 1447 2234 1502 imo
2274 1448 2558 1503 dicendum
2609 1449 2797 1503 ambas
2829 1447 2975 1517 juste
3020 1457 3149 1503 ante
3196 1449 3363 1503 Deum
3402 1451 3703 1505 incessisse

2127 1539 2180 1593 in
2220 1535 2469 1597 omnibus
2517 1541 2779 1595 mandatis
2847 1549 2903 1595 et
2940 1540 3416 1610 justificationibus
3462 1542 3706 1607 Domini,

452 1625 627 1691 ditur;
664 1642 767 1680 non
799 1628 944 1681 enim
973 1627 1099 1690 alio,
1127 1644 1288 1697 quam
1315 1627 1554 1697 ejusdem
1585 1630 1812 1683 instituti
1842 1631 2027 1685 vincu—
2060 1623 2101 1681 Β
2131 1647 2265 1700 quas
2297 1631 2415 1686 illas
2466 1633 2723 1687 docuerat
2755 1631 2812 1686 S.
2845 1631 3199 1697 Romualdus,
3223 1634 3338 1688 sine
3377 1634 3621 1704 querela,
3650 1644 3708 1689 ct

453 1715 528 1783 lo,
554 1720 850 1788 eademque
874 1720 929 1775 S.
958 1720 1013 1774 P.
1042 1721 1326 1776 Romualdi
1355 1724 1646 1792 disciplinae
1665 1725 2006 1782 aemulatione

453 1813 654 1867 sociale
698 1814 872 1869 foedus
904 1815 1183 1885 utriusque
1225 1817 1441 1871 fatuili:e
1477 1818 1773 1873 consistere
1795 1828 2030 1888 poterat,

461 1903 621 1972 quale
651 1905 794 1959 inter
819 1921 937 1970 nos,
985 1915 1040 1960 et
1068 1906 1201 1961 alias
1232 1909 1560 1962 monasticas
1585 1911 2033 1981 congregatioues

453 1996 523 2047 ab
548 1994 738 2048 ordine
770 2005 953 2050 nostro
978 2012 1201 2065 prorsus
1228 1997 1676 2067 iudependeutes,
1720 2015 1823 2054 non
1857 2002 2033 2056 inter-

454 2088 640 2140 cessit.

530 2177 590 2230 ll.
638 2177 990 2250 Prosequitur
1041 2191 1222 2239 autem
1271 2193 1460 2241 auctor
1516 2195 1702 2243 noster
1758 2204 1907 2243 num.
1965 2189 2032 2245 7:

465 2286 482 2319 ι
516 2268 663 2325 Hanc
692 2288 819 2327 vero
848 2275 1110 2329 unitatem
1151 2291 1214 2330 ex
1246 2277 1524 2333 identitate
1553 2279 1749 2350 regula:
1773 2295 1875 2334 non
1906 2296 2034 2349 pro-

455 2358 571 2412 bari
603 2360 807 2431 liquido
833 2377 1091 2434 apparet;
1124 2384 1246 2421 nam
1289 2369 1332 2421 si
1357 2385 1423 2424 cx
1454 2385 1519 2424 co
1560 2370 1701 2438 quod
1753 2373 1939 2425 eadem
1974 2370 2031 2426 S.

457 2447 521 2504 P.
546 2450 817 2508 Benedicti
849 2457 1029 2525 regula
1052 2459 1120 2512 ab
1151 2467 1377 2527 utraque
1406 2461 1823 2531 congregatione
1849 2474 2034 2517 custo-

459 2542 707 2597 diebatur
730 2546 910 2612 nimis,
940 2563 1099 2603 unam
1125 2551 1493 2605 tantummodo
1520 2551 1683 2607 fuisse
1713 2552 1992 2621 conjicitur
2017 2572 2030 2620 ;

461 2633 625 2702 igitur
654 2646 709 2690 et
737 2634 1204 2705 Cisterciensium,
1236 2650 1290 2695 et
1319 2622 1779 2707 Cluniacensium,
1826 2654 1881 2699 et
1916 2645 2036 2700 Val-

458 2724 951 2795 lutubrosanorum,
970 2740 1037 2805 et
1067 2732 1515 2789 Silvestriuorum
1546 2739 1994 2808 congregatioucs
2017 2756 2031 2804 ;

462 2831 583 2885 qua:
609 2832 798 2874 omnes
831 2824 1074 2879 eamdem
1108 2824 1166 2879 S.
1196 2825 1253 2878 Ρ.
1287 2825 1562 2881 Benedicti
1607 2830 1844 2899 regulam
1876 2832 2038 2900 profi-

462 2916 665 2974 tentur,
696 2925 799 2963 non
828 2912 1025 2981 plures,
1049 2915 1141 2968 sed
1168 2927 1272 2968 una
1291 2919 1662 2972 tantummodo
1682 2919 1785 2973 erit
1816 2936 2039 2991 congre-

2133 1722 2223 1777 tali
2257 1733 2413 1791 pacto
2434 1724 2619 1777 ambas
2644 1724 2968 1792 processisse
2995 1722 3046 1776 in
3069 1724 3255 1778 diebus
3277 1724 3408 1779 suis.
3439 1743 3457 1776 ι

2203 1812 2288 1866 IV.
2315 1813 2483 1880 Quam
2502 1812 2871 1882 re'ponsioucm
2891 1812 2968 1867 sic
2989 1811 3376 1866 confutandam
3394 1814 3713 1884 aggreditur

2133 1907 2375 1975 sequenti
2409 1923 2556 1960 num.
2600 1907 2653 1973 9,
2686 1906 2912 1959 dicens:
2963 1922 2981 1955 ι
3012 1905 3116 1958 Sed
3156 1919 3277 1958 cum
3323 1906 3393 1959 ab
3439 1921 3552 1961 uno
3587 1920 3711 1958 ma-

2133 1980 2303 2065 gistro
2344 1995 2747 2049 Avellaucnscm
2795 2003 2849 2048 ct
2894 1993 3362 2049 Camaldulensem
3409 1992 3573 2047 simul
3628 1993 3715 2045 fa-

2135 2085 2336 2140 miliam
2366 2086 2633 2148 volumus,
2685 2099 2781 2138 cur
2830 2083 2999 2149 prima
3030 2081 3098 2136 ab
3148 2082 3248 2136 alia
3288 2082 3499 2152 legibus
3545 2084 3718 2153 coepit

2136 2177 2337 2241 vivere,
2368 2191 2472 2230 non
2503 2175 2879 2231 traditionibus
2902 2174 3202 2228 contenta?
3226 2172 3358 2226 Nam
3393 2188 3541 2227 anno
3572 2173 3717 2227 1040

2136 2268 2220 2323 vel
2268 2268 2509 2332 circiter,
2553 2283 2583 2321 a
2628 2266 2789 2320 Petro
2828 2274 3012 2318 nostro
3056 2264 3300 2318 Damiani
3341 2263 3720 2317 institutiones

2137 2377 2248 2418 sua:
2278 2360 2710 2432 congregationis
2736 2357 3009 2428 inscriptae
3033 2356 3405 2427 perhibentur,
3431 2355 3519 2411 vel
3547 2356 3720 2411 tutius

2138 2468 2280 2507 anno
2331 2452 2473 2519 107l_
2505 2451 2588 2506 vel
2630 2450 2787 2514 1072,
2848 2464 2970 2502 nam
3019 2462 3084 2501 ex
3129 2449 3297 2516 ipsius
3320 2447 3524 2512 verbis,
3552 2449 3719 2503 morti

2137 2545 2439 2615 proximum
2497 2543 2617 2598 illas
2662 2542 2966 2611 scripsisse,
3026 2549 3211 2609 aperte
3251 2538 3556 2610 colligitur:
3589 2540 3720 2593 dum

2138 2638 2417 2706 alloquens
2446 2638 2495 2690 in
2523 2637 2796 2706 prioratus
2817 2634 2991 2689 ofﬁcio
3011 2650 3135 2689 suos
3165 2648 3507 2689 successores
3528 2634 3718 2705 (Ecce,

2139 2728 2285 2791 dicit,
2320 2727 2514 2781 fratres
2559 2726 2685 2791 mei,
2715 2725 2788 2778 fui
2826 2726 2966 2795 quod
3020 2724 3170 2788 estis,
3204 2732 3257 2778 et
3296 2739 3550 2779 emensus
3598 2739 3723 2778 sum

2139 2820 2281 2889 quod
2336 2819 2620 2874 transitis:
2678 2826 2877 2887 praesto
2936 2816 3088 2871 vobis
3141 2826 3266 2870 sunt
3306 2831 3425 2885 qua:
3470 2816 3718 2880 deserui,

2139 2912 2495 2981 prepinquum
2547 2919 2629 2965 est
2658 2925 2764 2979 quo
2815 2909 3080 2979 perveni),
3128 2917 3181 2961 et
3234 2922 3374 2961 anno
3418 2908 3726 2961 centesimo

462 2999 627 3068 gotio.
656 2999 774 3066 Quo
802 3003 932 3056 nihil
960 3004 1246 3060 absurdius
1267 3008 1368 3060 dici
1399 3017 1594 3075 potest.
1628 3030 1647 3061 ι
1692 3009 1756 3063 At
1800 2984 1958 3064 nemo
1982 3012 2035 3064 in
2066 2984 2109 3044 Ο
2141 3019 2300 3074 supra
2347 3004 2710 3067 ηιὶιιθὸίιηηηι,
2758 3010 2811 3055 (ξι
2869 3001 3025 3063 ιιΙΙΓειι
3067 2999 3307 3069 τεειιιωη
3354 2998 3723 3063 εΐθηιίίίοδηῖο

464 3088 704 3143 animum
738 3091 968 3155 induxit,
994 3103 1050 3147 ut
1081 3109 1147 3148 ex
1177 3096 1290 3149 sola
1311 3096 1672 3152 Beuedictinte
1699 3100 1895 3167 regqu
1922 3117 2042 3170 pro-

464 3178 700 3236 fossione
738 3181 963 3238 Fontem
1002 3183 1272 3239 Avellana:
1318 3187 1381 3239 ad
1415 3187 1900 3243 Camaldulensium
1959 3191 2038 3245 in-

467 3271 712 3327 stitutum
735 3274 1007 3340 pertinere
1037 3272 1321 3332 deduceret
1349 3294 1362 3330 :
1397 3278 1498 3331 nisi
1526 3279 1808 3334 forteillod
1831 3276 2045 3338 aliunde

467 3362 591 3428 quis
645 3362 923 3431 adjiceret,
962 3374 1054 3417 aut
1089 3366 1277 3420 saltem
1315 3377 1659 3438 supponeret,
1715 3369 2046 3427 Avellanitas

467 3451 801 3504 ereutiticam
837 3452 1053 3523 insuper
1075 3457 1243 3510 vitam
1271 3458 1520 3523 coluisse,
1554 3458 1704 3526 cujus
1725 3460 1790 3513 ad
1818 3461 2043 3515 Benedi—

468 3542 628 3596 ctina:
677 3544 871 3614 regula:
900 3560 1137 3601 canones
1185 3550 1492 3618 conjunctio
1537 3550 1708 3604 solum
1751 3552 1807 3604 S.
1843 3551 1902 3606 P.
1942 3553 2048 3607 Ro-

471 3635 743 3690 mualdom
773 3646 1069 3706 auctorem,
1097 3650 1153 3695 et
1190 3641 1550 3697 institutorem
1577 3644 1838 3713 agnoscit,
1861 3661 2049 3713 quent-

468 3728 757 3784 a.lutodum
808 3733 1022 3787 dissert.
1064 3749 1122 3798 ι,
1153 3750 1273 3805 cap.
1308 3733 1376 3798 5,
1413 3751 1562 3788 num.
1605 3735 1692 3799 10,
1736 3734 2047 3790 observavi-

472 3835 614 3875 mus.
652 3821 765 3887 Qua
808 3825 1019 3877 ratione
1059 3833 1209 3893 patet
1248 3825 1446 3880 nullam
1488 3841 1608 3881 esse
1641 3827 1709 3882 ab
1736 3827 2050 3883 Avellanitis

472 3912 540 3965 a-J
591 3921 815 3966 caeteros
876 3914 1189 3980 monachos,
1240 3930 1376 3984 quos
1422 3927 1664 3973 recenset
1697 3918 2048 3985 Laderchius,

471 4002 873 4058 deductionem.

545 4099 626 4154 Ill.
669 4099 850 4172 Pergit
877 4108 1054 4155 tamen
1106 4099 1316 4156 num.8
1362 4114 1434 4154 ε(
1488 4098 1682 4166 Minus,
1737 4100 1931 4170 inquit,
1983 4116 2051 4156 ex

2141 3102 2360 3147 auctore
2408 3092 2708 3163 Augustino
2763 3090 3044 3153 Fortu‘nio,
3107 3087 3468 3158 promulgavit
3532 3089 3596 3142 Β.
3659 3088 3725 3143 Ρ.

2142 3185 2455 3254 Rodulphus
2483 3183 2651 3239 eremi
2697 3181 3121 3236 CamaLluIensis
3147 3181 3315 3249 prior,
3347 3179 3731 3234 consentiente

2143 3273 2485 3344 ilelemperto
2534 3273 2786 3343 episcopo
2839 3271 3077 3324 Aretino.
3135 3269 3200 3322 Et
3229 3268 3294 3321 ad
3328 3268 3456 3338 quid
3488 3268 3731 3336 perditio

2144 3364 2260 3418 haec
2288 3377 2439 3416 nova:
2466 3362 2731 3431 Rodulphi
2765 3360 2978 3427 regulae,
3025 3358 3068 3412 si
3099 3373 3166 3411 ex
3200 3367 3324 3410 tunc
3353 3364 3559 3409 tantum
3593 3365 3733 3410 teut-

2146 3451 2289 3522 poris
2317 3451 2461 3504 illam
2492 3450 2854 3503 monumentis
2885 3447 3075 3501 Petrus
3106 3445 3167 3499 N.
3205 3445 3451 3499 Damiani
3492 3446 3731 3499 manda-

2144 3542 2340 3595 verat?
2392 3542 2459 3606 si,
2505 3550 2565 3595 ut
2614 3541 2951 3609 supponitur,
3016 3540 3260 3592 eamdem
3307 3537 3504 3607 ipsum,
3561 3553 3733 3608 quant

2147 3632 2454 3686 habuerunt
2491 3647 2555 3686 ex
2587 3646 2683 3685 ore
2717 3629 2886 3683 sancti
2937 3627 3215 3681 Romualdi
3266 3626 3734 3695 Catualduleuscs,

2149 3731 2203 3776 et
2234 3722 2614 3777 Avellaueuses
2645 3736 2856 3790 quoque
2878 3716 3245 3785 acceperunt?
3274 3737 3292 3768 ι
3331 3715 3455 3770 [hcc
3482 3715 3591 3770 ille.

2222 3816 2285 3868 V.
2328 3816 2385 3869 lu
2430 3815 2624 3885 quibus
2659 3814 2834 3883 printo
2870 3809 3194 3865 dissimulari
3238 3824 3344 3862 non
3388 3809 3547 3863 debet
3587 3808 3735 3864 scri-

2149 3914 2357 3975 ptorem
2385 3906 2527 3959 hunc
2560 3905 2608 3958 in
2648 3900 2920 3972 probanda
2956 3897 3432 3970 congregationum
3455 3898 3739 3954 Avellaua:

2150 4005 2205 4050 et
2234 3993 2530 4048 Camalduli
2564 3999 2793 4063 (nempe
2820 4004 2988 4044 sacrae
3025 3989 3192 4042 eremi
3239 3988 3503 4058 Etruriae)
3531 3989 3737 4043 distin-

2152 4064 2351 4150 ctione,
2384 4085 2593 4139 inanem
2642 4098 2864 4151 Operam
2900 4081 3103 4142 ludere,
3149 4094 3270 4134 cum
3300 4079 3353 4132 id
3389 4079 3441 4133 in
3471 4080 3735 4148 quazstio-

472 4192 756 4248 ideutitate
777 4171 1223 4248 constitutionem
1249 4199 1464 4247 constat
1492 4207 1596 4245 non
1627 4192 1842 4262 probari
1888 4173 2101 4247 talem.
2153 4191 2278 4230 “em
2328 4176 2546 4228 ιιιίηῖιηθ
2606 4174 2781 4236 cadi“:
2826 4173 2918 4227 δοά
2974 4180 3222 4262 “mimi
3256 4183 3333 4262 all
3381 4177 3617 4238 um"lue
3664 4171 3741 4226 ad

474 4285 761 4347 unitatem,
810 4301 908 4354 per
936 4296 1074 4355 quas
1107 4284 1523 4339 constitutiones
1563 4298 1895 4354 unaquaeque
1924 4299 2053 4339 con-

474 4375 714 4444 gregatio
738 4372 915 4428 difl‘crt
947 4374 1016 4428 ab
1041 4373 1167 4437 alia,
1198 4374 1339 4428 sicut
1368 4371 1519 4427 stella
1550 4387 1581 4426 a
1611 4371 1796 4435 stella;
1830 4387 1953 4425 nam
1981 4373 2048 4435 si,

478 4482 602 4520 cum
645 4466 949 4536 Augustino
976 4465 1257 4528 Fortunio,
1293 4464 1352 4518 S.
1389 4462 1745 4517 Romualdum
1787 4464 2052 4517 constitu-

477 4559 652 4611 tioues
677 4572 779 4610 non
811 4556 1040 4611 edidisse
1071 4554 1323 4619 fatemur,
1355 4564 1405 4608 et
1431 4552 2055 4608 suisCamaldulensibus

477 4663 586 4701 non
641 4647 948 4710 tradidisse,
1000 4645 1164 4715 igitur
1200 4660 1308 4698 non
1338 4651 1414 4697 est
1467 4643 1654 4697 eadem
1697 4657 1818 4695 cum
1847 4641 2056 4695 Avella-

477 4740 630 4795 neusi
670 4739 1095 4794 (Iantaldu’leusis
1141 4735 1515 4806 congregatio;
1547 4749 1669 4787 nam
1704 4732 1811 4794 illa,
1846 4732 1925 4787 uti
1971 4732 2055 4785 vi-

479 4830 719 4894 debitur,
752 4829 1000 4898 proprias
1054 4828 1420 4895 institutiones
1473 4825 1681 4886 habuit,
1726 4838 1883 4878 secus
1929 4823 2056 4878 ista.

479 4920 617 4988 Quid
657 4919 900 4973 dicemus
950 4919 1018 4972 ad
1057 4918 1218 4973 haec?
1258 4915 1722 4985 Respondebimus
1748 4925 1878 4965 sane
1932 4927 2060 4966 sau-

480 5022 628 5066 ctum
659 5006 1014 5063 Romualdum
1038 5006 1217 5061 nullas
1245 5006 1459 5061 deuisse
1495 5001 1931 5064 constitutiones,
1966 5001 2061 5055 sed

478 5117 583 5156 nec
615 5100 752 5155 ullas
803 5098 1074 5161 habuisse,
1112 5112 1216 5151 non
1261 5096 1433 5151 solum
1481 5091 1937 5156 Camalduleoses,
1964 5090 2058 5144 sed

481 5208 580 5248 nec
613 5191 1016 5245 Avellancnses.
1068 5189 1136 5243 Et
1164 5188 1266 5242 hoc
1312 5203 1377 5242 ex
1414 5188 1529 5258 ipso
1568 5187 1733 5240 Petro
1784 5183 2054 5246 Damiani,

482 5285 574 5350 qui
607 5284 659 5338 in
685 5297 871 5350 opusc.
906 5281 981 5337 Dc
1014 5281 1203 5335 ordine
1231 5280 1577 5335 creiuitarum
1602 5276 1792 5332 Fontis
1813 5274 2057 5331 Avellani

2153 4266 2401 4321 eun‘idem
2431 4266 2678 4320 ordinem
2721 4279 2749 4316 a
2782 4264 2837 4318 S.
2884 4260 3181 4315 Romualdo
3210 4259 3544 4323 institutum,
3572 4275 3739 4328 quem

2157 4356 2624 4414 Camulduleuscm
2656 4355 2905 4418 dicimus,
2937 4350 3246 4419 pertineat?
3290 4348 3496 4403 Focum
3552 4349 3742 4419 itaque

2158 4451 2452 4507 lectoribus
2480 4447 2628 4512 facit,
2658 4447 2784 4501 dum
2816 4445 2974 4499 anxie
2998 4442 3241 4511 inquirit,
3274 4456 3340 4493 an
3370 4450 3634 4508 utraque,
3668 4456 3740 4496 an

2159 4550 2352 4596 neutra
2413 4540 2603 4593 eodem
2670 4545 2910 4603 tempore
2983 4531 3200 4601 scriptis
3252 4528 3743 4584 constitutionibus

2162 4632 2378 4694 vixerit,
2408 4638 2464 4684 et
2491 4645 2558 4681 an
2590 4625 2857 4693 superﬂuo
2897 4622 3079 4674 labore
3107 4617 3405 4674 Camalduli
3435 4626 3741 4672 consuetu-

2159 4724 2314 4777 dines
2340 4722 2397 4774 Β.
2440 4718 2750 4786 Rodulpbus
2790 4711 3085 4780 scripserit.
3137 4717 3419 4779 postquam
3471 4707 3748 4763 Avellauzn

2160 4812 2528 4867 institutiones
2561 4808 2618 4863 S.
2664 4806 2853 4859 Petrus
2904 4801 3148 4856 Damiani
3180 4800 3520 4855 dictaverat?
3570 4799 3746 4866 Quasi

2162 4919 2291 4957 vero
2337 4901 2465 4955 hinc
2512 4898 2720 4954 ordinis
2752 4896 2931 4949 unitas
2973 4892 3232 4960 pendeat;
3261 4905 3383 4943 cum
3434 4890 3602 4944 nimis
3629 4889 3750 4945 evi-

2163 4968 2295 5047 dens
2356 4992 2427 5046 sit
2482 5000 2588 5045 tam
2637 4986 2836 5042 multas
2884 4984 3084 5054 passim
3145 4994 3435 5037 occurrere
3497 4981 3749 5050 ejusdem

2159 5085 2367 5139 ordinis
2391 5081 2857 5152 congregatiooes,
2888 5090 3007 5144 qua:
3034 5089 3141 5127 non
3172 5074 3384 5137 iisdem,
3416 5086 3520 5126 nec
3550 5073 3747 5126 eodem

2170 5188 2408 5245 tempore
2448 5174 2664 5244 scriptis
2715 5166 3143 5224 institutionibus
3183 5173 3404 5217 utantur
3435 5180 3447 5214 :
3481 5162 3751 5231 quemadc

2170 5267 2384 5322 modum
2429 5265 2546 5318 alite
2597 5269 2721 5316 sunt
2776 5254 3241 5326 Capuccinorum,
3296 5251 3413 5304 alia:
3468 5251 3751 5305 minorum
