3982 5350
199 315 270 370 ες
1145 319 1682 378 ΡΒΟΒΕΟΟΜΕΝᾹ.
1723 349 1792 360 --—
1833 324 1924 375 DE
1949 321 2330 400 .lNSTlTUTO
2369 321 2766 384 CAMALDL'L.
3199 321 3208 334 ’
3421 341 3488 395 6f.

199 429 316 484 a'lizn
349 423 812 486 Excalceaturum
829 434 1282 500 constitutiones;
1319 436 1446 490 item
1471 435 1590 489 alim
1629 434 1788 490 Nudi-
1825 441 1866 500 Α
1899 433 2102 500 primas
2143 433 2396 490 Patribus
2422 439 2784 510 promulgavit
2811 443 3226 502 constitutiones
3251 489 3264 512 ,
3289 449 3487 518 quibus

197 519 396 589 pedum
421 521 954 590 Augustiniensimu,
985 524 1102 578 alia:
1133 527 1612 596 congregatiomnu
1643 534 1790 582 vete-

195 611 270 664 ris
296 610 606 666 Eremitani
631 613 862 668 instituti
889 617 1202 683 sequacium
1237 617 1660 670 consuetudines
1691 635 1703 670 :
1733 627 1793 672 ut

193 701 328 756 nihil
377 703 452 758 de
517 705 846 770 monastico,
907 707 1040 760 nihil
1109 709 1178 762 de
1227 707 1343 777 ipso
1392 709 1791 763 Camalduleusi

194 795 390 852 ordine
421 796 700 866 adjiciam,
735 799 785 852 in
817 813 924 867 quo
960 800 1048 854 alii
1076 810 1202 855 sunt
1247 803 1663 864 cmuobitarum,
1699 802 1790 858 alii

193 886 557 940 eremitarum
601 903 770 942 sacrm
829 891 996 944 eremi
1049 891 1301 958 Etruria),
1347 893 1435 944 alii
1493 909 1788 964 congrega-

195 976 360 1030 tionis
416 978 628 1033 montis
671 979 916 1044 Coronae,
948 981 1038 1036 alii
1069 983 1302 1052 denique
1343 983 1788 1048 Taurinensium,

193 1066 278 1120 alii
330 1067 626 1123 Gallorum
669 1073 1020 1126 eremitarum
1071 1073 1284 1127 vivendi
1333 1089 1528 1140 mores,
1577 1075 1790 1130 tametsi

193 1155 450 1211 eumdem
499 1173 698 1215 omnes
750 1175 1090 1216 communem
1141 1163 1356 1218 Patrem
1407 1166 1788 1232 ltomualdum,

192 1263 412 1318 sumque
434 1253 872 1307 conversationis
895 1255 1210 1325 magistrum
1229 1267 1548 1326 agnoscant,
1578 1259 1790 1314 eodem-

193 1354 292 1410 que
313 1341 826 1398 Camaldulensium
849 1347 1174 1416 cognomine
1201 1347 1524 1417 glorientur.

263 1431 347 1484 Vl.
397 1431 684 1498 Secundo,
712 1451 836 1490 cum
867 1451 932 1490 ex
979 1437 1138 1492 dictis
1159 1439 1374 1493 dissert.
1403 1455 1444 1504 ι,
1467 1455 1516 1494 c.
1549 1441 1606 1506 2,
1635 1457 1785 1496 num.

195 1523 278 1586 Η,
319 1527 512 1578 omnia
562 1527 780 1595 pridem
833 1529 1184 1596 monasteria,
1217 1531 1370 1599 quasi
1405 1533 1624 1586 totidem
1661 1549 1790 1587 con-

193 1615 568 1684 gregationes,
621 1619 717 1672 abs
767 1633 826 1674 se
862 1620 1092 1675 invicem
1145 1622 1558 1690 independeutia
1611 1625 1788 1679 consi-

193 1717 420 1772 sterenl,
473 1724 781 1780 congruum
825 1721 945 1766 erat
1013 1713 1278 1784 profecto,
1311 1724 1368 1768 ut
1415 1715 1624 1786 singula
1674 1717 1788 1772 suis

1902 525 2080 576 OllllIlS
2114 540 2238 580 vere
2265 528 2599 584 cmuobitictc
2629 531 2975 588 instituenda:
3023 536 3146 590 vita:
3177 539 3442 594 rationem
3469 583 3484 606 ,

1901 623 2012 666 tam
2055 618 2232 684 quoad
2265 618 2468 684 divina,
2501 637 2662 689 quam
2714 625 2892 692 quoad
2921 642 3120 694 mores,
3171 640 3302 698 etc.,
3328 635 3486 702 quin-

1897 717 2004 772 que
2051 703 2202 760 libris
2231 709 2542 778 complexus
2582 723 2684 766 est.
2720 733 2738 764 ι
2787 715 2972 786 itaque
3017 719 3104 774 hic
3147 721 3252 776 dici
3303 736 3486 793 posset

1897 813 2019 852 cum
2045 797 2382 856 Laderchio:
2419 822 2438 853 ε
2465 804 2632 874 Igitur
2655 823 2758 862 non
2788 819 2871 864 est
2897 813 3086 868 eadem
3119 832 3240 871 cum
3278 822 3478 876 eremi-

1899 897 2076 943 tarum
2098 893 2590 952 Camaldulensium
2613 905 3032 972 congregatione
3056 906 3484 968 Camaldulcnsis

1898 983 2286 1038 monachorum
2321 993 2668 1060 congregatio
2692 1033 2704 1054 ,
2739 1009 2862 1048 nam
2899 997 3011 1062 illa,
3045 1000 3118 1052 uti
3149 1001 3318 1056 visum
3349 1015 3432 1060 est
3465 1046 3480 1069 ,

1895 1075 2146 1142 proprias
2197 1075 2560 1134 institutiones
2592 1081 2778 1138 habuit
2816 1085 2866 1154 (a
2899 1094 3140 1157 tempore
3185 1093 3242 1145 Β.
3275 1093 3480 1150 [ιυιιυι-

1895 1161 2024 1230 phi,
2073 1177 2246 1232 usque
2291 1167 2360 1220 ad
2405 1169 2564 1240 1254)
2611 1186 2768 1227 secus
2797 1175 2896 1228 ista
2949 1179 3118 1246 :quid
3147 1181 3387 1240 dicemus
3414 1187 3482 1240 ad

1897 1251 2046 1306 lucc?
2075 1272 2096 1304 ι
2135 1253 2348 1310 Pariter
2381 1273 2502 1312 cum
2545 1262 2734 1316 eodem
2788 1264 3088 1322 Laderchio
3115 1271 3218 1324 dici
3253 1285 3432 1340 posset
3463 1295 3476 1328 :

1903 1360 1921 1392 ι
1957 1341 2062 1398 Sed
2106 1359 2226 1400 cum
2261 1347 2329 1402 ab
2359 1365 2466 1402 uno
2503 1353 2762 1422 magistro
2790 1358 3141 1412 eremitarum
3168 1399 3180 1424 ,
3207 1370 3262 1415 et
3293 1379 3480 1418 [nona-

1897 1431 2124 1486 chorum
2156 1433 2652 1494 Camaldulensium
2679 1481 2692 1504 ,
2718 1443 2876 1496 simul
2909 1446 3170 1502 familiam
3200 1451 3476 1518 volumus,

1897 1535 1995 1576 cur
2042 1523 2216 1591 prima
2247 1526 2314 1580 ab
2345 1526 2451 1582 alia
2481 1528 2690 1596 legibus
2713 1533 2876 1603 cmpit
2925 1537 3106 1592 vivere
3127 1579 3140 1602 ,
3171 1555 3273 1594 non
3309 1543 3478 1597 tradi-

1899 1612 2136 1668 tionibus
2161 1619 2457 1672 coutenta?
2485 1620 2550 1674 Et
2577 1623 2644 1676 ad
2677 1625 2803 1690 quid
2839 1628 3070 1694 perditio
3109 1630 3222 1684 ιιωο
3243 1649 3395 1688 nova:
3415 1634 3477 1688 Β.

1895 1701 2120 1758 Martini
2145 1705 2210 1758 Ill
2239 1707 2452 1777 regulae,
2483 1711 2526 1764 si
2557 1727 2620 1764 ex
2655 1723 2780 1767 tunc
2813 1725 3018 1772 tantum
3051 1723 3306 1790 temporis
3333 1725 3477 1780 illam

195 1799 684 1855 constitutionibus
707 1803 928 1872 scriptis
957 1813 1260 1870 uterentur,
1293 1806 1479 1874 quales
1507 1823 1572 1858 ex
1605 1807 1785 1861 multis

1897 1797 2262 1850 monumentis
2293 1797 2354 1852 Β.
2382 1798 2696 1870 Βοιιυὶμιιυε
2723 1807 3116 1863 mandaverat?
3143 1811 3197 1864 Si
3217 1851 3230 1876 ,
3267 1823 3324 1866 ut
3351 1829 3480 1884 stip-

193 1903 316 1941 mss.
371 1900 782 1946 commemorat
821 1891 1060 1948 Marteue
1109 1896 1176 1950 de
1212 1897 1450 1964 antiquis
1493 1897 1788 1950 monacho-

191 1993 302 2031 rum
333 1981 559 2044 ritibus,
594 1991 724 2050 puta
753 1981 1130 2050 Corbeienscs,
1168 1986 1539 2051 Divioneuses,
1571 1985 1790 2040 Tullen-

193 2085 290 2132 ses,
319 2069 820 2140 Compendienses,
875 2073 1286 2140 Laudunenses,
1322 2074 1612 2144 Lyrenses,
1655 2085 1786 2140 etc.,

191 2176 350 2228 quare
363 2162 510 2230 quid
533 2164 758 2230 mirum,
785 2165 828 2218 si
853 2163 1279 2220 Camaldulensis
1299 2181 1514 2232 erenius
1542 2166 1790 2234 preprias

193 2253 370 2306 habuit
395 2255 850 2320 consuetudines,
883 2257 1120 2325 itemque
1134 2257 1380 2326 pr0prias
1407 2255 1600 2310 Fontis
1629 2256 1790 2312 Avel-

193 2341 322 2396 laua:
341 2344 594 2398 solitudo
618 2355 888 2411 servaret,
917 2347 1092 2416 primo
1119 2347 1336 2415 quidem
1367 2361 1432 2400 ex
1466 2345 1580 2400 sola
1624 2345 1792 2400 tradi-

195 2434 331 2488 tione
387 2450 498 2504 per
546 2435 909 2490 Romualdum
981 2445 1264 2506 acceptas,
1320 2437 1516 2490 deinde
1569 2435 1788 2505 scriptis

193 2524 490 2591 expositas,
547 2523 732 2592 primo
797 2525 1012 2595 quidem
1077 2541 1106 2578 a
1165 2525 1330 2580 Petro
1389 2526 1632 2580 Damiani
1689 2541 1788 2594 pro

191 2615 536 2681 Avellanitis,
569 2615 850 2685 aliquanto
879 2627 1058 2670 autem
1115 2617 1292 2671 serius
1321 2631 1351 2669 a
1398 2616 1460 2668 Β.
1497 2616 1784 2686 Rodulpho

193 2722 282 2774 pro
305 2706 830 2762 Camaldulensibus
851 2709 874 2760 ?
899 2708 1010 2762 Etsi
1037 2707 1184 2761 enim
1215 2721 1406 2761 omnes
1429 2721 1537 2775 quo
1565 2707 1634 2760 ad
1658 2708 1788 2762 sub-

193 2798 446 2850 stantiam
473 2797 854 2862 convenirent,
887 2813 982 2868 pro
1035 2798 1314 2866 regionum
1349 2807 1528 2852 tamen
1559 2799 1788 2854 diversi-

195 2899 314 2954 tate,
345 2899 572 2960 poterat
615 2891 670 2944 in
723 2891 1150 2946 circumstantiis
1179 2891 1450 2960 quidpiam
1475 2907 1786 2958 occurrere,

195 2984 324 3052 quod
349 2983 512 3038 varie
534 2983 1054 3038 accommodandum
1083 2993 1228 3038 esset
1255 2983 1408 3047 locis,
1459 2985 1790 3054 temporibus

197 3083 348 3142 atque
381 3074 664 3143 personis.
700 3072 852 3139 Quod
877 3081 932 3126 et
981 3073 1034 3126 in
1066 3081 1254 3127 nostro
1278 3088 1408 3127 casu
1442 3073 1782 3143 potissimum

1889 1882 2128 1951 ponitur,
2159 1887 2404 1940 eamdem
2437 1887 2638 1956 ipsam,
2667 1906 2826 1959 quam
2853 1893 3156 1952 habuerunt
3185 1917 3250 1954 ex
3287 1917 3382 1956 ore

1891 1971 2174 2026 Romualdi
2203 1978 2463 2054 ercmilm,
2491 1987 2542 2031 et
2567 1967 2816 2042 monachi
2843 1998 3056 2054 quoque
3079 2002 3424 2057 acceperunt.
3447 2013 3468 2044 ι

1891 2062 1958 2116 Et
1989 2075 2166 2120 tamen
2207 2082 2314 2119 non
2363 2069 2519 2124 modo
2547 2070 2613 2124 ad
2653 2074 2901 2128 eun'idem
2941 2078 3228 2144 ordinem,
3285 2084 3374 2136 sed
3405 2085 3474 2138 ad

1891 2157 2138 2210 eamdem
2179 2167 2304 2212 tunc
2355 2160 2640 2216 indivisam
2669 2202 2683 2226 ,
2715 2165 2878 2218 etiam
2927 2171 3128 2236 quoad
3171 2181 3470 2228 extremum

1893 2247 2152 2316 regimen,
2189 2251 2694 2319 congregationem,
2725 2257 3011 2311 cceuobita:
3039 2260 3282 2328 pariter,
3311 2274 3472 2333 atque

1891 2339 2130 2392 eremitae
2159 2340 2596 2398 Camaldulenses
2619 2349 2983 2415 pertinebant.

1965 2429 2095 2482 Vill.
2137 2431 2204 2484 At
2243 2445 2310 2484 ne
2359 2431 2411 2485 in
2441 2433 2658 2489 diverso
2690 2438 2809 2492 vitae
2849 2455 3076 2510 genere,
3132 2447 3273 2513 quod
3301 2447 3386 2512 hi,
3417 2459 3472 2504 et

1892 2515 1966 2570 illi
1992 2518 2092 2572 sub
2117 2519 2276 2572 unius
2303 2521 2428 2574 licet
2451 2529 2890 2594 congregationis
2921 2530 3180 2600 regimine
3205 2536 3468 2604 viventes,

1891 2611 2275 2678 sequebantur,
2315 2611 2554 2682 aliquam
2575 2620 2876 2685 argumenti
2901 2622 3271 2691 disparitatem
3311 2631 3472 2683 cavil-

1891 2699 2024 2766 lari,
2057 2703 2180 2771 quis
2210 2705 2406 2772 possit,
2441 2717 2632 2774 quarto
2680 2711 3090 2769 observabimus
3112 2757 3124 2780 ,
3159 2718 3208 2770 in
3254 2721 3472 2776 eadem-

1891 2801 2004 2844 met
2028 2797 2464 2865 congregatione,
2497 2816 2560 2852 ac
2585 2802 2684 2856 sub
2709 2804 2898 2858 eodem
2939 2811 3200 2875 generali,
3232 2827 3330 2868 nec
3359 2831 3466 2871 non

1893 2880 1945 2934 in
1982 2880 2222 2948 ejusdem
2267 2885 2564 2955 disciplina:
2593 2907 2824 2960 genere,
2859 2897 3143 2952 niilitantia
3177 2900 3294 2955 loca
3321 2944 3334 2968 ,
3385 2905 3472 2958 di-

1892 2986 2079 3027 versas
2103 2976 2423 3045 quandoque
2450 2981 2866 3038 constitutiones
2890 2989 3196 3055 regionibus
3223 2991 3325 3045 illis
3347 3009 3475 3048 cou-

1893 3071 2146 3128 gruentcs
2177 3064 2376 3120 habere
2419 3076 2474 3120 et
2527 3084 2744 3124 servare
2791 3077 3152 3130 consuevisse.
3193 3080 3286 3134 Sic
3327 3082 3470 3138 idem

197 3165 440 3218 evenisse
495 3171 738 3226 consul,
785 3179 908 3216 nam
961 3163 1076 3232 ipse
1123 3163 1420 3217 Damianus
1469 3178 1658 3232 ορυεε,
1714 3179 1781 3216 κν
1814 3161 1855 3221 ρ
1891 3151 2152 3206 Martinus
2184 3155 2280 3220 ΙΙΙ,
2313 3157 2402 3226 qui
2450 3173 2592 3214 anno
2623 3160 2776 3225 1234-,
2809 3175 2866 3218 ut
2891 3166 3196 3232 retulimus,
3229 3172 3472 3226 omnium

199 3255 410 3322 latetur,
469 3271 578 3310 non
629 3263 785 3311 extra
837 3269 1100 3321 ert-mum,
1155 3255 1356 3324 inqua
1409 3254 1657 3324 degebat,
1723 3270 1781 3310 se

201 3352 614 3406 constitutiones
643 3365 770 3405 suas
807 3349 1142 3404 extendere:
1186 3369 1204 3400 ι
1227 3347 1340 3402 Nec
1393 3357 1525 3412 tam,
1551 3349 1680 3418 quid
1715 3350 1782 3403 ab

199 3442 434 3496 eremitis
463 3441 582 3494 ﬁeri
627 3441 840 3504 debeat,
889 3441 1124 3510 generali
1159 3440 1478 3494 deﬁnitione
1529 3442 1780 3510 prtescri-

205 3535 392 3598 bimus,
421 3549 591 3605 quam
633 3533 762 3602 quid
789 3534 840 3587 in
871 3533 969 3587 hac
989 3547 1175 3588 eremo
1197 3532 1310 3597 ﬁat,
1355 3547 1476 3586 cum
1500 3532 1636 3597 loco,
1670 3517 1780 3585 tmu

209 3639 439 3693 persona:
501 3623 814 3695 specialiter
869 3623 1252 3677 iutimamus.»
1305 3621 1674 3691 Similiterque
1719 3621 1780 3676 Β.

207 3714 468 3786 Rodulphi
523 3725 730 3770 statuta
785 3731 890 3769 non
935 3715 1073 3768 ultra
1135 3729 1348 3768 sacram
1403 3729 1676 3776 cremum,
1729 3722 1784 3767 et

199 3823 462 3862 annexum
507 3808 825 3862 Fontisboni
859 3808 1191 3871 cmnobium,
1237 3821 1390 3859 suam
1433 3807 1535 3858 vim
1565 3819 1782 3860 exerce-

199 3901 339 3968 bant,
365 3904 586 3957 dicente
611 3903 760 3957 Luca
789 3900 1028 3970 Hispano
1053 3899 1254 3953 Hister.
1282 3898 1570 3953 Romuald.
1619 3899 1710 3952 lib.
1743 3913 1778 3957 ι,

201 4009 306 4063 cap.
339 3997 411 4050 12
438 4013 450 4048 :
491 4014 510 4045 ι
540 3991 676 4046 Nam
707 3992 822 4056 illa,
853 4008 972 4061 quae
993 3993 1132 4061 apud
1167 3991 1506 4059 Rodulphum
1531 3997 1636 4052 est,
1659 3989 1783 4042 sub-

196 4086 440 4156 iectionis
501 4086 828 4140 constitutio
875 4085 1018 4137 nitra
1068 4082 1388 4137 Fontisboni
1441 4081 1780 4134 habitatores

201 4192 292 4230 non
310 4178 648 4232 extenditur.
691 4195 710 4226 ι
739 4175 880 4228 Nihil
913 4189 1044 4245 ergo
1089 4174 1338 4243 cogebat,
1367 4181 1424 4226 ut
1473 4171 1634 4225 unius
1683 4172 1784 4225 loci

199 4269 610 4323 constitutiones
661 4267 727 4321 ad
756 4267 978 4320 alterius
1019 4265 1124 4320 loci
1164 4265 1410 4319 notitiam
1445 4265 1781 4328 devenirent,

199 4361 384 4413 nedum
413 4369 604 4428 atquae
630 4359 684 4412 in
709 4373 816 4410 uno
835 4356 1324 4427 promulgarentur,
1359 4355 1414 4408 in
1451 4355 1558 4410 alio
1601 4355 1784 4409 statim

198 4465 444 4518 recepzae,
464 4451 596 4502 inibi
627 4447 888 4517 degentes
915 4447 1178 4502 continuo
1201 4445 1522 4515 obligarent.

1889 3245 2275 3300 menachorum
2324 3252 2740 3308 constitutiones
2777 3259 3122 3325 compilavit,
3165 3260 3278 3328 jam
3327 3280 3471 3320 anno

1889 3336 2048 3400 12'13,
2077 3353 2174 3406 pro
2210 3340 2324 3394 solo
2349 3343 2600 3400 cuinobio
2639 3345 2698 3400 S.
2729 3348 2940 3404 Mathiae
2993 3353 3200 3408 Murani
3231 3359 3468 3425 peculia-

1887 3445 1976 3482 res
2000 3433 2416 3490 constitutiones
2444 3439 2725 3494 addiderat
2751 3483 2764 3506 ,
2801 3459 2919 3512 qum
2946 3445 3046 3515 legi
3083 3462 3306 3516 possunt
3331 3453 3474 3521 apud

1885 3520 2227 3591 Fortunium,
2267 3525 2404 3581 illst.
2435 3528 2672 3584 Camald.
2721 3545 2858 3602 part.
2909 3551 2970 3599 ιι,
3003 3537 3094 3590 lib.
3139 3555 3232 3602 ιιι,
3267 3520 3384 3610 cap.
3416 3542 3474 3596 5.

1885 3616 1998 3671 lino
2029 3629 2215 3674 notare
2240 3621 2394 3690 juvat
2448 3627 2663 3680 eosdem
2694 3628 2838 3696 ipsos
2895 3631 3210 3700 religiosos,
3242 3635 3470 3688 iisdem--

1885 3723 1990 3776 que
2025 3709 2156 3764 iOL'iS
2186 3722 2442 3780 agentes,
2483 3729 2580 3781 pro
2612 3717 2756 3769 varia
2790 3727 3090 3787 temporum
3123 3724 3468 3791 conditione,

1885 3815 2012 3854 suas
2043 3803 2462 3856 constitutiones
2491 3805 2690 3872 passim
2728 3810 3002 3862 innovare.
3051 3811 3140 3863 Sic
3167 3811 3224 3863 B.
3261 3811 3470 3868 Rodnl-

1886 3889 2059 3957 phus,
2097 3901 2217 3958 post
2265 3893 2470 3959 primas
2509 3896 2943 3962 constitutiones,
2994 3898 3221 3954 alteram
3273 3903 3469 3960 deinde

1859 4037 1862 4040 ἠ
1889 3981 2156 4034 mitiorem
2187 3983 2400 4046 vivendi
2429 3985 2666 4054 regulam
2689 3989 2802 4040 suis
2821 3990 3064 4044 eremitis
3085 3995 3384 4060 proposuit,
3411 4007 3469 4050 ut

1886 4081 2030 4140 patet
2052 4089 2114 4126 ex
2156 4073 2418 4130 Fortunio
2445 4077 2536 4130 lib.
2569 4093 2610 4142 ι,
2639 4093 2758 4145 cap.
2783 4079 2850 4132 65
2875 4082 3060 4156 prima:
3092 4085 3263 4152 partis
3285 4085 3470 4140 Histo-

1887 4166 2090 4221 riarum
2115 4167 2606 4222 C:mialdulensinm
2634 4187 2644 4222 τ
2673 4172 2758 4224 cui
2781 4189 3099 4228 successere
3125 4181 3468 4245 postmodum

1889 4256 2086 4312 Placidi
2131 4267 2336 4313 statuta
2361 4301 2374 4324 ,
2409 4269 2518 4314 tum
2551 4261 2814 4316 Gherardi
2848 4267 3267 4324 constitutiones
3294 4313 3308 4336 ,
3343 4273 3471 4328 hinc

1891 4348 2035 4404 Pauli
2067 4349 2358 4406 Justiuiaai
2389 4354 2572 4422 regula
2615 4355 2738 4410 vitm
2779 4359 3068 4414 eremiticae
3096 4401 3109 4426 ,
3155 4377 3220 4416 ac
3251 4366 3469 4421 demum

1889 4459 2009 4513 quae
2039 4447 2138 4502 sub
2173 4447 2448 4501 Clemente
2489 4447 2535 4500 Χ
2563 4447 2882 4517 prodierunt
2929 4456 3240 4512 eorumdem
3272 4464 3472 4516 erunti-

263 4539 368 4594 Vll.
413 4541 625 4605 Tertio,
676 4539 722 4594 si
765 4553 868 4608 qua
895 4547 1040 4593 esset
1079 4535 1440 4590 Ladercliiani
1476 4537 1782 4606 argumenti
1815 4519 1863 4577 ἶ)
1894 4544 2068 4590 tarum
2099 4537 2326 4592 Etruria:
2361 4539 2414 4592 in
2441 4539 2698 4608 Regulam
2735 4542 2790 4594 S.
2831 4542 3104 4600 Benedicti
3145 4550 3470 4604 declaratio-

197 4635 289 4701 vis,
311 4653 466 4706 :eque
495 4638 666 4707 proba
677 4643 759 4689 ret
780 4633 1218 4690 Camaldulenses
1239 4633 1560 4697 coenobitas,
1593 4633 1788 4702 nequi-

199 4726 312 4780 dem
343 4729 534 4797 primis
555 4727 667 4780 illis
697 4725 936 4795 quinque
965 4725 1201 4788 saeculis,
1233 4725 1433 4794 quibus
1461 4723 1646 4778 sociali
1679 4723 1790 4776 fm-

198 4813 318 4870 dere
345 4834 470 4872 cum
501 4815 754 4872 cremitis
784 4831 950 4870 sacrae
979 4816 1148 4870 eremi
1179 4809 1412 4868 Etruria-3
1451 4815 1782 4884 mnijunctis—

199 4909 336 4974 simi,
359 4912 460 4965 sub
480 4913 676 4965 eodem
709 4911 940 4979 generali
971 4912 1154 4982 priore
1180 4910 1452 4972 vixerunt,
1483 4909 1548 4961 ad
1581 4908 1782 4975 ipsum-

199 5011 304 5055 rnet
327 5001 803 5056 ilamaldulensem
833 5003 1076 5057 ordinem
1107 5000 1470 5072 pertinuisse;
1506 5013 1630 5052 nam
1662 5013 1781 5052 ere-

199 5091 336 5146 mitis
378 5095 602 5163 quidem
656 5091 857 5160 primas
903 5093 1320 5148 constitutiones
1372 5093 1431 5144 Β.
1465 5090 1779 5158 Rodulphus

196 5181 354 5246 prior,
391 5181 606 5235 fatente
635 5179 954 5248 Laderebio,
987 5182 1266 5253 proposuit
1295 5195 1308 5233 :
1338 5181 1625 5234 coenobitaz
1650 5194 1778 5232 vero

197 5285 356 5338 usque
383 5271 450 5326 ad
486 5268 788 5324 Martinum
817 5269 880 5324 Ill
909 5277 1112 5343 absque
1150 5271 1272 5326 ullis
1299 5270 1516 5339 scriptis
1545 5283 1774 5323 consue-

1889 4641 2019 4692 ncs,
2043 4629 2236 4698 quibus
2261 4629 2372 4697 jam
2397 4641 2657 4696 utuntur;
2715 4636 3164 4700 ιιιιριιιιιώιιοιιιιιιι
3193 4649 3245 4691 et
3271 4643 3474 4694 consti-

1891 4721 2190 4774 tutioni'uus
2217 4723 2604 4776 monachorum
2627 4738 2656 4774 a
2673 4722 2731 4776 Β.
2753 4724 2983 4780 Martino
3010 4727 3076 4779 ill
3100 4731 3468 4796 concinnatis,

1889 4811 2009 4866 alite
2063 4812 2162 4866 sub
2202 4811 2498 4868 Octaviano
2544 4815 2874 4882 imperatore
2899 4858 2912 4882 ,
2965 4817 3080 4870 alia:
3107 4818 3208 4870 sub
3238 4823 3478 4889 generali

1887 4903 2263 4960 Bonaveutura
2287 4947 2300 4969 ,
2335 4905 2649 4968 l’tolommo,
2682 4907 2799 4960 alia:
2830 4910 2930 4962 sub
2967 4909 3138 4964 Gallio
3168 4913 3428 4967 cardiuali
3462 4955 3478 4978 ,

1888 4997 2007 5051 alia:
2035 4999 2132 5053 sub
2164 4997 2260 5052 Pio
2291 4994 2332 5050 γ
2353 5037 2368 5061 ,
2400 4997 2675 5054 nonnullae
2723 4998 2888 5052 etiam
2919 4999 3020 5052 sub
3059 4999 3336 5056 Clemente
3366 5001 3480 5056 Vill

1886 5088 2110 5156 adjecta:
2135 5099 2280 5143 sunt.
2323 5085 2394 5140 Ut
2436 5088 2570 5144 nihil
2608 5086 2806 5141 addam
2833 5090 2898 5144 de
2926 5090 3151 5158 ipsumet
3189 5090 3348 5145 Petro
3379 5091 3488 5146 Da-

1887 5181 2102 5242 miano,
2151 5182 2242 5249 qui
2301 5179 2746 5252 congregationis
2790 5195 2902 5234 sum
2928 5180 3297 5236 Avellanensis
3328 5183 3486 5233 iusti-

1889 5279 2006 5326 tuta
2089 5273 2174 5328 bis
2242 5274 2639 5342 conscripsisse
2713 5272 3168 5340 deprehenditur.
3228 5271 3484 5324 nimirum
