3982 5350
536 185 602 240 67
1484 170 1540 226 S.
1582 166 1858 226 PETRUS
1885 161 2238 219 DAMIANUS
2278 161 2334 218 S.
2379 163 2444 217 R.
2489 163 2552 218 E.
2583 161 3013 218 CARDINALIS.
3728 160 3789 214 68

533 296 748 354 vivendi
775 296 918 365 leges
947 289 1311 347 monumentis
1332 288 1444 357 jam
1476 284 1685 338 traditae
1715 281 1946 335 fuerant.
1980 277 2110 330 Tam
2143 283 2188 336 Α
2219 275 2310 330 sed
2363 275 2451 330 illa
2498 289 2668 345 pauca
2723 275 3011 338 duntaxat,
3051 289 3170 343 qua:
3205 286 3465 344 expresse
3518 271 3586 327 ad
3624 271 3790 342 ipsum

536 405 644 444 non
686 387 931 442 diversus
954 383 1116 451 igitur
1145 381 1270 432 hinc
1289 378 1440 447 argui
1482 383 1659 444 potest
1685 375 1752 426 ab
1780 371 2120 425 Avellanita-

536 493 657 534 rum
709 477 896 530 ordine
923 472 1056 526 ordo
1085 466 1533 526 Camaldnlensis,
1561 479 1722 534 quam
1762 476 1866 514 nou
1902 460 2121 529 ipsimet

536 565 976 624 Camaldulenses
1005 577 1034 615 a
1067 558 1593 620 Camaldulensibus,
1615 563 1670 608 et
1698 552 2020 607 Avellauittc
2052 551 2121 604 ab

534 657 854 714 Avellanitis
887 653 1081 708 diversi
1112 651 1452 722 probantur.«
1755 713 1763 720 -

607 747 698 802 IX.
729 747 835 802 Sed
881 745 1070 813 quinto
1125 742 1344 795 demum
1377 737 1697 807 respondeo,
1729 734 1828 788 etsi
1856 733 1992 786 alias
2023 745 2122 801 pro

478 902 480 904 τ
534 840 778 896 Avellaui
810 836 1001 892 Fontis
1057 833 1291 888 alumnis
1323 829 1741 885 constitutiones
1773 826 2002 880 ediderit
2027 823 2122 877 Pe-

535 944 652 988 trus
697 929 980 992 Damiani,
1031 925 1167 980 alias
1210 922 1529 991 Rodulphus
1569 933 1668 989 pro
1697 913 2118 972 Camaldnlensi-

534 1027 660 1086 bus,
708 1038 815 1077 non
876 1030 1053 1074 tamen
1105 1017 1374 1079 diversas,
1411 1027 1511 1067 nec
1561 1011 1612 1065 in
1672 1007 2122 1063 substantialibus

537 1115 886 1172 dissidentes,
921 1112 1029 1164 imo
1053 1119 1315 1176 utrasque
1341 1105 1546 1174 pariter
1583 1115 1612 1154 a
1646 1098 1930 1153 Romualdi
1963 1095 2120 1151 insti-

537 1207 748 1261 tutione
801 1204 1099 1265 derivatas,
1141 1197 1592 1270 quemadmodum
1633 1193 1753 1246 fuse
1802 1206 1921 1259 cap.
1954 1189 2121 1244 ὅριοι

535 1309 702 1363 supra
735 1291 1110 1345 ostendimus:
1145 1301 1316 1357 quare
1365 1299 1430 1339 ex
1465 1282 1714 1336 Damiani
1745 1290 1798 1335 et
1847 1278 2120 1347 Rodulpbi

533 1381 1041 1446 constitutionibus,
1077 1395 1182 1433 non
1232 1376 1521 1433 diversitas
1549 1375 1641 1429 sed
1676 1373 1933 1428 identitas
1965 1370 2123 1424 insti-

539 1476 639 1530 tuti
670 1461 1105 1528 Avellanensium
1153 1479 1206 1524 et
1237 1466 1734 1524 Catnaldulensium
1779 1465 2123 1518 demonstra-

538 1575 648 1621 tur.
696 1565 860 1633 quue
889 1562 1189 1633 prmsertim
1239 1561 1469 1623 obtinet,
1499 1574 1564 1612 ex
1616 1571 1724 1626 quo
1754 1555 1986 1623 amplius
2015 1569 2116 1608 eae-

517 1660 658 1714 ‘dem
714 1655 772 1711 S.
828 1656 971 1710 Petri
1024 1653 1268 1708 Damiani
1297 1651 1711 1706 constitutiones
1747 1649 1800 1701 in
1833 1663 1987 1701 saera
2020 1646 2121 1700 Ca—
2150 1628 2196 1687 Β

538 1747 862 1803 maldulensi
891 1759 1076 1799 eremo
1128 1751 1359 1811 recepta:
1389 1739 1626 1803 fuerant,
1682 1752 1744 1792 ac
1773 1736 1971 1807 regulae
2013 1735 2122 1788 vim

534 1838 874 1901 oblinebant,
937 1845 1047 1890 tum
1091 1841 1214 1887 ante
1261 1832 1319 1885 Β.
1370 1831 1738 1899 Rodulphum,
1791 1837 1904 1882 tttm
1955 1827 2120 1881 etiam

538 1941 662 1999 post
688 1931 884 1998 ipsum,
923 1928 1014 1996 qui
1063 1925 1183 1979 illas
1217 1926 1459 1994 (excepta
1505 1920 1727 1975 Sabbati
1775 1918 2120 1981 remissione,

537 2038 603 2076 ac
629 2021 820 2091 paucis
842 2019 988 2081 aliis,
1013 2031 1133 2086 qute
1155 2031 1278 2069 cum
1303 2028 1472 2069 sacrae
1497 2012 1665 2067 eremi
1694 2009 2122 2065 Camaldulensis

537 2111 725 2165 usibus
756 2125 859 2163 non
888 2108 1101 2177 penitus
1122 2103 1540 2172 conveniebant)
1573 2103 1750 2156 adlmc
1782 2102 1850 2155 ab
1879 2100 2123 2155 ereinitis

537 2201 912 2256 observandas
936 2199 989 2252 in
1015 2198 1127 2252 suis
1157 2197 1288 2266 ipsis
1320 2195 1799 2250 constitutionibus
1823 2194 2032 2260 statuit,
2063 2201 2124 2247 ut

537 2305 703 2361 Supra
731 2305 853 2359 cap.
881 2290 936 2354 5,
965 2304 1114 2342 nm‘n.
1142 2286 1194 2351 5,
1225 2287 1258 2339 6
1291 2295 1346 2341 et
1373 2285 1404 2338 '7
1429 2285 1940 2340 demonstravimus.

611 2379 677 2434 Χ.
712 2380 790 2434 Ex
817 2394 925 2448 quo
951 2386 1100 2448 patet
1131 2377 1409 2445 responsio
1456 2377 1520 2428 ad
1553 2391 1639 2439 ea,
1671 2391 1789 2444 qua:
1816 2376 1868 2428 in
1899 2384 2120 2431 senten-

541 2472 630 2526 tiae
690 2486 802 2526 sum
850 2470 1315 2524 conﬁrmationem
1365 2468 1698 2522 Ladercltius
1753 2468 1934 2522 subdit
1970 2484 2120 2524 num.

539 2565 648 2620 10:
683 2583 700 2617 ι
742 2563 846 2619 Sed
873 2574 929 2618 et
963 2564 1408 2619 coustitutionmn
1452 2563 1689 2631 ipsarmn
1739 2561 1882 2615 inter
1918 2576 1977 2615 se
2012 2561 2124 2616 col-

538 2653 770 2709 lalarnm
817 2655 1010 2716 series,
1063 2654 1215 2716 ordo,
1246 2662 1516 2708 etcaetera
1557 2652 1865 2722 hujusmodi
1915 2667 2020 2708 non
2056 2652 2124 2707 ab

541 2761 650 2799 uno
701 2745 850 2799 fonte
879 2744 1210 2813 processisse
1240 2743 1456 2797 abunde
1488 2742 1894 2810 demonstrant;
1919 2752 1974 2796 et
1996 2742 2149 2798 licet.

540 2849 729 2887 verum
757 2834 827 2888 sit
857 2832 1111 2886 nonnulla
1153 2832 1327 2886 sancti
1363 2831 1648 2886 Romualdi
1688 2833 1891 2886 monita
1929 2832 1981 2886 in
2008 2833 2123 2888 suis

540 2923 1048 2986 constitutionibus,
1078 2933 1130 2977 et
1153 2921 1302 2986 alibi,
1332 2921 1550 2976 Petrum
1579 2921 1906 2989 inseruisse;
1931 2937 1997 2976 ex
2019 2924 2122 2979 hoc

540 3024 721 3066 tamen
771 3028 878 3070 non
912 3012 1156 3082 sequitur
1185 3028 1370 3067 onmes
1409 3013 1826 3068 constitutiones
1885 3030 1914 3069 ιι
1962 3014 2123 3070 Petro

543 3104 660 3174 ipso
709 3104 1156 3158 Avellanensibus
1195 3104 1422 3157 traditas
1463 3103 1626 3158 fuisse
1671 3103 1978 3158 Romualdi.
2013 3104 2124 3160 lmo

538 3194 871 3263 oppositum,
906 3208 1011 3248 non
1041 3192 1226 3259 fuisse,
1257 3194 1355 3247 nisi
1408 3208 1525 3258 eas,
1554 3209 1690 3263 quas
1723 3195 2001 3264 signanler
2028 3210 2126 3249 no-

545 3285 755 3337 minat:
790 3298 913 3336 nam
969 3285 1013 3337 si
1044 3298 1234 3338 omnes
1277 3283 1503 3337 fuissent
1543 3283 1845 3348 Romualdi,
1894 3300 1998 3339 non
2042 3296 2125 3340 est

540 3374 902 3444 excogitanda
935 3373 1092 3436 ratio,
1143 3389 1242 3427 cur
1281 3374 1557 3428 debuisset
1596 3375 1884 3430 nonnullas
1915 3384 2122 3429 tantum

546 3465 848 3520 Romualdo
896 3466 1160 3530 tribuere,
1214 3475 1268 3519 et
1299 3481 1404 3520 non
1431 3479 1641 3531 0:311:33,
1672 3467 1716 3521 si
1753 3483 1863 3521 suae
1916 3476 2120 3522 essent.

545 3555 879 3625 Legentibus
905 3556 1048 3609 enim
1071 3555 1414 3626 perspicuum
1445 3567 1552 3623 est,
1581 3557 1723 3627 quod
1755 3574 1875 3612 cum
1907 3557 2121 3628 aliquod

544 3644 833 3699 Rontualdi
862 3645 1067 3700 dictum
1111 3647 1378 3709 enuntiat,
1409 3648 1537 3701 illud
1577 3664 1682 3702 non
1711 3659 1769 3702 ut
1795 3660 2122 3720 praeceptum

545 3736 812 3806 magistri,
850 3738 946 3791 sed
985 3737 1164 3806 potius
1199 3753 1264 3792 eo
1297 3753 1446 3793 more
1493 3740 1680 3804 refert,
1714 3756 1821 3810 quo
1845 3743 1897 3796 in
1929 3742 2123 3812 pleris-

541 3841 652 3894 que
691 3825 890 3895 regulis
935 3827 1246 3898 Augustini,
1277 3829 1613 3902 Hieronymi,
1658 3834 1739 3887 vel
1771 3833 2016 3901 Patrum,
2042 3836 2126 3890 vel

544 3916 822 3971 seniorum
859 3918 1062 3971 monita
1107 3927 1161 3971 et
1215 3920 1358 3974 dicta
1397 3924 1787 3989 enuntiantur;
1848 3940 1966 3993 qua:
2005 3928 2124 3982 ideo

547 4005 621 4103 ob
647 4005 789 4059 hanc
843 4021 1062 4060 causam
1119 4007 1336 4078 Regulae
1389 4008 1674 4079 Augustini
1724 4015 1805 4068 vel
1862 4015 2127 4087 llierony-

547 4095 646 4158 nti,
698 4103 830 4159 etc.,
875 4095 1000 4163 jure
1045 4111 1152 4151 non
1202 4099 1478 4154 dicuntur.
1522 4121 1538 4152 ι
1573 4101 1751 4167 Patet,
1786 4106 2026 4173 inquam,
2058 4122 2122 4160 ex

546 4184 887 4253 supradictis,
922 4185 991 4240 ad
1039 4187 1154 4242 haec
1181 4190 1361 4243 omnia
1405 4193 1704 4261 responsio,
1742 4210 1866 4248 nam
1901 4211 2124 4265 prorsus

544 4274 916 4329 commentitia
944 4285 1092 4341 sunt,
1116 4287 1170 4331 et
1199 4288 1385 4332 contra
1410 4293 1652 4349 apertam
1686 4285 1763 4338 rei
1792 4286 2119 4340 evidentiam

513 4419 516 4422 ,
546 4366 718 4436 gratis
741 4368 969 4422 conﬁcta
996 4385 1008 4421 :
1036 4384 1218 4425 verum
1242 4371 1444 4441 aliquid
1469 4375 1773 4430 donandum
1795 4387 1876 4432 est
1897 4379 2120 4442 homini,

546 4460 636 4522 qui
668 4471 844 4511 causze
870 4474 981 4513 sua:
1031 4460 1255 4514 nimium
1309 4463 1501 4528 ﬁdens,
1532 4474 1821 4536 antequam
1856 4471 1936 4524 vel
1971 4472 2125 4524 mini-

545 4561 691 4600 mam
727 4550 1172 4608 constitutionum
1223 4552 1286 4606 Β.
1319 4553 1586 4626 Rodulphi
1638 4559 1836 4614 lineam
1900 4562 2120 4632 legeret,

545 4636 631 4690 vel
661 4647 886 4694 externa
912 4641 1075 4696 etiam
1105 4643 1305 4699 codicis
1331 4646 1566 4715 ipsarmn
1595 4659 1866 4720 tegmenta
1895 4655 2123 4722 videret,

544 4725 772 4792 perinde
813 4739 991 4785 tamen
1022 4749 1087 4786 ac
1116 4734 1162 4787 si
1194 4751 1318 4790 eum
1348 4735 1492 4791 Petri
1517 4739 1762 4794 Damiani
1795 4745 1977 4812 regula
2009 4747 2125 4802 illas

545 4815 888 4882 contulisset,
916 4825 1268 4890 pronuntiare
1311 4842 1476 4882 ausus
1503 4837 1607 4893 est,
1633 4833 1774 4899 quod
1811 4853 1822 4884 :
1857 4855 1873 4885 ι
1919 4837 2125 4890 consti-

548 4905 817 4960 tutionuin
858 4910 1094 4978 ipsarum
1129 4914 1269 4968 inter
1307 4931 1366 4972 se
1391 4917 1712 4973 collaturum
1766 4925 1955 4989 series,
1989 4928 2122 4982 ordo

543 5004 602 5050 et
629 5005 824 5052 ctetera
857 5000 1160 5070 hujusmodi
1213 5025 1316 5064 non
1350 5009 1417 5065 ab
1444 5027 1552 5066 uno
1606 5012 1755 5068 fonte
1788 5021 2122 5085 processisse

547 5089 762 5145 abunde
789 5091 1182 5150 demonstrant.
1215 5117 1235 5150 ι

617 5178 711 5235 XI.
733 5183 884 5251 Quod
909 5201 1038 5240 vero
1059 5189 1227 5254 addit,
1290 5194 1534 5249 .omualdi
1568 5199 1867 5255 sententias
1896 5202 1948 5256 in
1977 5202 2122 5258 Petri
2162 5221 2182 5243 ο

547 5268 796 5325 Damiani
840 5276 1320 5335 constitutionibus
1363 5282 1603 5350 allegari,
1652 5301 1756 5339 non
1793 5297 1850 5342 ιιι
1879 5292 2122 5350 magistri

2224 365 2584 419 Romualdum
2614 363 2924 420 referuntur
2954 381 2970 418 :
3003 367 3052 418 id
3085 365 3242 435 plane
3271 365 3604 428 ostenderet,
3633 366 3792 420 multo

2224 455 2403 508 mitms
2455 456 2712 509 eremitas
2762 470 2826 508 ac
2870 455 3166 509 monachos
3210 454 3652 509 Camaldulenses
3703 454 3794 510 sub

2222 546 2464 615 ejusdem
2499 546 2556 600 S.
2587 545 2764 600 Patris
2803 545 3110 610 Romualdi,
3136 547 3219 601 vel
3247 546 3378 601 olim
3407 545 3688 607 militasse,
3718 544 3795 598 vel

2225 655 2366 693 nunc
2402 639 2636 692 militare
2661 637 2904 702 vexillis;
2941 638 3216 692 enimvero
3249 638 3302 691 in
3335 637 3574 705 ipsorum
3601 636 3794 688 consti-

2226 729 2526 784 tutionibus
2558 729 2642 782 vix
2665 729 2824 782 toties
2848 727 3208 782 Romualdum
3230 727 3386 780 citari
3413 723 3791 794 deprehendes,

2224 820 2439 888 quoties
2487 819 2541 872 in
2580 817 3006 872 Avellanitarum
3048 815 3260 886 legibus
3289 831 3316 868 a
3348 814 3509 868 Petro
3541 813 3791 866 Damiano

2226 911 2512 981 descriptis
2546 928 2560 964 :
2592 925 2782 979 nempe
2811 911 2862 963 in
2915 910 3000 964 his
3028 909 3265 979 quidem,
3297 916 3492 978 quater
3525 913 3619 958 aut
3653 907 3795 977 quiu-

2224 1004 2376 1074 quics
2425 1001 2709 1057 Romualili
2759 1001 3088 1055 mentionem
3143 1013 3455 1068 expressam
3514 996 3796 1051 Damianus

2224 1095 2454 1165 ingerit;
2497 1095 2549 1148 in
2579 1094 2791 1148 illormn
2820 1108 2949 1147 vero
2985 1091 3258 1145 nonnullis
3297 1088 3485 1150 semel,
3521 1099 3681 1157 atque
3704 1087 3795 1142 ite-

2224 1202 2385 1249 rum;
2436 1187 2488 1240 in
2538 1186 2660 1242 aliis
2705 1199 2772 1239 ne
2809 1183 2972 1238 semel
3013 1184 3225 1252 quidem
3265 1181 3551 1236 Romualdi
3609 1195 3794 1232 nomen

2224 1279 2477 1342 auditur;
2515 1291 2686 1348 quare
2713 1277 2756 1330 si
2788 1275 3077 1330 Laderchii
3123 1272 3328 1342 judicio
3362 1272 3614 1326 standum
3639 1276 3795 1332 esset,

2223 1385 2324 1424 nec
2345 1369 2525 1422 omnis
2553 1366 3048 1424 Camaldulensium
3065 1363 3348 1433 disciplina
3371 1379 3399 1416 a
3420 1363 3483 1416 D.
3504 1359 3799 1415 Rotunaldo

2223 1463 2502 1533 penderet,
2535 1475 2632 1515 nec
2665 1471 2919 1528 tanquam
2958 1458 3201 1528 magistri
3241 1454 3654 1510 etdnstitutoris
3675 1467 3801 1520 pra:-

2222 1561 2399 1621 eepta,
2425 1553 2518 1606 sed
2553 1558 2611 1605 ut
2637 1550 2916 1620 cujusdam
2948 1547 3238 1618 peculiaris
3272 1546 3446 1600 sancti
3491 1543 3718 1599 consilia
3751 1552 3800 1599 et

2225 1644 2530 1707 sententiaz,
2561 1643 2813 1712 quaelibet
2864 1640 3146 1696 llonmaldi
3181 1639 3432 1693 instituta
3464 1638 3538 1693 ab
3571 1635 3802 1692 ereniitis

2225 1737 2429 1791 nostris
2451 1737 2697 1791 habenda
2722 1733 2901 1789 forent
2931 1749 2944 1786 :
2978 1748 3085 1802 quo
3113 1731 3249 1786 nihil
3270 1731 3374 1787 dici
3408 1739 3593 1799 potest
3618 1729 3799 1783 absur-

2223 1831 2369 1884 dius.
2396 1828 2597 1882 Verum
2625 1844 2694 1881 an
2729 1825 3024 1880 Damianus
3045 1822 3357 1888 Romualdi,
3385 1817 3803 1888 velutmagistri,

2224 1923 2606 1977 auctoritatem
2653 1919 2988 1988 allegaverit,
3040 1918 3174 1972 satis
3231 1931 3300 1970 ex
3355 1915 3520 1970 dictis
3569 1910 3803 1982 superius

2223 2012 2515 2081 colligitur,
2541 2025 2606 2064 ac
2635 2008 2936 2079 pratsertim
2965 2022 3030 2062 ex
3063 2007 3172 2072 his,
3217 2019 3338 2076 qua:
3365 2018 3488 2074 cap.
3517 2003 3572 2066 5,
3599 2015 3744 2056 num.
3771 1997 3804 2052 2

2223 2113 2280 2156 et
2305 2102 2340 2154 5
2367 2101 2692 2154 notavimus.

2292 2193 2406 2249 Xll.
2443 2192 2600 2246 Ratio
2631 2201 2834 2257 autem,
2867 2208 2966 2247 cur
2997 2205 3166 2262 pauca
3197 2190 3443 2260 quaedam
3477 2202 3512 2242 e
3543 2187 3722 2242 multis
3743 2186 3804 2240 ad

2223 2282 2510 2338 Romualdi
2543 2282 2940 2336 institutionem
2987 2294 3245 2349 expresse
3289 2295 3318 2332 a
3348 2277 3513 2332 Petro
3553 2277 3804 2331 Damiano

2224 2375 2556 2439 referantur,
2585 2382 2688 2436 est,
2727 2373 2872 2442 quod
2905 2372 3111 2440 reliqua
3163 2385 3270 2424 non
3317 2370 3386 2424 ab
3420 2370 3542 2438 ipso
3573 2367 3631 2421 S.
3653 2365 3804 2420 Patre

2224 2467 2508 2538 speciatim
2558 2465 2860 2533 excogitata
2894 2479 2956 2518 ac
2986 2464 3196 2517 noviter
3242 2463 3536 2515 adiuventa
3579 2458 3801 2518 fuerant,

2225 2559 2319 2615 sed
2379 2558 2446 2611 ab
2496 2555 2841 2624 antiquorum
2895 2554 3350 2608 anachoretarum
3387 2550 3608 2604 vivendi
3657 2547 3802 2602 modo

2223 2650 2434 2705 invitata
2489 2661 2694 2717 suoque
2749 2646 2996 2700 instituto
3054 2645 3336 2713 aptissime
3380 2640 3800 2696 accommodata.

2225 2739 2423 2796 Narrat
2451 2738 2598 2793 enim
2642 2736 2935 2791 Damianus
2964 2736 3017 2788 in
3045 2735 3164 2788 V’ita
3194 2733 3251 2788 S.
3279 2731 3568 2787 Romualdi
3612 2744 3729 2799 cap.
3752 2728 3802 2788 8.

2225 2833 2376 2901 illum
2404 2832 2456 2885 in
2505 2839 2747 2885 veterum
2775 2829 2997 2882 Patrum
3053 2826 3298 2881 historiis
3325 2819 3805 2895 legentlisiverSari

2227 2925 2468 2987 solitum,
2515 2934 2814 2989 eorumque
2853 2917 3117 2986 exemplis
3163 2933 3318 2972 usum
3376 2915 3553 2969 fuisse
3578 2915 3628 2967 in
3659 2930 3698 2965 l't
3718 2910 3805 2965 sti-

2230 3015 2424 3071 tuenda
2454 3013 2889 3084 perliciendaque
2921 3026 3016 3080 per
3039 3009 3384 3064 Occidentem
3421 3006 3704 3061 eremitira
3731 3003 3805 3056 di-

2226 3107 2483 3176 sciplina;
2516 3120 2621 3173 qua
2639 3103 2705 3158 de
2728 3116 2784 3157 re
2806 3101 2916 3170 jam
2945 3103 3164 3156 dissert.
3195 3100 3246 3165 1,
3279 3098 3585 3168 prresertim
3618 3112 3732 3165 cap.
3752 3093 3799 3156 5,

2227 3196 2470 3268 pluribus
2485 3205 2662 3248 actum
2683 3201 2787 3260 est;
2809 3193 2948 3247 unde
2962 3202 3016 3247 et
3040 3192 3180 3246 idem
3203 3190 3494 3244 Datnianns
3507 3202 3699 3258 opusc.
3720 3201 3802 3250 xv,

2226 3302 2346 3356 cap.
2376 3286 2430 3349 ΕΞ,
2462 3285 2710 3338 altiorem
2767 3284 2892 3336 vitae
2939 3283 3235 3337 eremiticas
3258 3281 3552 3350 ‘origiuem
3585 3295 3615 3332 a
3648 3277 3804 3332 Paulo

2225 3378 2539 3431 ctAntonio
2567 3375 2782 3444 repetit,
2805 3384 2860 3429 et
2901 3389 3020 3444 cap.
3055 3374 3120 3428 18
3152 3389 3167 3427 :
3205 3393 3221 3424 ι
3269 3371 3566 3440 Quidquid,
3619 3371 3804 3438 inquit,

2229 3468 2280 3522 in
2319 3467 2378 3520 Β.
2429 3465 2707 3520 Benedicti
2755 3464 2973 3536 regula;
3021 3463 3278 3533 quidquid
3311 3462 3366 3515 in
3393 3460 3808 3523 institutis,-sive

2229 3559 2281 3614 in
2308 3557 2694 3612 collationibus
2724 3555 2944 3609 Patrum
2976 3564 3059 3610 est
3098 3553 3324 3617 dictum,
3351 3552 3475 3605 huic
3504 3559 3807 3619 competere

2227 3648 2524 3718 disciplina:
2569 3646 2966 3715 perpendimus.
3007 3663 3026 3695 ι
3064 3644 3128 3697 Et
3185 3653 3361 3697 tamen
3419 3641 3587 3694 audet
3615 3639 3807 3693 Lader-

2226 3741 2381 3794 chius
2405 3739 2695 3792 Datuiauus
2724 3736 2878 3805 quasi
2911 3735 3206 3790 eremiticae
3237 3734 3360 3788 vitae
3411 3730 3628 3785 Patrem
3660 3727 3807 3782 nobis

2228 3833 2426 3902 ubique
2473 3831 2781 3900 depingere,
2815 3837 2873 3881 ut
2925 3842 3047 3882 cum
3097 3826 3189 3880 lib.
3236 3841 3273 3886 ι,
3301 3838 3424 3892 cap.
3469 3822 3556 3886 Μ,
3589 3835 3737 3876 υιιιιι.
3775 3817 3802 3870 7

2225 3927 2638 3998 pronuntiatu
2690 3923 2832 3976 Ante
2874 3919 3094 3974 Petrum
3151 3918 3494 3978 Damianum,
3545 3913 3805 3968 nemine-ai

2227 4034 2294 4073 ex
2323 4018 2512 4071 ordine
2549 4015 2606 4069 S.
2655 4012 2954 4077 Benedicti,
2990 4013 3041 4066 in
3087 4011 3240 4065 Italia
3295 4009 3512 4072 saltem,
3558 4017 3666 4060 tam
3696 4002 3805 4057 exi-

2230 4110 2366 4162 mias
2412 4105 2720 4162 eremiticas
2767 4104 3133 4157 institutiones
3219 4101 3527 4155 tradidisse.
3570 4118 3588 4150 ι
3654 4094 3802 4164 Quod

2228 4202 2399 4272 ipsum
2433 4201 2623 4270 petiori
2654 4198 2778 4268 jure
2808 4199 2874 4252 de
2902 4199 2958 4253 S.
2986 4198 3042 4251 P.
3077 4195 3381 4250 Romualdo
3405 4209 3532 4248 vero
3552 4190 3804 4246 eremita-

2229 4307 2349 4344 rum
2394 4289 2704 4346 Occidentis
2751 4289 3106 4358 antesignano
3165 4285 3492 4341 censendum
3523 4293 3626 4348 est,
3662 4300 3680 4332 ι
3720 4277 3805 4348 qni

2231 4389 2355 4435 ante
2408 4397 2598 4436 omnes
2655 4379 2737 4450 (ut
2786 4387 2936 4432 notat
2989 4378 3048 4430 Β.
3119 4375 3319 4430 Paulus
3367 4373 3708 4428 Justinianus
3754 4371 3803 4420 iu

2227 4473 2544 4544 praefatione
2568 4489 2679 4528 suae
2709 4470 2928 4544 regulae)
2989 4471 3269 4526 eremitice
3313 4466 3524 4522 vivendi
3574 4463 3803 4534 regulas,

2229 4576 2286 4623 et
2313 4568 2703 4631 insti:utiones,
2736 4583 2840 4620 non
2870 4565 3104 4632 scriptis,
3140 4564 3232 4617 sed
3261 4576 3358 4615 suo
3387 4557 3601 4614 vivendi
3628 4570 3806 4609 exent-

2234 4659 2340 4729 plo,
2374 4660 2595 4727 suisque
2647 4655 2990 4709 documentis
3023 4663 3078 4708 et
3101 4650 3586 4716 admonitionibus.
3616 4655 3808 4700 coaxa-

2233 4751 2349 4804 neis
2399 4750 2511 4802 suis
2562 4748 2802 4809 tradidit,
2848 4756 2903 4798 ct
2941 4744 3172 4814 posteris
3209 4741 3462 4796 omnibus
3502 4733 3804 4802 dereliquit,

2231 4839 2505 4892 Christum
2557 4836 2788 4890 fortasse
2847 4835 3134 4889 Dominum
3195 4834 3456 4895 imitatus,
3509 4827 3626 4898 qui,
3668 4821 3807 4899 quod

2233 4933 2346 5002 ipse
2369 4930 2636 4994 faciendo,
2666 4947 2728 4985 ac
2750 4931 2994 4985 docendo
3042 4930 3295 4990 instituit,
3324 4943 3428 4981 non
3461 4922 3683 4992 scriptis
3706 4931 3810 4973 tra-

2233 5023 2386 5087 didit,
2417 5025 2509 5077 sed
2553 5021 2674 5077 aliis
2712 5030 2833 5092 post
2871 5037 2932 5076 se
2980 5020 3265 5075 scribenda
3313 5017 3551 5085 reliquit.
3585 5031 3606 5064 ι
3635 5011 3808 5078 Quare

2234 5124 2382 5186 patet
2416 5117 2546 5170 nihil
2578 5118 2796 5171 obstare
2830 5115 3118 5183 quominus
3159 5129 3226 5166 ex
3260 5107 3543 5166 Romualdi
3593 5116 3806 5175 proces-

2233 5205 2370 5258 sisse
2392 5194 2673 5273 disciplina
2707 5203 3124 5258 constitutiones
3148 5201 3294 5255 Petri
3335 5195 3580 5252 Damiani
3619 5194 3805 5247 dican-

2231 5306 2338 5350 tur.
2362 5298 2460 5350 etsi
2485 5313 2589 5350 non
2617 5297 2796 5350 omnia
2821 5295 2876 5350 S.
2909 5295 3188 5350 Ronmaldi
3212 5292 3429 5350 nronria
3464 5289 3686 5346 fuerint,
3718 5281 3807 5337 sed
