3982 5350
229 279 296 332 69
1098 272 1628 331 PROLEGOMENA.
1668 305 1737 314 —-
1778 275 1864 330 DE
1903 277 2272 338 lNSTlTUTO
2309 283 2703 340 CAMALDUL.
3417 291 3484 342 70

230 390 503 462 aliquibus
533 398 743 446 tantum
766 388 980 444 eximiis
1006 390 1225 444 monitis
1253 388 1321 443 ab
1343 389 1529 444 eodem
1555 388 1613 441 S.
1648 389 1808 442 Patre
1835 398 1884 453 Α
1912 391 1979 446 de
2015 393 2173 449 Petro
2222 396 2466 450 Damiani
2517 398 2595 452 sie
2645 397 2803 452 habet
2835 413 2848 450 :
2887 417 2904 450 ι
2965 397 3164 454 Ibidem
3211 400 3372 454 etiam
3411 402 3489 456 lo-

234 483 586 551 locupletata,
635 496 754 550 quae
801 481 867 534 ad
911 480 1084 548 ipsum
1128 495 1385 550 expresse
1416 479 1621 534 referre
1642 481 1814 535 voluit

233 574 547 635 Damianus,
577 574 644 626 ad
669 571 927 640 majorem
975 572 1080 626 illis
1118 573 1494 627 auctoritatem
1523 573 1814 628 concilian-

233 664 374 728 dam,
405 678 532 716 cum
554 671 750 717 caetera
781 670 1027 716 veterum
1055 661 1160 715 PP.
1187 663 1672 717 consuetudinibus
1692 679 1813 717 con-

233 761 436 806 secrata
470 750 589 817 jam
643 759 843 815 essent,
881 760 1044 820 atque
1094 753 1261 807 semel
1308 754 1384 823 (in
1438 754 1557 808 Vita
1611 752 1666 808 S.
1702 753 1812 807 Ro-

240 839 437 893 rnualdi
479 855 602 909 cap.
631 839 665 893 8
696 839 823 907 et9)
859 855 1044 895 eorum
1084 842 1322 895 omnium
1352 840 1553 896 fontem
1587 841 1815 897 indicas-

237 940 333 987 set.
358 947 425 984 ex
441 945 550 1000 quo
578 929 908 984 Romualdu‘s
927 932 1113 984 eadem
1139 932 1190 985 in
1213 931 1652 996 occidentalium,
1678 948 1814 1002 quos

237 1022 502 1075 instruere
545 1033 838 1074 accressus
894 1032 998 1084 est,
1039 1022 1388 1076 eremitarum
1426 1038 1582 1077 usum
1640 1025 1818 1078 tradu-

237 1118 408 1164 xcrat.

305 1201 442 1256 Xlll.
469 1201 652 1271 Pergit
691 1216 821 1257 vero
859 1202 1188 1258 Laderchius
1215 1205 1404 1259 eodem
1433 1219 1554 1274 cap.
1581 1204 1636 1267 8,
1657 1206 1810 1260 citat.

239 1307 385 1344 num.
440 1291 500 1344 Η
535 1308 549 1344 :
591 1311 608 1341 ι
643 1291 708 1346 Et
735 1291 924 1346 Petrus
973 1292 1086 1362 ipse
1135 1295 1202 1348 de
1248 1310 1357 1350 sua:
1385 1297 1816 1366 congregationis

237 1385 499 1438 institutis
547 1385 791 1438 scribens
839 1385 906 1438 ad
963 1384 1294 1455 Stephanum
1335 1389 1682 1452 monaclmm,
1717 1389 1817 1444 hoc

239 1476 495 1542 insinuat,
520 1476 646 1529 dum
671 1475 805 1529 dixit
841 1475 962 1544 (nec
1004 1485 1110 1530 tam
1149 1477 1277 1546 quid
1307 1478 1375 1531 ab
1405 1479 1648 1533 cremitis
1697 1479 1810 1535 ﬁeri

237 1566 469 1630 debeat,
508 1564 750 1635 generali
789 1565 1099 1620 deﬁnitione
1155 1569 1587 1636 praescribimus,
1653 1587 1814 1640 quam

235 1657 374 1724 quod
403 1657 456 1710 in
484 1657 588 1711 hac
609 1671 796 1710 eremo
819 1657 930 1722 ﬁat,
947 1666 1056 1711 tum
1078 1659 1144 1712 de
1175 1659 1314 1726 loco,
1334 1670 1444 1714 tum
1467 1662 1532 1716 de
1559 1677 1812 1736 perspna,

1919 499 2088 552 quens
2117 487 2182 539 de
2225 488 2550 543 discretione
2596 490 2798 559 praelati
2840 491 2916 561 (et
2960 506 3058 545 nos
3102 493 3486 566 approbemus)

1917 573 2089 639 dicit,
2149 577 2289 644 quod
2341 579 2454 631 suis
2511 594 2652 648 sa-pe
2711 580 2989 649 discipulis
3045 581 3105 634 Β.
3160 581 3490 640 Romualdus

1917 663 2119 718 dixisse
2151 667 2488 733 perhibetur,
2517 669 2642 722 dum
2675 671 2935 740 approbat
2975 672 3136 741 igitur
3158 673 3259 727 hoc
3289 689 3451 729 unum
3472 713 3488 740 ,

1917 755 2058 822 quod
2087 755 2198 809 suis
2223 756 2498 824 discipulis
2522 759 2730 812 dicebat
2778 760 2835 815 S.
2871 762 3216 828 ltomualdus,
3245 772 3296 817 et
3331 773 3490 818 emto-

1921 856 1978 894 ra
2017 858 2207 911 pauca,
2247 860 2366 912 qua:
2397 846 2673 916 distinguit
2707 849 3011 919 signantur,
3037 867 3227 907 onmes
3275 853 3491 908 institu-

1930 931 2104 984 tiones
2155 947 2260 986 non
2313 933 2530 988 fuerunt
2565 936 2622 988 S.
2654 937 2970 1004 ltomnaldi,
2999 949 3057 993 ut
3085 941 3351 1007 diximus;
3388 959 3488 999 nec

1917 1017 2098 1072 dicere
2121 1019 2377 1074 debuerat
2406 1022 2763 1077 Romualdum
2815 1025 2929 1080 hate
2966 1028 3212 1083 docuisse
3240 1045 3366 1084 suos
3401 1032 3488 1084 di-

1917 1109 2170 1180 scipulos,
2203 1112 2335 1167 istos
2362 1124 2418 1167 ut
2459 1115 2525 1167 ad
2557 1130 2614 1167 se
2644 1115 2864 1168 omnino
2896 1132 2999 1170 non
3033 1119 3364 1186 pertinentes
3390 1135 3487 1174 no-

1918 1199 2147 1264 minans,
2181 1201 2224 1254 si
2251 1217 2437 1256 eornm
2469 1219 2527 1257 se
2556 1204 2871 1274 magisterio
2893 1205 3208 1274 subiecisset
3240 1226 3253 1261 :
3283 1225 3347 1264 eo
3376 1226 3488 1264 ma.

1916 1289 2032 1358 gis,
2058 1292 2200 1359 quod
2232 1299 2360 1345 tunc
2394 1294 2652 1361 temporis
2703 1295 2958 1350 videbant
3011 1297 3392 1366 quamplurimi
3423 1315 3491 1354 cx

1918 1380 2045 1444 illis,
2094 1396 2122 1435 a
2176 1383 2372 1451 quibus
2411 1393 2465 1438 et
2515 1385 2728 1455 egregia
2779 1387 2912 1440 tanti
2962 1387 3137 1442 Patris
3168 1399 3340 1459 gesta,
3371 1405 3491 1460 qua

1916 1469 2137 1537 scriptis
2180 1471 2473 1536 mandavit,
2505 1487 2564 1528 se
2595 1474 2846 1528 didicisse
2872 1475 3091 1530 fatetur.
3130 1477 3196 1531 Et
3228 1477 3366 1532 infra
3408 1480 3490 1532 di-

1918 1572 2044 1611 cens
2085 1560 2227 1627 quod
2275 1574 2438 1628 supra
2487 1560 2787 1626 retulimus,
2841 1564 3092 1620 videlicet
3141 1565 3270 1636 (non
3303 1568 3487 1624 omnia

1916 1647 2074 1720 hujus
2115 1651 2470 1707 institutionis
2510 1663 2776 1723 praecepta
2804 1655 3064 1711 minutius
3091 1672 3190 1713 nos
3227 1658 3488 1713 describi-

233 1750 545 1819 specialiter
595 1751 976 1820 intimamus):
1014 1751 1320 1807 Peculiarcs
1352 1752 1535 1823 itaque
1584 1755 1665 1808 sui
1713 1755 1812 1809 loci

1919 1758 2057 1806 mus,
2092 1744 2184 1803 sed
2214 1744 2400 1808 multa,
2423 1760 2543 1812 quae
2572 1755 2624 1800 et
2665 1746 2863 1815 passim
2897 1748 3050 1802 nobis
3075 1757 3390 1814 occurrunt,
3417 1765 3485 1804 cx

234 1841 447 1896 fuerunt
463 1841 833 1896 institutiones
850 1841 950 1896 illa:
971 1857 1104 1912 quas
1124 1843 1358 1912 scripsit,
1377 1859 1478 1898 non
1499 1859 1814 1901 communes

233 1931 561 2001 quibuslibet
591 1931 695 1986 sub
725 1931 784 1986 Β.
813 1931 1098 1986 Romualdi
1142 1933 1424 2001 disciplina
1461 1932 1808 2004 degentibus;

234 2038 353 2076 nam
381 2023 436 2076 in
467 2023 560 2076 tali
592 2039 724 2078 casu
748 2024 930 2079 dicere
957 2025 1138 2094 potius
1164 2027 1464 2091 debuisset,
1490 2027 1630 2096 quod
1652 2042 1813 2081 omne

235 2113 284 2166 id
310 2115 612 2179 intimaret,
642 2116 788 2185 quod
829 2125 884 2170 ct
913 2132 942 2170 a
974 2132 1072 2170 suo
1125 2117 1264 2183 loco,
1294 2128 1348 2172 et
1378 2134 1406 2172 a
1435 2119 1645 2174 cunctis
1697 2133 1815 2174 erc-

235 2205 375 2257 mitis
421 2203 713 2259 Romualdi
763 2207 1124 2261 sectatoribus
1149 2208 1579 2272 custodiebatur,
1608 2223 1707 2262 nec
1730 2209 1810 2263 sui

236 2293 330 2352 loci
363 2295 627 2364 speciales
660 2305 873 2364 poterat
902 2313 1229 2368 muncupare
1259 2299 1495 2369 regulas,
1537 2316 1672 2368 quas
1694 2299 1813 2354 aliis

236 2385 362 2438 locis
388 2385 763 2454 comperiebat
803 2401 922 2441 esse
965 2401 1298 2443 communes.
1332 2408 1350 2440 ι
1382 2387 1481 2442 Ubi
1523 2389 1815 2444 observat»

237 2475 356 2528 dum
388 2484 474 2528 est
525 2476 850 2545 scriptorem
903 2477 1046 2533 bune
1074 2478 1215 2532 haud
1263 2481 1393 2534 satis
1414 2481 1514 2534 sibi
1539 2490 1809 2544 constare,

235 2566 356 2618 dum
383 2581 550 2634 supra
577 2565 762 2620 verbis
802 2582 948 2620 num.
988 2567 1045 2633 4,
1077 2567 1260 2621 relatis
1296 2570 1594 2623 mirabatur
1617 2571 1813 2623 ltodul-

236 2658 394 2725 phum
427 2672 594 2709 novas
615 2657 924 2712 eremiticas
954 2658 1362 2712 constitutiones
1401 2675 1496 2726 pro
1524 2659 1812 2713 Camaldu-

236 2747 468 2800 lensibus
512 2746 831 2811 adornasse,
861 2763 982 2800 cum
1020 2747 1136 2801 illas
1156 2747 1260 2816 iam
1293 2748 1486 2803 Petrus
1525 2749 1814 2804 Danxianus

235 2846 380 2890 tanto
422 2845 581 2890 antea
631 2838 994 2892 monumentis
1021 2838 1331 2902 tradiderat,
1371 2854 1516 2892 nunc
1568 2855 1694 2893 vero
1718 2856 1814 2895 no-

239 2928 440 2982 biscum
469 2927 671 2981 fatetur
697 2928 940 2982 Damiani
977 2929 1188 2999 regulas
1214 2945 1310 2998 pro
1333 2931 1443 2984 sola
1473 2929 1811 2987 Avellanensi

237 3029 412 3070 eremo
467 3017 828 3087 conscriptas,
861 3019 1101 3088 adeoque
1130 3019 1302 3074 locum
1349 3018 1513 3074 fuisse
1541 3020 1661 3074 aliis
1685 3036 1814 3077 con-

1916 1831 2096 1886 studio
2137 1834 2582 1901 prmtermisimns
2615 1852 2627 1888 :
2659 1836 2919 1904 quidquid
2950 1838 3094 1891 enim
3134 1839 3186 1891 in
3226 1841 3284 1892 Β.
3319 1840 3488 1893 Bene-

1917 1922 2043 1977 dicti
2085 1922 2297 1992 regnla,
2327 1924 2585 1993 quidquid
2625 1925 2676 1978 in
2707 1926 2988 1990 institutis,
3023 1927 3136 1982 sive
3164 1928 3215 1981 in
3238 1928 3487 1983 collatio-

1916 2015 2074 2069 nibus
2097 2015 2317 2070 Patrum
2338 2025 2423 2072 est
2444 2018 2645 2072 dictum
2670 2058 2685 2082 ,
2712 2019 2839 2073 huic
2863 2028 3167 2087 competere
3192 2020 3488 2088 disciplina

1915 2105 2314 2174 perpendimus,
2364 2114 2540 2161 tamen
2591 2107 2642 2160 in
2675 2123 2839 2162 unum
2886 2109 2975 2164 hic
2999 2119 3191 2164 cuncta
3214 2109 3484 2180 colligere,

1916 2192 2242 2261 superﬂuum
2270 2192 2596 2264 judicamus)
2625 2207 2805 2264 aperte
2833 2196 3009 2250 innuit
3033 2213 3090 2252 se
3128 2199 3360 2267 speciale
3403 2199 3489 2253 sui

1915 2280 2016 2336 loci
2043 2282 2276 2337 edidisse
2299 2284 2690 2351 institutiones,
2722 2301 2828 2340 non
2865 2286 3142 2357 signanter
3168 2304 3196 2341 a
3225 2287 3485 2344 Romual-

1917 2373 1984 2426 do
2029 2381 2233 2426 tantum
2281 2383 2547 2442 acceptas,
2603 2376 2695 2429 sed
2742 2376 2940 2444 regula:
2969 2377 3025 2430 S.
3067 2377 3364 2442 Benedicti,
3391 2378 3489 2433 Pa-

1918 2470 2060 2518 trum
2096 2463 2527 2520 institutionibus
2553 2478 2604 2519 et
2629 2466 2896 2536 przecipuc
2925 2468 3116 2533 eremi,
3151 2484 3312 2537 quam
3344 2469 3488 2525 cole-

1917 2555 2024 2618 bat,
2061 2555 2264 2615 sanctis
2319 2557 2794 2615 consuetudinibus
2821 2565 2880 2616 et
2919 2559 3159 2616 mor'dms
3188 2560 3425 2617 inuitas.
3464 2582 3483 2615 ι

1916 2645 2091 2711 Quod,
2128 2647 2370 2716 inquam,
2399 2649 2488 2703 hic
2509 2651 2715 2715 subdit,
2749 2667 2816 2705 ex
2836 2661 2990 2720 parte
3013 2652 3127 2722 jam
3168 2653 3220 2706 in
3251 2654 3492 2722 superio-

1916 2737 2066 2792 ribus
2100 2739 2436 2795 confutatum
2460 2749 2562 2806 est,
2594 2757 2693 2796 nec
2725 2754 2969 2811 repetere
2991 2751 3148 2797 vacat
3177 2759 3295 2812 qua:
3327 2745 3488 2800 toties

1917 2843 2079 2898 supra
2101 2829 2402 2885 clarissime
2423 2833 2760 2887 ostendimus
2794 2849 2806 2886 :
2838 2848 2902 2888 ex
2927 2841 3077 2902 parte
3105 2850 3230 2889 vero
3256 2834 3486 2901 facilem,

1916 2928 1969 2972 et
1993 2919 2205 2973 obviam
2240 2922 2641 2990 responsionem
2679 2923 2870 2984 habet,
2904 2925 3241 2979 observando
3271 2924 3486 2978 Damia-

1919 3028 2066 3075 ntmi,
2083 3011 2198 3066 loco
2220 3028 2315 3082 per
2337 3013 2692 3069 Laderchium
2710 3015 2896 3078 citato,
2911 3030 3248 3085 nequaquam
3269 3018 3491 3072 innuere

237 3108 626 3174 stitutionibus,
660 3124 780 3178 quae
820 3109 954 3166 alios
983 3119 1135 3164 extra
1174 3111 1488 3167 Avellanam
1529 3111 1812 3168 Romualdi
1842 3097 1888 3160 C
1920 3118 1980 3158 se
2029 3102 2156 3157 illm]
2207 3121 2372 3159 unum
2422 3107 2646 3175 Ρΐωοὶεο
2674 3107 2976 3176 appI'Obal‘e
3005 3107 3148 3178 quod
3176 3108 3244 3164 de
3281 3108 3487 3178 prmlstti

238 3208 534 3253 sectatores
554 3199 912 3272 devincirent.

303 3288 444 3344 XIV.
490 3289 762 3344 Caeterum
810 3291 996 3346 eodem
1044 3293 1223 3358 modo,
1259 3310 1366 3362 quo
1417 3293 1676 3364 speciales
1717 3309 1815 3365 pro

239 3379 629 3434 Camaldulensi
687 3395 888 3444 crcmo,
949 3392 1007 3436 ut
1052 3400 1198 3438 num.
1247 3384 1280 3435 6
1319 3385 1814 3450 animadvertimus,

242 3474 651 3530 constitutiones
711 3474 768 3528 Β.
797 3476 1062 3544 Rodulphi
1092 3492 1212 3532 esse
1253 3486 1522 3549 poterant.
1555 3479 1817 3548 speciales

248 3565 368 3618 item
398 3580 492 3633 pro
515 3566 766 3619 coenobio
789 3565 846 3620 S.
871 3565 1082 3622 Malitia:
1130 3568 1337 3622 Murani
1389 3569 1575 3637 prima:
1620 3569 1720 3623 illa:
1753 3569 1813 3623 Β.

243 3657 453 3711 Martini
483 3657 546 3712 lll
577 3658 1013 3722 constitutiones,
1061 3660 1126 3714 de
1152 3660 1346 3729 quibus
1389 3676 1539 3714 num.
1579 3660 1612 3715 8
1635 3671 1814 3716 actum

237 3757 333 3812 est,
384 3765 508 3818 quae
547 3758 856 3818 propterea,
904 3749 1028 3803 licet
1070 3750 1368 3820 disciplina:
1418 3749 1476 3804 S.
1530 3749 1814 3805 Romualdi

235 3840 544 3893 conformes
565 3849 771 3902 essent,
799 3837 901 3892 alia
935 3849 1113 3894 tamen
1135 3839 1273 3903 loca,
1305 3839 1385 3894 vel
1413 3856 1442 3893 a
1474 3839 1531 3894 S.
1563 3839 1818 3894 Romual-

238 3934 296 3986 do
323 3933 573 3996 condita,
600 3932 683 3986 vel
717 3932 784 3986 ad
815 3931 1285 3987 Camaldulensem
1306 3933 1550 3987 ordinem
1574 3942 1821 4004 spectan—

241 4024 321 4085 tia,
358 4024 613 4094 obligare
644 4037 984 4092 nequaquam
1029 4023 1358 4090 debuerant;
1394 4025 1464 4077 ita
1498 4034 1554 4076 et
1583 4024 1640 4076 Β.
1673 4023 1818 4079 Petri

241 4115 476 4169 bamiaui
513 4113 953 4175 constitutiones,
991 4112 1115 4168 licet
1161 4129 1479 4169 communes
1507 4115 1820 4170 Romualdi-

239 4221 422 4260 uorum
448 4204 835 4263 observantius
869 4205 1410 4274 comprehenderent,
1438 4207 1606 4261 eremi
1641 4215 1819 4261 tamen

236 4296 421 4352 Fontis
462 4297 742 4352 Avellana:
793 4295 1114 4364 peculiares,
1143 4313 1207 4351 ex
1240 4298 1497 4369 primaria
1525 4299 1606 4352 sui
1635 4307 1820 4355 aucto-

237 4391 306 4441 ris
328 4387 796 4451 intentione,csse
821 4395 1071 4455 poterant
1105 4406 1115 4440 :
1143 4403 1237 4441 seu
1259 4389 1405 4457 quia,
1441 4401 1638 4457 prteter
1665 4404 1816 4443 com-

237 4496 425 4535 munes
450 4480 661 4534 ordinis
691 4479 1134 4545 consuetudines,
1173 4481 1431 4534 nonnulla
1480 4482 1642 4534 etiant
1665 4497 1815 4536 com-

237 4572 636 4640 prehenderent
679 4569 931 4640 personis
970 4568 1112 4624 illius
1170 4568 1270 4623 loci
1315 4570 1579 4624 duntaxat
1605 4586 1818 4626 accom-

237 4659 473 4725 modata,
492 4659 699 4729 regioni
718 4659 1114 4724 convenientia,
1136 4669 1298 4728 atque
1315 4677 1410 4716 usu
1437 4671 1647 4732 recepta
1677 4679 1691 4714 :
1721 4679 1814 4718 seu

239 4751 380 4818 quia,
425 4749 528 4803 etsi
574 4748 794 4818 penitus
825 4747 951 4812 illic,
998 4758 1195 4818 praeter
1236 4765 1573 4804 communem
1602 4751 1818 4806 vivendi

237 4857 468 4905 morem,
512 4839 963 4909 prmscriberent,
992 4855 1056 4894 co
1101 4840 1216 4908 ipso
1261 4848 1459 4904 tamen,
1488 4842 1629 4909 quod
1657 4842 1723 4895 ab
1752 4855 1817 4897 eo

236 4931 458 4999 praelato
501 4927 973 4999 proponebantur,
1016 4929 1106 4998 qui
1139 4929 1453 4999 particulari
1502 4930 1674 4984 cidem
1699 4929 1818 4986 loco

235 5030 486 5090 praeerat,
550 5036 666 5074 non
711 5019 961 5073 onmibus
1013 5023 1134 5075 aliis
1183 5022 1249 5074 ad
1292 5022 1538 5077 eumdem
1571 5023 1818 5078 ordinem

238 5112 530 5180 spectanti,
582 5111 779 5178 utique
824 5108 910 5179 (ad
950 5111 1054 5166 vim
1095 5112 1364 5182 obligandi
1432 5118 1574 5184 quod
1601 5111 1815 5182 attinet)

1918 3196 2248 3252 discretione
2277 3198 2334 3252 S.
2363 3197 2532 3253 Pater
2557 3198 2891 3254 Romualdus
2919 3200 3198 3261 docuerat,
3233 3202 3325 3254 sed
3358 3201 3490 3255 sim-

1916 3286 2040 3354 plici
2069 3287 2368 3342 assertione
2401 3288 2452 3341 id
2484 3291 2808 3358 approbare,
2839 3305 2936 3344 nec
2956 3299 3134 3345 tamen
3168 3301 3488 3346 cancrorum

1918 3396 1947 3433 a
1983 3380 2280 3436 Romualdo
2317 3382 2705 3437 derivationem
2738 3384 3006 3448 abnuere,
3041 3399 3202 3451 quam
3248 3399 3334 3438 res
3375 3383 3489 3453 ipsa

1919 3469 2157 3539 loquitur
2181 3487 2245 3525 cx
2280 3472 2566 3526 collatione
2591 3473 2875 3541 utriusque
2905 3473 3137 3527 instituti
3166 3488 3285 3540 cap.
3315 3473 3348 3526 5
3377 3481 3429 3528 et
3455 3471 3490 3526 ι

1918 3561 2058 3616 facta
2090 3565 2308 3632 (praeter
2339 3579 2650 3634 expressam
2690 3565 3026 3619 mentionem
3062 3565 3121 3618 D.
3176 3563 3482 3624 Romualdi,

1919 3669 2038 3722 qua:
2080 3655 2320 3708 occurrit
2349 3657 2488 3723 apud
2530 3656 2851 3709 Damianum
2897 3656 2948 3709 in
2980 3653 3290 3724 psalmodia:
3332 3652 3493 3706 disci-

1917 3742 2084 3813 plina,
2117 3743 2370 3812 aliisque,
2407 3760 2437 3797 a
2484 3745 2640 3799 nobis
2669 3760 2790 3814 cap.
2822 3745 2877 3807 5,
2909 3761 3056 3798 num.
3083 3744 3117 3796 2
3145 3753 3198 3796 et
3221 3745 3256 3796 5
3284 3743 3489 3812 pumic-

1921 3833 2076 3903 ratis)
2109 3848 2379 3903 quamque
2409 3836 2569 3889 tacite
2603 3835 2792 3890 saltem
2825 3835 3110 3904 designare
3139 3835 3349 3888 videtur
3385 3835 3493 3888 Da-

1918 3924 2132 3978 mianus
2185 3925 2250 3978 iis
2305 3925 2433 3994 ipsis
2500 3926 2680 3982 verbis
2732 3941 2763 3980 a
2817 3925 3118 3980 Laderchio
3183 3927 3428 3998 allegatis
3473 3945 3490 3982 :

1923 4034 1942 4066 ι
1973 4014 2089 4070 Νοη
2113 4016 2311 4086 ,οηιηίει
2341 4015 2501 4085 hujus
2541 4018 2894 4073 institutionis
2925 4029 3189 4090 praecepta
3231 4021 3490 4074 minutius

1920 4119 2018 4161 nos
2065 4105 2440 4174 describimus,
2483 4109 2577 4162 sed
2630 4109 2818 4173 multa,
2849 4125 2970 4179 quae
3021 4119 3075 4164 et
3106 4112 3306 4179 passim
3338 4112 3494 4167 nobis

1920 4207 2234 4262 occurrunt,
2265 4213 2332 4252 ex
2367 4199 2545 4254 studio
2583 4201 2940 4268 praeterimus,
2978 4219 2997 4254 ι
3027 4215 3214 4270 opusc.
3246 4218 3336 4269 xv,
3369 4218 3493 4273 cap.

1932 4289 2020 4344 l8.
2051 4290 2179 4357 Quae
2210 4291 2356 4346 enim
2397 4293 2501 4346 alia
2554 4302 2672 4348 erat
2700 4294 3004 4364 bnjusmodi
3034 4295 3310 4349 eremitica
3345 4296 3496 4350 insti-

1924 4383 2082 4447 tutio,
2115 4383 2216 4437 nisi
2257 4399 2378 4453 qua:
2408 4400 2440 4438 a
2481 4383 2544 4437 B.
2588 4384 2892 4440 Romualdo
2923 4394 3049 4438 tunc
3077 4401 3267 4439 recens
3290 4386 3492 4438 instau-

1925 4480 2041 4523 rata
2057 4471 2302 4540 vigebat?
2333 4471 2468 4526 Nam
2494 4473 2596 4528 etsi
2627 4473 2695 4527 ab
2717 4473 2956 4542 antiquis
2977 4472 3214 4528 Orientis
3243 4473 3494 4527 l’atribus

1924 4562 2196 4634 complura
2213 4564 2277 4617 ad
2303 4565 2438 4618 hanc
2462 4564 2800 4635 disciplinam
2826 4566 3150 4634 pertinentia
3172 4565 3497 4619 llomualdtzs

1922 4652 2087 4708 fuerit
2113 4655 2373 4720 imitatus,
2400 4657 2465 4709 ad
2497 4657 2786 4712 certiorem
2813 4667 2992 4712 tamen
3020 4656 3352 4718 methodum,
3376 4669 3498 4724 per-

1922 4743 2227 4814 fectamque
2256 4746 2581 4817 regulariter
2604 4746 2817 4802 vivendi
2842 4762 3113 4808 normam,
3140 4745 3318 4797 omnia
3348 4761 3501 4799 revo-

1923 4837 2097 4898 cavit,
2139 4845 2193 4890 et
2251 4837 2302 4892 in
2351 4837 2435 4890 his
2485 4835 2916 4896 occidentalibus
2966 4835 3133 4906 plagis
3178 4835 3386 4900 primus
3435 4834 3502 4886 ad

1925 4927 2133 4994 praxim
2180 4928 2390 4983 reduxit
2424 4944 2437 4979 :
2471 4932 2686 4987 dicente
2716 4924 2888 4980 Paulo
2935 4925 3229 4982 Justiniano
3268 4922 3323 4974 in
3353 4921 3505 4989 praef.

1927 5031 2037 5070 sua:
2087 5017 2283 5085 regulae
2329 5021 2629 5077 eremitica:
2669 5037 2682 5074 :
2737 5033 2756 5067 ‹
2789 5015 2930 5072 Vita
2978 5028 3100 5068 vero
3145 5009 3417 5064 eremitica
3458 5009 3511 5062 in

1927 5107 2246 5164 occidentali
2273 5107 2515 5166 Ecclesia
2546 5116 2872 5169 sectatorem
2914 5108 3058 5163 forte
3087 5101 3336 5168 aliquem,
3360 5097 3514 5151 insti—
