3982 5350
500 305 565 363 71
1431 304 1488 360 S.
1536 304 1810 362 PETRUS
1851 304 2091 360 DAMIA!

2197 307 2206 359 i
2245 306 2298 360 S.
2346 307 2412 360 [1.
2451 307 2514 362 Ε.
2547 307 2978 366 οΑιιυιΝξαλδ.
3699 307 3768 368 τι

501 422 758 482 derchms
785 419 1091 480 cavillator,
1109 416 1222 485 jam
1249 415 1374 471 alibi
1397 416 1828 480 observavimus,
1862 432 2092 487 prmser-
2119 425 2166 481 Α
2196 418 2340 472 disse
2368 421 2599 488 asserat)
2631 422 2850 476 memini
2880 436 2966 476 me
3019 431 3131 477 tum
3159 423 3344 478 Romae
3373 423 3657 494 degentem
3699 427 3770 480 ab

501 516 602 572 tim
627 529 749 584 cap.
772 511 827 576 5,
850 525 1002 566 num.
1033 508 1100 561 lo
1122 519 1312 578 etcap.
1336 505 1388 572 6,
1415 522 1562 560 num.
1588 507 1641 561 5.
1673 505 1806 560 Nam
1833 507 1884 561 in
1910 520 2088 576 prem-

499 603 615 660 mio
641 601 778 656 Vita:
809 598 867 654 ε.
909 596 1196 652 Romualdi
1246 594 1367 649 illos
1413 609 1544 649 suos
1594 595 1792 650 fratres
1829 595 2084 664 appellat,

501 705 802 762 eorumque
857 689 1114 759 precibus
1149 685 1442 740 adductum
1479 699 1540 739 se
1573 685 1792 751 asserit,
1829 699 2087 755 germana

501 787 1033 856 charitatelnrgente,
1069 781 1137 834 ad
1190 779 1248 834 S.
1279 779 1456 834 Patris
1499 787 1650 850 gesta
1680 778 1875 834 litteris
1904 779 2088 834 consi-

499 879 738 950 gnauda.
793 875 949 942 Quod
989 874 1032 929 si
1075 873 1127 928 id
1165 888 1270 926 non
1310 887 1528 942 semper
1567 886 1827 940 expresse
1868 869 2086 940 repetit,

500 970 716 1041 quoties
742 967 808 1022 de
823 965 1102 1036 discipulis
1124 964 1180 1019 S.
1201 963 1486 1034 Romualdi
1517 963 1847 1017 mentionem
1869 960 2085 1031 ingerit,

499 1057 709 1127 etquid
739 1056 820 1110 vir
842 1054 1221 1110 sanctissimus
1243 1051 1540 1120 discipulos
1571 1066 1700 1106 suos
1727 1051 1964 1111 doceret,
1995 1065 2086 1105 re-

501 1149 649 1204 ferre
677 1146 878 1215 satagit
910 1159 926 1198 :
969 1159 1073 1198 non
1101 1153 1386 1214 propterea
1411 1141 1532 1197 illos
1559 1141 1707 1195 velut
1737 1156 1767 1195 a
1795 1156 1856 1196 se
1881 1139 2090 1195 alienos

503 1251 936 1296 commemorare
963 1235 1264 1290 censendus
1284 1242 1401 1298 est;
1433 1233 1536 1288 nisi
1564 1233 1831 1297 dicamus,
1861 1245 2090 1300 evange-

501 1329 658 1386 listas
711 1343 770 1382 se
822 1345 853 1380 a
891 1324 1096 1380 Christi
1152 1323 1436 1395 disciplina
1473 1323 1678 1378 alienos
1709 1323 2086 1394 pronuntiare,

502 1420 718 1491 quoties
751 1424 1018 1471 enarrant
1055 1413 1360 1485 parabolas,
1391 1429 1528 1486 quas
1559 1415 1690 1468 dixit
1735 1414 1892 1467 Iesus
1929 1413 2091 1466 disci-

502 1511 642 1584 pulis
670 1511 814 1575 suis;
835 1517 930 1563 aut
959 1507 1060 1562 uisi
1092 1511 1402 1562 asseramus
1431 1505 1682 1560 eumdem
1730 1503 1953 1559 Petrum
1981 1503 2088 1557 Da-

505 1603 748 1658 mianum
793 1600 957 1654 etiam
989 1614 1019 1653 a
1051 1597 1110 1652 S.
1142 1597 1420 1652 Benedicti
1448 1596 1734 1666 disciplina
1762 1609 1821 1649 se
1851 1593 2088 1648 alienum

507 1691 714 1756 facere,
750 1690 876 1744 dum
910 1687 968 1742 S.
1011 1685 1286 1741 Benedicti
1329 1667 1624 1754 discipulos
1663 1683 1908 1738 nominat
1952 1691 2085 1738 tom.

2187 509 2428 577 ejusdem
2459 514 2698 567 auctoris
2718 529 2814 568 ore
2838 513 3126 577 audivisse,
3153 515 3280 568 dum
3309 514 3539 570 invicem
3571 516 3638 570 de
3664 517 3770 571 hac

2192 601 2308 670 ipsa
2340 605 2714 659 controversia
2759 605 3210 674 colloqueremur,
3237 605 3382 674 quod
3411 621 3477 661 ex
3513 607 3773 661 omnibus

2187 695 2545 764 argumentis,
2579 709 2698 764 qua:
2747 711 2844 765 pro
2881 703 3063 750 nostra
3115 697 3385 751 sententia
3441 696 3770 760 afferuntur,

2187 801 2356 839 unum
2389 786 2492 840 hoc
2521 787 2622 842 sibi
2650 789 2965 852 maximum,
2993 804 3103 859 pra:
3126 790 3358 856 caeteris,
3391 792 3668 860 negotium
3693 789 3778 843 fav-

2198 887 2459 944 cesseret,
2485 879 2614 936 licet
2634 881 2750 950 ejus
2773 881 2819 935 vi
2847 897 2876 935 a
2903 891 3273 952 pra-concepta
3301 882 3570 938 sententia
3603 897 3667 939 se
3689 883 3777 938 di-

2189 969 2395 1024 moveri
2426 983 2535 1024 nou
2567 979 2868 1039 pateretur.
3097 966 3108 973 ’

2260 1059 2324 1114 11.
2365 1059 2456 1114 Sic
2483 1061 2649 1130 igitur
2677 1063 2946 1132 proponit,
2971 1072 3136 1133 atque
3165 1064 3403 1120 enodare
3428 1064 3774 1121 Laderehius

2190 1153 2513 1222 aggreditur.
2540 1151 2807 1222 ejusmodi
2833 1155 3203 1211 difficultatem
3229 1173 3377 1212 num.
3403 1157 3472 1211 15
3505 1176 3518 1212 :
3559 1175 3580 1208 ι
3611 1157 3776 1212 Dices

2189 1241 2554 1296 Romttaldum
2581 1257 2825 1298 eremum
2870 1243 3049 1300 Sitria:
3089 1246 3366 1313 fundasse,
3394 1247 3446 1301 in
3477 1263 3584 1318 qua
3617 1247 3775 1302 dein-

2191 1347 2319 1402 ceps
2349 1333 2453 1388 fuit
2489 1335 2801 1390 Dominicus
2829 1335 3133 1403 Loricatus,
3163 1333 3408 1392 Damiani
3437 1338 3770 1410 discipulus;

2189 1423 2288 1478 sub
2311 1425 2795 1482 constitutionibus
2812 1439 2941 1496 ergo
2963 1426 3273 1493 Romualdi,
3301 1435 3488 1498 utpote
3504 1427 3557 1482 in
3582 1441 3775 1483 eremo

2189 1514 2260 1570 ab
2304 1516 2407 1570 hoc
2447 1517 2692 1572 fundata.
2727 1536 2746 1570 ι
2799 1515 2898 1572 Cui
2943 1534 3074 1590 ergo
3102 1531 3424 1591 argumento
3463 1519 3542 1576 sic
3573 1519 3774 1576 statim

2193 1609 2482 1676 respondet
2509 1625 2522 1661 τ
2563 1626 2581 1659 t
2613 1608 2718 1664 Sed
2741 1617 2970 1679 negatur
2990 1625 3331 1680 consequens
3357 1627 3424 1666 ex
3448 1625 3613 1681 supra
3645 1609 3778 1664 alla-

2191 1700 2458 1768 tis,quod
2492 1699 2828 1757 liomualdus
2854 1704 3272 1758 constitutiones
3309 1717 3416 1757 non
3460 1703 3610 1758 dedit
3652 1701 3776 1772 (sed

509 1781 575 1846 ll,
599 1797 765 1838 serm.
803 1781 860 1846 8,
891 1795 990 1834 nec
1019 1794 1078 1834 se
1109 1778 1216 1832 illis
1251 1792 1506 1848 expresse
1545 1775 1845 1846 conjungit,
1885 1789 2088 1845 eosque

2197 1801 2408 1846 tacente
2455 1793 2656 1862 lingua,
2687 1801 2742 1848 et
2771 1794 3097 1864 praedicante
3135 1795 3268 1862 vita)
3299 1795 3502 1858 docuit,
3540 1801 3595 1848 et
3645 1793 3779 1848 licet

508 1883 790 1944 propterea
824 1881 884 1927 ut
923 1871 985 1924 ad
1029 1885 1085 1923 se
1107 1869 1329 1923 omnino
1355 1883 1460 1923 non
1491 1868 1850 1938 pertinentes,
1884 1865 2090 1919 Lader-

512 1964 622 2018 cbii
645 1963 878 2032 judicio,
916 1967 1332 2016 commemorat.
1369 1957 1474 2014 Sed
1503 1956 1774 2027 quomodo
1805 1954 2089 2009 Romualdi

507 2054 818 2124 discipulos,
860 2052 1008 2106 velut
1047 2050 1114 2105 ad
1146 2065 1204 2104 se
1236 2049 1458 2104 minime
1485 2050 1782 2102 attinentes
1808 2047 2090 2101 norniuare

503 2145 804 2199 Damiauus
833 2143 1080 2214 poterat?
1117 2155 1210 2196 eos
1239 2157 1450 2208 nempe,
1479 2139 1800 2209 quibuscum
1833 2137 2089 2206 frequen-

508 2235 720 2290 tissime
744 2233 980 2297 vivebat,
1005 2240 1060 2284 ut
1083 2240 1195 2284 toto
1219 2246 1337 2300 cap.
1365 2231 1397 2284 6
1419 2241 1697 2284 ostensum
1725 2239 1826 2294 est,
1857 2228 2088 2298 quorum

507 2326 672 2380 etiam
699 2323 1011 2394 magisterio
1035 2331 1091 2376 et
1133 2321 1429 2376 directione
1457 2322 1728 2387 utebatur,
1759 2332 1817 2374 ut
1841 2329 2087 2388 respectu

507 2416 569 2470 B.
602 2415 801 2470 Leonis
836 2413 1116 2468 Silriensis
1141 2427 1263 2481 cap.
1306 2413 1426 2476 cit.,
1459 2427 1608 2465 num.
1642 2413 1708 2465 16
1735 2427 1799 2466 ex
1831 2411 2090 2464 Damiano

507 2507 892 2580 probavimus;
919 2505 1008 2576 qui
1040 2513 1216 2560 tamen
1245 2505 1376 2570 Leo,
1399 2520 1464 2558 ex
1494 2505 1682 2559 eodem
1707 2503 1969 2558 Damiano
1992 2502 2086 2558 lib.

509 2613 588 2666 vr,
630 2610 716 2668 ep.
760 2599 824 2651 17
861 2615 872 2648 :
907 2616 924 2648 ι
970 2595 1090 2650 Jam
1141 2610 1243 2666 per
1288 2594 1630 2666 septuaginta
1678 2592 1792 2648 fere
1824 2607 1996 2647 annos
2034 2591 2088 2644 in

507 2690 816 2746 monastieo
867 2688 1052 2744 habitu
1099 2689 1328 2758 degebat
1367 2706 1381 2742 :
1422 2706 1440 2740 ι
1497 2688 1738 2756 adeoque
1791 2685 2089 2741 Romualdo

507 2782 744 2845 vivente,
774 2787 832 2834 et
875 2779 976 2834 sub
1003 2779 1120 2849 ejus
1159 2778 1440 2849 auspiciis,
1468 2777 1763 2833 eremitica:
1801 2779 1924 2832 vitae
1955 2779 2090 2832 tiro-

509 2871 714 2926 cinium
749 2877 1024 2940 posuerat.
1052 2871 1193 2923 inter
1224 2869 1341 2936 ejus
1369 2867 1662 2938 discipulos
1687 2867 1827 2934 apud
1867 2867 2088 2922 Sitriant

511 2961 858 3032 superstites,
883 2959 1127 3014 omnium
1151 2957 1382 3013 fortasse
1411 2957 1839 3027 antiquissimus.

1105 3047 1332 3105 CAPUT
1375 3047 1507 3102 Vill.

697 3141 917 3215 Reliqua
939 3161 970 3197 α
998 3141 1290 3198 Ladercltio
1315 3139 1518 3210 objecta
1546 3139 1916 3193 discutiuntur.

517 3232 795 3292 SYNOPSIS.
843 3265 915 3276 -
953 3233 1235 3300 Quodnam
1300 3227 2088 3300 argumentum_Laderebium

584 3307 820 3360 maxime
845 3298 1074 3374 premat.
1104 3301 1267 3374 Num.
1287 3302 1339 3354 1.
1371 3298 1438 3356 Ut
1467 3299 1596 3374 illud
1637 3298 1844 3374 solvere
1885 3298 2092 3374 nitatur

583 3385 793 3430 auctor.
825 3367 882 3429 Ξ.
913 3373 1212 3428 Solutionis
1257 3369 1608 3440 impugnatio.
1654 3370 1707 3422 5.
1757 3368 1838 3422 Ad
1885 3367 2092 3440 ordinis

586 3444 670 3500 Sui
700 3444 1087 3505 fttttdationetn,
1107 3435 1781 3496 Romttaldoiteccssariam
1806 3447 1911 3492 non‘
1929 3435 2092 3492 fuisse

588 3516 986 3570 institutionum
1031 3511 1372 3582 propriarum
1408 3509 1778 3582 scriptionetn.
1811 3507 1950 3582 leid.
1979 3507 2093 3562 Duo

587 3585 693 3638 alia
721 3585 1006 3639 Ladercbii
1032 3577 1179 3637 dicta
1215 3577 1584 3634 confutantur.
1617 3581 1669 3632 4.
1701 3577 1936 3632 Ulterior
1965 3593 2092 3632 eva-

585 3657 666 3726 sio
709 3654 954 3726 primarit
1005 3651 1312 3726 argumenti
1359 3666 1399 3726 a_
1434 3649 2004 3726 Ladercltio_tcutata.
2035 3647 2090 3702 5.

585 3717 872 3782 Classense
903 3717 1212 3778 ctenobium
1239 3735 1336 3773 cur
1361 3717 1759 3774 Camaldulensi
1791 3733 1978 3772 eremo
2003 3732 2096 3771 co-

625 3797 830 3850 ulatttm
863 3793 1062 3848 fuerit?
1087 3793 1138 3846 ϐ.
1161 3793 1237 3844 De
1257 3791 1378 3844 aliis
1401 3789 1854 3844 monasteriorum
1878 3788 2092 3841 unioni-

621 3883 683 3920 us
705 3869 845 3920 intra
877 3863 1128 3919 eumdem
1153 3861 1422 3914 ordinem.
1451 3860 1504 3913 7.
1535 3859 1655 3912 Alia
1688 3857 1974 3912 Laderchii
1999 3864 2092 3909 c'a-

584 3937 790 3992 villatio
830 3937 1116 3990 refutatur.
1159 3931 1211 3984 8.
1257 3931 1514 3984 lnstantia
1548 3944 1735 3981 rursus
1767 3927 1869 3980 alia
1899 3927 2093 3980 advcr~
2135 3949 2148 3962 -

585 4007 716 4059 sarii
741 4015 930 4058 contra
964 4015 1206 4056 nostram
1237 3999 1582 4061 sententiam,
1608 3997 1744 4052 falso
1773 3998 1951 4051 nitens
1969 4011 2097 4064 sup-

563 4076 782 4146 ?posito.
813 4072 1099 4146 9.7Dupleit
1145 4070 1462 4146 disparitas,
1507 4069 1572 4121 ad
1621 4069 1732 4146 boe‘
1755 4066 2092 4146 propositum

585 4135 616 4198 ᾖ
657 4144 958 4199 Laderchio
981 4135 1247 4202 adducta,
1275 4139 1637 4206 impugnatur.
1671 4135 1770 4189 10.
1814 4136 1947 4206 Duas
1979 4135 2098 4188 alia:

584 4214 871 4270 Ladercbii
903 4211 1257 4278 objectiones.
1293 4205 1392 4278 il.
1407 4207 1612 4278 Primae
1637 4205 1850 4278 illarum
1875 4205 2009 4278 solut
2022 4208 2092 4278 in.

585 4285 676 4338 1'2.
708 4273 1332 4338 Secundze'cmtfutatio.
1379 4277 1468 4332 15.
1511 4275 1766 4331 Ultimum
1811 4273 2096 4329 Ladercliii

589 4362 973 4424 argumentum
1001 4350 1242 4404 diluitur.
1277 4345 1364 4401 14.

586 4445 628 4500 l.
663 4443 796 4498 Tam
835 4441 1042 4514 potenti
1079 4439 1200 4494 luce
1240 4439 1323 4493 vis
1360 4445 1608 4492 veritatis
1650 4435 1894 4497 irradiat,
1943 4443 2000 4488 ιιι
2043 4434 2094 4488 in

523 4534 710 4592 oculos
748 4533 910 4588 etiam
947 4547 1006 4586 se
1043 4529 1358 4600 fugientium
1391 4528 1636 4582 incurrat
1671 4544 1685 4581 :
1718 4526 1840 4581 ideo
1889 4525 2090 4580 Lader-

513 4628 699 4682 cbium
728 4631 971 4677 nostrum
1013 4621 1188 4674 latere
1231 4632 1570 4686 nequaquam
1603 4615 1800 4686 potuit,
1833 4631 1998 4668 unum
2026 4631 2090 4668 ex

513 4715 802 4787 przecipttis
854 4709 1222 4780 argumentis,
1257 4707 1452 4776 quibus
1494 4704 1904 4761 Catualdulcnse
1950 4704 2093 4758 Petri

515 4803 764 4861 Damiani
811 4802 1118 4856 institutum
1173 4797 1390 4868 probari
1432 4796 1590 4859 solet,
1631 4811 1696 4850 ex
1736 4809 1818 4862 eo
1847 4797 2092 4866 petitmn,

514 4897 656 4969 quod
686 4893 746 4950 S.
773 4894 1090 4949 Dominicus
1115 4889 1398 4944 Loricaitts
1440 4887 1620 4942 Sitria:
1657 4888 1828 4958 prior,
1858 4887 2094 4957 ejusdem

514 4989 664 5046 Petri
693 4986 940 5040 Damiani
991 4981 1288 5052 discipulus
1343 4979 1530 5045 fuerit,
1557 4980 2008 5050 quemadmodum
2040 4988 2094 5032 et

511 5098 614 5142 nos
632 5097 756 5151 cap.
781 5078 836 5144 6,
861 5094 1010 5132 num.
1038 5075 1104 5130 M
1123 5073 1633 5130 dcm‘onstravimus.
1666 5071 1880 5126 Nullum
1910 5071 2096 5139 itaque

515 5191 624 5232 non
656 5180 838 5227 movet
867 5167 1098 5238 lapidem
1128 5166 1582 5236 scriptornoster,
1613 5173 1672 5218 ut
1701 5163 1802 5219 hoc
1829 5176 1940 5216 sua:
1966 5176 2094 5214 cau-

515 5281 590 5321 sae
619 5259 992 5332 prazjudicium
1023 5257 1329 5322 amoliatur,
1360 5267 1522 5325 atque
1551 5257 1604 5310 in
1637 5269 1853 5309 omnem
1886 5269 1945 5308 se
1974 5267 2094 5306 ver-

2115 3133 2162 3196 C

2126 4498 2174 4556 D

2193 1884 2359 1938 multa
2391 1886 2491 1938 sub
2519 1885 2705 1955 regula
2747 1885 2804 1940 S.
2835 1885 3110 1940 Benedicti
3146 1884 3453 1941 fundaverit
3483 1885 3636 1946 loca;
3684 1894 3774 1938 ta-

2193 1993 2316 2033 men
2359 1993 2478 2047 quae
2526 1977 2581 2031 in
2627 1979 2692 2032 iis
2731 1991 2892 2047 supra
2925 1977 3168 2048 regulam
3197 1977 3672 2040 custodiebantur,
3703 1977 3776 2028 ab

2193 2067 2308 2138 ipso
2339 2069 2620 2138 magistro,
2653 2068 2904 2138 exemplo
2934 2069 3133 2138 potius,
3163 2083 3323 2136 quam
3367 2067 3556 2130 verbo,
3604 2065 3690 2118 vel
3727 2066 3776 2120 si

2191 2161 2380 2226 verbo,
2411 2162 2575 2215 verbo
2617 2170 2814 2214 tantem
2842 2159 3321 2214 constitutionibus
3347 2159 3513 2213 certis
3549 2173 3655 2211 non
3689 2157 3777 2211 ab

2192 2253 2377 2324 ligato,
2403 2253 2754 2320 jubebantur,
2787 2259 2846 2305 ut
2874 2251 2942 2305 ab
2970 2249 3186 2312 abbate,
3215 2265 3323 2304 non
3358 2249 3426 2301 ab
3450 2236 3775 2301 institutore

2123 2399 2127 2404 _
2190 2360 2344 2400 novae
2394 2343 2620 2416 regulae,
2651 2344 2748 2399 sed
2777 2344 2955 2414 potius
2985 2351 3045 2397 ut
3091 2359 3120 2396 a
3162 2342 3420 2414 peculiari
3473 2342 3642 2402 illius,
3687 2341 3778 2395 vel

2191 2433 2350 2490 istius
2373 2434 2473 2489 loci
2501 2443 2833 2505 pt‘mceptore
2861 2443 2917 2488 et
2942 2435 3219 2504 magistro.
3249 2434 3401 2500 Quod
3431 2435 3616 2504 utique
3642 2450 3775 2502 per-

2189 2527 2420 2591 duravit,
2451 2541 2732 2596 usquequo
2755 2527 2900 2580 ducti
2930 2526 3122 2596 spiritu
3159 2524 3472 2589 Romualdi,
3503 2527 3780 2579 censtitu-

2193 2621 2365 2674 tiones
2395 2619 2512 2687 ejus
2550 2619 2991 2684 Camaldulenses
3041 2618 3286 2688 apicibus
3318 2618 3693 2680 tradiderunt;
3721 2625 3783 2670 et.

2191 2708 2385 2766 Petrus
2431 2712 2559 2765 item
2598 2725 2726 2766 suas
2758 2709 2932 2776 dedit,
2964 2723 3030 2764 ex
3069 2709 3264 2777 quibus
3296 2709 3482 2776 utique
3511 2707 3578 2761 ab
3610 2705 3779 2760 Avel-

2189 2801 2398 2856 lanensi
2442 2800 2797 2872 distinguitur
2824 2798 3257 2854 Camaldulensis
3287 2797 3661 2868 congregatio,
3695 2796 3778 2848 uti

2191 2893 2292 2947 sub
2319 2891 2500 2960 regula
2529 2891 2586 2947 S.
2623 2892 2898 2947 Benedicti
2923 2890 3338 2953 Cistercienses,
3359 2890 3774 2950 Cluniacenses,

2193 2981 2657 3036 V’allmubrosanae
2693 2980 3140 3052 congregationes
3181 2989 3507 3050 separantur
3528 2979 3598 3032 ad
3631 2977 3780 3031 imi-

2192 3088 2329 3128 cem.
2369 3093 2388 3126 ι
2428 3073 2551 3128 llaec
2575 3072 2682 3128 ille.

2263 3162 2348 3216 111.
2400 3161 2458 3216 lu
2489 3162 2702 3231 quibus,
2739 3161 2867 3231 quid
2917 3157 3086 3230 prius,
3120 3159 3248 3229 quid
3285 3159 3456 3230 magis
3504 3159 3780 3223 admirer,

2192 3255 2468 3324 ambigere
2499 3269 2586 3308 me
2609 3252 2810 3318 fateor;
2843 3270 2970 3306 num
3003 3254 3228 3315 scilicet,
3259 3253 3410 3322 quod
3445 3251 3782 3307 Sitricnsem

2189 3361 2434 3400 eremum
2465 3359 2496 3398 a
2529 3343 2587 3398 S.
2626 3343 2924 3398 Romualdo
2951 3343 3252 3408 fundatam,
3293 3345 3519 3415 ejusque
3560 3345 3783 3398 habita-

2194 3446 2341 3493 tores
2373 3438 2440 3491 ad
2468 3437 2717 3492 ordinem
2745 3435 3214 3491 Camaldulensem
3255 3437 3531 3506 pertinere
3569 3436 3790 3490 inficia-

2193 3535 2304 3590 tur,
2335 3525 2458 3596 quia
2488 3524 2546 3580 S.
2591 3525 2754 3580 Pater
2776 3525 3194 3581 constitutiones
3223 3542 3350 3580 suas
3399 3517 3625 3596 scriptis
3673 3543 3787 3582 non

2195 3616 2472 3680 exaravit;
2512 3630 2636 3668 num
2667 3615 2810 3684 quod
2839 3614 3088 3670 eumdem
3122 3615 3178 3670 ὃ.
3209 3613 3421 3670 Patrem
3447 3657 3462 3681 ,
3491 3629 3601 3669 non
3632 3617 3791 3670 velut

2194 3710 2490 3765 cremiticze
2509 3709 2635 3764 vitae
2669 3710 3108 3773 instattratorem,
3136 3709 3228 3764 sed
3257 3708 3408 3763 velut
3437 3707 3787 3777 peculiarem

2193 3798 2386 3870 huius,
2417 3799 2502 3852 vel
2541 3799 2682 3854 illius
2713 3799 2814 3854 loci
2847 3809 3236 3869 praeceptorem
3271 3799 3428 3852 nobis
3475 3799 3740 3854 exhibeat
3768 3817 3786 3862 ς

2198 3906 2324 3944 num
2357 3889 2608 3958 denique,
2649 3887 2792 3957 quod
2839 3887 2981 3942 hunc
3025 3903 3206 3942 rerum
3239 3893 3440 3942 statum
3471 3887 3793 3942 obtinuisse

2197 3991 2492 4044 assereret,
2510 3979 2812 4049 usquedum
2835 3978 3278 4034 Camaldulenses
3291 3979 3793 4033 constitutionilms

2199 4075 2312 4130 suis
2361 4071 2770 4128 conscribendis
2809 4073 3046 4124 animum
3085 4065 3480 4140 applicuerunt.
3524 4071 3600 4125 At
3635 4071 3791 4124 enim

2199 4181 2319 4234 qua:
2350 4174 2587 4219 monstra
2615 4164 2728 4218 bare
2759 4174 2884 4218 sunt
2939 4179 3117 4218 rerum
3153 4174 3206 4218 et
3235 4165 3638 4219 sententiarum
3658 4165 3684 4218 ?
3717 4166 3795 4220 De

2200 4257 2374 4326 primo
2391 4255 2500 4322 jam
2529 4269 2646 4323 cap.
2674 4255 3067 4324 pra‘cedmum.
3093 4254 3176 4316 i2,
3204 4254 3440 4308 diximus
3467 4270 3594 4307 cum
3615 4253 3794 4309 Paulo

2198 4346 2502 4401 Iustiniano
2547 4343 2902 4398 Ronmaldum
2951 4344 3138 4414 utique
3184 4343 3603 4398 co:.s‘.itutiones
3659 4354 3797 4399 suas

2201 4436 2418 4505 scriptis
2444 4450 2548 4488 non
2593 4432 2914 4502 prodidisse,
2938 4433 3136 4487 Christi
3171 4434 3338 4502 ipsius
3365 4430 3579 4486 Domini
3611 4433 3798 4488 nostri

2204 4526 2454 4596 exemplo
2501 4543 2514 4578 :
2561 4542 2578 4574 ι
2613 4523 2738 4589 Qui,
2773 4523 2913 4593 quod
2963 4525 3078 4592 ipse
3127 4523 3374 4578 faciendo
3419 4538 3484 4577 ac
3539 4524 3799 4579 docendo

2203 4618 2459 4683 instituit,
2509 4631 2615 4679 non
2669 4615 2888 4684 scriptis
2940 4616 3186 4678 tradidit,
3223 4617 3319 4669 sed
3370 4615 3492 4670 aliis
3542 4625 3673 4684 post
3734 4633 3799 4672 se

2201 4707 2503 4763 scribendis
2526 4706 2784 4774 reliquit;
2827 4723 2846 4756 ι
2878 4705 2970 4760 sed
3005 4720 3104 4759 nec
3138 4703 3362 4773 Magnus
3389 4706 3668 4762 Antonius
3695 4708 3801 4762 ab-

2201 4798 2320 4863 bas,
2356 4805 2435 4851 tot
2483 4797 2865 4849 monachorum
2924 4794 3104 4858 Pater,
3155 4795 3319 4848 ullam
3371 4795 3661 4864 regulam,
3698 4807 3800 4851 aut

2203 4885 2600 4942 institutionem
2633 4885 2832 4952 scripta
2879 4883 3186 4950 mandavit,
3221 4894 3277 4936 at
3304 4885 3432 4938 vita:
3461 4901 3576 4940 sum
3602 4901 3796 4940 exem-

2200 4977 2322 5047 plis,
2347 4985 2401 5030 et
2429 4975 2767 5030 documentis
2796 4973 2847 5026 itt
2894 4972 3011 5042 ejus
3055 4973 3448 5043 discipulorum
3481 4987 3673 5030 mente
3712 4979 3802 5030 al-

2202 5065 2310 5119 tius
2340 5062 2642 5133 it‘nprcssis,
2687 5071 2986 5116 sectatores
3025 5077 3154 5116 suos
3197 5063 3411 5116 abunde
3433 5063 3702 5130 erudivit,
3736 5075 3802 5120 ut

2201 5165 2392 5210 auctor
2424 5163 2477 5207 et
2498 5153 2827 5208 Athanasius
2855 5169 2867 5204 :
2907 5171 2925 5202 t
2956 5151 3052 5205 Est
3079 5152 3240 5216 enim,
3274 5153 3472 5220 inquit,
3503 5153 3802 5209 monachis

2201 5243 2472 5300 suilieicns
2522 5249 2768 5298 caractcr
2823 5241 2888 5294 ad
2943 5241 3232 5294 ascetieam
3301 5243 3525 5296 Antonii
3593 5245 3735 5297 vita.
3773 5263 3795 5296 ι

2211 5338 2245 5350 Λ
2343 5335 2401 5350 Iw
2617 5333 2654 5350 I.
2713 5333 2782 5350 η-
2833 5330 3001 5350 .__-I‘_
3065 5331 3357 5350 )3.!_--__.n
3423 5333 3507 5350 -..Β
3548 5347 3650 5350 ____
