3982 5350
495 249 561 305 75
1338 234 1397 289 ὃ.
1437 228 1714 287 PETRUS
1753 223 2107 284 DAMIANUS
2145 221 2199 277 Β.
2231 219 2297 274 R.
2338 218 2400 288 Ε.
2434 211 2865 272 CARDINALIS.
3293 242 3303 254 .
3671 207 3742 262 75

494 365 561 419 de
610 355 940 416 monasterio
986 344 1322 405 Valliscastri
1358 341 1521 415 (quod
1563 342 1621 395 S.
1646 338 1708 394 P.
1740 335 2068 392 Romualdns
2099 341 2140 397 Α
2174 328 2391 419 lanitam
2435 326 2616 387 hunc,
2662 334 2719 378 et
2758 324 2902 391 illum
2943 321 3065 389 quis
3115 317 3333 383 fecerit,
3381 318 3601 419 perinde
3643 320 3749 375 Ca-

491 452 889 510 rdificaverat,
932 450 1094 512 atque
1138 439 1230 494 ubi
1277 432 1625 491 mortalitatis
1670 445 1780 486 sua:
1837 427 2064 496 spolium

468 520 733 610 lexnerat)
765 544 886 609 post
912 533 1017 589 '560
1042 544 1212 586 annos
1237 526 1502 582 duntaxat
1542 536 1712 578 sacrae
1738 518 1907 575 eremi
1935 515 2067 570 locis

491 606 804 704 aggregato,
832 623 1135 687 docuimus,
1172 621 1276 675 huc
1297 615 1625 677 referantur,
1655 623 1842 681 quaeve
1872 606 2066 662 ibidem

664 698 760 785 v25,
787 719 854 775 de
880 715 1045 771 variis
1068 710 1330 769 ctenobiis
1370 704 1578 763 ordinis
1605 699 1853 769 alicujus,
1896 698 1949 752 in
1976 710 2072 766 pc-

491 814 753 869 culiarem
802 805 1042 880 ejusdem
1095 799 1302 858 ordinis
1346 793 1814 866 congregationem
1873 799 2069 843 conve-

490 902 763 961 nientibus
787 940 803 966 ,
834 877 1154 969 generatim
1199 887 1607 946 observavimus
1632 924 1647 950 ,
1702 889 1891 936 nostro
1943 877 2069 933 huic

490 993 763 1066 proposito
813 968 1192 1060 applicentur:
1241 979 1444 1052 patebit
1483 976 1708 1046 utique,
1772 981 1881 1027 tam
1932 968 2069 1024 nihil

488 1059 707 1141 ebstare
732 1059 959 1136 uniones
984 1072 1246 1147 ejusmodi
1274 1066 1749 1129 monasteriorum,
1777 1059 2069 1117 Camaldu-

489 1176 622 1232 lensi
645 1170 956 1230 eorumdem
989 1168 1257 1229 instituto,
1287 1163 1447 1217 etiam
1471 1158 1538 1213 ad
1569 1161 1811 1225 tempora
1842 1151 2069 1206 uniones

490 1266 591 1321 has
633 1258 989 1334 praecedentia
1013 1297 1029 1324 ,
1070 1254 1261 1317 relato,
1312 1264 1472 1320 quam
1516 1246 1660 1300 nulla
1689 1256 1910 1314 prorsus
1935 1238 2070 1295 ditii-

493 1331 667 1411 cultas
714 1352 770 1406 in
824 1365 889 1405 eo
917 1345 1174 1410 occurrit,
1221 1341 1362 1412 quod
1387 1339 1601 1409 ipsimet
1624 1331 2071 1389 Camaldulenses

491 1443 775 1502 coenobitae
799 1441 976 1510 primo
1002 1449 1191 1493 novem
1236 1432 1505 1493 locorum,
1546 1424 1742 1481 deinde
1766 1420 2072 1492 septemde-

492 1538 597 1592 cim
647 1531 1033 1590 monasterium
1088 1523 1559 1595 congregationem
1598 1516 1936 1588 collegerint,
1983 1511 2069 1568 cui

492 1626 720 1683 subinde
763 1623 884 1678 aliis
938 1619 1145 1677 ordinis
1189 1614 1452 1672 coenobiis
1505 1608 1830 1682 aggregatis,
1884 1606 1945 1661 S.
1978 1603 2072 1659 Mi-

493 1716 699 1774 chaelis
749 1711 1096 1783 congregatio
1130 1707 1330 1764 coaluit
1364 1723 1377 1760 :
1419 1718 1519 1759 nec
1549 1712 1728 1756 tamen
1773 1699 1895 1769 quis
1923 1709 2063 1767 ρηγ-
2093 1689 2140 1748 Β

491 1808 715 1865 tendere
765 1805 909 1860 ausit
943 1802 1129 1857 eadem
1180 1795 1427 1852 cmnobia
1496 1794 1563 1849 ad
1613 1792 1914 1847 institutum
1965 1784 2068 1841 Ca-

488 1896 845 1961 maldulense,
877 1894 963 1949 vel
986 1899 1113 1947 ante
1140 1879 1344 1944 Leonis
1362 1886 1412 1941 Χ
1442 1892 1704 1953 tempora,
1731 1880 1928 1951 quibus
1954 1878 2069 1932 hac

490 1987 839 2057 congregatio
876 1982 1116 2052 perfecte
1163 1974 1382 2043 coaluit,
1436 1972 1796 2045 pertinuisse;
1832 1965 2065 2030 tametsi,

489 2086 550 2132 ut
599 2075 889 2131 Fortunius
942 2071 1180 2142 loquitur
1206 2075 1348 2138 part.
1390 2081 1429 2127 ι.
1462 2064 1556 2118 lib.
1588 2078 1673 2127 ιιι,
1701 2076 1821 2130 cap.
1851 2059 1902 2121 l,
1934 2057 2069 2112 adeo

488 2166 688 2220 veteris
707 2160 1102 2218 communionis
1130 2158 1384 2229 pleraque
1406 2153 1573 2210 oblita
1595 2149 1767 2205 videri
1796 2154 2066 2218 poterant,

488 2256 878 2327 pristinamque
897 2253 1200 2306 libertatem
1227 2259 1522 2309 resumere,
1546 2250 1709 2311 atque
1737 2239 1805 2294 ad
1830 2238 2068 2292 nativam

488 2325 958 2416 independentiam
989 2339 1247 2412 paulatim
1303 2336 1479 2401 redire
1518 2332 1833 2388 nitebantur
1875 2343 1890 2383 :
1945 2344 1965 2378 ι
2001 2325 2071 2383 Ut

491 2451 573 2498 tot
601 2446 785 2497 essent
823 2434 1220 2509 quodammodo
1258 2432 1313 2487 in
1358 2428 1617 2500 religione
1668 2418 2070 2481 Camaldulensi

488 2545 737 2602 corpora,
765 2537 894 2599 quot
921 2525 1255 2590 debuissent,
1276 2524 1401 2595 jure
1421 2532 1653 2586 summo,
1678 2517 1734 2572 in
1764 2515 1923 2572 unico
1948 2527 2073 2570 cor-

442 2666 449 2673 .
492 2637 622 2694 pore
649 2621 952 2677 consistere
982 2617 1245 2673 membra.
1284 2632 1303 2668 ι
2016 2679 2022 2686 ⁸

526 2734 529 2735 '
558 2713 692 2770 Vill.
730 2711 835 2768 Sed
882 2710 1162 2765 audiamus
1194 2705 1323 2777 quid
1356 2718 1504 2759 num.
1545 2700 1613 2757 15
1649 2698 1843 2755 subdat
1870 2695 2070 2751 Laden

497 2806 670 2862 chius.
695 2823 714 2856 ι
745 2805 1034 2862 Prmterea.
1054 2800 1246 2870 inquit,
1264 2796 1736 2858 licetadmittatur,
1755 2792 1897 2863 quod
1910 2789 2072 2847 fuerit

492 2896 547 2950 in
575 2908 759 2950 eremo
788 2892 966 2946 Sitria:
1015 2888 1347 2953 Dominicns,
1377 2895 1433 2943 et
1461 2886 1605 2956 quod
1643 2885 1829 2940 eadem
1856 2894 2070 2937 eremns

489 2987 557 3041 ad
601 2983 1040 3040 Camaldulenses
1064 3022 1079 3046 ,
1118 2995 1227 3035 non
1252 2979 1320 3033 ad
1346 2977 1730 3032 Avellanenses
1785 2972 2067 3045 pertinuit,

2169 415 2514 472 maldnlensis
2561 412 2786 468 instituti
2829 418 3153 467 sectatorem
3205 415 3492 477 utrumque
3543 406 3753 463 indica-

2172 507 2271 561 bit.
3203 484 3205 488 ’

2236 614 2327 671 IX.
2370 614 2631 671 Dominici
2673 613 2837 684 igitur
2863 610 3097 667 Loricati
3126 602 3340 681 négotio
3368 609 3447 663 sic
3473 607 3748 672 confecto,

2167 708 2235 764 ad
2264 709 2366 763 alia
2396 725 2516 763 sese
2563 721 2712 761 arma
2743 705 3009 761 convertit
3035 701 3391 765 Laderchius,
3420 710 3479 754 ut
3506 709 3753 754 nostrain

2165 801 2464 855 doctrinam
2489 807 2781 869 Oppugnet.
2804 816 2822 848 ι
2848 795 3090 856 Demum,
3122 793 3296 862 inquit
3323 806 3471 846 num.
3502 790 3587 852 l6,
3616 804 3755 858 quo-

2167 890 2325 959 modo
2349 888 2780 943 strenuissinmm
2802 883 3119 940 humilitatis
3142 882 3500 952 professorem
3526 879 3751 936 Petrum

2167 980 2230 1035 Ν.
2255 980 2499 1035 Damiani
2531 980 2806 1034 crebuissc
2829 977 3187 1036 censebimus.
3221 974 3562 1045 magistrum,
3592 989 3623 1026 a
3643 987 3756 1041 quo

2169 1083 2362 1137 totmn,
2386 1072 2527 1142 quod
2555 1071 2839 1134 didicerat,
2892 1085 2989 1125 sua
3020 1068 3208 1123 Fontis
3236 1067 3504 1122 Avellanze
3527 1081 3760 1136 congre-

2167 1164 2312 1236 gatio
2339 1163 2600 1229 ebiberat,
2641 1161 2842 1216 nullam
2871 1160 2938 1215 de
2966 1175 3051 1223 eo,
3109 1158 3160 1214 in
3192 1156 3491 1214 scribendis
3519 1156 3638 1225 ejus
3669 1156 3756 1210 in-

2167 1254 2557 1319 stitntionibus,
2611 1252 2923 1307 memoriam
2966 1249 3250 1315 faciendo,
3296 1247 3594 1319 praesertim
3628 1262 3755 1302 cum

2169 1347 2340 1417 ipsum
2366 1356 2471 1399 tam
2497 1344 2723 1399 miriﬁce
2743 1342 2992 1407 coluerit,
3018 1341 3407 1412 ipsiusquemet
3433 1341 3595 1395 vitam
3617 1355 3758 1392 con-

2167 1436 2485 1508 scripserit?
2515 1455 2534 1490 ι
2576 1436 2640 1490 At
2670 1443 2817 1505 patet
2853 1434 2903 1489 id
2935 1434 3130 1489 falsum
3156 1447 3295 1496 esse,
3354 1446 3475 1485 nam
3507 1447 3574 1486 ex
3610 1446 3760 1501 saepe

2169 1528 2371 1595 dictis,
2426 1526 2621 1582 Petrus
2673 1525 2966 1581 Damianns
3016 1526 3068 1579 in
3116 1532 3340 1592 utraque
3369 1522 3574 1592 regula,
3633 1536 3761 1591 qua:

2169 1634 2356 1689 opusc.
2408 1632 2498 1671 xtv
2546 1624 2600 1671 et
2651 1630 2720 1669 xv
2772 1615 3097 1679 continetur,
3143 1613 3339 1685 smpius
3374 1611 3430 1667 S.
3470 1610 3760 1666 Romualdi

2169 1710 2495 1766 mentionem
2542 1707 2752 1778 injicit,
2807 1706 2950 1778 quod
2978 1713 3033 1761 et
3058 1720 3218 1776 supra
3263 1704 3519 1759 idemmet
3555 1701 3761 1757 Lader—

2167 1805 2322 1860 chius
2368 1803 2471 1858 hoc
2523 1800 2638 1872 ipso
2671 1815 2819 1870 cap.,
2862 1815 3013 1855 num.
3045 1798 3131 1864 10,
3166 1796 3626 1853 animadverterat
3652 1794 3761 1849 illis

2167 1896 2347 1952 verbis
2376 1914 2389 1950 :
2426 1914 2445 1947 ι
2477 1894 2542 1949 Ει
2569 1893 2695 1949 licet
2724 1908 2908 1949 verum
2960 1890 3051 1957 sit,
3088 1889 3343 1946 nonnulla
3378 1887 3434 1943 S.
3460 1885 3757 1941 Romualdi

2168 1987 2369 2041 monita
2415 1985 2467 2040 in
2510 1985 2623 2039 suis
2650 1982 3152 2047 constitutionibus,
3187 1989 3242 2037 et
3268 1979 3392 2035 alibi
3420 1978 3639 2033 Petrum
3672 1978 3759 2031 in-

2167 2076 2420 2139 seruisse,
2457 2092 2475 2127 ι
2510 2082 2614 2129 etc.
2653 2072 3016 2128 utretulimus
3038 2086 3159 2143 cap.
3188 2069 3441 2142 praeced.,
3476 2064 3625 2123 nam.
3665 2069 3760 2131 l0,

2167 2176 2226 2222 ut
2253 2167 2449 2222 mirum
2477 2164 2568 2232 sit,
2607 2173 2715 2219 tam
2748 2164 2857 2221 cito
2875 2179 2943 2219 ex
2967 2164 3126 2234 hujus
3151 2160 3408 2217 memoria
3444 2159 3758 2230 scriptoris,

2168 2272 2288 2329 quas
2313 2264 2436 2312 ante
2481 2255 2720 2325 quinque
2744 2254 3113 2326 paragraphos
3138 2251 3536 2311 enuntiaverat,
3583 2248 3754 2303 dilabi

2169 2348 2429 2418 potuisse.
2465 2344 2620 2401 Unde
2668 2354 2853 2416 patet,
2913 2344 3078 2399 telum
3105 2343 3209 2398 hoc
3238 2341 3452 2398 imbelle
3479 2341 3599 2396 sine
3642 2339 3758 2394 ictu

2170 2456 2397 2513 prorsus
2448 2440 2768 2495 concidere:
2802 2437 2944 2508 quod
2995 2445 3048 2492 et
3095 2435 3293 2491 nullius
3323 2449 3421 2504 per
3449 2448 3508 2488 se
3544 2431 3762 2488 roboris

2169 2541 2331 2591 esset.
2380 2531 2592 2588 etiamsi
2623 2545 2885 2600 nusquam
2921 2526 3206 2585 Romualdi
3240 2525 3535 2581 Damianus
3567 2523 3762 2579 memi-

2171 2624 2364 2689 nisset,
2418 2638 2541 2677 cum
2570 2629 2627 2677 et
2679 2637 2766 2676 res
2809 2621 2922 2691 ipsa
2978 2635 3075 2691 per
3104 2635 3162 2674 se
3200 2618 3471 2689 loquatur,
3531 2617 3759 2687 ipsaque

2171 2713 2454 2781 utriusque
2485 2711 2716 2766 instituti
2742 2709 3150 2781 comparatione
3169 2722 3290 2777 cap.
3312 2708 3369 2771 5,
3393 2706 3426 2760 4
3452 2716 3507 2761 et
3537 2706 3571 2760 5
3592 2706 3761 2772 facta,

2172 2804 2377 2859 veritas
2433 2802 2550 2857 haec
2583 2800 2896 2856 elucescat:
2935 2807 2991 2855 et
3029 2798 3333 2868 exemplum
3377 2797 3439 2851 Β.
3486 2796 3763 2868 Ludulplti

2168 2895 2440 2950 Avellanae
2471 2891 2820 2957 institutoris,
2857 2889 3009 2959 cujus
3041 2890 3244 2962 pariter
3275 2904 3537 2959 nusquam
3566 2890 3762 2944 memi-

2174 2986 2272 3052 nit,
2311 2985 2509 3040 nullam
2540 2992 2822 3055 praetensa:
2870 2983 3164 3038 mentionis
3207 2982 3588 3037 necessitatem
3642 2996 3765 3037 esse

492 3091 598 3132 non
629 3090 697 3130 ex
746 3075 850 3129 hoc
907 3079 1083 3127 tamen
1110 3071 1415 3135 deducitur,
1465 3068 1569 3123 nisi
1599 3066 1738 3136 quod
1765 3064 1894 3120 olim
1927 3064 2069 3119 inter
2097 3047 2141 3108 (ἶ
2173 3047 2566 3148 δειλοεοεηιιεηῇ
2596 3074 2830 3129 evincat.

494 3164 935 3224 Camaldnlenses
966 3163 1166 3229 fuerit;
1219 3175 1346 3215 nam
1373 3174 1494 3215 cum
1528 3174 1589 3214 se
1618 3157 1779 3212 Petro
1810 3154 2067 3217 subdidit,

492 3275 600 3314 non
627 3272 840 3328 semper
869 3256 922 3310 in
951 3270 1135 3311 eremo
1170 3253 1347 3309 Sitriae
1374 3251 1527 3317 vixit,
1560 3250 1669 3305 imo
1698 3247 1860 3320 (teste
1882 3246 2072 3302 eodem

493 3351 676 3422 Petro)
705 3350 864 3404 modo
891 3350 943 3403 in
979 3345 1342 3412 Avellanensi,
1379 3344 1494 3399 solo
1516 3341 1760 3396 Basilica
1783 3339 2072 3395 mediantis

491 3441 801 3505 interstitio,
856 3438 925 3494 ab
979 3438 1068 3493 illo
1121 3437 1345 3502 divisus,
1383 3436 1540 3490 modo
1568 3434 1635 3488 ab
1665 3433 1779 3502 ipso
1806 3442 2069 3499 remotus,

493 3531 654 3586 modo
697 3531 850 3602 juxta
900 3527 1288 3585 monasterium
1325 3524 1665 3596 Conjunctuli
1695 3522 1945 3579 cellulam
1977 3522 2073 3576 ha-

488 3623 627 3688 buit,
669 3631 724 3679 et
744 3621 1099 3677 confirmatur
1145 3635 1213 3675 ex
1261 3633 1347 3683 eo,
1380 3616 1522 3688 quod
1552 3630 1655 3669 non
1690 3615 1741 3668 in
1774 3628 1958 3669 eremo
1987 3612 2074 3667 Si-

491 3716 609 3771 trirc
655 3713 939 3771 defunctus
988 3724 1091 3778 est,
1122 3722 1177 3768 et
1207 3711 1468 3787 sepultus,
1513 3710 1607 3765 sed
1638 3709 1815 3778 potius
1844 3708 1895 3761 in
1930 3707 2070 3772 loco,

497 3807 589 3877 qui
640 3808 708 3861 ad
754 3804 1033 3876 praefatam
1079 3817 1318 3858 eremum
1366 3799 1510 3855 nullo
1540 3807 1698 3868 pacto
1748 3796 2074 3869 pertinuisse

492 3896 775 3963 reperitur.
809 3914 829 3947 ι
862 3895 1048 3962 Itaque
1084 3892 1241 3947 modo
1281 3906 1348 3945 ne
1375 3889 1593 3944 Petrum
1628 3887 1945 3942 Damianum
1972 3888 2073 3942 Ca-

497 3984 880 4041 maldulensem
910 3983 1164 4047 fateatur,
1212 3981 1551 4036 Dominicum
1603 3979 1907 4033 Loricatum
1957 3977 2072 4047 ejus

493 4073 836 4142 discipulum,
864 4070 1353 4126 Camaldulensium
1377 4070 1530 4139 quasi
1552 4066 1884 4138 transfugam
1917 4066 2074 4121 nobis

492 4164 733 4221 obtrudit
760 4164 846 4218 hic
873 4172 1082 4227 auctor,
1114 4177 1301 4217 verum
1330 4161 1477 4215 inani
1507 4173 1695 4230 opera,
1725 4173 1789 4213 ac
1816 4172 2075 4228 superva-

494 4273 595 4313 cuo
649 4265 847 4313 conatu
898 4255 1145 4309 laborat:
1183 4253 1448 4323 siquidem
1501 4268 1620 4322 cap.
1657 4250 1711 4319 6,
1770 4266 1921 4305 num.
1983 4247 2072 4313 l4,

480 4348 826 4404 "ostendimus
854 4345 1192 4401 Dominicum
1220 4343 1528 4399 Loricatutn
1558 4343 1658 4399 sub
1682 4341 1929 4398 Damiani
1957 4356 2073 4394 ma-

494 4439 719 4511 gisterio
748 4438 969 4503 vixisse,
1009 4437 1134 4492 dum
1165 4436 1389 4491 Sitriam
1413 4435 1758 4497 inhabitaret,
1791 4449 1895 4487 non
1926 4442 2077 4502 post-

504 4548 667 4605 quam
697 4547 727 4587 a
760 4531 925 4587 Sitria
979 4530 1224 4596 recessit,
1275 4538 1335 4584 nt
1380 4537 1528 4598 patet
1549 4543 1616 4583 ex
1641 4526 1867 4596 epistola
1894 4525 1983 4588 3i,
2011 4524 2075 4579 li-

501 4627 582 4682 bri
629 4641 682 4680 vr
710 4666 726 4692 ,
784 4639 947 4695 quam
988 4622 1283 4678 Damianns
1322 4622 1397 4676 'ad
1442 4616 1844 4675 DominicumS
1897 4616 2076 4672 Maria:

497 4718 680 4774 Sitriae
723 4717 959 4787 priorem
1010 4714 1270 4784 scripsit;
1331 4712 1558 4784 ipsemet
1600 4709 1794 4766 Petrus
1831 4707 2076 4763 Damiani

498 4809 814 4874 Sitrienses,
837 4808 981 4863 velut
1006 4822 1133 4862 suos
1153 4811 1560 4867 commemorat,
1580 4809 1639 4856 ut
1662 4815 1728 4855 ex
1747 4814 1928 4869 opusc.
1955 4813 2075 4863 xm,

497 4902 619 4971 eap.
649 4900 742 4966 22,
770 4900 843 4955 ibi
869 4918 882 4953 :
912 4918 930 4951 ι
963 4899 1233 4954 Habemus
1256 4896 1486 4964 denique
1510 4907 1695 4949 senem
1726 4892 1779 4944 in
1808 4898 2077 4946 monaste—

499 4995 589 5048 rio-
630 4991 839 5055 Sitriae,
884 5012 900 5043 ι
941 4999 1073 5055 etc.,
1114 4988 1322 5043 ostendi
1364 4986 1482 5041 loco
1530 4986 1646 5048 cit.,
1678 4999 1829 5039 num.
1859 4982 1947 5047 16,
1986 4980 2076 5036 ubi

498 5082 864 5156 etianinotavi
887 5079 1380 5149 frequentissimum
1406 5076 1544 5146 apud
1567 5074 1860 5129 Sitrienses
1876 5073 2077 5127 vixisse

462 5180 475 5195 "
500 5170 751 5231 eumdem
782 5174 1123 5235 Damianum,
1153 5187 1216 5226 ac
1241 5171 1437 5226 Leonis
1466 5168 1708 5224 ercmilae
1741 5165 2074 5237 spiritualem

502 5268 691 5331 lilium,
722 5275 775 5321 et
802 5265 1123 5333 discipulum
1151 5262 1344 5328 fuisse;
1378 5261 1621 5331 adeoque
1650 5260 1827 5329 potius
1858 5260 2074 5314 Petrum

2240 3164 2309 3219 Χ.
2349 3164 2485 3232 Quia
2516 3179 2644 3218 vero
2671 3164 2810 3217 hanc
2843 3163 3009 3233 ipsam
3038 3162 3325 3232 paritatem
3355 3162 3457 3218 sibi
3486 3154 3767 3233 opponam

2171 3256 2292 3313 dam
2313 3255 2645 3310 Ladercbius
2674 3254 3018 3324 prteviderat,
3042 3254 3121 3309 sic
3151 3253 3297 3309 illam
3320 3253 3507 3309 eodem
3534 3269 3765 3309 numero

2170 3363 2505 3420 pr0pcncre,
2539 3356 2702 3417 atque
2729 3346 2961 3411 elevare,
3006 3345 3205 3417 duplici
3230 3347 3534 3417 excogitato
3566 3346 3762 3401 discri-

2171 3440 2350 3504 mine,
2400 3438 2613 3493 nititur.
2661 3456 2679 3489 ι
2709 3437 2780 3492 At
2810 3453 2911 3493 nec
2959 3438 3026 3493 de
3078 3437 3663 3509 Lodulpho(inquics)
3704 3447 3763 3493 ut

2168 3531 2491 3601 supponitur
2512 3528 2944 3600 congregationis
2964 3529 3577 3595 Avellanaainstitutore,
3610 3545 3764 3583 men-

2175 3625 2372 3680 tionem
2422 3623 2571 3680 fecit.
2610 3623 2714 3679 Sed
2759 3624 2935 3679 simile
2964 3640 3071 3680 non
3104 3624 3456 3685 admittimus,
3485 3638 3587 3678 nec
3613 3623 3761 3677 enim

2170 3715 2394 3784 aequalis
2440 3713 2695 3784 ponderis
2727 3722 2845 3768 erat
2871 3715 3171 3769 auctoritas
3217 3712 3503 3783 Lodulpbi,
3535 3694 3763 3784 sicutet

2172 3780 2457 3859 Romualdi
2502 3804 2616 3874 jam
2672 3818 2701 3857 a
2754 3801 2812 3857 S.
2852 3802 2993 3859 Sede
3015 3803 3308 3874 apostolica
3349 3780 3492 3858 inter
3541 3780 3762 3857 sanctos

2172 3895 2356 3963 relati;
2385 3895 2468 3951 vel
2495 3895 2802 3961 dicendum,
2831 3904 3047 3967 propter
3084 3897 3224 3962 illos,
3256 3895 3347 3967 qui
3379 3895 3554 3951 adhuc
3578 3896 3769 3957 vivum,

2171 3985 2509 4055 Lodulphum
2539 4024 2554 4050 ,
2619 3985 2745 4039 dum
2799 3983 2993 4041 Petrus
3022 3984 3083 4041 N.
3116 3985 3360 4040 Dainiani
3394 3984 3759 4039 institutiones

2171 4075 2440 4130 Avellana:
2467 4074 2652 4138 edidit,
2708 4074 2959 4129 faciunt:
2994 4076 3189 4131 merito
3243 4076 3309 4129 de
3362 4073 3642 4143 Lodulplio
3688 4074 3760 4128 si-

2173 4164 2360 4229 luisse,
2394 4166 2518 4235 quia
2542 4164 2703 4219 nimis
2733 4165 3090 4235 incongruum
3111 4165 3377 4235 judicavit
3406 4166 3628 4239 laudare
3656 4156 3758 4221 ho-

2173 4252 2375 4308 minem
2414 4262 2541 4308 ante
2576 4262 2800 4308 mortem
2834 4253 2981 4326 (nam
3022 4254 3358 4326 Lodnlplmm
3380 4256 3558 4324 ipsum
3586 4271 3760 4327 usque

2177 4347 2243 4401 ad
2280 4362 2480 4402 annum
2524 4348 2997 4420 quadragesimum
3042 4352 3330 4420 septimum
3387 4366 3551 4422 supra
3589 4352 3762 4408 mille-

2180 4441 2374 4496 simum
2414 4439 2635 4504 vixisse,
2665 4449 2721 4494 et
2771 4440 2990 4495 Petrum
3053 4441 3468 4512 quadragesimo
3518 4443 3760 4497 secundo

2182 4552 2322 4592 anno
2344 4551 2503 4606 supra
2535 4535 2878 4592 millesimum
2900 4529 3267 4593 institutiones
3297 4537 3443 4607 ipsas
3471 4537 3760 4607 scripsisse

2191 4629 2459 4697 censent).
2498 4645 2516 4679 ι
2550 4626 2675 4681 liter.
2703 4626 2824 4694 ille;
2849 4637 2906 4682 at
2930 4636 3119 4683 neutra
3144 4614 3432 4697 disparitas
3457 4626 3760 4683 subsistere

2183 4718 2606 4788 deprehenditur
2637 4736 2650 4771 :
2679 4733 2800 4773 cum
2827 4718 2970 4772 enim
3004 4717 3163 4788 toties
3207 4716 3258 4771 in
3313 4717 3427 4772 suis
3475 4716 3756 4785 operibus,

2182 4819 2345 4880 atque
2369 4811 2421 4865 in
2452 4809 2583 4880 ipsis
2607 4808 3080 4865 constitutionibus
3109 4807 3349 4877 opusculi
3405 4823 3496 4874 xv,
3520 4824 3642 4878 cap.
3670 4805 3755 4871 l4,

2181 4900 2374 4956 Petrus
2406 4899 2649 4954 Daniiani
2675 4898 2743 4955 de
2777 4897 2838 4952 B.
2872 4899 3151 4954 Dominico
3177 4896 3427 4953 Loricato
3461 4898 3625 4953 verba
3674 4897 3754 4952 fa-

2182 4994 2291 5048 ciat
2327 5010 2339 5045 :
2376 4992 2670 5060 itidemque
2695 5005 2836 5061 smpe
2860 4999 3246 5046 commemoret
3295 4988 3431 5043 alios
3489 4991 3754 5055 viventes,

2181 5081 2415 5136 Leonem
2437 5079 2783 5144 Prezensem,
2810 5079 3165 5143 Mainardnm,
3221 5077 3514 5134 Martinam
3566 5077 3753 5134 Stom-

2179 5185 2323 5235 cem,
2354 5170 2584 5240 Lupum,
2614 5169 2846 5226 Leonem
2873 5170 3074 5235 Sizrite,
3106 5180 3237 5234 etc.,
3277 5170 3368 5239 qni
3391 5187 3499 5225 non
3529 5170 3754 5242 majoris

2181 5272 2336 5319 erant
2382 5262 2720 5317 auctoritatis
2763 5278 2827 5318 ac
2889 5260 3067 5328 famae,
3131 5277 3294 5331 quam
3344 5260 3405 5315 Β.
3438 5261 3755 5334 Lndulplms
