3982 5350
201 345 270 399 Π
1075 333 1612 395 PROLEGOMENA.
1651 361 1718 372 --
1751 330 1838 385 DE
1865 327 2237 385 INSTITUTO
2275 325 2677 383 CAMALDUL.
3406 326 3472 380 78

199 467 324 508 cum
351 440 548 506 codem
581 463 772 520 opusc.
797 464 888 512 xv,
915 434 1034 517 cap.
1064 448 1152 507 28.
1186 447 1460 502 efficacius
1496 458 1616 499 esse
1642 443 1790 496 vivo-
1817 449 1866 506 Α
1896 440 2064 504 tinus,
2097 440 2188 510 qui
2227 440 2280 494 in
2312 437 2712 494 Cainaldulcnsi
2743 451 2930 491 eremo
2965 445 3364 504 commoratur,
3394 440 3478 494 vir

199 556 524 611 rum,quam
554 550 893 595 mortuorum
917 540 1244 610 exemplum.
1270 539 1336 592 ad
1365 538 1572 592 animos
1593 537 1788 590 cohor-

199 633 412 695 tandos,
442 633 852 688 arbitraretur:
883 649 900 682 ι
939 631 1245 694 Eﬂicacius,
1271 630 1466 700 inquit,
1497 629 1790 684 moderno-

197 739 319 778 rum
340 725 709 778 cohortantur
732 722 1000 793 exempla,
1025 738 1188 792 quam
1205 731 1484 777 veterum:
1506 730 1560 774 et
1583 734 1791 790 magna:

196 813 540 868 confusionis
563 813 746 883 pudor
769 822 872 878 est,
902 814 946 867 si
977 828 1100 868 cum
1144 813 1348 868 sanctis
1402 811 1532 865 viris
1583 810 1634 864 in
1686 825 1791 864 una

195 905 361 959 simnl
389 914 554 960 aetate
587 905 853 970 viventes,
883 905 935 958 in
964 915 1124 958 recta:
1154 901 1587 958 conversationis
1613 901 1792 956 studio

194 997 278 1050 eis
304 997 356 1050 in
381 997 568 1068 aliquo
599 1013 705 1050 non
740 997 1080 1067 reperiantur
1107 994 1364 1065 aequales.
1396 1013 1414 1045 ι

269 1087 363 1140 XI.
397 1087 516 1141 Duo
546 1088 776 1157 insuper
802 1087 902 1140 tela
927 1088 979 1140 in
1011 1096 1255 1140 nostram
1283 1083 1609 1140 sententiam
1639 1099 1789 1138 num.

197 1182 263 1235 Π
306 1179 646 1234 Ladcrchius
673 1187 994 1248 contorquet
1017 1178 1280 1233 :altcrum
1303 1192 1371 1232 ex
1399 1193 1508 1246 quo
1533 1175 1794 1230 Romual-

197 1272 328 1324 dum
357 1285 638 1338 nunquam
670 1271 812 1339 apud
831 1269 1144 1324 Aveflanam
1204 1269 1517 1324 constitisse
1566 1269 1619 1321 in
1671 1268 1791 1335 ejus

200 1361 324 1413 Vita
352 1359 654 1414 Damianus
693 1369 905 1415 asserat
936 1377 950 1414 :
995 1360 1249 1423 alterum,
1311 1361 1456 1429 quod
1489 1358 1792 1437 .Camaldu-

197 1450 403 1513 lenses,
437 1449 587 1504 velut
608 1450 676 1504 ad
700 1465 760 1505 se
787 1450 1089 1505 nullatenus
1134 1451 1422 1506 attinentes
1455 1465 1788 1505 commemo-

199 1551 305 1596 rat.
343 1541 423 1595 En
457 1541 738 1610 primum:
783 1559 802 1592 ‹
837 1540 943 1596 Sed
987 1551 1043 1596 et
1067 1543 1135 1596 ali
1165 1543 1300 1610 ipsa,
1349 1541 1540 1612 inquit,
1592 1541 1649 1595 8.
1680 1542 1788 1596 Ro-

196 1633 401 1686 mualdi
440 1633 587 1689 Vita.
615 1647 802 1701 quam,
828 1641 889 1686 ut
925 1632 1178 1697 diximus,
1209 1631 1398 1687 Petrus
1429 1631 1493 1685 Ν.
1542 1633 1788 1686 Damiani

195 1721 441 1790 scripsit.
495 1720 655 1775 facile
700 1720 894 1791 conjici
955 1730 1154 1791 potest.
1208 1721 1564 1775 llomualdum
1612 1723 1786 1793 ipsum

1895 530 2148 585 videlicet
2175 530 2402 585 diversis
2433 530 2722 584 virtutibus
2765 529 3095 596 adornatus,
3130 538 3185 585 et
3212 533 3482 600 praecipue

1888 618 2108 690 jugihus
2142 619 2503 691 lacrymarum
2543 619 2770 680 ﬂuentis
2803 619 3072 686 irriguus,
3118 620 3251 674 mihi
3296 622 3483 676 retu‘it

1895 710 2038 781 quod
2067 727 2248 766 narro.
2289 730 2309 764 ι
2344 711 2515 778 Quid,
2562 726 2780 780 qumso,
2825 710 2877 765 in
2912 712 2996 766 his
3025 711 3202 768 verbis
3242 713 3478 779 relucet,

1894 804 2039 860 unde
2062 804 2329 860 Martinus
2356 821 2388 860 a
2418 804 2679 860 Damiano
2707 813 3005 860 extraneas
3033 805 3334 862 indicetur?
3373 806 3480 862 Sed

1891 904 2012 950 esto
2058 897 2337 966 quidpiam
2401 895 2736 951 discriminis
2791 895 2934 951 inter
2982 893 3481 952 Camaldulensium

1891 994 1947 1039 et
1988 986 2410 1041 Avellauitarum
2464 986 2795 1041 mentionem
2843 1000 2871 1041 a
2923 987 3189 1042 Damiano
3237 987 3474 1050 factam,

1893 1076 2240 1131 adversarius
2285 1078 2634 1134 acutissimus
2678 1079 3088 1148 deprehendat:
3127 1081 3228 1136 hoc
3271 1081 3375 1135 tale
3413 1082 3483 1136 ad

1890 1181 2164 1221 summum
2195 1169 2322 1232 erit,
2351 1168 2494 1238 quod
2521 1167 2769 1223 subditos
2814 1184 2843 1222 a
2887 1184 2995 1223 non
3026 1170 3256 1225 subditis
3277 1171 3481 1226 discer-

1891 1267 2006 1322 nat,
2035 1260 2178 1328 quod
2206 1261 2367 1314 unius
2407 1260 2847 1331 congregationis
2879 1261 3128 1317 alumnos
3156 1262 3223 1316 ab
3251 1263 3481 1319 alumnis

1891 1350 2118 1406 alterius
2155 1352 2589 1424 congregationis
2615 1352 2856 1422 ejusdem
2903 1354 3112 1408 ordinis
3154 1355 3476 1426 distinguat;

1890 1457 2067 1513 neque
2107 1445 2249 1499 enim
2281 1445 2439 1500 aliter
2475 1445 2646 1516 magis
2691 1446 2953 1499 Damiano
2980 1445 3168 1502 aflincs
3196 1448 3300 1502 dici
3335 1457 3488 1516 potr-

1891 1544 2017 1588 rant
2043 1536 2393 1602 Avellanitze,
2434 1547 2528 1590 aut
2567 1537 2861 1593 Sitrienses
2903 1554 3014 1608 pne
3055 1539 3484 1596 Camaldulensi-

1890 1625 2024 1691 bus,
2072 1641 2236 1695 quam
2285 1642 2350 1681 eo
2389 1628 2582 1695 modo,
2630 1643 2740 1697 quo
2769 1629 2900 1682 mihi
2936 1632 3108 1700 magis
3139 1629 3328 1686 afﬁnes
3360 1642 3488 1685 sunt

1890 1713 1984 1768 alii
2027 1715 2468 1771 Camaldulenses
2505 1718 2778 1781 monachi,
2810 1734 2972 1788 quam
3001 1720 3283 1775 eremitae:
3326 1729 3382 1774 et
3418 1722 3486 1774 ad

198 1826 478 1880 nunquam
519 1810 711 1865 Fontis
770 1810 1040 1866 Avellaua:
1084 1827 1328 1867 cremum
1378 1815 1595 1869 adiisse.
1653 1814 1786 1868 Nam
1821 1809 1866 1870 Β
1894 1810 2189 1879 quemlibet
2219 1827 2391 1866 sacrae
2419 1811 2850 1866 Camaldulensis
2884 1815 3051 1867 eremi
3095 1814 3326 1868 incolam
3356 1830 3484 1884 pcr-

199 1917 318 1955 cum
349 1903 523 1956 multa
559 1913 668 1958 tam
693 1903 948 1959 distincte
978 1903 1178 1959 referat
1209 1905 1324 1960 loca
1371 1906 1424 1960 in
1457 1907 1574 1974 ipso
1604 1906 1785 1963 Monte

198 1994 414 2056 Catrizc,
449 2010 572 2064 quae
599 1996 850 2050 circuivit
879 1995 1110 2052 dilectus
1137 1997 1225 2052 ille
1245 1999 1532 2062 Altissimi,
1581 2001 1784 2055 saliens

204 2083 253 2137 in
280 2086 584 2149 montibus,
643 2086 953 2142 transiliens
993 2088 1198 2154 colles;
1274 2105 1549 2160 nunquam
1604 2100 1787 2146 tamen

203 2177 388 2232 Fontis
419 2177 700 2234 Avellanaa
727 2180 1057 2236 mentionem
1087 2180 1234 2247 facit,
1259 2198 1381 2238 cum
1407 2193 1586 2239 tamen
1605 2186 1792 2254 hujus-

207 2269 344 2324 modi
380 2270 707 2325 vocabulum
741 2271 1049 2342 loci,quem
1079 2273 1194 2343 ipse
1238 2275 1468 2341 colebat,
1529 2275 1792 2346 cujusque

209 2371 307 2414 tam
336 2360 656 2430 frequenter
676 2364 730 2417 in
754 2365 868 2419 suis
889 2365 1107 2435 scriptis
1149 2366 1416 2432 meminit,
1446 2384 1572 2423 eum
1618 2370 1790 2425 latere

210 2467 304 2506 non
335 2454 576 2522 potuisse
595 2455 940 2508 manifestum
975 2456 1062 2509 sit.
1095 2475 1113 2508 ›
1151 2458 1230 2511 En
1282 2473 1414 2512 vero
1439 2461 1740 2514 secundum
1771 2478 1785 2514 :

213 2561 233 2594 ι
256 2542 352 2597 Cui
383 2544 598 2598 tandem
633 2543 938 2598 addendum
970 2545 1202 2612 videtur,
1234 2549 1377 2616 quod
1409 2549 1462 2602 in
1493 2549 1789 2604 Camaldu-

212 2634 337 2689 lensi
361 2652 549 2692 eremo
577 2648 1002 2705 commorantcs,
1041 2649 1297 2710 tanquam
1324 2645 1390 2696 ad
1428 2658 1485 2698 se
1516 2644 1646 2698 nihil
1672 2660 1790 2699 oni-

216 2726 332 2779 nino
354 2728 712 2795 pertinentes,
736 2741 1148 2793 commemorat,
1173 2733 1426 2787 utvidere
1449 2743 1530 2788 est
1557 2735 1606 2788 in
1631 2735 1785 2803 epist.

213 2819 293 2883 29,
317 2819 408 2875 lib.
439 2836 494 2873 v1
535 2819 902 2890 Epistolarum
934 2839 948 2874 :
992 2823 1136 2890 quod
1164 2833 1313 2878 certe
1342 2838 1446 2876 non
1478 2822 1627 2889 facit,
1661 2839 1785 2879 cum

213 2913 270 2963 ad
297 2927 353 2966 se
380 2912 778 2981 pertinentium
815 2914 1164 2967 eremitarum
1217 2916 1487 2979 meminit,
1514 2932 1636 2969 nam
1694 2933 1790 2972 eos

213 3001 481 3070 signanter
509 3017 638 3058 suos
663 3003 817 3069 dicit,
851 3012 909 3057 ut
932 3019 997 3058 ex
1041 3004 1295 3074 Epistolis
1350 3004 1588 3074 ejusdem
1639 3007 1707 3061 '54
1736 3014 1790 3061 ct

216 3091 294 3156 56,
319 3092 412 3148 lib.
443 3109 522 3158 vi,
550 3093 845 3164 colligitur.
878 3111 896 3144 ι

1895 1900 2068 1954 tinere
2113 1902 2287 1971 magis
2332 1903 2423 1955 alii
2475 1902 2718 1969 ejusdem
2767 1907 3204 1974 congregationis
3243 1909 3486 1961 eremitte

1890 1993 2164 2056 videntur,
2195 2009 2356 2062 quam
2397 1993 2769 2060 Coronenses,
2800 2011 2961 2066 quam
2997 2000 3246 2052 monachi
3269 2041 3282 2061 ,
3315 2015 3480 2068 quam

1891 2084 2122 2138 aliarum
2167 2085 2408 2153 ejusdem
2457 2086 2890 2142 Camaldulensis
2938 2090 3145 2144 ordinis
3191 2106 3485 2162 congrega-

1894 2175 2103 2228 tionum
2133 2175 2358 2229 alumni.

1963 2266 2102 2320 XIV.
2139 2267 2398 2324 Ultimum
2448 2267 2716 2337 denique,
2760 2284 2823 2323 ac
2862 2272 3282 2340 percmptorium
3325 2288 3485 2343 argi:-

1895 2365 2162 2422 mentum,
2191 2375 2341 2412 num.
2373 2358 2460 2422 l8,
2482 2370 2765 2428 promovet
2791 2360 3124 2417 Ladercliius
3153 2364 3236 2418 his
3265 2365 3445 2419 verbis
3467 2383 3484 2418 :

1897 2465 1916 2498 ι
1943 2448 2171 2518 Insuper
2198 2450 2496 2503 monachos
2532 2450 2598 2503 de
2627 2450 2884 2504 Avellana
2913 2467 3011 2506 suo
3043 2464 3284 2523 tempore
3305 2457 3484 2508 unitos

1889 2540 2297 2610 congregationi
2323 2538 2753 2595 Camaldulensis
2777 2542 2977 2596 fatetur
2999 2543 3272 2600 Aruoldus
3300 2546 3481 2604 Wiou.

1893 2647 2026 2701 ergo
2055 2631 2204 2700 prius
2235 2633 2466 2700 separati
2494 2641 2652 2686 erant
2686 2633 2755 2687 ab
2796 2633 3062 2690 invicem:
3100 2636 3338 2706 alioquin
3385 2651 3480 2690 su-

1888 2720 2150 2790 perfluum
2196 2731 2349 2784 erat,
2396 2730 2450 2775 et
2490 2737 2686 2775 vanum
2713 2723 2825 2792 jam
2874 2725 3023 2778 unita
3071 2725 3422 2796 conjungere.
3461 2750 3479 2776 ι

1893 2812 2091 2868 Verum
2124 2813 2240 2866 haec
2285 2812 2541 2866 instantia
2580 2825 2648 2865 ex
2687 2815 2846 2868 dictis
2877 2815 2967 2870 hic
2995 2831 3157 2885 supra
3179 2856 3194 2882 ,
3231 2834 3379 2873 num.
3411 2819 3442 2872 6
3467 2859 3483 2884 ,

1890 2903 2177 2958 occasione
2213 2903 2429 2958 unionis
2469 2905 2702 2959 C(Bllollii
2745 2906 3081 2973 Classensis,
3119 2918 3173 2962 et
3202 2925 3267 2963 ex
3293 2911 3483 2964 obser-

1892 2996 2035 3049 vatis
2079 2995 2300 3050 dissert.
2329 3009 2369 3061 ι,
2401 3011 2522 3064 cap.
2555 2995 2622 3060 2,
2666 3012 2813 3050 num.
2845 2998 2914 3052 ‘25
2935 3040 2947 3061 ,
2979 2999 3263 3054 manifeste
3289 3016 3484 3056 evane-

1891 3087 2032 3140 scit:
2073 3095 2301 3156 possuut
2323 3087 2468 3142 enim
2502 3088 2660 3141 unius
2686 3090 3122 3159 congregationis
3153 3096 3483 3148 monasteria

279 3183 388 3237 XII.
412 3185 618 3254 Aperta
646 3161 731 3239 est
760 3195 938 3240 tamen
962 3186 1029 3240 ad
1051 3195 1342 3255 utrumque
1367 3188 1646 3256 responsio
1679 3202 1692 3241 ε
1719 3187 1787 3242 ad
1816 3161 1862 3225 C
1893 3179 2050 3234 alteri
2081 3180 2485 3250 congregationi
2511 3181 2752 3249 ejusdem
2775 3184 2986 3238 ordinis
3008 3184 3272 3253 copulari,
3299 3201 3487 3255 quem-

215 3274 439 3340 primttm
469 3275 712 3342 quidem,
746 3276 888 3345 quod
944 3293 963 3328 ι
999 3276 1139 3331 Loca
1194 3277 1280 3332 illa
1328 3278 1380 3330 in
1448 3278 1563 3348 ipso
1611 3277 1790 3332 Monte

215 3363 421 3429 Catriaa,
447 3381 566 3436 qua:
583 3367 838 3423 circuivit
865 3367 1217 3432 Romualdus,
1248 3387 1268 3420 ι
1320 3369 1603 3438 ipsammet
1632 3369 1791 3422 Avel-

216 3456 344 3512 lan:e
390 3459 739 3514 solitudinem
790 3459 1079 3524 indicant,
1128 3461 1217 3513 ubi
1293 3470 1661 3515 commoratus
1709 3471 1794 3517 cst

217 3546 274 3601 8.
301 3549 462 3604 Pater
485 3564 553 3604 ex
576 3564 694 3626 cap.
726 3550 792 3604 l9
834 3551 988 3616 Vitae,
1018 3561 1078 3605 ut
1127 3567 1248 3622 cap.
1281 3552 1338 3618 2,
1373 3568 1524 3608 num.
1558 3551 1591 3606 6
1643 3563 1698 3608 et
1734 3555 1790 3618 7,

216 3641 559 3696 ostendimus.
585 3641 740 3708 Quod
767 3642 812 3696 si
837 3642 1000 3697 etiam
1025 3642 1327 3700 Laderchio
1347 3646 1619 3709 daremus,
1679 3645 1790 3699 Ro-

212 3729 508 3796 mualdum,
544 3747 654 3786 non
696 3731 917 3802 quidem
947 3735 1087 3802 apud
1124 3735 1438 3789 Avellanam
1463 3777 1479 3802 ,
1510 3737 1602 3790 sed
1651 3735 1791 3805 apud

207 3819 426 3876 Sitriam
459 3823 727 3877 duntaxat
753 3824 1097 3892 constitisse;
1129 3842 1197 3880 an
1223 3827 1419 3883 exinde
1461 3829 1792 3893 ostenderet,

205 3927 305 3965 non
333 3913 582 3981 potuisse
610 3912 949 3983 Ludulphum
977 3915 1245 3971 Avellana:
1270 3919 1624 3977 conditorem.
1672 3919 1782 3972 Ro-

203 4004 403 4056 mualdi
437 4004 740 4058 eremiticis
767 4004 1196 4061 institutionibus
1240 4007 1442 4072 imbui,
1481 4017 1535 4063 et
1574 4009 1640 4062 ad
1677 4009 1794 4076 ejus

205 4096 573 4167 disciplinam,
604 4112 769 4165 quam
796 4096 878 4150 vel
903 4099 953 4151 in
982 4099 1170 4163 Sitria,
1201 4099 1285 4155 vel
1311 4100 1440 4154 alibi
1466 4115 1493 4153 a
1522 4099 1581 4154 S.
1633 4099 1795 4156 Patre

203 4188 508 4252 didicisset,
530 4202 658 4242 suos
679 4187 926 4242 alumnos
946 4189 1319 4259 exigere?Ncc
1339 4198 1485 4246 certe
1508 4191 1558 4244 iu
1578 4190 1795 4247 Polouia

204 4277 542 4333 Romualdus
571 4279 679 4335 ullo
711 4287 951 4348 tempore
981 4281 1281 4348 habitavit;
1348 4283 1589 4353 nunquid
1634 4284 1798 4353 igitur

208 4371 303 4427 88.
325 4373 452 4442 ejus
483 4371 877 4441 discipulorum
917 4371 1163 4438 Joannis,
1207 4387 1262 4429 et
1305 4374 1582 4430 Benedicti
1622 4386 1796 4430 secta-

208 4469 366 4525 tores,
401 4463 497 4533 qui
534 4462 677 4531 apud
705 4461 1140 4518 Casimiritanam
1195 4479 1435 4520 eremum
1496 4467 1794 4521 sanctimo-

212 4554 296 4607 nia
323 4553 584 4618 lloruere,
617 4554 685 4608 ad
729 4553 1016 4609 Romualdi
1068 4556 1375 4612 institutum
1414 4559 1593 4613 minus
1633 4558 1800 4629 perti-

213 4659 338 4700 nere
360 4645 782 4712 judicabnntur.

278 4736 409 4791 Xlll.
440 4738 526 4792 Ad
554 4736 790 4791 alterum
815 4737 1040 4808 pariter,
1077 4752 1336 4809 negamus
1365 4738 1804 4796 Camaldulenses

221 4841 248 4878 a
274 4827 552 4892 Damiano,
584 4826 737 4880 velut
768 4827 835 4880 ad
861 4843 921 4881 se
951 4827 1084 4882 nihil
1110 4829 1402 4885 attinentes
1421 4871 1436 4896 ,
1476 4830 1801 4902 significari;

223 4933 332 4973 nam
357 4935 420 4975 eo
448 4921 567 4992 ipso
601 4917 750 4988 quod
784 4916 1077 4974 Sitrienses
1115 4921 1183 4974 ad
1211 4935 1268 4975 se
1295 4930 1539 4990 spectare
1569 4921 1801 4983 indicat,

223 5018 271 5064 ut
294 5015 681 5082 probavimus,
724 5009 1168 5068 Camaldulenses
1201 5015 1387 5083 utique
1418 5017 1518 5071 sibi
1551 5022 1809 5084 cognatos

218 5107 418 5170 asserit,
453 5120 589 5159 nam
636 5101 693 5156 hi
722 5114 854 5154 vere
895 5117 926 5155 a
963 5102 1263 5157 Romualdo
1294 5106 1524 5162 instituti
1560 5103 1807 5168 fuerant,

1895 3271 2186 3327 admodum
2215 3273 2414 3327 nostris
2437 3273 2624 3327 diebus
2648 3274 2807 3343 regia:
2830 3275 3170 3332 celsitudinis
3193 3279 3372 3334 Cosmi
3398 3281 3484 3344 ΙΙΙ,

1895 3364 2079 3433 magni
2117 3364 2271 3417 ducis
2301 3363 2532 3418 Etruria:
2573 3364 2803 3434 insignis
2832 3366 3038 3434 pietas,
3070 3367 3488 3424 celeberrimum

1894 3457 2019 3511 boni
2048 3457 2226 3511 solatii
2255 3457 2583 3518 coenobium,
2627 3457 2768 3525 quod
2798 3473 2826 3510 a
2856 3457 3306 3515 Cisterciensibus
3341 3462 3490 3516 Italis

1893 3549 2176 3602 monachis
2229 3547 2743 3613 administrabatur,
2793 3548 3196 3618 Trappcnsibus
3244 3553 3487 3623 ejusdem

1894 3639 2102 3693 ordinis
2129 3639 2409 3703 solilariis,
2436 3654 2572 3707 quos
2597 3653 2662 3693 ex
2689 3638 2862 3693 Gallia
2889 3657 2939 3693 ιιι
2971 3640 3244 3696 Etruriam
3274 3642 3489 3697 munifi-

1895 3730 2243 3784 centissimus
2281 3745 2346 3784 ac
2393 3730 2836 3800 religiosissimus
2866 3731 3119 3800 princeps
3155 3733 3348 3787 adduci
3389 3748 3486 3789 vo-

1895 3819 2030 3889 luit,
2079 3819 2438 3890 copulandum
2469 3821 2716 3885 curavit;
2769 3822 2849 3874 sic
2903 3824 3048 3876 enim
3080 3822 3206 3876 Pius
3253 3822 3295 3873 V
3332 3833 3486 3894 pont.

1897 3927 2046 3966 max.
2071 3911 2430 3966 Avellanense
2462 3912 2874 3976 monasterium,
2904 3913 3048 3980 quod
3075 3914 3174 3968 sub
3199 3913 3486 3972 Romualdi

1897 4001 2179 4056 eremitica
2211 4000 2518 4070 disciplina,
2547 4000 2690 4054 Petri
2729 4001 2975 4057 Damiani
3003 4005 3356 4073 temporibus,
3391 4004 3486 4060 Ωον

1897 4094 2078 4148 ruisse
2122 4108 2440 4163 persuasum
2477 4092 2743 4159 habebat,
2785 4094 2985 4149 dudum
3018 4111 3148 4150 vero
3193 4113 3224 4151 a
3271 4100 3489 4168 pristini

1898 4184 2132 4240 fervoris
2182 4185 2529 4240 observantia
2584 4185 2926 4252 desciverat,
2990 4186 3490 4246 Camaldulensium

1899 4275 2138 4348 generali
2181 4277 2508 4330 visitandum
2557 4278 2862 4341 commisit,
2894 4293 2959 4333 ac
2988 4280 3220 4350 denique
3263 4297 3492 4352 congre-

1898 4369 2105 4442 gationi
2135 4377 2335 4424 nostra:
2361 4370 2574 4439 penitus
2605 4370 2810 4424 addixit
2840 4369 2933 4442 (ut
2970 4372 3134 4441 paulo
3164 4384 3318 4437 ante,
3350 4374 3488 4429 For-

1905 4460 2056 4514 tunio
2088 4467 2224 4514 teste
2255 4459 2394 4513 Hist.
2441 4458 2673 4524 Camal.,
2705 4470 2846 4529 part.
2893 4479 2943 4525 ι,
2976 4462 3067 4516 lib.
3102 4479 3196 4528 ni,
3244 4479 3360 4534 cap.
3391 4465 3481 4520 27.
3524 4475 3532 4542 χ

1911 4570 1930 4601 ι
1968 4551 2396 4606 Exstinctionem
2422 4552 2861 4607 conventualium
2890 4553 3382 4612 Camaldulensium
3409 4557 3488 4614 fec

1903 4652 2055 4699 cerat
2101 4645 2240 4699 idem
2287 4643 2564 4715 pontifex,
2602 4645 2921 4702 sacerdotiis
2961 4661 3149 4704 eorum
3194 4665 3490 4720 congrega-

1905 4737 2040 4792 tioni
2088 4725 2478 4808 adjudicatis);
2511 4757 2530 4790 ι
2570 4737 2687 4805 Quo
2735 4748 3046 4796 nostrorum
3095 4745 3486 4799 monachorum

1907 4845 2092 4900 opera,
2123 4840 2280 4884 vetus
2305 4829 2635 4898 institutum,
2667 4847 2731 4887 ac
2765 4835 3020 4902 primmva
3047 4834 3151 4890 loci
3178 4835 3366 4904 religio
3395 4852 3486 4891 re-

1908 4931 2264 4978 stauraretur.

1977 5015 2239 5070 Constare
2298 5014 2466 5084 igitur
2527 5016 2764 5071 arbitror
2831 5033 2901 5073 ex
2968 5019 3230 5075 hactenus
3293 5019 3489 5085 dictis,

1906 5105 2109 5161 nullam
2139 5105 2244 5159 vim
2276 5103 2336 5158 P.
2368 5105 2652 5162 Laderchii
2681 5105 2912 5173 objectis
2937 5108 3206 5163 residuam
3244 5123 3367 5164 esse
3400 5109 3498 5163 ad-
