3982 5350
503 335 571 392 79
1302 366 1306 370 »
1360 335 1417 389 S.
1459 333 1731 391 PETRUS
1762 327 2087 387 DAMIANU!

2191 356 2215 381 ι.
2250 327 2313 381 it.
2357 325 2419 381 ιε.
2461 323 2891 383 CARDINALIS.
3009 289 3011 292 ’
3692 325 3769 381 so

507 468 629 508 nam
660 453 967 516 induentes;
1001 458 1111 506 tum
1137 464 1204 505 ne
1228 458 1404 504 actum
1430 463 1589 520 agere
1619 447 1753 502 velle
1777 445 2071 506 videamur,
2105 443 2152 502 Α
2182 440 2334 507 Quoo
2377 451 2432 496 ιιι
2469 439 2788 512 perfectius,
2822 439 2890 493 ad
2932 436 3068 492 tanti
3117 435 3291 491 Patris
3326 435 3572 507 gloriam,
3603 438 3770 505 cujus

507 559 628 597 cum
662 542 840 610 Sejani
869 551 922 596 et
945 541 1122 595 Rufini
1150 539 1402 609 Dialogus
1437 554 1627 609 magna
1657 553 1722 592 ex
1761 544 1912 607 parte
1943 535 2084 588 lianc

507 632 790 686 materiam
819 631 1155 694 exhauserit,
1187 644 1359 699 neque
1388 628 1541 697 i'ibis
1587 629 1638 682 id
1676 627 1950 681 incumbat
1991 638 2085 678 ne-

507 719 664 792 gotii,
693 729 748 774 ut
782 721 1020 790 singulas
1068 720 1354 774 Lailerchii
1401 718 1698 774 sententias
1734 718 1804 770 ad
1853 729 2083 771 examen

510 826 842 874 revocemus,
879 812 980 865 hac
1009 826 1136 864 cura
1177 825 1272 878 per
1299 825 1460 879 quam
1502 809 1734 864 libenter
1769 807 2087 877 supersede-

509 899 710 963 binius,
742 900 1001 968 aliisque,
1042 915 1178 968 quos
1207 908 1393 952 noster
1427 905 1616 951 auctor
1642 897 1845 965 pariter
1871 895 2088 951 lacessi-

511 988 607 1051 vit,
641 996 802 1057 atque
830 988 943 1043 otio
987 989 1192 1058 magis,
1233 1002 1394 1056 quam
1425 1001 1556 1051 nos,
1607 987 1914 1050 abundant,
1964 997 2085 1036 eam

509 1078 926 1133 sollicitudinem
974 1079 1115 1133 ultro
1160 1078 1547 1146 relinquemus.
1594 1075 1705 1130 lnio
1751 1076 1822 1130 ob
1867 1075 2086 1129 easdem

514 1165 779 1232 rationes,
829 1167 894 1220 de
936 1175 1165 1221 venusto
1208 1164 1564 1220 Lailerebiani
1613 1164 1738 1234 styli
1773 1165 2088 1218 charactere

511 1254 646 1309 nihil
677 1255 762 1309 hic
789 1254 1186 1319 adnotabinius,
1220 1254 1286 1308 de
1311 1268 1418 1322 quo
1445 1253 1579 1307 satis
1607 1255 1733 1317 erit,
1761 1260 1870 1305 tum
1898 1249 2090 1322 praedi-

514 1357 662 1402 ctum
693 1346 961 1417 dialogum
992 1344 1294 1408 consulere,
1327 1353 1437 1398 tuin
1460 1344 1719 1412 judicium
1754 1344 1972 1413 (ibidem
2004 1356 2090 1396 re-

515 1437 704 1507 latum)
736 1436 973 1492 auctoris
1012 1435 1169 1489 diarii
1202 1435 1534 1489 eruditorum
1573 1433 1776 1498 Galliae,
1814 1433 1867 1486 in
1896 1431 2088 1501 Operis

513 1527 796 1584 Laderehii
829 1528 1142 1583 recensione
1169 1526 1310 1581 facta
1345 1527 1485 1580 diar.
1511 1527 1599 1592 54,
1625 1542 1714 1580 an.
1741 1525 1898 1590 1704,
1921 1535 2090 1580 atten-

509 1621 640 1675 dere
665 1638 677 1674 :
715 1629 772 1675 ut
802 1635 1023 1675 necesse
1052 1635 1158 1674 non
1187 1620 1296 1685 sit,
1344 1635 1465 1674 cum
1499 1621 1757 1690 temporis
1786 1620 2086 1690 dispendio,

511 1710 579 1764 ad
629 1711 727 1764 ista
759 1725 856 1766 nos
900 1710 1127 1779 digredi,
1171 1719 1262 1763 aut
1291 1711 1533 1765 eamdem
1567 1711 1815 1765 incudem
1847 1710 2089 1780 repetitis

2185 543 2239 589 et
2262 548 2362 589 nos
2387 531 2769 587 studiosissimi
2819 543 3024 593 sumtis,
3059 528 3272 598 assequi
3311 528 3512 597 possit,
3561 537 3773 598 prieter

2187 639 2279 687 ea,
2324 638 2443 692 quie
2473 632 2663 677 auctor
2696 621 2898 692 Dial0gi
2944 619 3199 688 Sejanum
3230 619 3371 672 inter
3399 627 3454 672 et
3499 619 3763 673 Ruﬁnum

2187 714 2481 777 adnotavit,
2505 713 2781 782 sequentia
2811 712 3030 782 pariter,
3058 726 3178 779 quae
3215 710 3280 763 ad
3311 725 3408 764 nos
3435 711 3603 780 magis
3632 726 3770 780 pere

2187 804 2378 866 tinent,
2411 804 2508 872 ipsi
2539 803 2887 871 expendenda
2917 815 3216 870 proponere
3239 800 3411 854 visum
3441 800 3561 854 fuit.

2257 894 2320 948 ll.
2369 892 2446 947 Ac
2488 894 2682 963 primo,
2715 894 2858 948 circa
2903 907 3186 946 numerum
3234 891 3461 946 fratrum
3508 894 3567 946 Β.
3615 892 3769 948 Petri

2188 985 2472 1048 Damiani,
2515 983 2640 1054 jure
2691 999 2720 1038 a
2772 983 2968 1055 Sejano
3025 983 3382 1038 Ladercliium
3443 985 3770 1054 reprehendi

2189 1073 2546 1139 alIirmamus,
2587 1075 2782 1130 nedum
2826 1090 2890 1128 ea
2922 1074 3150 1139 ratione,
3183 1089 3342 1143 quain
3375 1075 3444 1128 ibi
3475 1076 3770 1129 adductam

2187 1165 2366 1234 legere
2407 1166 2632 1234 quisque
2674 1165 2890 1233 poterit,
2929 1165 3068 1233 quod
3115 1179 3307 1232 nempe
3336 1163 3528 1218 Frater
3567 1165 3698 1230 ille,
3737 1179 3772 1218 a

2189 1272 2297 1324 quo
2338 1254 2534 1310 Petrus
2565 1264 2745 1308 nosmr
2772 1263 2883 1308 tam
2928 1254 3060 1307 dure
3098 1253 3312 1307 habitus
3340 1261 3444 1316 est,
3475 1261 3773 1323 antequam

2190 1347 2242 1401 in
2287 1345 2508 1399 alterius
2548 1343 2733 1398 fratris
2775 1342 3020 1397 Damiani
3064 1343 3518 1413 archipresbyteri
3577 1360 3772 1399 curam

2190 1437 2483 1500 incideret,
2514 1451 2634 1490 esse
2673 1451 2778 1489 non
2807 1436 2980 1504 potuit
3017 1434 3256 1490 Marinus
3289 1435 3378 1489 ille
3413 1435 3604 1507 (quem
3637 1437 3776 1491 reli-

2190 1529 2397 1599 giosum
2424 1526 2586 1581 fuisse
2614 1527 2752 1582 idem
2779 1525 3006 1594 Sejanus
3033 1542 3151 1580 cuin
3183 1525 3366 1580 multis
3391 1526 3511 1580 aliis
3537 1527 3780 1597 scripto-

2191 1619 2341 1673 ribus
2379 1617 2608 1681 censuit,
2641 1632 2738 1671 iios
2779 1631 2908 1670 vero
2952 1615 3178 1678 laicum,
3231 1615 3282 1670 id
3327 1625 3410 1670 est
3455 1615 3774 1670 smeularem

2190 1708 2392 1762 obiisse
2419 1707 2770 1772 arbitramur,
2818 1720 2884 1759 ex
2923 1705 3348 1760 circumstantiis
3377 1703 3492 1774 ejus
3517 1705 3712 1760 mortis
3739 1719 3774 1758 a
3806 1748 3810 1750 γ

511 1797 715 1852 ictibus
745 1797 990 1853 tundere.
1021 1799 1330 1853 Amicorum
1369 1808 1546 1854 tamen
1589 1800 1730 1856 votis
1756 1800 1956 1869 aliquid
1988 1801 2092 1855 lar-
2119 1807 2166 1867 Β
2194 1798 2355 1854 Petro
2377 1797 2616 1852 Daiiiiani
2643 1797 2735 1850 lib.
2765 1813 2822 1861 ii,
2849 1812 2934 1866 ep.
2963 1798 2989 1850 1
3009 1797 3051 1860 l,
3079 1796 3338 1866 narratis)
3361 1797 3453 1865 qui
3483 1797 3775 1851 tiinoratus

515 1887 742 1956 gientes,
777 1888 1057 1952 nonnulla,
1083 1903 1202 1958 qua:
1225 1905 1324 1943 nos
1345 1889 1562 1959 propius
1591 1891 1906 1959 respiciunt,
1929 1901 2090 1961 atque

513 1993 542 2031 a
575 1976 799 2045 praefato
828 1977 1108 2048 dialogista
1136 1977 1219 2031 vel
1249 1979 1425 2033 minus
1448 1989 1701 2036 accurate
1727 1996 1984 2050 expensa,
2007 1981 2092 2036 vel

518 2082 583 2120 ex
613 2067 822 2138 integro
847 2053 1212 2136 prmteriiiis‘sa
1245 2068 1722 2124 animadvertimus
1751 2086 1846 2139 per
1872 2071 2088 2126 modum

517 2160 865 2227 appendicis,
915 2159 1164 2227 supplere
1192 2174 1297 2212 non
1326 2160 1690 2229 gravabiinur,
1729 2162 1944 2229 quando
1983 2177 2089 2216 non

519 2249 692 2318 magis
721 2259 1078 2318 opportunam
1112 2249 1366 2304 Veritatis
1393 2249 1720 2304 illustrandae
1749 2253 2089 2307 occasionem

515 2336 642 2392 alibi
672 2355 769 2394 nos
796 2340 976 2395 habitu
987 2355 1072 2395 ros
1104 2355 1402 2409 speramus.
1957 2332 1968 2341 ’

1132 2427 1473 2484 AI’PENDIX

520 2514 818 2571 Nonnulla:
861 2517 1344 2574 Aniiiiadrersiones
1377 2523 1430 2575 in
1473 2521 1761 2577 Historiam
1802 2522 1947 2579 Petri
1977 2525 2088 2579 Da-

586 2587 749 2640 iiiiani'
775 2604 806 2639 a
835 2587 1124 2642 Ladercliio
1151 2591 1460 2660 descriptam
1489 2593 1842 2662 complectens.

516 2675 790 2752 Sr_.\'orsis.
814 2710 882 2719 —
906 2679 1137 2752 Errores
1165 2681 1427 2744 nonnulli,
1463 2684 1528 2736 ail
1557 2684 1929 2752 perfectiorcm
1953 2686 2091 2742 Vitae

580 2747 722 2802 Petri
767 2751 1006 2803 Dainiaiti
1047 2753 1332 2804 editionem
1372 2747 1756 2818 obtinendam,
1797 2757 1847 2809 iii
1891 2755 2092 2810 Luder-

579 2819 774 2871 eliiaua
823 2820 1044 2874 historia
1082 2822 1318 2874 notandi.
1366 2822 1522 2876 Nnin.
1557 2824 1607 2877 1.
1644 2825 1932 2880 Niiiueriiin
1975 2827 2088 2879 fra-

582 2888 810 2964 trum_B.
846 2890 986 2944 Petri
1015 2891 1256 2964 Daiiiiaiii
1276 2907 1326 2964 rga
1359 2893 1656 2964 Ladercliio
1686 2910 1968 2964 perperam
1995 2897 2089 2950 de-

584 2959 931 3012 tei-niinatuin
980 2976 1118 3013 esse.
1161 2960 1214 3013 ‘2.
1264 2961 1420 3015 Circa
1468 2959 1872 3020 institutum—0.
1920 2966 2090 3021 Clam

583 3025 911 3082 Laderchius
949 3028 1168 3084 fallitur.
1217 3030 1268 3082 5.
1305 3031 1436 3084 lteiu
1467 3035 1607 3086 circa
1641 3035 1697 3087 S.
1739 3035 1880 3088 Petri
1907 3036 2086 3089 Carle-

581 3097 722 3168 ‘stini
746 3098 984 3168 regulam
1017 3100 1302 3167 decipitur.
1342 3100 1375 3152 4
1439 3103 1752 3157 Albizonein
1787 3108 1990 3158 socium
2021 3105 2080 3158 Β.

2191 1892 2406 1962 spiritu,
2438 1907 2501 1946 ac
2537 1890 2597 1943 B.
2630 1889 2700 1944 Μ.
2736 1891 2799 1945 V.
2832 1889 3106 1958 obsequiis
3147 1888 3282 1944 adeo
3324 1889 3658 1958 mancipatus
3702 1889 3775 1943 ab

2194 1985 2307 2054 ipso
2336 1995 2524 2039 sancto
2569 1983 2790 2039 doctore
2825 1982 3172 2048 describitur,
3209 1990 3266 2035 tit
3296 1983 3530 2037 moriens
3568 1983 3639 2036 ab
3682 1982 3772 2036 illa

2191 2076 2397 2130 visitari
2425 2075 2715 2140 meruerit;
2751 2074 2892 2127 unde
2921 2087 3260 2140 consequens
3285 2079 3400 2138 est,
3433 2082 3489 2127 ut
3519 2081 3628 2126 tres
3667 2072 3771 2126 sal-

2195 2176 2299 2219 tem
2328 2165 2524 2218 fratres
2551 2163 2712 2219 Petro
2743 2171 2930 2218 nostro
2955 2163 3196 2218 Daniiani
3220 2163 3484 2234 assignari
3516 2163 3770 2226 debeant,

2190 2276 2295 2314 non
2327 2260 2432 2314 duo
2465 2269 2693 2325 tantum,
2721 2267 2780 2313 ut
2803 2259 2996 2313 asserit
3022 2257 3354 2312 Laderehius
3381 2256 3477 2312 lib.
3511 2273 3547 2322 i,
3570 2273 3692 2326 cap.
3713 2257 3771 2318 2,

2190 2367 2338 2404 num.
2369 2351 2418 2417 1,
2456 2350 2682 2405 dicens:
2728 2369 2746 2401 ι
2779 2349 2892 2404 Hoc
2916 2357 3121 2404 certum
3149 2348 3303 2404 nobis
3329 2349 3594 2414 innotuit,
3635 2349 3774 2403 duos

2190 2461 2382 2514 nempe
2430 2442 2627 2498 fratres
2678 2443 2962 2508 habuisse,
3015 2441 3330 2496 Damianum
3379 2442 3662 2504 videlicet,
3719 2451 3776 2496 et

2191 2534 2474 2596 Marinum,
2508 2549 2735 2603 quorum
2768 2533 2881 2603 ipse
2915 2533 3160 2588 meminit
3183 2533 3275 2588 lib.
3304 2549 3340 2587 ιι
3371 2533 3769 2603 Epistolarum,

2189 2625 2347 2696 epist.
2378 2624 2443 2678 14
2466 2625 2533 2680 ad
2559 2624 2910 2679 Desiderium.
2947 2643 2964 2675 i
2996 2623 3108 2678 Non
3131 2639 3214 2689 ea,
3242 2625 3482 2694 inquam,
3507 2627 3775 2680 duntaxat

2191 2715 2397 2768 ratione
2443 2712 2708 2768 refellitur
2747 2713 2860 2767 haec
2897 2713 3125 2768 assertio
3153 2712 3467 2777 Laderchii,
3515 2715 3610 2769 sed
3655 2731 3774 2768 ain-

2187 2803 2350 2872 plius,
2375 2803 2498 2872 quia
2516 2843 2531 2868 ,
2570 2803 2615 2857 si
2647 2802 2807 2856 verba
2834 2803 3205 2870 expcndantur
3233 2801 3458 2856 Joannis
3484 2805 3772 2874 scriptoris

2188 2893 2323 2948 V’itie
2373 2893 2519 2947 Petri
2567 2893 2739 2948 nostri
2787 2892 3066 2958 Damiani,
3111 2894 3180 2948 ab
3227 2895 3416 2948 eodem
3464 2895 3773 2951 Laderchio

2187 2982 2346 3037 allata
2373 2999 2493 3053 cap.
2525 2983 2580 3048 '5,
2607 2999 2754 3037 num.
2789 2983 2842 3048 3,
2884 2981 3042 3038 facile
3071 2983 3378 3050 constabit,
3403 2986 3594 3040 saltem
3635 3003 3775 3057 qua-

2190 3084 2312 3130 tuor
2358 3076 2554 3130 fratres
2587 3075 2735 3130 Petri
2783 3074 2976 3141 fuisse;
3024 3076 3100 3130 ait
3135 3081 3278 3132 enim
3316 3077 3552 3134 JOannes
3595 3080 3774 3133 sancti

581 3164 726 3239 Petri
777 3164 1016 3239 Damiani
1061 3164 1321 3239 abbatem
1377 3169 1682 3226 Theuzonis
1738 3175 1902 3228 fuisse
1950 3175 2082 3229 falso

2191 3167 2418 3238 pastoris
2447 3167 2742 3237 discipulus
2765 3167 2817 3221 in
2845 3167 2961 3237 ejus
2988 3167 3107 3222 Vita
3137 3183 3256 3238 cap.
3302 3169 3328 3222 1
3348 3210 3363 3234 ,
3391 3171 3532 3239 quod
3578 3169 3774 3224 Petrus

581 3237 766 3290 tradit.
814 3236 866 3290 5.
906 3238 1508 3295 Aliieliallucinatimies
1557 3245 1699 3296 circa
1741 3245 1796 3297 S.
1824 3245 2084 3300 JOannem

578 3304 949 3381 Qualhertnm,
974 3318 1033 3381 et_
1055 3309 1320 3381 Athonem
1349 3312 1658 3381 episcOpuiu
1690 3313 2083 3370 Florentinuni.

580 3375 634 3428 6.
667 3377 852 3431 Annus
879 3379 1068 3430 inertis
1099 3379 1154 3430 S.
1187 3375 1446 3434 Doiuinici
1489 3375 1725 3435 Loricati
1768 3386 1966 3438 rectius
1994 3386 2084 3439 de-

587 3447 978 3522 terniinaiidus.
1029 3448 1058 3500 7
1105 3459 1156 3522 ct
1189 3452 1252 3522 _8.
1305 3449 1685 3522 llitlicultatuni
1732 3459 2085 3522 quarumdam

581 3519 898 3590 propositio,
947 3527 1006 3590 ct_
1045 3519 1320 3590 solutae!)
1359 3531 1412 3590 et
1451 3523 1534 3574 10.
1571 3523 1627 3575 S.
1662 3519 1922 3577 Joannem
1953 3524 2089 3590 Lau-

585 3586 803 3662 densein
833 3602 952 3662 cum
983 3585 1187 3662 ioaiiiie
1215 3588 1345 3662 Yitae
1367 3589 1507 3643 Petri
1536 3591 1775 3647 Daiiiiani
1801 3588 2083 3662 scriptore,

542 3654 1043 3728 'ii‘ialerconfundi.
1093 3659 1172 3708 tl.
1233 3658 1378 3710 llliiiii
1424 3670 1540 3728 post
1585 3679 1782 3714 illlllll‘tl
1841 3654 1976 3716 10⁵76
2020 3654 2086 3717 ad

578 3723 918 3793 Eugubiiiani
973 3727 1284 3782 cathedram
1333 3723 1599 3784 vocatum.
1649 3732 1779 3787 Ibid.
1829 3734 2086 3787 Euindein

583 3793 746 3868 Petro
772 3794 1012 3868 Daniiaiii
1046 3798 1096 3850 in
1130 3799 1367 3868 print-atii
1407 3800 1714 3856 immediate
1741 3805 2084 3868 successisse,

583 3813 746 3866 retro
772 3813 1012 3849 uaniiaiii
1046 3813 1096 3850 in
1147 3813 1367 3852 irini-atii
1407 3813 1714 3856 immediate
1741 3819 2084 3868 successisse,

583 3864 812 3944 ideoque
842 3865 1073 3944 -ab_l_ioc
1117 3813 1321 3944 Joanne
1366 3870 1639 3944 distingui,
1675 3883 1856 3944 utpote
1887 3875 1976 3944 qui
2021 3891 2087 3928 cx

579 3934 900 4006 obedientia
939 3935 1436 4006 Ιλίρνιιιιιιίγρνὶονίε
1487 3934 1659 3994 Vitam
1707 3934 1948 3998 lianiiaiii
1997 3947 2088 3998 de-

581 4005 819 4074 scripsit.
852 4005 936 4058 12.
967 4005 1167 4060 Eadem
1203 4005 1320 4060 Vita
1352 4019 1471 4074 post
1498 4022 1720 4065 mortem
1769 4015 1826 4067 ὃ.
1866 4014 2089 4069 Jomuiis

583 4071 884 4154 gaude-imis
923 4087 1142 4154 exarata
1177 4071 1496 4154 ostenditur.
1532 4081 1617 4154 15.
1653 4082 1772 4137 Alia
1811 4085 2089 4154 utriusque

581 4142 808 4198 Joannis
836 4145 1168 4198 discrimina.
1206 4147 1289 4198 Η.
1320 4147 1623 4204 Conclusio.
1665 4153 1750 4206 15.

502 4234 507 4239 ’
585 4253 627 4308 1⁴
661 4253 727 4309 Ut
766 4253 984 4309 Petrum
1016 4255 1333 4319 Damianum
1373 4257 1516 4313 velut
1556 4259 1983 4318 Camaldulensis
2009 4264 2090 4318 in-

511 4345 686 4400 stituti
715 4355 1040 4401 sectatorem
1059 4349 1435 4417 agnoscimus,
1484 4367 1547 4405 ac
1589 4351 1646 4406 S.
1693 4352 1753 4406 P.
1800 4353 2088 4410 Romualdi

512 4439 840 4495 imitatorem
872 4431 1198 4511 praeeipuum
1226 4443 1570 4512 suSpiciinus,
1604 4447 1675 4499 ita
1711 4462 1918 4500 summa
1961 4462 2088 4518 erga

2189 3267 2406 3323 noster,
2453 3277 2471 3308 ι
2522 3268 2752 3326 utroque
2792 3259 3080 3312 immature
3118 3261 3341 3313 orbatus
3371 3268 3622 3330 parente,
3655 3259 3774 3314 fra-

2190 3358 2355 3403 terna:
2384 3364 2529 3403 cura:
2557 3349 2776 3404 relictus
2805 3357 2909 3415 est,
2942 3359 2996 3405 et
3026 3366 3162 3406 unus
3188 3351 3451 3420 ipsorum,
3488 3353 3579 3422 qui
3611 3363 3773 3407 atrox

2189 3439 2328 3493 inter
2355 3448 2580 3494 czeteros
2617 3440 2859 3494 honestis
2898 3439 3140 3494 moribus
3183 3441 3435 3508 praeditos
3469 3443 3569 3495 sub
3606 3442 3775 3495 oviiia

2188 3527 2326 3598 pelle
2363 3526 2594 3592 latebat,
2641 3527 2979 3583 fraudulenta
3021 3544 3163 3583 nunc
3194 3529 3395 3604 pietate
3417 3544 3515 3598 pro
3542 3541 3774 3598 patet-na

2191 3619 2326 3680 vice.
2355 3635 2478 3673 eum
2509 3620 2610 3674 sibi
2638 3621 2976 3675 educandum
3007 3622 3265 3692 suscepit,
3291 3630 3454 3692 atque
3493 3624 3618 3676 dum
3665 3625 3774 3678 sibi

2188 3714 2524 3767 cohaeredem
2555 3714 2812 3782 adoptare
2841 3728 2900 3768 se
2931 3714 3101 3783 fingit,
3140 3714 3273 3769 dira:
3299 3715 3772 3783 veluteiiipiitinin

2189 3803 2436 3856 servituti
2475 3803 2716 3866 addicit:
2765 3804 2853 3858 cui
2899 3805 3041 3858 socia
3086 3803 3283 3872 conjux
3332 3805 3604 3871 haerebat,
3649 3821 3772 3875 quae

2189 3896 2350 3950 nullis
2372 3897 2585 3966 pietatis
2610 3897 2906 3954 visceribus
2930 3900 2996 3952 ab
3023 3899 3166 3952 illius
3191 3899 3395 3953 sievitia
3417 3897 3715 3954 din‘erebat.
3744 3917 3766 3951 ι

2192 3989 2248 4044 Si
2281 3989 2426 4045 enim
2455 3990 2590 4044 duos
2619 3989 2816 4045 fratres
2838 3989 3117 4044 habuisset
3141 3989 3332 4044 Petrus
3353 3999 3556 4055 noster,
3583 3991 3772 4060 utique

2189 4094 2376 4134 eorum
2402 4095 2561 4144 unus,
2583 4079 2673 4148 qui
2712 4079 2885 4148 primo
2913 4093 3034 4133 eum
3075 4079 3322 4133 alendum
3365 4080 3621 4149 suscepit,
3663 4097 3769 4134 non

2190 4181 2344 4225 atrox
2388 4173 2524 4225 inter
2563 4181 2796 4236 crateras,
2837 4172 2930 4226 sed
2961 4181 3114 4224 atroa‘.
3136 4187 3243 4238 pra:
3285 4171 3391 4224 alio
3428 4171 3512 4226 vel
3539 4174 3773 4226 atrocior

2190 4263 2356 4317 altero
2405 4263 2832 4327 describeretur;
2880 4262 3079 4315 indicat
3119 4276 3248 4331 ergo
3293 4263 3423 4316 Vita:
3467 4263 3614 4317 Petri
3667 4265 3772 4318 Da-

2192 4355 2355 4408 miani
2403 4353 2660 4422 scriptor,
2711 4364 2906 4422 praeter
2945 4353 3087 4407 hunc
3135 4355 3580 4425 fratrem,‘cujus
3624 4371 3772 4411 cura:

2191 4444 2384 4499 Petrus
2410 4444 2733 4498 commissus
2763 4451 2864 4505 est,
2896 4442 3030 4496 alios
3070 4444 3233 4496 etiam
3276 4453 3384 4496 tuin
3415 4446 3770 4514 superSIites,

513 4528 663 4583 illuni
690 4531 972 4585 devotione
998 4530 1280 4597 alliciinur,
1305 4532 1526 4602 ejusque
1549 4537 1946 4590 venerationem
1969 4553 2086 4608 pro-
2113 4544 2164 4604 1)
2194 4536 2301 4590 imo
2323 4544 2383 4589 et
2410 4542 2700 4604 praesentes
2737 4532 2902 4587 fuisse
2920 4573 2934 4596 ,
2966 4533 3058 4587 sed
3085 4533 3225 4587 inter
3251 4533 3347 4588 hos
3377 4536 3773 4604 computandus

514 4623 718 4676 moveri
767 4638 1110 4692 summopere
1157 4628 1474 4694 gaudemus.
1525 4627 1767 4705 Magnam
1817 4630 2017 4686 idcirco
2055 4647 2086 4686 a

514 4712 667 4767 nobis
693 4715 920 4783 gratiam
951 4715 1157 4770 iniisset
1184 4717 1530 4784 Ladei-ishius',
1564 4721 1607 4774 si
1641 4730 1692 4775 et
1722 4724 2086 4779 commodiore

514 4804 652 4873 stylo
696 4806 895 4875 egregii
944 4806 1100 4876 hujus
1131 4809 1364 4862 doctoris
1395 4808 1567 4864 Vitam
1597 4813 1900 4867 describere
1943 4823 2086 4868 esset

513 4909 818 4963 aggressus.
845 4907 900 4953 et
926 4899 993 4953 ab
1017 4901 1160 4953 omni
1191 4899 1440 4955 Γηιδὶιιιιίε
1464 4918 1613 4956 nievo
1637 4904 1881 4958 eamdem
1904 4921 2088 4976 repur-

513 4995 714 5054 gasset.
750 4986 946 5043 Verum
969 5030 983 5054 ,
1009 4999 1152 5045 utea
1184 5007 1362 5045 rerum
1401 5002 1484 5046 est
1513 4993 1864 5048 humanarum
1905 4996 2089 5053 condi-

514 5075 609 5140 tio,
642 5091 760 5146 qua:
787 5079 975 5147 primis
1015 5097 1286 5150 iuinquam
1316 5084 1600 5138 conatibus
1625 5083 1882 5139 absoluta:
1907 5085 2088 5156 perfe-

2193 4641 2301 4679 non
2344 4638 2465 4679 esse
2510 4622 2800 4676 Dainianus
2845 4621 3282 4691 archipresbyter
3312 4621 3549 4687 videtur;
3610 4638 3766 4686 nam,

2187 4725 2252 4770 iit
2278 4715 2441 4770 refert
2469 4713 2796 4768 Ladercliius
2825 4728 2947 4783 pag.
2975 4711 3046 4764 22
3070 4730 3084 4766 :
3131 4731 3150 4762 ι
3189 4713 3448 4766 Abfiierat
3487 4713 3533 4768 is
3560 4713 3771 4782 aliquot

2188 4822 2361 4878 annos
2388 4821 2416 4858 a
2443 4805 2635 4874 patria,
2664 4804 2730 4858 ad
2759 4819 2920 4873 quain
2947 4817 3198 4857 reversus
3224 4802 3365 4857 Petri
3397 4801 3583 4858 fratris
3607 4803 3770 4857 inise-

2193 4907 2343 4951 ratus
2386 4910 2675 4960 aerumnas,
2721 4905 2948 4963 paterno
2984 4901 3156 4947 tactus
3183 4908 3398 4958 amore,
3441 4907 3566 4946 mox
3615 4892 3768 4947 illum

2188 4987 2390 5040 exemit
2429 4985 2493 5039 de
2541 4983 2830 5037 miserabili
2870 4981 3158 5048 servitute,
3203 4982 3357 5036 novis
3395 4979 3567 5034 induit
3602 4981 3767 5035 vesti-

2190 5076 2406 5138 mentis,
2437 5083 2491 5128 et
2518 5075 2583 5128 ad
2607 5073 2848 5127 scholam
2881 5072 3045 5137 misit,
3085 5090 3102 5123 i
3137 5082 3260 5135 etc.,
3295 5073 3434 5142 quod
3475 5071 3662 5142 utique
3696 5070 3766 5124 ab
