3982 5350
194 377 260 432 81
1066 373 1595 432 ruowcoucas.
1625 407 1690 415 -
1719 375 1807 434 ΒΕ
1848 373 2217 432 INSTITUTO
2251 375 2624 434 eamcouc
3393 383 3476 440 δι.

200 512 230 548 ιι
285 498 476 546 sancto
525 469 754 545 doctore
803 487 1078 543 laudatum
1105 531 1122 553 ,
1176 490 1406 544 alterum
1451 504 1580 543 vero
1634 488 1790 560 paulo
1821 495 1864 552 Λ
1896 498 1951 542 ιιι
1990 504 2053 542 ex
2095 488 2318 559 Morigia
2345 505 2504 558 supra
2550 491 2956 546 observavimus
2974 507 3093 563 pag.
3131 494 3197 549 66
3245 506 3300 551 ει
3341 497 3462 553 Dis-

198 584 461 651 majorem
493 593 625 636 nattt
663 584 777 653 ipso
803 581 984 646 Petro,
1012 583 1101 652 qui
1129 584 1337 638 (veteris
1363 583 1619 637 fratribus
1649 583 1787 636 iuvi-

197 677 353 738 dens,
385 674 632 742 querelis
665 674 778 727 suis
822 673 876 728 in
921 689 1080 727 causa
1129 673 1257 738 fuit,
1286 689 1386 728 cur
1413 683 1584 729 mater
1615 674 1788 742 ipsum

195 758 421 820 Petrum
449 765 746 819 immature
775 765 1101 819 oblaetatum
1132 765 1293 834 impie
1325 766 1626 826 desereret,
1661 779 1787 817 nar-

193 864 352 912 rante
390 855 442 908 id
488 856 682 909 eodem
724 854 931 910 Joanne
977 856 1241 925 scriptore
1289 856 1419 908 Vitae
1452 855 1623 909 sancti
1653 854 1789 921 viri,

193 947 423 1017 ejusque
453 947 718 1017 discipulo
747 948 885 1018 apud
916 946 1272 1001 Laderebium
1302 963 1423 1016 pag.
1457 947 1522 1000 l7
1549 965 1562 1000 :
1606 963 1625 998 ι
1655 945 1789 1002 Cum

192 1039 339 1094 enim
382 1054 524 1091 unus
572 1038 900 1103 liberorum,
945 1038 1038 1107 qui
1083 1047 1210 1092 tunc
1235 1035 1346 1107 jam
1379 1035 1789 1108 grandiusculus

196 1127 554 1188 adoleverat,
610 1139 937 1194 conquestus
987 1127 1356 1182 exclamaret:
1397 1126 1538 1181 Proh
1577 1127 1785 1195 pudor!

192 1235 322 1274 ecce
351 1223 468 1290 jam
498 1231 577 1276 tot
608 1238 817 1288 sumus,
849 1233 906 1275 ut
935 1221 987 1276 in
1023 1222 1125 1276 hac
1148 1223 1306 1276 domo
1336 1221 1421 1274 vix
1457 1221 1731 1290 capimur,
1764 1237 1783 1272 ι

194 1320 300 1365 etc.
343 1313 591 1377 Quatuor
638 1313 880 1382 profecto
909 1311 1123 1376 fratres,
1171 1320 1317 1365 certe
1347 1310 1526 1379 plures
1555 1310 1786 1374 duobus,

194 1403 454 1459 habuisse
488 1403 710 1458 Petrum
742 1403 1005 1467 Damiani,
1039 1402 1191 1457 fateri
1228 1417 1445 1456 necesse
1469 1402 1592 1456 erit.

265 1493 352 1546 111.
381 1494 638 1548 Secundo
669 1493 892 1564 insignis
917 1501 1019 1556 est,
1049 1501 1105 1546 ut
1133 1493 1336 1561 optime
1367 1489 1593 1559 Sejanus
1623 1489 1786 1544 etiam

196 1583 606 1648 animadvertit,
651 1583 1000 1638 liailueinatio
1028 1597 1234 1647 eorum,
1281 1598 1417 1653 quos
1460 1581 1789 1637 Ladercbius

193 1675 334 1729 bona
371 1676 475 1729 tide
503 1684 722 1730 secutus
749 1684 829 1728 est
857 1674 950 1727 lib.
983 1688 1022 1738 ι,
1053 1688 1172 1742 cap.
1201 1673 1286 1734 14,
1318 1688 1468 1726 num.
1490 1671 1546 1737 5,
1572 1672 1788 1727 tradens

196 1766 254 1820 S.
289 1765 509 1819 Claram
545 1765 808 1835 virginem
838 1763 1176 1827 Assisiatem,
1215 1762 1276 1816 D.
1327 1761 1602 1817 Francisci
1631 1776 1786 1817 soro-

1891 585 2016 631 sert.
2059 593 2142 642 m,
2182 594 2304 648 pag.
2334 579 2420 644 Η,
2462 581 2690 635 caeruleo
2737 581 2952 650 palliolo
2983 594 3265 640 uterentur
3309 605 3322 642 :
3367 592 3460 658 qui

1889 665 2056 731 color,
2110 682 2231 722 eum
2271 670 2410 738 apud
2457 668 2614 723 Italos
2643 670 2858 726 cmlestis
2905 674 3224 742 appelletur,
3272 692 3460 732 ansam

1889 755 2089 826 iguarre
2128 757 2269 828 plebi
2326 757 2521 813 offerre
2571 762 2778 829 potuit,
2819 771 2878 816 ut
2929 764 3098 818 nostri
3147 765 3464 823 Avellanita

1890 849 2152 906 Calatini
2209 852 2443 922 primum
2511 856 2810 924 nuncupari
2872 857 3209 928 inciperent,
3269 862 3465 921 deinde

1889 943 2105 1013 ipsimet
2150 944 2264 998 veri
2314 943 2577 1000 Cazlestini
2626 963 2721 1016 pro
2778 949 3100 1006 Avellauitis
3141 953 3354 1024 accipi,
3409 966 3466 1012 et

1888 1033 2054 1088 veluti
2088 1051 2115 1089 a
2147 1033 2310 1089 Petro
2359 1038 2620 1093 Damiano
2667 1050 2722 1094 et
2771 1041 2870 1112 ipsi
2929 1045 3207 1113 propagati
3248 1046 3462 1111 forent,

1887 1123 2110 1194 ejusque
2139 1123 2400 1196 Regulam
2429 1139 2789 1198 sequerentur
2814 1173 2832 1197 ,
2875 1132 3088 1190 Ordinis
3118 1135 3178 1192 S.
3213 1135 3463 1195 Damiani

1887 1214 2069 1268 vocari
2101 1230 2130 1267 a
2162 1216 2433 1271 nonnullis
2461 1221 2862 1275 consueverint.

1961 1301 2026 1358 γ.
2063 1303 2269 1370 Quarto
2318 1307 2463 1361 circa
2521 1308 2865 1366 Tbeuzoncm
2921 1313 3214 1371 Eremitam
3266 1318 3464 1374 nedum

1887 1393 2092 1448 fallitur
2117 1395 2469 1463 Laderchius,
2506 1401 2650 1468 quod
2692 1401 2840 1457 illum
2884 1403 3173 1462 Florentiae
3212 1423 3335 1462 eum
3367 1409 3468 1465 Pco

1888 1493 1973 1539 tro
2001 1485 2260 1542 Damiano
2290 1488 2612 1545 collocutum
2653 1504 2832 1566 neget,
2869 1507 3058 1552 contra
3096 1498 3310 1554 Baronii
3341 1515 3470 1558 sen-

1890 1577 2134 1642 tentiam,
2165 1593 2196 1632 a
2239 1578 2439 1651 Sejano
2487 1583 2690 1654 optime
2719 1586 3067 1654 vindicatam,
3107 1589 3200 1644 sed
3251 1589 3470 1661 insuper

1888 1667 2360 1725 animadversione
2407 1672 2627 1743 dignum
2678 1684 2781 1740 est,
2813 1675 3006 1733 falsum
3044 1693 3166 1734 esse
3205 1681 3348 1750 quod
3377 1681 3474 1737 Al-

1889 1755 2014 1813 bizo
2042 1757 2188 1814 Petri
2212 1759 2457 1816 Damiani
2483 1779 2689 1830 comes,
2709 1765 2870 1822 fuerit
2897 1767 3139 1837 ejusdem
3169 1767 3468 1828 Theuxonll

199 1870 340 1919 rem,
369 1856 571 1926 regula:
614 1855 673 1909 S.
705 1854 848 1908 Petri
892 1855 1132 1908 Damiani
1177 1868 1370 1908 nomen
1401 1853 1634 1917 dedisse,
1664 1853 1788 1922 quia
1818 1840 1866 1900 Β
1893 1849 2075 1912 abbas,
2107 1861 2166 1906 ut
2214 1863 2399 1908 noster
2445 1854 2760 1922 historicus,
2814 1857 3012 1928 Sejano
3065 1864 3468 1928 consentiente,

193 1964 222 2001 a
252 1947 522 2016 Gregorio
549 1946 618 2000 IX
649 1957 758 1999 tum
790 1946 934 2016 ipsa,
971 1956 1080 1998 tum
1111 1944 1228 2012 ejus
1255 1960 1469 2000 sorores
1493 1945 1692 1998 ordinis
1723 1944 1784 1998 S.

196 2037 447 2091 Damiani
478 2037 819 2108 appellantur
843 2056 854 2092 :
889 2037 1164 2090 enimvero
1195 2035 1266 2090 ibi
1293 2035 1358 2089 de
1381 2035 1570 2090 ordine
1599 2050 1788 2090 mona-

198 2130 346 2183 sterii
381 2129 444 2181 S.
475 2129 725 2181 Damiani
757 2127 1006 2198 Martyris
1032 2142 1194 2196 prope
1231 2127 1492 2181 Assisium
1529 2125 1787 2182 exstructi

197 2238 375 2276 sermo
405 2232 514 2283 est.
547 2238 653 2276 non
684 2223 748 2276 de
777 2221 1202 2275 institutionibus
1237 2220 1297 2275 S.
1333 2219 1478 2275 Petri
1518 2219 1783 2285 Damiani,

198 2323 246 2366 nt
283 2314 632 2382 perspicuum
665 2321 745 2366 est
791 2328 857 2366 ex
891 2311 1060 2366 Bullis
1103 2327 1131 2364 a
1181 2310 1447 2382 Wadingo
1492 2311 1678 2366 relatis
1722 2310 1790 2365 ad

200 2407 352 2462 finem
388 2406 520 2461 tomi
560 2405 578 2458 1
625 2415 679 2460 ει
718 2405 760 2459 ll
790 2404 1080 2459 Annalium
1112 2403 1396 2458 Minorum.
1434 2403 1786 2458 Verissitnunt

198 2508 273 2554 est
302 2508 508 2563 tamen,
537 2497 800 2552 mouiales
836 2495 893 2551 S.
940 2495 1112 2552 Clarae
1145 2510 1242 2565 per
1271 2495 1552 2549 duodecim
1597 2493 1788 2548 saltent

202 2605 399 2656 annos,
456 2605 655 2658 nempe
702 2587 770 2642 ab
814 2602 955 2641 anno
999 2585 1245 2640 12l2.ad
1288 2585 1425 2641 ιεει
1474 2583 1790 2656 (nonnullas

201 2681 354 2734 etiam
387 2694 563 2747 usque
588 2679 654 2731 ad
684 2677 840 2741 12⁸59,
870 2685 928 2730 ιιι
957 2675 1197 2731 ostendit
1226 2676 1527 2746 Wadingus
1555 2674 1675 2730 loco
1709 2673 1788 2728 ci-

201 2779 324 2830 tato,
356 2779 414 2823 et
445 2769 736 2823 conﬁrmat
762 2766 1053 2821 Jacobillus
1085 2776 1217 2821 tom.
1245 2765 1330 2838 111)
1364 2764 1603 2834 regulam
1635 2761 1694 2818 S.

201 2859 504 2923 Benedicti,
551 2869 607 2912 et
651 2858 896 2912 ordinem
933 2857 1287 2912 monasticum
1333 2855 1648 2926 professas;
1689 2867 1790 2908 nec

203 2950 391 3003 desunt
417 2950 510 3019 qui
543 2949 608 3002 ad
648 2947 1060 3002 Camaldulense
1105 2947 1408 3002 institutum
1449 2944 1568 2999 illas
1603 2958 1699 3014 per
1735 2942 1790 2998 id

203 3053 408 3112 tempus
440 3042 760 3096 referendas
796 3055 914 3096 esse
942 3040 1294 3105 arbitrentur,
1336 3054 1440 3094 non
1471 3037 1688 3108 quidem
1719 3035 1789 3091 ob

199 3133 435 3202 regulam
461 3132 521 3186 S.
553 3131 700 3186 Petri
731 3131 973 3185 Damiani
997 3172 1012 3196 ,
1056 3131 1141 3186 eui
1173 3145 1368 3185 nomen
1397 3129 1664 3194 dederint,
1693 3127 1786 3183 sed

1887 1937 1982 1994 lib.
2017 1955 2076 1994 ιιι
2105 1956 2226 2012 cap.
2271 1943 2328 2009 5,
2361 1960 2506 2000 num.
2536 1947 2590 2011 9,
2625 1950 2875 2003 asseruit.
2927 1951 3081 2006 Enim
3116 1969 3245 2009 vero
3291 1955 3469 2010 nullus

1885 2028 2076 2084 Albizo
2103 2031 2269 2088 abbas
2320 2037 2654 2091 monasterio
2696 2038 2752 2091 S.
2787 2037 2967 2094 Maria.-
3001 2039 3289 2097 Florentia:
3333 2059 3477 2112 prae:

1887 2119 2009 2184 fuit,
2027 2121 2119 2174 sed
2133 2121 2439 2178 Tlteuzonis
2465 2134 2706 2196 tempore
2725 2127 2918 2182 Petrus
2938 2139 3056 2184 erat
3070 2131 3300 2186 abbatim
3326 2133 3469 2188 illius

1888 2214 2208 2285 praefectus,
2241 2225 2302 2271 ut
2341 2215 2535 2272 docent
2575 2228 2922 2275 monumenta
2954 2237 2984 2276 a
3016 2220 3322 2279 Puecinello
3371 2227 3482 2280 atl-.

1889 2305 2048 2360 ducta
2107 2306 2161 2360 in
2218 2307 2458 2375 ejusdem
2508 2310 2740 2364 emnobii
2797 2309 3082 2367 Chronicis
3141 2327 3282 2368 anno
3330 2314 3469 2368 1664

1888 2396 2082 2462 editis;
2114 2406 2170 2452 et
2214 2411 2345 2452 sane
2398 2399 2565 2453 verba
2605 2398 2749 2454 Petri
2804 2399 3048 2456 Damiani
3081 2402 3134 2457 in
3183 2403 3343 2470 epist.
3374 2403 3466 2465 50.

1889 2486 1981 2542 lib.
2011 2503 2086 2552 vt,
2126 2488 2192 2541 ad
2246 2489 2618 2555 Theuzonem,
2653 2492 2766 2546 sive
2799 2492 2851 2546 in
2907 2508 3094 2562 opuse.
3139 2510 3192 2549 ιι
3246 2495 3322 2549 nil
3367 2495 3471 2550 tale

1889 2577 2198 2647 significant
2239 2596 2252 2633 :
2292 2597 2310 2630 ι
2353 2579 2450 2634 Vix
2481 2581 2719 2647 demum,
2766 2583 2961 2653 inquit,
2986 2591 3239 2654 tanquam
3272 2587 3473 2657 impor-

1889 2677 2019 2725 tune
2048 2671 2244 2742 capitis
2270 2673 2505 2728 hominis
2534 2674 2756 2728 admissi
2778 2691 2967 2731 sumus
2990 2676 3304 2744 (Damianus
3325 2679 3468 2732 enim

1890 2760 2024 2817 mibi
2057 2771 2185 2817 tunc
2214 2762 2403 2817 Albizo
2431 2764 2786 2830 adhterebat),
2819 2765 3008 2820 intenti
3035 2776 3212 2822 autem
3233 2808 3246 2831 ,
3277 2776 3334 2820 et
3361 2783 3470 2822 non

1889 2852 2240 2909 mediocriter
2266 2855 2405 2908 avidi
2428 2854 2804 2910 azdilicatiouis
2840 2858 3159 2913 documenta
3191 2859 3473 2928 suscipere

1887 2946 2138 3017 protinus
2185 2947 2239 3002 in
2270 2947 2388 3018 ipso
2433 2956 2633 3004 mutua:
2673 2949 2979 3004 collationis
3021 2951 3245 3004 exordio
3293 2951 3470 3005 coacti

1889 3053 2078 3094 sumus
2123 3036 2385 3109 jurgiosis
2428 3039 2749 3108 quibusdam
2805 3039 3246 3095 contentionibus
3285 3039 3471 3094 deser-

1889 3130 2024 3196 vire,
2066 3149 2084 3182 ι
2120 3139 2235 3186 etc.
2265 3129 2363 3186 Ubi
2389 3137 2537 3200 patet
2571 3129 2636 3186 de
2685 3146 2765 3197 se,
2801 3139 2856 3185 et
2891 3130 3182 3195 Albizone,
3213 3139 3468 3198 tanquam

197 3226 262 3280 ob
295 3224 714 3279 constitutiones
756 3222 1230 3286 Camaldulenses,
1273 3237 1409 3293 quas
1454 3221 1559 3276 illis
1595 3221 1785 3276 obser-
1813 3194 1858 3258 Ο
1889 3219 2097 3274 itineris
2146 3219 2316 3285 socio,
2347 3229 2403 3276 et
2430 3219 2676 3290 colloquii
2721 3229 3013 3284 consorte,
3060 3234 3166 3272 non
3213 3229 3471 3288 tanquam

199 3316 400 3370 vandas
439 3313 856 3385 pratscripserat
884 3313 1180 3367 cardinalis
1218 3322 1404 3367 noster
1449 3310 1786 3382 Hu'olinus,

198 3406 285 3476 qui
316 3407 502 3476 (juxta
531 3405 886 3475 Jacobillum)
917 3419 983 3459 ex
1021 3403 1216 3459 abbate
1250 3403 1563 3459 monasterii
1595 3401 1650 3458 S.
1683 3401 1786 3456 Sil-

197 3497 358 3550 vestri
392 3496 459 3550 de
490 3495 668 3551 Monte
698 3494 952 3560 Subasio,
984 3511 1013 3549 a
1047 3493 1105 3550 S.
1139 3493 1300 3548 Patre
1327 3493 1625 3549 Romualdo
1654 3507 1786 3547 con-

203 3587 414 3650 structi,
446 3596 500 3639 ct
525 3585 625 3640 sub
647 3587 838 3641 ordine
858 3585 1252 3642 Camaldulensi
1280 3595 1404 3640 tunc
1426 3585 1586 3640 etiam
1610 3585 1787 3656 vigen-

208 3677 300 3740 tis,
329 3676 394 3730 ad
421 3693 711 3748 purpuram
752 3677 927 3731 fuerat
959 3686 1246 3742 evocatus;
1281 3684 1335 3730 et
1362 3686 1508 3730 certe
1537 3674 1787 3728 videntur

201 3766 448 3823 Clarissae
481 3784 546 3823 ex
594 3768 1087 3824 Camaldulensium
1137 3768 1436 3824 imitatione
1472 3767 1786 3822 inclusionis

201 3860 368 3929 legem
399 3877 498 3931 per
527 3861 581 3915 id
615 3870 823 3931 tempus
850 3876 1116 3928 servasse,
1155 3861 1295 3916 unde
1326 3860 1466 3916 idem
1495 3859 1788 3914 cardinalis

198 3949 525 4021 llugolinus,
573 3960 761 4022 postea
792 3951 1084 4023 Gregorius
1113 3950 1206 4017 IX,
1246 3967 1432 4004 earum
1462 3950 1785 4021 privilegiis,

197 4038 469 4110 Wadingo
496 4048 632 4094 teste
659 4041 710 4094 in
737 4041 1085 4113 Apologetico
1105 4041 1171 4096 de
1194 4040 1510 4095 Monachatu
1535 4039 1591 4096 S.
1616 4040 1774 4094 Fran-

195 4129 344 4192 cisci,
381 4137 520 4184 sect.
553 4127 606 4194 6,
635 4129 662 4200 §
691 4129 741 4194 5,
776 4145 924 4184 num.
953 4131 1008 4196 9,
1033 4131 1173 4185 hanc
1203 4129 1496 4184 clausulam
1530 4129 1784 4184 insertam

199 4219 404 4276 voluit:
446 4238 465 4270 ι
498 4219 642 4275 Ordo
683 4221 1033 4286 monastieus,
1059 4221 1148 4290 qui
1181 4221 1472 4274 secundum
1508 4219 1672 4274 Deum
1695 4259 1709 4283 ,
1735 4227 1788 4272 et

201 4307 339 4365 beati
365 4309 647 4364 Benedicti
678 4305 932 4380 regultl'm,
962 4319 1124 4379 atque
1153 4309 1545 4365 institutionem
1580 4310 1788 4363 monia-

200 4397 325 4454 lium
357 4413 700 4456 metusne!
723 4415 767 4454 s.
796 4416 1013 4455 mnum
1040 4415 1348 4464 ASSISIA‘I’IS,
1374 4399 1648 4454 institutus
1667 4413 1788 4453 esse

202 4487 552 4559 dignoscitur.
596 4509 613 4540 ι
650 4490 828 4556 Quare
849 4505 917 4543 ex
962 4491 1021 4543 D.
1046 4488 1218 4543 Clara:
1262 4488 1490 4553 familia,
1531 4485 1768 4556 ejusdem

202 4581 442 4653 Gregorii
485 4582 555 4636 IX
592 4581 770 4650 jussu,
802 4582 859 4636 Β.
887 4581 1117 4637 Paciﬁca
1142 4625 1156 4649 ,
1201 4590 1255 4638 et
1295 4581 1354 4635 Β.
1397 4581 1638 4643 Balbina,
1669 4578 1784 4647 ejus

157 4693 164 4738 χ
202 4674 431 4728 nominis
460 4674 604 4729 inter
627 4673 988 4728 Damianistas
1015 4675 1184 4743 prima
1204 4715 1218 4739 ,
1247 4673 1312 4728 ad
1349 4672 1651 4727 coenobium
1681 4672 1783 4725 Ca-

205 4763 614 4819 maldulensium
667 4763 978 4817 monialium
1030 4763 1089 4817 S.
1143 4761 1324 4816 Mariae
1372 4760 1537 4815 Vallis
1586 4760 1783 4814 Gloria:

205 4856 357 4924 (quod
403 4857 504 4910 sub
554 4855 766 4910 abbatis
813 4853 871 4909 S.
923 4854 1170 4910 Silvestri
1218 4855 1284 4910 de
1326 4854 1504 4910 Monte
1552 4853 1782 4908 Subasio

199 4944 568 5012 jurisdictione
603 4944 852 5016 ﬂorebat)
891 4945 1294 5002 reformandum
1325 4954 1448 5000 sunt
1478 4944 1778 5010 destinate,

207 5043 259 5087 ut
285 5033 580 5090 Jacobillus
607 5034 866 5088 ostendit.

264 5125 348 5179 ιν.
394 5126 583 5182 Tertio
626 5126 834 5193 lapsum
879 5125 1129 5181 similiter
1156 5125 1516 5182 Laderchium
1547 5121 1781 5194 Sejanus

206 5216 450 5281 ostendit,
485 5215 638 5270 circa
693 5213 758 5266 D.
791 5212 932 5270 Petri
964 5215 1242 5271 Coelestini
1274 5216 1606 5276 institutum,
1638 5215 1782 5268 hunc

1212 5307 1276 5328 ...ε
1319 5308 1381 5328 n-
1417 5306 1562 5328 ,_!-._!
1595 5303 1775 5328 ..-ο-...ιλ

1886 3307 2196 3365 Theuzonis
2229 3310 2398 3381 ipsius
2424 3310 2649 3380 prazlato
2673 3309 2852 3380 loqui;
2884 3317 3081 3364 etcum
3105 3308 3243 3362 infra
3274 3309 3422 3363 addit
3451 3324 3470 3361 :

1895 3417 1915 3452 ι
1945 3400 2118 3456 Erant
2145 3401 2343 3472 quippe
2374 3402 2516 3457 inter
2547 3418 2626 3467 se,
2665 3411 2718 3456 et
2753 3401 3006 3455 abbatem
3054 3401 3128 3454 tui
3155 3402 3472 3455 monasterii

1885 3506 1994 3546 non
2036 3489 2258 3547 ferenda
2306 3491 2574 3559 simultas,
2600 3501 2654 3548 et
2707 3492 3007 3546 inveterata
3054 3490 3344 3546 discordia.
3377 3490 3470 3545 llle

1887 3583 2070 3655 igitur,
2098 3593 2284 3654 utpote
2314 3583 2553 3649 virtutis,
2593 3599 2657 3638 ac
2702 3581 2963 3652 simplicis
2992 3581 3194 3644 animi,
3223 3580 3470 3649 sponsio-

1885 3675 2045 3729 nibus
2074 3675 2184 3729 suis
2213 3684 2406 3729 cuncta
2428 3673 2601 3742 digna:
2631 3670 3042 3738 satisfactiouis,
3065 3679 3121 3726 et
3149 3658 3472 3725 humilitatis

1883 3764 2004 3835 jura
2031 3765 2389 3829 transcendit,
2421 3773 2475 3820 et
2527 3779 2626 3818 nos
2656 3763 2732 3834 (id
2760 3771 2844 3817 est
2891 3763 3064 3832 ipsum
3115 3761 3334 3815 Petrum
3367 3761 3469 3815 Da-

1886 3862 2147 3926 mianum,
2191 3869 2244 3916 et
2274 3859 2588 3914 Albizonem
2637 3855 2914 3926 comitem)
2946 3855 3212 3924 sequestri
3250 3853 3473 3910 foederis

1887 3951 2027 4006 inter
2059 3966 2117 4006 se
2153 3959 2208 4004 et
2236 3959 2286 4004 te
2311 3957 2658 4004 exsccutorcs
2687 3945 2941 4002 instituit.
2967 3944 3169 4001 Verum
3199 3960 3298 4001 nos
3341 3945 3471 4000 dum

1886 4039 2078 4095 alienis
2107 4038 2359 4094 amicitiis
2387 4035 2683 4092 inconsulte
2727 4035 3080 4099 consulimus,
3119 4055 3137 4086 ι
3171 4043 3278 4090 ειε.
3323 4035 3457 4089 Per-

1886 4129 2129 4200 spicuum
2165 4129 2397 4195 videtur,
2427 4129 2679 4183 abbatem
2714 4125 3023 4182 Tbcuzonis
3045 4126 3318 4180 diversum
3348 4139 3473 4179 esse

1887 4225 1954 4279 ab
1983 4233 2214 4293 utroque
2239 4223 2386 4294 pacis
2413 4222 2555 4276 inter
2585 4221 2730 4292 ipsos
2781 4219 3134 4274 conciliandae
3162 4225 3472 4286 sequestro,

1888 4314 2150 4369 Damiano
2180 4313 2477 4379 videlicet,
2519 4321 2574 4369 et
2627 4311 2908 4367 Albizoue.
2953 4309 3020 4366 Ut
3072 4309 3208 4364 nihil
3251 4308 3472 4365 addam.

1889 4406 2032 4476 quod
2063 4405 2252 4460 Albizo
2283 4406 2386 4460 iste
2419 4420 2530 4458 non
2556 4403 2750 4468 abbas,
2773 4403 2867 4457 sed
2912 4402 3141 4458 eremita
3186 4399 3384 4466 fuerat,
3414 4409 3474 4454 ut

1888 4505 2038 4568 patet
2082 4512 2151 4551 ex
2195 4512 2380 4567 opusc.
2421 4511 2498 4550 xu
2531 4494 2664 4549 torni
2714 4492 2779 4547 111
2821 4493 2890 4547 ad
2937 4493 3114 4562 ipsum
3151 4489 3474 4545 Albizonem

1891 4587 2254 4642 venerabilem
2311 4586 2630 4649 eremitam,
2677 4594 2733 4639 et
2779 4584 2998 4638 Petrum
3030 4582 3354 4637 monachum
3385 4581 3470 4634 di-

1889 4687 2062 4743 recto,
2108 4676 2197 4732 ubi
2233 4677 2383 4731 illum
2419 4695 2438 4729 ι
2494 4675 2816 4730 imitandum
2847 4673 3153 4730 Eremitica:
3177 4685 3470 4726 conversa.

1889 4770 2052 4825 tionis
2099 4767 2406 4839 exemplum
2428 4808 2442 4832 ,
2478 4786 2497 4820 ι
2543 4767 2686 4821 sicut
2737 4767 2881 4821 hunc
2913 4781 2932 4816 ι
2967 4770 3216 4821 teretem,
3239 4758 3471 4814 formam

1888 4861 2306 4925 cmuobitarum,
2344 4878 2364 4912 ι
2395 4857 2632 4930 appellat
2667 4857 2982 4911 Damianus.
3491 4840 3500 4848 ”

1960 4955 2048 5010 V’l.
2081 4954 2304 5020 Quinto,
2334 4954 2480 5022 quod
2535 4951 2612 5004 ait
2656 4947 2990 5003 Laderchius
3033 4943 3224 5000 eodem
3266 4958 3385 5012 cap.
3416 4941 3472 5010 5,

1881 5062 2029 5101 num.
2059 5045 2092 5098 6
2120 5054 2175 5100 ει
2215 5047 2269 5108 7,
2296 5043 2353 5096 S.
2381 5043 2646 5100 Joannem
2695 5039 3047 5094 Gualbertum
3080 5050 3224 5090 anno
3251 5034 3391 5088 l003
3419 5034 3476 5087 in

1881 5137 1940 5192 S.
1973 5135 2212 5190 Miniatis
2236 5136 2488 5191 caznobio
2536 5130 2859 5184 monachum
2891 5127 3162 5187 induisse,
3192 5125 3481 5194 eidemque

1887 5225 2234 5281 Theuzonem
2265 5226 2556 5280 eremitam
2586 5218 2882 5276 Simoniaci
2919 5217 3134 5273 abbatis
3183 5213 3482 5278 Uberti,.et

1953 5317 1964 5328 ι
2105 5314 2116 5326 ο
2186 5315 2201 5330 Δ
2227 5314 2261 5330 ,Ι
2296 5327 2306 5330 -
2363 5315 2373 5325 ⁹
2547 5309 2814 5330 --|-_---a‘_
2845 5328 2848 5329 ν
2877 5325 2943 5330 __.-
3011 5308 3279 5330 ----ι-ΙΖΑΑη-
3340 5317 3479 5330 Λιιηη
