3982 5350
489 337 560 392 85
1203 331 1205 334 ’
1355 337 1412 393 S.
1448 337 1720 393 PETRUS
1757 338 2110 396 DAMIANUS
2151 339 2208 396 S.
2251 339 2319 393 Β.
2354 337 2415 393 Ε.
2439 335 2870 394 CARDINALIS.
3435 395 3440 399 .
3692 342 3764 397 84

491 450 738 505 cellulam
763 463 914 505 suam
941 436 1276 508 ercmi‘ticam
1323 454 1601 526 ingressus
1639 457 1802 510 fuerit
1829 455 2073 522 Theuzo,
2102 465 2148 519 Α
2179 472 2400 526 scepum
2447 455 2652 511 scilicet
2681 455 3021 526 Eugubinum
3066 471 3186 512 esse
3229 456 3562 525 defunctum,
3600 478 3620 510 ι
3653 468 3763 514 etc.

490 549 550 595 ut
593 556 742 594 num.
790 539 877 603 13,
926 540 1082 608 ibid,
1134 545 1516 613 probavimus;
1569 561 1669 599 nec
1720 547 1838 600 ideo
1891 555 2072 601 tamen

492 634 786 688 decernere
814 631 968 696 libet,
1001 649 1068 686 an
1115 636 1404 690 occasione
1440 638 1825 691 controversia:
1853 638 2073 693 Floren-

494 723 587 778 tiui
642 721 773 777 cleri
807 723 953 777 circa
989 723 1209 780 Petrum
1261 727 1602 782 Ticinensem
1650 729 1959 800 episcopum
1991 728 2075 784 Si-

489 814 832 879 moniacum,
877 812 1022 868 Petri
1052 814 1298 870 Damiani
1339 831 1460 870 cum
1503 816 1793 872 Theuzoue
1845 819 2074 873 erernila

489 901 817 970 colloquium
871 905 1166 974 contigerit
1198 923 1212 960 :
1241 920 1416 975 neque
1451 922 1521 960 an
1574 922 1698 962 cum
1743 907 1802 961 S.
1853 907 2075 963 Joannis

487 993 767 1048 Gualberti
823 996 1106 1051 monachis
1162 1011 1225 1051 ea
1282 998 1608 1067 occasione,
1666 1007 1759 1052 aut
1802 999 1934 1053 alias
1983 999 2076 1054 de-

487 1084 778 1139 certaverit
825 1085 1141 1154 Damianus,
1192 1088 1379 1142 illosve
1416 1087 1510 1144 lib.
1560 1106 1658 1144 vni
1701 1105 1807 1159 ep.,
1839 1091 1900 1144 11
1949 1105 2075 1145 car-

439 1183 442 1188 ·
485 1176 694 1244 pserit,
735 1176 1004 1231 curiosius
1052 1178 1356 1248 disquirere
1400 1179 1574 1250 juvat.
1608 1180 1879 1249 Quidquid
1916 1198 1981 1235 ea
2011 1181 2076 1236 de

486 1280 548 1320 re
592 1266 663 1319 sit
713 1267 1081 1333 sentiendum,
1128 1268 1217 1322 alii
1261 1270 1536 1338 indicent;
1581 1287 1680 1326 nos
1711 1273 1928 1326 interim
1977 1273 2077 1328 Pe-

488 1364 631 1409 trum
681 1356 1006 1410 Damianum
1037 1374 1066 1410 a
1098 1357 1286 1414 Didaci
1335 1359 1572 1416 Franchi
1631 1361 1918 1417 calumniis
1963 1364 2075 1431 hic,

486 1454 544 1500 ct
582 1445 711 1500 alibi
751 1446 1089 1503 vindicatum
1127 1449 1329 1516 fuisse,
1375 1451 1678 1508 Laderchio
1714 1453 2071 1524 gratulamur.

475 1536 487 1617 ιι
561 1537 672 1593 Vll.
723 1537 892 1594 Sexto
937 1540 1250 1610 diligentius
1279 1544 1507 1612 expendi
1552 1555 1810 1612 meretur,
1846 1563 1914 1600 an
1949 1562 2078 1603 vere

488 1643 633 1682 anno
663 1627 794 1684 1061
825 1630 883 1684 S.
921 1632 1233 1688 Dominicus
1262 1633 1544 1691 Loricatus
1587 1638 1788 1693 obiisse
1818 1639 2078 1696 dicendus

485 1719 761 1784 sit,utlib.
785 1737 982 1794 tl,cap.
1017 1724 1320 1791 2.1,anum.
1351 1728 1407 1793 2,
1427 1729 1590 1785 etlib.
1612 1746 1832 1801 tn,cap.
1853 1733 2072 1797 1,num.

2177 547 2438 616 Superest
2479 563 2648 618 ergo,
2698 556 2759 601 ut
2809 548 3072 604 Dominici
3124 549 3361 605 Loricati
3406 551 3587 607 obitus
3617 567 3770 607 anno

2177 641 2316 696 1066
2366 642 2606 712 adeoque
2643 640 2701 696 S.
2754 641 3021 712 Rodulphi
3075 659 3221 698 mors
3267 659 3410 698 anno
3457 644 3594 699 1067
3645 660 3775 700 eve-

2175 731 2320 785 nisse
2358 731 2605 797 dicatur;
2647 731 2789 786 unde
2819 733 3068 786 machina
3095 732 3208 798 illa,
3233 749 3339 804 qua
3372 733 3465 788 lib.
3513 750 3597 799 ιιι,
3641 749 3770 804 cap.

2175 822 2231 886 5,
2262 838 2413 876 num.
2465 823 2550 885 12,
2599 821 2934 877 Laderchius
2977 823 3212 892 probare
3266 824 3500 890 nititur,
3557 825 3774 894 episto-

2174 912 2282 967 lam
2333 913 2577 968 Damiani
2625 915 2694 967 ad
2741 913 3091 969 'l‘heuzonem
3143 916 3402 984 scriptam
3448 931 3590 980 esse,
3636 926 3775 970 ante

2175 1005 2604 1060 controversiam
2645 1006 2710 1060 de
2742 1007 2972 1061 simonia
3005 1005 3159 1060 Petri
3212 1005 3494 1076 Papiensis
3533 1008 3776 1063 Floren-

2177 1093 2274 1147 tini
2327 1095 2564 1164 episcopi
2602 1106 2874 1161 exortam,
2921 1096 3047 1166 quia
3102 1095 3234 1149 inibi
3289 1097 3559 1152 Dominici
3604 1097 3770 1153 Lori—

2177 1185 2305 1248 cati,
2347 1185 2494 1240 velut
2528 1187 2838 1255 superstitis
2881 1187 3088 1242 mentio
3125 1199 3422 1256 occurrat,
3469 1191 3770 1247 concidere

2177 1275 2412 1330 videtur.

2245 1365 2338 1422 IX.
2372 1367 2497 1424 Scio
2539 1369 2794 1438 positioni
2834 1371 2962 1427 huic
2999 1373 3218 1429 obstare
3264 1390 3447 1446 posse,
3478 1376 3623 1446 quod
3652 1375 3770 1431 Ro-

2177 1456 2430 1526 dulphus,
2477 1460 2664 1514 eodem
2693 1460 2959 1516 Damiano
2989 1471 3146 1531 teste,
3185 1483 3202 1516 ι
3241 1475 3366 1520 ante
3404 1464 3520 1521 fere
3547 1476 3772 1534 septen-

2178 1546 2326 1601 nium
2365 1549 2645 1619 (adeoque,
2684 1550 2738 1605 in
2778 1551 2880 1606 hac
2923 1552 3211 1623 hypothesi
3236 1596 3251 1621 ,
3302 1571 3446 1611 anno
3495 1556 3670 1628 1060)
3701 1556 3775 1611 ad

2177 1652 2418 1695 eremum
2466 1641 2710 1707 veniens,
2743 1643 2990 1699 habitum
3040 1648 3358 1702 monasticae
3403 1647 3771 1718 professionis

2178 1742 2485 1802 acceperat.
2506 1753 2524 1786 ι
2544 1733 2677 1790 Cum
2704 1745 2882 1793 tamen
2914 1739 3172 1810 Ughcllus
3202 1741 3255 1795 in
3286 1741 3560 1812 episcopis
3589 1741 3777 1812 Eugu-

489 1812 582 1876 12,
618 1813 954 1872 Laderchius
1003 1833 1126 1872 cum
1171 1818 1410 1876 Baronio
1449 1824 1700 1880 asseruit.
1742 1824 1896 1878 Enim
1943 1841 2071 1881 vero
2100 1823 2145 1882 B
2174 1824 2320 1879 binis
2353 1834 2600 1892 testetur,
2651 1828 2990 1900 Rodulphum
3039 1849 3183 1888 anno
3229 1833 3369 1889 1059
3417 1836 3628 1907 synodo
3657 1835 3776 1890 Ro-

486 1919 609 1958 cum
640 1915 828 1960 narret
870 1907 1066 1963 Petrus
1111 1909 1406 1967 Damianus
1436 1913 1528 1968 lib.
1563 1929 1602 1979 ι,
1651 1915 1810 1983 epist.
1853 1915 1943 1982 19,
1973 1915 2077 1973 Do-

491 1995 754 2051 minicum
797 1999 972 2068 pridie
999 2000 1122 2055 ldus
1152 2001 1402 2058 Octobris
1442 2005 1602 2059 morti
1641 2007 1889 2072 cessisse,
1928 2008 1974 2063 si
2023 2010 2077 2064 id

487 2100 635 2139 anno
660 2085 789 2140 1061
827 2089 1166 2158 contigisset,
1197 2106 1304 2159 quo
1331 2091 1514 2161 cyclus
1537 2093 1664 2148 solis
1690 2104 1810 2148 erat
1837 2096 1889 2162 6,
1921 2097 2078 2152 adeo-

493 2191 600 2246 que
652 2177 830 2233 littera
891 2178 1241 2236 Dominicalis
1297 2183 1350 2236 in
1400 2193 1586 2238 vetere
1639 2186 1950 2242 calendario
2001 2188 2077 2243 illi

487 2270 823 2338 respondens
864 2283 982 2325 erat
1013 2272 1076 2327 G.
1113 2273 1300 2342 utique
1329 2274 1417 2330 die
1465 2276 1749 2333 Dominico
1791 2280 1843 2333 in
1877 2279 2076 2334 cmlum

486 2361 801 2429 migrasset,
831 2361 1012 2418 littera
1061 2365 1204 2418 enim
1244 2367 1358 2420 haec
1400 2368 1618 2438 ipsimet
1667 2369 1771 2424 diei
1819 2370 1885 2424 1-1
1916 2370 2078 2427 Octo-

487 2450 608 2504 bris
637 2452 880 2521 apposita
912 2453 1369 2524 deprehenditur;
1401 2467 1458 2512 et
1500 2475 1677 2514 nonus
1721 2460 2076 2531 depositionis

491 2541 628 2606 dies,
656 2558 848 2613 nempe
868 2543 940 2598 22
969 2545 1208 2612 ejusdem
1241 2550 1461 2616 mensis,
1489 2551 1605 2606 dies
1632 2551 1772 2608 luna:
1809 2569 1901 2608 seu
1942 2555 2076 2610 feria

484 2635 723 2688 secunda
755 2634 966 2701 fuisset,
996 2652 1115 2706 quae
1145 2638 1325 2694 littera
1353 2642 1398 2695 Α
1422 2643 1774 2714 consignatur
1805 2664 1817 2700 :
1844 2662 2074 2717 quorum

491 2735 783 2795 utrumque
812 2727 1006 2783 falsum
1043 2739 1157 2796 est;
1189 2733 1528 2790 Dominicum
1559 2737 1703 2791 enim
1733 2738 1820 2792 die
1853 2739 2076 2796 Sabbati

490 2817 561 2872 ab
592 2819 842 2875 humanis
877 2825 1176 2880 excessisse
1207 2836 1438 2883 testatur
1475 2840 1698 2887 sanctus
1729 2833 1918 2890 doctor
1967 2837 2073 2892 loc.

486 2907 610 2975 cit.,
638 2910 723 2966 his
753 2913 935 2968 verbis
967 2933 980 2967 :
1017 2934 1036 2966 ι
1072 2915 1236 2972 Sexta
1269 2918 1434 2989 igitur
1459 2920 1594 2976 feria
1623 2938 1721 2992 per
1757 2926 2073 2980 continuum

487 3000 632 3054 diem
681 3002 772 3056 vix
823 3005 984 3060 desiit
1013 3007 1098 3061 vel
1144 3009 1485 3068 modulandis
1535 3014 1759 3083 psalmis
1802 3017 2073 3085 insistere,

486 3088 574 3142 vel
602 3092 964 3160 corrigiarum
1020 3111 1078 3150 sc
1124 3097 1323 3155 ictibus
1368 3100 1668 3173 ﬂagellare.
1727 3105 1895 3162 Nocte
1945 3125 2074 3164 vero

2179 1930 2352 1970 mante
2402 1916 2572 1973 Nico].
2602 1917 2644 1972 ll
2672 1935 2822 1988 papae
2868 1921 3229 1994 subscriptum
3262 1926 3510 1994 reperiri,
3541 1935 3596 1981 et
3627 1940 3777 1981 anno

2180 2005 2322 2059 1062
2350 2006 2402 2060 in
2436 2008 2578 2062 bulla
2619 2010 2915 2066 Alexandri
2963 2013 3004 2067 ll
3051 2031 3150 2084 pro
3185 2016 3426 2072 Ecclesia
3479 2019 3774 2073 Forosem-

2179 2095 2479 2162 proniensi,
2510 2099 2841 2153 mentionem
2871 2117 3161 2158 occurrere
3206 2104 3448 2174 Hugonis
3493 2108 3771 2177 Eugubini

2178 2185 2436 2254 episcopi,
2463 2203 2624 2257 quem
2652 2205 2758 2244 non
2784 2190 3113 2262 immediate,
3139 2197 3232 2251 sed
3261 2207 3382 2266 post
3414 2197 3773 2270 Maynardum

2178 2288 2323 2330 antro
2355 2276 2485 2331 1061
2543 2279 2625 2349 (ut
2653 2280 2750 2348 ipsi
2781 2282 3014 2354 videtur)
3045 2286 3298 2353 electum,
3329 2289 3617 2360 Rodulpho
3647 2307 3772 2347 suc-

2178 2367 2412 2422 cessisse
2459 2370 2775 2425 arbitratur.
2824 2373 2894 2427 At
2925 2376 3085 2432 nimis
3113 2379 3334 2435 evidens
3377 2393 3494 2448 est,
3523 2383 3773 2438 Alexan-

2177 2455 2259 2509 dri
2297 2456 2334 2510 ll
2375 2466 2637 2528 tempore,
2668 2463 2908 2531 adeoque
2951 2474 3072 2532 post
3117 2483 3318 2522 annum
3356 2469 3518 2537 1061,
3556 2471 3768 2527 Bodul-

2175 2549 2342 2616 phum
2374 2563 2437 2603 ex
2472 2551 2572 2605 hac
2607 2551 2727 2607 luce
2764 2554 3056 2625 migrasse;
3097 2559 3226 2628 quid
3254 2561 3302 2614 si
3343 2562 3509 2632 igitur
3555 2563 3760 2634 depra-

2175 2648 2358 2693 vatam
2386 2655 2506 2695 esse
2537 2642 2639 2697 hoc
2672 2643 2792 2698 loco
2823 2647 3001 2701 dicam
3034 2647 3438 2717 Euguhinorum
3467 2655 3766 2723 pimsulum

2176 2731 2373 2784 seriem
2406 2731 2544 2801 apud
2588 2731 2893 2803 Ughellum,
2919 2754 3024 2792 non
3053 2741 3231 2796 minus
3257 2757 3415 2810 quam
3437 2744 3602 2813 paulo
3623 2754 3773 2812 ante,

2175 2822 2268 2877 ubi
2324 2822 2663 2893 Ludnlphum
2717 2827 2949 2884 electum
3008 2848 3152 2886 anno
3205 2835 3344 2888 1012
3394 2852 3773 2893 successorem

2177 2916 2452 2986 assignat?
2478 2915 2669 2984 Porro,
2712 2936 2835 2974 eum
2865 2937 3039 2992 neque
3067 2927 3210 2996 apud
3241 2927 3559 2993 Baronium,
3595 2945 3776 2999 neque

2177 3007 2316 3076 apud
2339 3007 2624 3062 Lahbaeum
2649 3023 2898 3067 occurrat
2923 3015 3190 3086 Rodulphi
3213 3019 3477 3090 Euguhini
3506 3022 3774 3092 episcopi,

2177 3105 2433 3167 tanquam
2469 3115 2612 3154 anno
2644 3100 2806 3165 1059,
2857 3104 3116 3161 Ilomante
3167 3111 3375 3179 synodo
3422 3113 3777 3168 subscriben-

485 3192 684 3247 sopore
713 3180 981 3250 deposito,
1027 3189 1267 3257 suscepit
1315 3167 1645 3260 antidotum,
1676 3195 1870 3253 deinde
1907 3200 2073 3269 C(Bpil.

2179 3189 2267 3255 tis,
2314 3192 2575 3245 memoria
2607 3210 2621 3246 :
2649 3195 2744 3248 sed
2797 3210 2974 3266 neque
3009 3199 3150 3267 apud
3202 3199 3485 3270 Ughellum
3519 3202 3572 3255 in
3622 3202 3774 3256 bulla

487 3270 788 3338 angustiari
816 3312 830 3338 ,
884 3285 940 3328 et
987 3275 1053 3330 de
1098 3281 1368 3334 stomachi
1423 3282 1607 3338 dolore
1659 3287 1900 3356 graviter
1944 3305 2074 3344 cou-

488 3365 663 3431 queri.
687 3363 817 3420 Post
851 3368 1141 3424 decursum
1178 3373 1362 3442 itaque
1393 3385 1677 3432 nocturnae
1703 3381 1923 3450 synaxis
1961 3380 2074 3436 olli-

487 3452 658 3519 cium,
686 3465 810 3524 post
836 3458 1138 3514 matutinos
1165 3461 1416 3532 hymnos,
1446 3481 1569 3521 cum
1598 3468 1770 3537 prima
1794 3470 1905 3540 jam
1939 3473 2074 3528 hora

486 3543 589 3598 sibi
641 3561 670 3599 a
720 3545 980 3605 fratribus
1031 3551 1122 3620 qui
1177 3554 1406 3610 aderant
1452 3567 1788 3628 cantaretur,
1828 3573 2075 3624 sanctum

486 3637 602 3693 Deo
631 3641 880 3710 spiritum
933 3644 1190 3700 reddidit.
1229 3667 1248 3698 ι
1280 3648 1348 3703 Et
1397 3650 1540 3707 diem
1585 3655 1936 3724 depositionis
1973 3673 2074 3713 no-

485 3747 640 3794 num,
673 3732 1015 3791 Dominicum
1043 3737 1210 3795 fuisse
1239 3749 1472 3798 testatur
1499 3764 1512 3800 :
1551 3765 1570 3798 ‹
1620 3747 1730 3804 Hos
1760 3759 1961 3815 autem,
1993 3753 2074 3807 in.

489 3823 625 3892 quit,
644 3823 759 3893 ipso
786 3825 872 3881 die
901 3827 1203 3898 Dominico,
1221 3850 1328 3903 quo
1351 3850 1593 3892 eremum
1612 3839 1839 3910 ingressi
1866 3857 2072 3908 sumus,

487 3911 735 3967 sanctum
770 3930 968 3985 corpus
1009 3919 1137 3975 inde
1183 3923 1456 3979 sublatum
1511 3938 1858 3993 reverenter,
1908 3940 1966 3984 ut
1995 3931 2076 3985 di-

491 4018 655 4071 gnum
685 4014 826 4070 erat,
859 4007 913 4062 in
960 4011 1198 4078 capitulo
1227 4015 1603 4083 sepelivimus,
1651 4029 1705 4073 et
1731 4036 1854 4075 cum
1904 4037 2075 4076 nonus

491 4106 641 4149 esset
684 4097 1036 4165 depositionis
1066 4103 1183 4171 ejus
1215 4105 1348 4167 dies,
1383 4109 1701 4176 praedictum
1747 4127 1949 4181 corpus
1989 4129 2076 4167 sa-

496 4199 652 4245 num.
687 4187 1058 4260 illibatumque
1086 4196 1405 4264 reperimus.
1448 4218 1467 4250 ι

577 4275 710 4333 Vlll.
743 4279 896 4336 Unde
925 4286 1209 4353 perspicue
1238 4297 1405 4357 patet,
1434 4290 1518 4345 vel
1551 4291 1618 4347 ad
1659 4306 1859 4348 annum
1912 4295 2073 4362 1060,

491 4364 580 4429 vel
607 4366 676 4444 ad
703 4368 861 4436 1066,
909 4371 1180 4430 Dominici
1227 4375 1466 4434 Loricati
1522 4389 1750 4437 mortem
1784 4397 1905 4438 esse
1937 4383 2075 4438 refc-

496 4457 750 4525 rendam,
780 4471 841 4515 ut
887 4463 1118 4520 invicem
1169 4466 1254 4521 hac
1287 4469 1712 4526 circumstantiae
1740 4474 2070 4539 cohaereant,

494 4563 690 4619 nempe
715 4559 775 4604 ut
801 4552 916 4608 dies
946 4553 1011 4608 14
1041 4554 1290 4612 Octobris
1337 4558 1594 4626 Sabbato,
2101 4525 2152 4584 Β

495 4637 710 4695 ῐῐιίιιὶεω
738 4641 845 4697 diei
888 4645 1197 4700 conveniat.
1250 4644 1355 4702 Sed
1410 4665 1555 4704 anno
1583 4650 1718 4705 1060
1765 4651 1816 4704 id
1861 4652 2076 4706 aliunde

494 4729 812 4802 contingere
859 4749 967 4789 non
1014 4737 1218 4805 potuit;
1266 4753 1391 4792 nam
1420 4739 1484 4792 B.
1518 4739 1785 4812 Rodulphi
1837 4743 2073 4812 episcopi

493 4814 762 4886 Euguhini
796 4839 962 4891 mors,
993 4841 1114 4895 qute
1145 4825 1428 4896 (Damiano
1465 4831 1624 4900 teste)
1657 4848 1800 4886 anno
1827 4834 2075 4901 sequenti

497 4918 624 4978 post
651 4914 858 4969 obitum
889 4917 1153 4974 Dominici
1175 4919 1409 4975 Loricati
1447 4923 1674 4994 contigit
1711 4923 1797 4978 die
1817 4924 1886 4978 26
1905 4923 2074 4990 Junii,

495 5003 550 5054 in
602 5018 802 5058 annum
853 5007 984 5061 1061
1033 5009 1329 5076 incidisset,
1378 5027 1487 5081 quo
1536 5023 1776 5081 tempore
1832 5015 2068 5069 nondum

495 5092 749 5150 Nicolaus
794 5096 835 5150 ll
881 5107 1032 5166 pont.
1081 5116 1224 5155 max.
1273 5117 1304 5156 e
1347 5104 1485 5158 vivis
1531 5114 1861 5171 excesserat,
1915 5107 2069 5174 cujus

493 5203 647 5243 mors
678 5188 764 5242 die
788 5187 822 5241 5
848 5187 971 5243 Julii
1001 5193 1248 5262 contigit,
1267 5202 1323 5247 et
1351 5209 1535 5250 mense
1558 5195 1810 5252 Octobris
1839 5197 2073 5252 Alexan-

498 5281 595 5332 der
640 5273 683 5332 Π
718 5289 800 5334 est
848 5279 901 5333 in
949 5279 1251 5335 Romanum
1313 5286 1626 5350 pontiﬁcem
1673 5299 2070 5350 consecratus;

2173 3279 2462 3335 Alexandri
2492 3283 2556 3348 ll,
2583 3299 2745 3352 quam
2791 3286 3048 3342 insertam
3077 3289 3232 3344 alteri
3262 3291 3486 3346 Honorii
3530 3292 3596 3346 111
3629 3293 3774 3348 datre

2175 3371 2244 3425 14
2278 3371 2398 3425 Kal.
2425 3370 2572 3428 Junii
2601 3391 2744 3430 anno
2775 3375 2914 3429 1221
2945 3376 3111 3433 refert
3136 3380 3224 3434 hic
3251 3390 3442 3436 auctor
3464 3393 3596 3438 tom.
3623 3383 3666 3437 ll
3694 3383 3775 3438 De

2176 3461 2390 3532 Episcp.
2416 3463 2764 3537 Forosempr.
2798 3483 3091 3538 expressus
3126 3472 3392 3528 habeatur
3421 3491 3597 3530 annus
3629 3477 3771 3533 1062

2174 3551 2259 3606 vel
2308 3553 2479 3619 alius;
2525 3554 2633 3609 imo
2681 3557 2795 3611 hazc
2840 3569 2966 3613 nota
3015 3561 3280 3617 duntaxat
3327 3565 3400 3619 ibi
3435 3565 3756 3620 habeatur:

2181 3659 2201 3691 ι
2235 3642 2425 3697 Actum
2453 3653 2558 3710 est,
2585 3647 2687 3701 hoc
2717 3663 2904 3704 mense
2925 3650 3073 3718 Maii,
3099 3654 3184 3708 die
3206 3670 3334 3709 vero
3358 3656 3445 3723 10,
3471 3657 3772 3713 indictione

2177 3735 2280 3800 15,
2331 3756 2350 3788 ι
2391 3753 2511 3806 quae
2563 3739 2788 3795 indictio
2835 3757 2938 3797 nec
2989 3761 3132 3799 anno
3180 3748 3440 3814 praedicto
3484 3750 3626 3804 1062
3664 3766 3770 3806 nec

2175 3827 2271 3882 ulli
2301 3845 2444 3884 anno
2477 3831 2828 3900 pontiﬁcatus
2879 3833 3173 3892 Alexandri
3205 3838 3249 3894 11
3291 3843 3621 3911 respondere
3664 3859 3772 3914 po-

2177 3927 2304 3986 test,
2345 3921 2436 3976 sed
2468 3923 2624 3978 annis
2664 3931 2875 3980 tantum
2916 3927 3053 3982 1060
3081 3937 3136 3982 et
3181 3930 3319 3986 1075
3355 3935 3641 4004 congruit,
3687 3937 3773 3991 in-

2179 4023 2262 4067 ter
2314 4029 2448 4082 quos
2499 4014 2657 4084 hujus
2713 4018 2984 4085 pontiﬁcis
3039 4020 3194 4076 sedes
3245 4025 3425 4091 cadit;
3476 4036 3772 4083 consenta-

2177 4121 2337 4159 neum
2370 4106 2612 4174 profccto
2658 4126 2762 4164 non
2790 4111 3027 4178 videtur,
3061 4125 3119 4168 ut
3160 4117 3230 4169 ob
3265 4117 3470 4172 incerta
3510 4119 3625 4175 haec
3653 4136 3774 4176 mo-

2176 4209 2430 4251 numenta
2469 4201 2536 4252 ab
2574 4201 2800 4269 Ughello
2828 4203 3019 4267 relata,
3069 4207 3339 4262 ratiocinii
3389 4211 3563 4265 nostri
3601 4227 3768 4281 supe-

2176 4287 2292 4340 rius
2322 4288 2539 4344 adducti
2566 4290 2893 4348 evidentiam
2920 4293 3257 4363 abjiciamus,
3290 4305 3346 4353 et
3372 4299 3481 4354 vim
3512 4285 3774 4356 dissimu-

2174 4374 2370 4432 lemus.

2247 4471 2315 4527 Χ.
2349 4473 2573 4539 Verum,
2600 4475 2853 4531 admissis
2875 4477 3087 4548 Ughelli
3115 4484 3498 4548 monumentis,
3523 4487 3775 4555 apposite

2178 4565 2428 4631 componi
2473 4564 2591 4620 haec
2619 4568 2993 4621 controversia
3047 4569 3279 4627 fortasse
3319 4574 3548 4642 poterit,
3586 4576 3629 4629 si
3663 4575 3775 4629 Hu—

2179 4669 2392 4724 goncm,
2447 4671 2607 4724 quem
2645 4665 2767 4725 post
2809 4657 3162 4734 Maypardum
3211 4677 3354 4717 anno
3400 4663 3540 4718 1062
3585 4665 3772 4732 Eugu-

2178 4745 2319 4800 binae
2345 4744 2624 4812 praafuisse
2653 4747 2909 4801 Ecclesiae
2941 4746 3095 4815 juxta
3134 4750 3335 4805 bullam
3381 4753 3680 4807 Alexandri
3729 4754 3772 4808 ll

2179 4834 2247 4889 ab
2281 4834 2503 4905 Ughello
2536 4835 2856 4902 indicatam,
2886 4853 2984 4908 pro
3033 4855 3181 4896 nunc
3224 4842 3528 4898 concedere
3581 4860 3770 4914 possu-

2180 4942 2320 4992 mus,
2380 4931 2750 4985 immediatum
2803 4932 2970 4986 nostri
3013 4932 3280 5004 Bodulphi
3338 4944 3768 5002 antecessorem,

2178 5035 2286 5073 non
2346 5034 2479 5073 vero
2527 5022 2823 5075 secundum
2876 5037 3247 5080 successorem
3298 5025 3539 5099 ejusdem
3598 5027 3765 5083 fuisse

2177 5123 2485 5164 asseramus
2520 5124 2534 5163 :
2572 5112 2709 5165 adeo
2758 5119 2817 5164 ut
2871 5123 3214 5182 postannum
3262 5113 3404 5169 1062
3442 5114 3766 5186 Rodulpltus

2178 5200 2268 5254 hic
2320 5199 2387 5253 ad
2435 5199 2771 5270 Eugubinam
2842 5203 3157 5258 cathedram
3213 5217 3495 5274 promoms
3557 5205 3764 5272 fuerit,

2177 5299 2304 5350 puta
2333 5305 2476 5344 anno
2505 5291 2644 5346 1065
2670 5290 2750 5346 vel
2777 5290 2940 5350 1064.
2983 5301 3041 5346 et
3080 5307 3252 5350 usuue
3289 5293 3356 5348 ad
3385 5293 3610 5348 Junium
3640 5297 3766 5350 anni
