3982 5350
224 335 298 393 85
1093 326 1627 386 PROLEGOMENA.
1657 357 1724 366 —
1751 321 1839 378 DE
1878 320 2247 380 lNSTlTUTO
2287 323 2676 381 CAMALDUL.
3416 321 3484 375 83

225 448 367 518 apud
402 411 694 514 Ugbellum
729 445 783 499 in
814 445 913 500 hoc
959 444 1247 515 diplomate
1296 446 1524 514 legitur;
1572 443 1706 496 adeo
1755 446 1813 492 ιιι
1841 439 1890 496 Α
1915 436 2145 492 ollicium
2169 437 2307 508 apud
2338 438 2648 492 Avellanam
2673 436 3006 491 ministrasse
3037 436 3369 490 demonstrat
3393 451 3484 486 au-

226 538 412 606 llngo,
443 544 564 604 post
617 533 994 605 Maynardum,
1032 533 1316 604 Rodulpho
1357 535 1467 604 jam
1501 548 1642 587 anno
1681 531 1813 586 l067

226 639 468 690 mortuo,
501 627 808 680 succedere
854 626 904 678 in
933 625 1214 695 Eugubino
1259 612 1568 696 episcopatu
1614 626 1817 693 optime

225 716 484 788 potuerit.
514 715 672 782 Quod
697 726 876 770 autem
901 731 1040 770 anno
1064 715 1202 769 1059
1226 715 1536 786 Rodnlphus
1562 714 1817 768 Romamn

226 807 438 876 synodo
477 807 822 877 subscriptus
845 806 1072 877 legatur,
1105 808 1369 876 siquidem
1422 807 1473 860 id
1504 822 1691 860 verum
1722 805 1815 870 sit,

227 898 293 950 de
322 895 434 948 alio
461 897 868 965 praedecessore
897 884 1176 968 Rodulpho
1219 897 1334 968 (aut
1379 897 1694 968 Reginaldo,
1723 905 1817 950 aut

227 985 527 1056 Baynerio,
558 987 738 1041 aliove
777 989 937 1042 simili
976 991 1191 1043 nomine
1219 1005 1315 1059 per
1342 989 1577 1042 litteram
1612 988 1652 1040 ll
1685 987 1814 1040 inci-

228 1080 440 1148 pienle,
470 1088 782 1148 nuncnpato
819 1079 1098 1150 episcopo;
1124 1080 1382 1150 ejusmodi
1410 1079 1552 1135 enim
1581 1076 1816 1131 subscri-

230 1171 366 1240 ptio,
403 1180 464 1224 ut
507 1171 622 1224 ﬁeri
655 1171 812 1237 solet,
847 1171 914 1223 ita
948 1171 1175 1225 fortasse
1223 1186 1478 1239 expressa
1527 1170 1626 1223 fuit
1656 1183 1670 1221 :
1705 1167 1816 1237 Ego

232 1261 301 1314 Β.
337 1258 653 1330 Eugubinus
690 1265 978 1331 episcopus,
999 1272 1160 1331 atque
1191 1260 1450 1328 Rodulphi
1482 1259 1713 1312 nominis
1738 1258 1817 1311 in-

235 1351 614 1419 terpretationi
646 1367 832 1404 allS‘Jlll
864 1351 1102 1418 praebere
1129 1350 1346 1410 debuit,
1378 1357 1435 1402 ut
1471 1364 1534 1401 ex
1574 1346 1814 1401 subscri-

230 1439 416 1509 ptione
442 1437 532 1492 W.
563 1437 853 1492 Humnnat.
887 1436 1091 1508 Episc.,
1121 1439 1292 1492 eidem
1323 1438 1580 1492 Romanae
1611 1437 1816 1507 synodo

232 1530 360 1582 anni
390 1528 525 1584 l059
551 1528 718 1594 facta,
735 1529 954 1598 ipsemet
982 1529 1240 1598 L'ghcllus
1258 1539 1382 1582 tom.
1405 1528 1440 1589 I,
1459 1544 1580 1598 pag.
1599 1527 1722 1587 801,
1744 1529 1812 1579 in-

233 1627 566 1688 terpretatus
586 1629 703 1673 erat
720 1619 1034 1685 Witlefmus,
1050 1629 1102 1673 et
1125 1636 1247 1673 mox
1276 1619 1326 1673 in
1349 1619 1658 1689 Appendice
1675 1618 1816 1686 ejus-

233 1710 352 1763 dem
389 1710 520 1762 tomi
553 1724 672 1779 pag.
705 1705 808 1762 M9
838 1725 902 1762 ex
943 1709 1106 1762 Petro
1136 1709 1396 1761 Damiano
1434 1707 1812 1777 corrigendum

232 1814 352 1853 esse
372 1796 557 1862 lVido,
591 1797 992 1866 animadvertit)
1037 1797 1258 1866 intelligi
1289 1796 1445 1850 facile
1473 1797 1668 1865 potuit.
1706 1795 1814 1849 Nec

236 1886 464 1942 deerunt
503 1894 844 1955 argumenta,
874 1900 992 1953 qua:
1039 1885 1176 1940 hanc
1211 1885 1579 1953 conjecturam
1610 1884 1815 1937 contir-

235 1989 404 2040 ment,
436 1978 628 2047 primo
665 1993 732 2032 ex
783 1979 865 2032 his
917 1993 1035 2046 qua:
1087 1994 1269 2047 supra,
1325 1979 1390 2032 de
1444 1993 1588 2033 anno
1627 1978 1815 2031 mortis

241 2056 296 2122 ε.
336 2067 650 2136 Rodnlphi,
701 2068 1094 2135 expendimus,
1146 2068 1381 2121 secundo
1433 2083 1497 2122 ex
1545 2068 1701 2136 epist.
1754 2066 1812 2131 2,

238 2157 329 2213 lib.
358 2174 410 2212 tr
443 2157 590 2212 Petri
639 2157 882 2210 Damiani
915 2157 982 2210 ad
1014 2156 1078 2210 R.
1105 2155 1421 2226 Episcopum
1453 2157 1810 2228 Eugubinum,

245 2264 398 2318 quem
429 2247 594 2300 alium
624 2246 790 2302 fuisse
816 2261 844 2300 a
874 2258 1057 2302 nostro
1082 2248 1361 2318 Rodulpho
1390 2259 1641 2303 constare
1669 2249 1814 2303 vide-

242 2346 353 2402 tur;
387 2338 510 2406 quia
539 2337 823 2405 episcopus
844 2336 930 2391 ille
947 2337 1057 2390 li...
1077 2352 1182 2390 non
1211 2337 1496 2391 admodum
1525 2337 1688 2392 Petro
1705 2337 1811 2390 Da-

241 2426 414 2480 miano
439 2425 708 2494 propitius
731 2426 1030 2492 videbatur,
1062 2425 1212 2494 cujus
1241 2427 1527 2481 ecclesiam
1552 2428 1808 2482 ecclesia-

247 2519 378 2573 stico
425 2518 720 2574 interdicto
768 2517 1096 2586 subjecerat;
1135 2520 1275 2574 unde
1305 2519 1451 2574 illum
1493 2520 1565 2574 ita
1593 2520 1813 2576 humilis

243 2608 592 2678 deprecatur:
617 2627 634 2659 ι
657 2607 1018 2664 Obsecramns
1051 2609 1234 2679 igitur,
1254 2609 1622 2675 dilectissime,
1647 2611 1815 2664 inter-

243 2698 438 2752 dictum
470 2709 673 2753 nostra:
701 2699 956 2754 Ecclesia:
981 2699 1213 2754 ollicium
1247 2701 1474 2765 reddite,
1499 2713 1680 2755 etnon
1728 2717 1813 2756 so-

241 2787 520 2842 lum'illam
575 2789 1089 2859 possessiunculam,
1121 2806 1240 2859 quae
1275 2799 1468 2846 vestrae
1497 2792 1685 2862 procul
1719 2793 1814 2847 du-

240 2881 322 2934 bio
347 2881 604 2935 ditecesis
643 2895 743 2943 est,
794 2881 888 2935 sed
913 2890 970 2936 et
1015 2881 1271 2950 quidquid
1316 2882 1596 2944 habemus,
1629 2891 1809 2938 vestra

240 2969 580 3032 auctoritate,
614 2968 908 3035 defendite,
957 2990 976 3022 ι
1029 2979 1133 3025 etc.
1165 2970 1236 3024 At
1267 2980 1451 3024 noster
1500 2970 1812 3041 Rodnlphus

237 3055 452 3112 Petrum
502 3059 855 3124 Damianum,
903 3068 962 3113 ut
1011 3069 1221 3129 patrem
1269 3076 1426 3114 suum
1477 3061 1641 3116 etiam
1693 3070 1812 3129 post

238 3147 596 3218 episcopalem
639 3149 1128 3213 consecrationem,
1158 3163 1372 3220 semper
1401 3150 1810 3220 suspexit,ejus

238 3250 386 3305 nutu,
415 3248 474 3295 et
518 3241 747 3296 consilio
795 3248 990 3296 cuncta
1038 3241 1391 3306 decernebat;
1441 3253 1497 3296 et
1537 3243 1591 3297 in
1627 3257 1810 3298 eremo

237 3328 426 3398 magis,
467 3344 628 3400 quant
666 3330 719 3383 in
749 3327 994 3385 ecclesia:
1030 3345 1140 3386 sua:
1175 3329 1372 3400 palatio
1400 3331 1588 3387 vivens
1610 3371 1625 3398 ,
1654 3349 1674 3385 ‹
1710 3332 1812 3386 Ec-

241 3418 458 3475 clesiam
519 3420 816 3489 deputabat
865 3420 1203 3490 hospitium,
1256 3420 1566 3476 solitudinis
1628 3433 1808 3476 autem

245 3494 484 3566 cellulam
518 3511 888 3566 habitaculum
938 3513 1292 3577 decernebat,
1330 3531 1350 3564 ι
1383 3521 1442 3567 ιιι
1479 3521 1668 3566 narrat
1698 3512 1812 3581 ipse

251 3597 434 3654 Petrus
459 3599 728 3666 Damiani,
771 3600 863 3670 qui
893 3608 948 3654 et
991 3599 1128 3654 infra
1165 3601 1313 3655 addit
1345 3617 1358 3654 :
1398 3619 1416 3652 ι
1451 3599 1532 3654 Me
1575 3599 1683 3654 vim
1724 3599 1810 3652 in-

249 3699 460 3760 gerente
506 3701 730 3748 coactus
752 3731 768 3757 ,
813 3692 1123 3757 ecclesiam,
1155 3707 1317 3761 quam
1351 3692 1631 3748 dimiserat
1662 3700 1806 3754 voto,

245 3776 510 3832 retinebat
535 3777 814 3833 oﬂiciozin
835 3793 1018 3834 eremo
1050 3793 1228 3835 tamen
1254 3781 1688 3849 perseverantius
1718 3781 1810 3834 ha-

244 3868 468 3924 bitabat.
508 3888 527 3922 ι
561 3870 742 3936 Quare
767 3871 1148 3927 verosimiliter
1175 3872 1318 3926 Petri
1349 3873 1591 3928 Damiani
1641 3873 1810 3929 eccle-

243 3961 374 4014 siam
408 3962 698 4016 interdicto
727 3978 832 4018 non
880 3965 1218 4034 subjecisset,
1251 3975 1537 4035 antequam
1575 3968 1641 4020 ab
1692 3966 1810 4046 ipso

243 4052 508 4108 rationem
535 4054 882 4124 intelligeret,
918 4071 1017 4110 cur
1061 4057 1205 4111 illam
1249 4072 1440 4125 passus
1462 4067 1606 4112 esset
1633 4071 1664 4110 a
1707 4057 1807 4111 Fo-

243 4144 710 4214 rosemproniensi
738 4144 988 4214 episcopo
1009 4147 1338 4201 consecrari.
1364 4146 1517 4201 Alius
1541 4161 1670 4215 ergo
1699 4147 1810 4215 cpi-

244 4250 436 4304 scopns
473 4235 576 4291 1L.
602 4244 1080 4294 -ante-nostrum
1133 4239 1473 4309 Rodulphum
1518 4238 1810 4309 Eugubinze

243 4325 456 4395 prmfuit
491 4326 763 4392 ceclesiae,
814 4338 975 4397 atque
1023 4329 1068 4384 is
1101 4330 1274 4399 potuit
1307 4329 1565 4384 Romanae
1604 4331 1810 4400 synodo

247 4416 344 4470 sub
372 4415 590 4472 Nicolao
623 4415 666 4471 ll
704 4417 1062 4473 subscribere.

329 4505 418 4560 XI.
463 4508 706 4578 Septimo
750 4509 892 4564 circa
937 4507 1196 4564 Joannem
1242 4509 1385 4565 Petri
1433 4510 1674 4566 Damiani
1723 4511 1808 4567 di-

247 4599 504 4668 scipulum
526 4641 542 4665 ,
597 4601 820 4670 ejusque
858 4601 993 4656 Viue
1028 4603 1342 4671 scriptorem
1367 4645 1382 4669 ,
1411 4620 1515 4657 non
1555 4603 1686 4658 levis
1729 4614 1812 4658 est

249 4687 529 4746 Ladercbii
577 4692 959 4756 hallucinatio,
1001 4694 1126 4747 dum
1174 4693 1320 4748 illum
1367 4711 1486 4750 cum
1516 4695 1572 4748 S.
1602 4694 1809 4749 Joanne

252 4778 506 4835 Laudensi
533 4780 816 4849 Eugubino
842 4782 1092 4851 episcopo
1115 4781 1206 4836 lib.
1237 4800 1309 4849 vr,
1338 4800 1454 4852 cap.
1474 4784 1564 4845 28,
1589 4784 1811 4839 confun-

253 4874 322 4928 dit
349 4889 364 4928 :
393 4875 643 4943 idemque
667 4875 940 4928 asserendi
961 4885 1070 4928 tum
1094 4873 1434 4931 Machiarello
1459 4886 1665 4940 nostro,
1698 4885 1808 4930 tum

257 4966 454 5021 auctori
494 4966 665 5020 Diarii
693 4963 912 5028 Gallici,
955 4965 1179 5034 praebuit
1205 4967 1543 5022 occasionem
1573 4983 1586 5019 :
1619 4981 1725 5037 qua
1757 4965 1809 5019 in

253 5071 323 5122 re,
367 5057 495 5113 licet
544 5064 740 5110 auctor
779 5054 984 5125 Dialogi
1029 5054 1161 5109 satis
1203 5055 1518 5112 historicum
1567 5065 1811 5110 nostrum

252 5146 638 5208 confutaverit,
676 5145 1004 5214 argumentis
1035 5151 1211 5199 tamen
1259 5158 1340 5201 est
1369 5162 1535 5210 usus,
1581 5159 1703 5213 qua:
1746 5143 1814 5196 ad

250 5237 500 5291 hominem
534 5234 620 5303 (ut
667 5233 770 5292 dici
820 5233 974 5304 solet)
1021 5247 1128 5288 non
1175 5236 1244 5288 ad
1271 5236 1579 5307 judicium,
1612 5235 1815 5312 intento

1364 5342 1423 5350 ..-.
1436 5342 1461 5350 -
1491 5327 1508 5350 Ι
1521 5322 1624 5350 ΛἻΩ
1655 5336 1810 5350 ηιιηηιι

246 5327 513 5350 ---ι--..Δ-
543 5324 839 5350 “AnAn-Anum.
892 5325 1173 5350 an:n‘o.|nn
1201 5341 1300 5350 ..Α-
1326 5341 1350 5350 Α

1922 532 2216 587 thenticum
2243 533 2624 588 transactionis
2666 531 2943 598 cujusdam
2985 532 3402 585 instrumentum
3432 533 3483 582 in

1919 620 2159 676 archivio
2185 621 2452 676 Classensi
2487 621 2703 690 capsula
2747 619 2847 685 91,
2881 636 3026 674 ηιιιιι.
3068 619 3135 674 67
3165 661 3179 682 ,
3209 621 3350 690 quod
3404 621 3482 674 sic

1919 710 2121 766 habet:
2159 729 2179 763 ‹
2227 711 2283 765 ln
2326 712 2544 766 nomine
2583 711 2791 765 Domini
2842 728 2855 764 :
2897 709 3251 780 Temporibus
3299 710 3478 764 domui

1917 800 2158 872 Gregorii
2188 803 2380 857 summi
2410 803 2698 872 pontificis,
2727 818 2865 856 anno
2892 801 2960 856 ab
2991 802 3356 856 incarnatione
3381 803 3480 856 Do-

1917 893 2048 947 mini
2071 894 2237 949 nostri
2261 892 2384 948 Jcsu
2411 893 2607 949 Christi
2639 893 2922 948 millesimo
2943 895 3306 963 octnagcsimo
3327 911 3486 963 quar-

1917 993 1996 1049 to,
2029 994 2290 1055 regnante
2339 985 2592 1050 Henrico,
2631 986 2740 1038 filio
2767 987 3034 1054 quondam
3069 985 3283 1040 llcnrici
3313 988 3484 1056 impe-

1915 1077 2132 1138 ratoris,
2166 1076 2458 1131 indictione
2486 1077 2708 1146 septima
2739 1077 3001 1145 Eugnbio.
3040 1077 3152 1145 Ego
3185 1078 3236 1130 in
3269 1077 3356 1130 Dei
3389 1095 3485 1129 no-

1918 1165 2064 1220 mine
2094 1165 2421 1232 Thebaldus,
2463 1166 2604 1221 filius
2640 1167 2908 1235 quondam
2944 1167 3144 1238 Pagani
3173 1171 3238 1222 de
3263 1167 3474 1221 Nartia-

1916 1256 2065 1322 nnla,
2089 1257 2482 1321 refutationem,
2502 1267 2556 1313 et
2585 1258 3023 1322 transactionem,
3041 1269 3093 1313 et
3120 1258 3481 1314 deﬁnitionem

1916 1343 2055 1399 facio
2101 1346 2344 1401 ecclesia:
2389 1346 2446 1400 S.
2506 1347 2696 1402 Crncis
2746 1346 2931 1400 Fontis
2982 1347 3223 1402 Avellani
3252 1388 3265 1412 ,
3311 1355 3365 1400 et
3392 1348 3484 1402 tibi

1916 1434 2108 1490 Joanni
2145 1437 2163 1499 (
2177 1438 2244 1492 de
2271 1437 2488 1508 Laudo)
2523 1438 2711 1509 priori,
2755 1439 2966 1507 tuisque
3003 1439 3406 1494 successoribus
3433 1438 3486 1491 in

1915 1535 2255 1595 perpetuum,
2305 1528 2355 1580 id
2387 1536 2470 1581 est
2495 1529 2559 1582 de
2590 1528 2703 1597 ipsa
2734 1528 2961 1583 ecclesia
2993 1527 3166 1581 sancti
3210 1526 3484 1596 Apollina-

1919 1617 2024 1680 ris,
2065 1616 2237 1685 posita
2283 1617 2338 1670 in
2386 1616 2730 1682 Nartiannla,
2767 1635 2784 1669 ι
2827 1628 2931 1672 etc.
2963 1617 3214 1685 Idemque
3244 1627 3391 1685 patet
3420 1633 3485 1670 ex

1919 1707 2040 1761 aliis
2070 1706 2185 1775 ejus
2234 1709 2408 1762 aetatis
2440 1709 2817 1773 monumentis,
2845 1716 3003 1777 atque
3051 1723 3115 1761 ex
3160 1705 3398 1773 ejusdem
3426 1706 3483 1760 S.

1848 1775 1889 1832 Β
1917 1795 2139 1850 Joannis
2184 1796 2479 1851 Landensis
2517 1796 2786 1861 Historia,
2827 1812 2893 1851 ex
2920 1775 3115 1866 quibus
3143 1797 3267 1851 item
3297 1796 3484 1866 liquet,

1917 1899 2026 1937 non
2059 1884 2128 1938 56
2156 1900 2326 1940 annos
2352 1885 2496 1938 illum
2535 1886 2588 1938 in
2625 1887 2931 1954 episcOpatu
2978 1886 3198 1948 vixisse,
3237 1887 3330 1940 sed
3381 1901 3487 1939 uno

1915 1977 2177 2030 duntaxat
2206 1991 2371 2040 anno,
2405 1985 2498 2029 aut
2527 1978 2712 2046 paucis
2741 1979 2959 2047 insuper
2987 1979 3283 2041 mensibus,
3312 1993 3488 2046 neque

1915 2080 2059 2120 anno
2097 2067 2253 2131 1116,
2295 2067 2388 2122 sed
2427 2066 2600 2132 1106,
2655 2068 2821 2122 Deum
2860 2067 3056 2123 adiisse
3081 2108 3095 2132 ,
3147 2076 3204 2121 ut
3233 2065 3488 2138 Ugbellus

1913 2158 2077 2213 etiam
2109 2158 2414 2213 confirmat.

1984 2247 2100 2302 Xll.
2139 2247 2309 2303 Porro
2333 2247 2580 2304 eumdem
2605 2247 2870 2304 Joannem
2894 2246 3250 2312 Laudensem,
3289 2247 3485 2302 nedum

1912 2335 2244 2392 Laderchius
2270 2337 2382 2408 ipse
2416 2338 2509 2392 lib.
2540 2352 2632 2403 nt,
2673 2353 2792 2406 cap.
2834 2338 2935 2400 27,
2975 2352 3124 2390 num.
3171 2336 3236 2398 9.,
3288 2334 3487 2388 fatetur

1917 2426 2082 2482 Petro
2107 2428 2350 2482 Damiani
2383 2428 2694 2483 innnediate
2726 2427 2778 2481 in
2801 2427 3041 2495 prioratu
3065 2425 3335 2480 Avellana:
3357 2439 3483 2479 suc-

1913 2517 2159 2586 cessisse,
2187 2533 2375 2572 verum
2423 2517 2476 2571 id
2519 2516 2683 2572 habet
2713 2516 2873 2572 etiam
2905 2524 3094 2570 auctor
3137 2513 3274 2569 Vita:
3319 2514 3486 2583 ipsius

1911 2606 2154 2673 Joannis,
2188 2606 2339 2675 cujus
2367 2607 2726 2676 fragmentum
2762 2604 2926 2660 refert
2952 2604 3341 2660 Constantinus
3385 2602 3487 2657 Ca-

1905 2708 2126 2768 jetanus
2156 2700 2310 2755 initio
2334 2701 2463 2754 tonti
2492 2699 2534 2754 ll
2564 2713 2786 2767 operum
2810 2697 2870 2750 Β.
2905 2696 3046 2752 Petri
3079 2695 3324 2749 Damiani
3350 2711 3364 2748 :
3397 2705 3477 2748 tc-

1913 2801 2090 2850 statur
2141 2793 2287 2847 enim
2337 2792 2478 2862 quod
2519 2799 2639 2862 post
2694 2799 2923 2846 mortem
2988 2788 3161 2844 sancti
3227 2786 3482 2850 doctoris,

1919 2901 1940 2938 ι
1978 2884 2199 2939 Fratres
2235 2883 2483 2953 inspirati
2530 2899 2559 2938 a
2600 2882 2828 2936 Domino
2859 2879 3223 2942 concorditer,
3258 2886 3314 2932 et
3354 2895 3486 2932 una-

1915 2974 2134 3031 nimiter
2164 2981 2413 3029 sanctum
2451 2972 2623 3027 virum
2653 2969 2910 3026 Joannem
2948 2970 3012 3024 de
3045 2969 3226 3023 Laudo
3256 2967 3308 3021 in
3340 2968 3487 3036 prio-

1916 3079 2031 3121 rem
2085 3064 2415 3135 praecipuum
2460 3063 2738 3133 elegerunt
2781 3080 2793 3115 :
2835 3071 2894 3116 ut
2939 3060 3079 3116 sicut
3113 3069 3303 3114 sancto
3344 3059 3484 3127 patri

1839 3129 1882 3192 (ἶ
1915 3129 2373 3208 Petro-Damiano
2399 3151 2452 3205 in
2479 3129 2785 3216 sanctitate,
2810 3160 2863 3207 et
2893 3149 3157 3219 sapientia
3185 3147 3482 3203 consimilis

1912 3252 2050 3311 erat,
2078 3244 2149 3298 ita
2171 3242 2219 3298 ei
2249 3243 2300 3296 in
2325 3242 2564 3311 prioratu
2588 3239 2917 3296 succederet.
2957 3258 2976 3292 ι
3007 3237 3140 3294 Cum
3168 3252 3298 3292 vero
3313 3237 3488 3292 Joan-

1912 3350 2010 3392 nes
2046 3334 2276 3404 scriptor
2312 3334 2444 3388 Vitae
2486 3332 2630 3386 Petri
2677 3330 2923 3385 Damiani
2975 3328 3208 3384 fateatur
3253 3342 3311 3383 se
3368 3342 3486 3380 mo~

1910 3427 2143 3482 nachum
2173 3441 2293 3482 esse
2321 3424 2420 3480 sub
2464 3423 2718 3494 Liprandi
2765 3423 2963 3494 prioris
2993 3421 3300 3477 obedientia
3343 3435 3472 3475 con-

1913 3518 2177 3582 stitutum,
2209 3515 2450 3584 ejusque,
2473 3526 2526 3571 et
2555 3514 2781 3568 aliorum
2813 3513 3086 3568 seniorum
3110 3511 3294 3566 Fontis
3323 3509 3483 3564 Avel-

1910 3607 2048 3671 lante
2088 3608 2260 3675 jussu,
2309 3606 2375 3660 ad
2419 3620 2537 3661 eam
2581 3603 2860 3660 historiam
2907 3601 3258 3673 colligendam
3307 3598 3475 3653 fuisse

1911 3699 2243 3768 compulsum
2286 3698 2383 3769 (ait
2439 3697 2583 3751 enim
2636 3697 2686 3750 in
2731 3695 2992 3766 protemio
3035 3711 3048 3748 :
3088 3713 3104 3743 ι
3147 3693 3349 3746 Domno
3401 3690 3482 3744 Li-

1909 3788 2116 3860 prando
2140 3787 2336 3856 priori,
2391 3797 2444 3842 et
2475 3786 2685 3841 caeteris
2720 3786 3022 3839 senioribus
3071 3782 3234 3837 eremi
3293 3779 3480 3834 Fontis

1909 3879 2177 3934 Avellanaa
2201 3919 2216 3943 ,
2271 3880 2523 3932 Joannes.
2575 3877 2720 3942 Opus
2760 3874 3028 3937 mirabile,
3065 3873 3256 3926 Patres
3279 3911 3293 3936 ,
3331 3872 3475 3939 quod

1910 3967 2184 4023 sanctitati
2229 3976 2420 4020 vestrae
2456 3966 2657 4034 placuit
2689 3979 2819 4018 mea:
2861 3961 3134 4032 injungere
3160 3961 3478 4031 parvitati...

1908 4057 1978 4112 At
2020 4057 2145 4127 quia
2190 4071 2295 4110 non
2335 4070 2598 4126 praesumo
2647 4062 2826 4109 vestro
2872 4054 3160 4122 quidquam
3209 4050 3481 4120 abnegare

1910 4145 2199 4216 imperio...
2238 4144 2381 4199 Petri
2414 4143 2657 4197 Damiani
2681 4142 2908 4206 meritis,
2943 4141 3009 4194 ad
3047 4138 3198 4206 cujus
3226 4153 3321 4192 vos
3352 4148 3474 4191 acta

1910 4235 2181 4290 exaranda
2203 4249 2376 4289 meam
2402 4232 2762 4288 obedientiam
2794 4229 3121 4300 provocatis,
3145 4247 3160 4279 ι
3197 4229 3333 4297 )etc.
3360 4226 3484 4279 Evi-

1911 4325 2046 4381 dens
2071 4325 2258 4393 utique
2299 4320 2557 4387 remanet,
2588 4321 2836 4376 eumdem
2862 4334 2982 4374 esse
3016 4332 3119 4372 non
3145 4331 3298 4386 posse
3321 4313 3482 4368 Joan-

1913 4428 2036 4468 nem
2067 4413 2210 4467 hunc
2251 4411 2384 4466 Vitae
2414 4409 2656 4464 Damiani
2707 4408 3024 4477 scriptorem
3055 4421 3175 4460 cum
3206 4404 3296 4456 illo
3344 4402 3483 4455 Lau-

1917 4503 2066 4561 densi
2092 4502 2372 4574 Eugubino
2395 4503 2666 4571 episcopo,
2697 4500 2787 4568 qui
2818 4507 2939 4568 post
2970 4497 3208 4550 Damiani
3240 4493 3478 4562 ejusdem

1918 4597 2122 4654 obitum
2148 4635 2163 4659 ,
2200 4595 2380 4649 statim
2411 4592 2681 4647 Avellana:
2724 4591 2902 4660 prior,
2934 4599 2988 4645 et
3037 4604 3158 4643 mox
3192 4589 3476 4657 episcopus

1917 4687 2090 4744 factus
2114 4697 2215 4751 est,
2249 4699 2522 4754 nunquam
2563 4698 2692 4738 vero
2739 4682 2964 4752 simplex
3007 4680 3302 4735 monachus
3328 4678 3483 4743 vixit,

1917 4772 1976 4837 ut
2002 4780 2228 4834 aliorum
2260 4776 2540 4847 praeceptis
2567 4782 2710 4830 esset
2733 4773 3015 4829 obnoxius.

1989 4871 2121 4926 XIII.
2154 4870 2259 4925 Sed
2315 4877 2371 4922 et
2423 4866 2745 4922 luculentius
2795 4867 2936 4920 idem
2973 4866 3483 4925 demonstratur,“

1916 4979 2024 5034 quo
2074 4959 2193 5014 Vita
2242 4958 2358 5012 haec
2406 4957 2550 5012 Petri
2602 4954 2846 5010 Damiani
2898 4962 3016 5026 post
3066 4969 3264 5008 annum
3307 4954 3444 5008 1110
3474 4995 3490 5018 ,

1918 5053 2162 5120 adeoque
2189 5048 2347 5116 longe
2390 5054 2508 5118 post
2542 5054 2772 5099 mortem
2803 5044 2861 5100 S.
2909 5044 3132 5099 Joannis
3167 5043 3486 5107 Laudensis.

1917 5158 2037 5215 quae
2065 5140 2224 5203 1106,
2259 5147 2318 5190 ιιι
2351 5140 2585 5194 diximus
2611 5178 2624 5202 ,
2681 5137 2926 5206 contigit,
2956 5135 3254 5190 certissime
3285 5121 3490 5204 scripta

1919 5231 2355 5289 fueritztantum
2383 5230 2563 5290 abest,
2602 5234 2662 5280 ut
2707 5224 2926 5294 ipsimet
2974 5225 3164 5280 Joanni
3219 5224 3491 5302 Laudensi

1919 5321 2079 5350 ...ει-..ς
2126 5318 2313 5350 ΑηΙιινιι
2382 5320 2664 5350 Πηῖηιηγοιιη
2694 5315 2713 5350 Ι
2741 5317 2947 5350 inm-nu“
2979 5317 3169 5350 nrinpic
3197 5325 3403 5350 Inlnnuc
3434 5315 3486 5350 ἷΙ
