3982 5350
463 259 541 317 ΒἹ

1324 344 1329 349 ι
1361 262 1421 321 S.
1462 262 1740 321 PETRUS
1774 260 2126 320 DAMIANUS
2166 262 2225 320 S.
2257 261 2326 319 Β.
2367 264 2430 320 Ε.
2463 254 2903 322 ΟΑΒῡΙΝΑιΙΞῙ

468 380 735 439 Damiano
775 383 1101 456 subrogatus
1135 382 1371 456 legitur:
1404 385 1530 442 huic
1578 400 1708 441 vero
1740 399 1884 439 anno
1915 383 2055 439 1105
2084 387 2133 446 Α
2163 383 2518 438 fundamento
2540 424 2556 450 ,
2598 384 2859 440 adversus
2906 390 3016 437 tam
3056 382 3368 455 multiplicis
3410 386 3749 471 discriminis

468 474 541 530 ad
566 475 947 547 episcOpatum,
967 477 1601 548 Eugubiuumpromoto,
1631 478 1825 534 Petrus
1855 477 2054 532 Arimi-

465 565 657 620 nensis
685 566 738 621 in
772 568 1015 637 prioratu
1047 570 1351 634 successit,
1386 578 1498 624 tum
1549 584 1692 623 anno
1740 568 1876 624 1110
1902 609 1917 634 ,
1964 566 2054 623 Li-

468 656 711 732 pra‘ndus
736 663 896 733 Petro
936 665 1194 722 suﬂ'ectus
1238 677 1341 734 est,
1369 668 1523 737 cujus
1571 679 1704 724 nutu
1737 682 2051 741 susceptum

469 762 551 808 est
580 770 610 806 a
640 753 843 809 Joanne
869 755 1114 811 Damiani
1146 759 1409 829 discipulo
1437 760 1719 817 consilium
1754 761 1884 817 Vitae
1929 778 2054 819 san-

467 845 541 900 cti
594 846 835 904 doctoris
861 853 1289 918 conscribendas,
1325 855 1535 927 ipsique
1563 857 1838 928 Lipraudo
1883 860 2048 929 priori

468 937 816 1005 dedicandae;
862 960 984 998 cum
1027 945 1189 1014 igitur
1216 945 1274 1001 S.
1311 945 1547 1003 Joannes
1589 949 1886 1005 Laudensis
1919 968 2053 1021 qua-

470 1033 723 1097 driennio
759 1045 885 1090 ante
917 1036 1265 1092 mortalitatis
1294 1041 1517 1095 exuvias
1539 1042 1895 1110 deposuisset,
1921 1059 2053 1098 con-

398 1107 413 1118 ’
469 1133 580 1179 stat
625 1125 784 1197 longe
821 1129 1093 1184 diversum
1126 1146 1247 1186 esse
1271 1131 1534 1188 Joannem
1577 1136 1711 1190 Viue
1750 1136 1893 1192 Petri
1948 1138 2052 1193 Da-

465 1213 633 1271 miani
692 1210 1010 1288 scriptorem
1057 1236 1089 1277 a
1140 1222 1196 1277 S.
1233 1223 1444 1281 Joanne
1479 1226 1749 1283 Laudensi
1798 1231 2052 1301 episcopo

464 1306 774 1381 Eugubino;
805 1309 957 1376 Quod
1003 1313 1048 1366 si
1091 1315 1255 1368 etiam
1285 1316 1531 1372 Jacobilli
1560 1320 1823 1375 calculum
1855 1336 2051 1391 seque-

465 1412 690 1463 remur,
742 1401 831 1468 qui
884 1400 1216 1470 Liprandum
1264 1406 1461 1462 alicubi
1506 1408 1694 1463 scribit
1743 1411 2052 1466 immediate

467 1486 660 1544 Joanni
690 1489 958 1548 Laude-usi
985 1495 1035 1549 in
1066 1498 1304 1566 prioratu
1334 1502 1680 1567 successisse,
1705 1502 1896 1572 liquet,
1927 1504 2052 1560 huic

461 1578 575 1647 jam
603 1582 857 1653 episcopo
882 1583 1131 1652 laeto,.et
1160 1604 1261 1657 per.
1283 1608 1509 1657 annum,
1530 1610 1593 1649 ac
1616 1611 1815 1664 paucos
1838 1612 2052 1657 menses

465 1671 769 1738 superstiti,
809 1665 1189 1745 nonpoiuisse
1219 1681 1287 1735 ab
1326 1681 1416 1735 illo
1447 1684 1580 1739 Vita:
1609 1684 1754 1741 Petri
1800 1687 2048 1761 Damiaqi

465 1761 833 1830 compilandae.
855 1767 1188 1839 provinciam
1229 1770 1455 1842 iujungi.

541 1853 678 1908 XIV.
718 1857 892 1924 Addo,
921 1862 1063 1929 quod
1095 1864 1376 1935 utriusque
1403 1865 1630 1924 Joannis
1662 1871 1954 1929 discrimen
1981 1892 2049 1931 ex

464 1944 681 2001 diversa
718 1952 925 2017 patria,
966 1953 1291 2025 diversoque
1336 1960 1527 2015 mortis
1568 1971 1813 2034 tempore
1842 1966 2050 2036 colligi-

454 2048 595 2101 ,tur:
630 2043 852 2100 tradunt
897 2062 1092 2116 nempe
1126 2048 1440 2119 scriptores,
1473 2052 1734 2110 Joannem
1764 2056 1910 2113 Petri
1942 2060 2061 2115 Da—'

461 2131 633 2186 miani
661 2134 981 2204 discipulum
1003 2177 1018 2202 ,
1059 2138 1284 2211 ejusque
1311 2141 1448 2196 Vitae
1491 2145 1848 2215 scriptorem,
1882 2150 2049 2219 ipsius

461 2223 629 2279 etiam
655 2221 955 2294 concivem,
987 2224 1180 2301 nempe
1203 2228 1571 2292 Ravennatem
1607 2239 1791 2305 fuisse,
1812 2240 2048 2300 Joannes

462 2325 649 2370 autem
676 2315 994 2387 Eugubinus
1026 2322 1313 2394 episcopus
1340 2366 1354 2390 ,
1385 2327 1563 2394 patria
1608 2328 1908 2388 Laudensis
1930 2375 1945 2399 ,
1993 2334 2048 2390 in

450 2404 737 2491 'lnsubria,
769 2423 880 2463 non
908 2410 963 2464 in
995 2410 1212 2487 Emilia
1268 2426 1426 2473 natus
1453 2428 1559 2474 est.
1584 2410 1700 2477 'llle
1724 2412 1950 2493 quidem
1994 2426 2048 2481 in

461 2497 775 2554 calendario
825 2501 1098 2559 Avellanae
1144 2506 1343 2564 obiisse
1393 2496 1617 2567 notatur
1665 2516 1752 2571 die
1803 2517 1877 2572 26
1921 2518 2047 2574 Maii

462 2588 623 2687 ius.
653 2588 752 2646 Hic
798 2607 933 2648 vero
958 2594 1126 2651 Deum
1151 2599 1298 2652 adiit'
1325 2600 1413 2656 die
1438 2602 1473 2655 2
1503 2603 1850 2687 Septembris
1876 2592 2061 2666 ‘noo.~

458 2677 557 2769 ille
602 2682 744 2769 apud
784 2683 1059 2743 Avellanae
1089 2694 1475 2757 eremum,‘hic
1503 2682 1644 2764 apud
1680 2699 2047 2756 cathedralem

459 2768 727 2862 Eugubii:
763 2773 851 2827 ille
878 2776 1123 2845 privatus
1166 2782 1485 2849 monachus,
1518 2784 1609 2841 hic
1634 2802 1700 2842 ex
1727 2788 1908 2858 priore
1936 2792 2051 2862 epi-

459 2860 679 2933 scopus.
711 2865 806 2922 Ille
836 2869 1057 2951 quidem
1089 2862 1268 2942 aliqua
1298 2862 1691 2951 sanctimoniae
1731 2880 1889 2937 laude
1917 2860 2057 2939 insi-'

461 2955 604 3024 guis,
641 2957 734 3012 sed
766 2973 945 3028 neque
979 2963 1172 3029 sancti,
1204 2980 1381 3035 neque
1410 2967 1552 3022 beati
1596 2970 1888 3041 aliquando
1924 2975 2051 3030 titu-

460 3044 578 3100 lum
603 3048 863 3119 adeptus;
893 3051 982 3105 hic
1005 3069 1134 3107 vero
1164 3055 1346 3113 multis
1377 3071 1497 3129 post
1521 3061 1727 3117 obitum
1768 3066 2044 3123 miraculis

378 3196 385 3205 ι
459 3135 660 3203 clarus,
694 3155 723 3194 a
750 3140 1002 3198 Paschali
1026 3144 1068 3199 ll
1093 3157 1407 3204 sanctorum
1460 3152 1706 3224 catalogo
1745 3164 1829 3210 est
1870 3157 2038 3212 ascri-

457 3238 604 3298 ptus.
636 3230 753 3286 Non
782 3232 946 3303 igitur
970 3236 1215 3311 uterque
1243 3238 1480 3298 Joannes
1516 3259 1546 3298 a
1575 3242 1871 3303 Laderchio
1917 3264 2047 3305 con-

2158 483 2474 544 argumeuta
2505 474 2758 545 allegato.

2228 566 2342 622 XV.
2381 566 2559 639 Atque
2591 569 2706 625 haec
2744 585 2774 625 e
2814 569 2999 626 multis
3038 571 3089 626 in
3129 571 3503 630 Ladercbiana
3551 575 3742 632 "istoc

2155 657 2238 712 ria
2268 658 2558 714 adnotasse
2583 659 2835 726 suﬂiciat,
2881 661 3001 717 aliis
3032 662 3176 719 enim
3201 665 3368 730 curis,
3400 666 3468 721 ab
3498 668 3603 721 hoc
3624 677 3749 721 stu—

2153 748 2364 804 diorum
2395 766 2593 819 genere
2641 767 2726 806 me
2769 752 3043 824 potentius
3092 755 3484 820 avocantibus,
3543 758 3747 812 cedere

2153 853 2337 909 cogor.
2373 838 2429 894 Si
2462 840 2770 896 desiderato
2794 858 2984 897 rursus
3016 844 3128 899 otio
3154 843 3260 899 frui
3292 845 3584 915 aliquando
3615 845 3753 901 lice-

2152 928 2256 994 bit,
2308 939 2472 999 atque
2514 930 2711 986 iterum
2766 932 3101 989 Laderchius
3154 934 3266 1005 ipse
3310 935 3542 1005 lapidem
3603 936 3750 993 hunc

2151 1036 2372 1076 versare
2394 1020 2642 1090 jusserit,
2680 1025 2733 1078 in
2760 1024 2865 1090 his,
2901 1042 3021 1095 quae
3053 1024 3200 1082 nunc
3228 1029 3615 1097 praetermissa,
3647 1037 3749 1083 aut

2155 1112 2400 1182 neglecta
2441 1114 2603 1179 volui,
2634 1117 2947 1186 supplendis
2971 1134 3193 1188 operam
3224 1134 3403 1174 meam
3436 1120 3746 1176 desiderari

2150 1220 2257 1258 non
2313 1206 2512 1275 patiar.
2555 1206 2717 1276 Equi
2760 1208 2995 1277 bonique
3044 1209 3312 1273 consulat,
3369 1225 3518 1282 rogo,
3566 1209 3749 1265 Lucu-

2150 1294 2455 1351 brationem
2483 1296 2639 1360 hanc,
2673 1296 2735 1351 P.
2766 1296 3132 1365 Laderehius,
3165 1316 3326 1370 quam
3369 1301 3621 1356 veritatis
3651 1315 3747 1355 ze-

2151 1388 2259 1454 lus,
2291 1399 2346 1445 et
2384 1391 2687 1446 amicorum
2719 1392 2944 1447 consilia
2975 1408 3006 1447 a
3039 1408 3125 1449 me
3165 1393 3552 1464 impetrarunt,
3603 1408 3748 1463 pm-

2130 1480 2339 1535 "sertim
2367 1497 2488 1536 cum
2520 1481 2666 1537 illam
2690 1498 2795 1538 non
2830 1482 3016 1551 livido,
3040 1493 3093 1539 et
3122 1500 3338 1552 averso,
3366 1486 3460 1542 sed
3485 1485 3745 1552 candido,

2151 1578 2207 1624 et
2243 1572 2424 1626 amico
2452 1572 2635 1627 animo
2660 1574 2918 1643 scriptam
2950 1574 3208 1642 inveniat,
3241 1592 3341 1631 nec
3370 1593 3475 1632 non
3517 1577 3586 1631 ab
3617 1592 3739 1632 orn-

2152 1660 2313 1716 nibus
2355 1660 2459 1716 illis
2495 1662 2698 1717 amaris
2736 1662 2880 1733 jocis
2908 1663 3164 1729 alienam,
3212 1666 3409 1735 quibus
3456 1664 3640 1734 Sejani
3687 1674 3748 1721 et

2078 1752 2126 1811 B
2154 1751 2332 1806 Ruﬁni
2359 1751 2611 1823 Dialogus
2635 1761 2829 1816 scatet,
2859 1762 3022 1822 atque
3050 1754 3506 1826 intemperantius
3546 1754 3747 1811 redun-

2153 1843 2441 1914 datzquid
2509 1845 2656 1899 enim
2715 1845 2976 1901 conviciis
3029 1861 3165 1916 opus
3206 1857 3290 1903 est
3337 1848 3403 1902 ad
3450 1848 3743 1903 veritatem

2149 1935 2574 1990 vindicandam?
2603 1937 2673 1990 At
2697 1936 2996 2006 dialogistte
3025 1937 3102 1992 illi
3129 1937 3360 1994 fortasse
3381 1940 3743 2010 parcendum,

2149 2026 2240 2096 qui
2271 2027 2338 2097 (si
2368 2027 2497 2096 quid
2524 2026 2855 2095 conjecturis
2892 2029 3257 2100 assequimur)
3296 2040 3390 2085 aut
3414 2030 3460 2085 is
3484 2030 3601 2099 ipse
3631 2040 3740 2096 est,

2150 2127 2245 2174 aut
2268 2135 2334 2175 ex
2365 2135 2427 2174 ea
2458 2121 2658 2190 prodiit
2693 2121 2902 2188 schola,
2932 2120 3088 2191 cujus
3116 2123 3432 2193 magistrum
3458 2124 3610 2194 prior
3639 2123 3745 2177 La-

2149 2212 2403 2268 dercbius
2441 2223 2571 2268 tom.
2609 2213 2674 2268 Ill
2701 2254 2717 2278 ,
2760 2229 2884 2284 pag.
2930 2213 3035 2269 515
3097 2221 3153 2268 et
3187 2215 3293 2268 523
3320 2254 3337 2277 ,
3387 2215 3744 2270 acerbissime

2147 2306 2536 2374 exagitaverat.
2586 2305 2775 2361 Causae
2823 2320 2952 2360 vero
2980 2313 3177 2361 nostra:
3222 2305 3382 2376 longe
3417 2306 3604 2376 dispar
3654 2313 3745 2360 est

2149 2397 2308 2460 ratio,
2355 2397 2689 2466 proindeque
2724 2405 2778 2453 et
2825 2397 3009 2451 mitior
3047 2406 3133 2453 est
3183 2398 3436 2463 indoles,
3495 2396 3741 2466 quandiu

2149 2487 2358 2542 scilicet
2382 2489 2774 2543 sententiarum
2801 2488 3086 2555 duntaxat,
3120 2505 3225 2545 uon
3255 2490 3593 2544 voluntatum
3627 2490 3743 2545 dis-

2150 2580 2403 2635 sensioue
2428 2580 2820 2650 diserepamus.
2856 2580 3076 2637 Utinam
3106 2581 3222 2636 haec
3249 2581 3315 2634 ad
3343 2580 3592 2634 veritatis
3612 2579 3738 2634 illu-

2148 2671 2490 2736 strationem,
2551 2678 2715 2740 atque
2773 2671 2956 2726 eximii
2994 2671 3236 2725 doctoris
3277 2671 3454 2725 Ptmu
3505 2670 3739 2725 Durum

2148 2763 2397 2833 gloriam,
2439 2763 2597 2819 nobis
2625 2763 2676 2817 in
2700 2763 2803 2818 hac
2852 2763 3233 2817 dissertatione
3281 2761 3441 2816 unice
3483 2760 3738 2829 proposio

2148 2862 2284 2918 tam,
2314 2854 2543 2919 cedant;
2572 2868 2669 2908 nec
2686 2853 2902 2923 jurgiis,
2932 2870 2961 2907 a
2991 2853 3188 2927 quibus
3216 2866 3431 2922 semper
3450 2851 3739 2916 abhorrui,

2148 2959 2251 2999 nec
2274 2945 2639 3007 contumeliis,
2671 2960 2700 2998 a
2729 2944 2933 3012 quibus
2953 2943 3217 2998 hactenus
3249 2943 3511 3007 abstinui,
3535 2958 3731 2997 ansam

2151 3034 2314 3089 ullam
2342 3034 2653 3088 ministrent
2680 3053 2694 3088 :
2727 3050 2869 3104 qum,
2893 3042 2953 3087 ut
2977 3049 3223 3089 meorum
3250 3049 3463 3088 summa
3483 3043 3736 3090 votorum

2148 3135 2249 3191 est,
2290 3127 2363 3181 ita
2390 3126 2612 3181 cuilibet
2639 3141 2850 3181 mecum
2894 3125 3192 3195 disputanti
3224 3126 3328 3178 lixa
3358 3124 3454 3190 sit,
3485 3133 3542 3180 et
3584 3133 3733 3190 rata,

2149 3221 2428 3277 desidero:
2450 3231 2719 3293 quatenus
2747 3223 3000 3291 utrinque
3028 3222 3258 3292 pariter,
3281 3240 3300 3273 α
3323 3221 3528 3291 absque
3549 3235 3740 3292 persox

459 3320 613 3378 fundi
667 3324 958 3396 debuerat,
1018 3329 1167 3388 ηιιιιο
1209 3335 1513 3407 praesertim
1563 3339 1886 3395 asserum“
1930 3355 2046 3397 sua
2146 3330 2339 3371 narum
2367 3315 2973 3387 pmjudiciis,veritatis
2992 3315 3305 3388 prmjudieia
3324 3314 3737 3374 vindicentur.)

481 3556 3731 3602 NW

1003 3714 1783 3857 GODEFRIDI
1828 3743 2750 3915 ,HENSCHE‘NII
2835 3748 2955 3862 s.
3045 3752 3156 3865 J.

1461 3999 1598 4077 DE
1645 4002 1732 4079 B.
1789 4001 2126 4081 PETBO
2201 4002 2701 4083 DAMIANO.

1053 4237 2315 4376 COMMENTARIUS
2404 4246 3182 4379 PIUEVIUS".

1446 4495 1556 4567 (Ea:
1592 4493 1886 4553 Februario
1922 4497 2302 4568 Bollandiauo,
2338 4499 2435 4555 sub
2471 4498 2557 4556 die
2583 4498 2702 4572 ‘55.)

1961 4679 2313 4695 Π*-

1194 4824 1303 4898 51.

459 4915 683 4971 iremus
730 4925 927 4972 sancit:
970 4915 1155 4971 Cruci;
1203 4915 1393 4970 Famis
1439 4917 1673 4972 Aeoliam
1718 4933 1774 4971 τη
1830 4898 2037 4971 dioecesi

529 4982 816 5042 Euaubina
875 4987 1048 5041 ordini
1097 4986 1490 5041 Camaldulemi
1549 4988 1823 5042 adiuncta.
1876 4987 2035 5041 Illius

2026 4787 2030 4790 ’
2060 4807 2116 4866 ι)

2142 4842 2316 4910 ribus,
2360 4814 2491 4913 post
2534 4842 2890 4899 barbarorum
2926 4842 2980 4897 in
3033 4842 3239 4898 Italiam
3286 4844 3716 4915 inundationem,

2142 4943 2507 4991 restauratum
2555 4934 2761 4989 volunt.
2807 4932 2976 4988 Sedes
3005 4934 3115 4989 illic
3143 4934 3270 4990 olim
3298 4944 3478 4991 erecta
3504 4938 3717 5007 episco-

2599 5025 2635 5042 Ιν
2692 5023 2749 5042 l‘l
2805 5024 2867 5042 θ-.
