3982 5350
218 236 287 295 89
742 231 1284 290 PROLEGOMENA.
1318 261 1392 274 —
1428 230 1518 288 DE
1557 229 1616 289 S.
1655 231 1885 303 PETRO
1918 233 2226 292 DAMIANO
2263 233 2670 293 HENSCHENII
2702 227 3087 294 COMMENT.‘
3386 239 3458 297 9O

218 346 390 416 Opera
432 345 500 399 Β.
549 343 696 401 Petri
738 344 1017 409 ,Damiani.
1066 345 1363 401 Petrarcha
1397 344 1438 399 l.
1466 360 1529 410 ιι,
1553 344 1619 400 de
1655 345 1782 401 Vita
1812 345 2242 412 Arefernntur:
2290 362 2411 418 quas
2476 363 2601 403 cum
2656 348 2776 405 aliis
2826 345 3144 420 quibusdam
3198 351 3251 405 in
3296 367 3460 409 unam

215 432 480 505 solitaria,
519 444 676 492 tract.
702 453 788 502 nt,
813 452 931 508 cap.
964 438 1052 504 l7,
1077 456 1095 488 ι
1116 437 1509 508 quietissimam
1533 436 1787 507 indigeto:

214 528 563 585 solitudinem
590 529 643 582 in
674 528 840 583 ltalize
876 528 1076 593 medio,
1101 528 1168 583 ad
1197 529 1479 583 sinistrum
1514 527 1785 599 Apennini

214 617 369 682 latus,
385 634 512 689 qua:
535 626 691 673 vetns
706 618 881 674 adhuc
902 618 1089 674 Fontis
1102 619 1371 674 Avellante
1383 633 1575 674 nomen
1603 634 1787 675 serva-

212 708 313 773 bat,
372 727 392 762 ο
454 709 588 763 dum
621 709 669 764 is
695 709 891 764 saeculo
930 726 1022 764 xiv
1063 710 1358 775 scriberet;
1395 724 1536 764 nunc
1559 723 1789 780 eamque

213 812 399 854 ωειεο
437 797 629 853 Crucis
673 799 883 853 titulum
938 815 1115 869 gerere
1160 799 1414 853 observat
1451 798 1786 869 Augustinus

213 891 557 945 Florentinus
612 890 652 945 l.
702 906 735 944 v
790 890 1040 945 Historia:
1096 888 1569 953 Camaldulensis,
1628 905 1679 946 c.
1731 889 1786 957 7,

214 997 432 1051 eamque
470 991 675 1036 sancta:
711 979 893 1037 Crucis
932 981 1422 1037 nomenclationem
1454 989 1785 1051 assumptam

216 1072 277 1129 ob
299 1081 467 1126 sexta:
487 1072 642 1125 ferite
676 1071 962 1141 jejunium,
996 1081 1235 1143 tempore
1263 1072 1325 1126 Β.
1350 1071 1498 1127 Petri
1538 1071 1787 1127 Damiani

218 1162 401 1215 ibidem
442 1169 711 1228 coeptum.

275 1251 330 1305 '2.
358 1249 474 1305 Hoc
520 1250 719 1305 Fontis
765 1251 1007 1307 Avellani
1038 1253 1418 1319 eremitorium,
1445 1260 1507 1307 ut
1547 1251 1787 1307 nonnulli

217 1342 497 1412 appellant,
534 1344 688 1399 circa
727 1360 816 1399 an.
848 1344 1047 1400 Christi
1090 1345 1458 1410 millesimum,
1494 1354 1587 1398 aut
1630 1344 1788 1415 paulo

219 1444 328 1489 ante
356 1433 597 1489 traditur
626 1444 963 1490 exstructum
998 1453 1027 1490 a
1060 1438 1295 1505 quodam
1334 1436 1613 1506 Lodulpho
1650 1435 1787 1492 Ges-

218 1524 350 1577 souis
390 1523 527 1589 filio,
584 1525 680 1595 qui
723 1525 777 1579 in
824 1527 1136 1596 episcopum
1185 1526 1521 1596 Euguhinum
1561 1526 1784 1593 electus,

221 1612 343 1667 ultro
368 1613 455 1668 isti
490 1614 693 1669 honori
719 1617 884 1671 cessit
914 1633 927 1669 :
960 1632 1122 1687 quem
1163 1626 1343 1671 tamen
1375 1632 1441 1671 ex
1467 1631 1649 1672 eremo
1689 1615 1781 1670 illa

219 1703 385 1758 Fontis
430 1705 692 1759 Avellani
732 1706 1071 1761 admiserunt
1109 1706 1384 1771 Julianus,
1427 1706 1787 1771 Theobahlus,
1820 1700 1865 1760 Β
1896 1717 2132 1777 tempore
2184 1711 2475 1764 utebantur
2515 1725 2531 1765 :

224 1809 302 1850 seu
329 1794 627 1858 Tedaldus,
669 1794 733 1851 S.
778 1795 1113 1866 Rodulphus,
1144 1796 1468 1868 Maynardus
1500 1814 1513 1849 :
1548 1811 1779 1865 quorum

227 1886 540 1955 temporibus
568 1886 708 1939 vixit
733 1885 795 1938 Β.
817 1885 1010 1942 Petrus
1036 1887 1349 1954 Damianus,
1378 1896 1433 1943 et
1462 1887 1704 1957 quidem,
1739 1886 1786 1941 si

225 1976 407 2045 primus
424 1975 756 2045 excipiatur,
773 1985 1055 2047 postquam
1080 1978 1431 2032 monasticam
1450 1978 1788 2047 disciplinam

227 2066 270 2121 in
291 2067 368 2122 illa
399 2081 592 2123 eremo
620 2068 903 2138 amplexus
927 2078 1011 2124 est
1044 2086 1059 2123 :
1099 2070 1189 2139 qui
1215 2068 1450 2139 aliquam
1482 2068 1586 2123 sibi
1618 2069 1784 2123 etiam

228 2160 438 2229 ejusdem
485 2159 754 2215 Ecclesiae
796 2176 981 2214 curam
1029 2160 1339 2230 impositam
1382 2159 1549 2214 fuisse
1598 2159 1790 2214 scribit

227 2250 373 2320 Epist.
399 2250 489 2316 Η,
514 2251 552 2304 l.
581 2267 626 2316 ι,
652 2252 719 2305 ad
746 2251 1112 2306 Alexandrum
1138 2252 1180 2306 ll
1215 2251 1524 2321 pontiﬁcem
1552 2250 1638 2305 his
1663 2265 1789 2305 ver-

226 2342 328 2397 bis:
362 2362 379 2394 t
414 2342 572 2409 Quod
606 2342 889 2412 Eugubina
920 2342 1185 2405 Ecclesia,
1214 2357 1329 2411 qua
1364 2342 1495 2396 mihi
1525 2342 1725 2396 dudum
1755 2357 1787 2396 a

229 2433 394 2488 vestris
415 2434 804 2488 decesseribus
830 2443 910 2489 est
938 2434 1248 2499 commissa,
1281 2449 1422 2489 nunc
1449 2434 1585 2504 proh
1611 2432 1785 2499 dolor,

229 2535 293 2579 est
314 2526 528 2583 omnino
555 2526 814 2591 confusa,
832 2537 887 2582 et
914 2527 1055 2581 velut
1078 2541 1226 2594 area,
1250 2543 1368 2597 qua:
1398 2526 1625 2597 pedibus
1656 2542 1789 2582 cu-

231 2620 463 2685 calcatur,
501 2619 760 2689 abjecta;
791 2621 1032 2690 peccatis
1063 2621 1199 2675 meis
1228 2622 1280 2675 id
1309 2621 1649 2692 exigentibus
1690 2620 1787 2674 de-

230 2715 354 2776 puto.
386 2727 404 2760 ι
436 2708 586 2765 ldem
612 2710 775 2780 epist.
802 2710 854 2775 8,
880 2709 918 2763 l.
952 2725 1027 2776 ιν,
1056 2710 1170 2764 haec
1199 2706 1493 2781 Meynardo
1528 2709 1789 2779 episcopo

230 2795 481 2867 Eugubino
511 2801 743 2856 mandat
786 2819 801 2855 :
840 2818 859 2852 ι
906 2800 1177 2866 lnstaura,
1225 2801 1553 2856 venerabilis
1591 2799 1786 2866 frater,

231 2886 455 2946 Ecclesia:
482 2902 593 2947 tua:
618 2892 843 2963 prtedia,
887 2893 1111 2963 prodige
1154 2893 1508 2948 smculuribus
1538 2891 1737 2947 tradita
1769 2905 1785 2945 :

232 2994 394 3034 revoca
414 2982 619 3037 diversi
642 2983 861 3053 generis
880 2991 1198 3037 ornamenta
1221 2991 1479 3037 nocenter
1499 2984 1744 3053 exposita
1766 3000 1780 3037 :

232 3078 276 3123 et
295 3069 467 3125 saltem
507 3048 753 3143 insignia
783 3085 1011 3141 qumque
1042 3069 1127 3126 vel
1164 3071 1367 3140 Optima
1405 3048 1783 3139 restituantur,
1812 3048 1859 3110 (ἶ

232 3170 330 3225 quze
367 3158 702 3227 praelationis
756 3167 859 3213 tute
903 3167 1142 3229 tempore
1169 3159 1408 3228 graviter
1439 3160 1780 3230 suspiramus

235 3246 400 3303 ablata.
432 3268 451 3300 ι
468 3247 598 3305 Haec
630 3249 722 3304 ille
748 3263 849 3319 pro
867 3248 1232 3304 sollicitudine
1258 3249 1374 3319 ejus
1401 3249 1657 3306 Ecclesiae
1684 3251 1786 3305 sibi

233 3341 515 3397 commissae.
543 3342 627 3397 At
655 3341 918 3397 librorum
949 3357 979 3396 a
1007 3357 1066 3398 se
1095 3344 1524 3412 conscriptorum
1546 3342 1782 3412 judices,

176 3454 179 3457 π
234 3442 288 3482 ac
309 3432 441 3498 quasi
482 3436 773 3499 censores,
819 3433 1100 3488 constituit
1140 3430 1198 3487 S.
1227 3431 1561 3503 Rodulphum
1590 3436 1787 3506 episco-

237 3538 341 3591 pum
383 3523 721 3597 Eugubiztum
786 3534 840 3581 et
902 3525 1253 3581 Theodosium
1316 3525 1782 3597 Senogalliensem,

234 3615 365 3683 cujus
406 3621 555 3676 etiam
617 3620 874 3676 ditecesis
914 3634 1099 3678 eremo
1122 3619 1310 3675 Fontis
1332 3621 1579 3677 Avellani
1611 3624 1784 3679 vicina

230 3716 300 3762 est
348 3724 518 3767 versus
564 3726 737 3766 mare
778 3710 1140 3766 Adriaticum.
1206 3711 1397 3766 Exstat
1448 3695 1674 3782 cpistola
1717 3714 1784 3769 ad

234 3797 331 3854 illos
348 3799 379 3854 l.
409 3818 482 3869 tv,
510 3819 569 3858 n.
621 3803 713 3857 il.
757 3800 836 3856 De
878 3801 1147 3871 episcOpis
1180 3800 1475 3871 Eugubinis
1522 3811 1577 3857 et
1616 3802 1786 3857 Seno-

235 3892 547 3960 galliensibus
571 3893 806 3950 consule
830 3893 1037 3948 Italiam
1066 3896 1278 3949 sacram
1310 3892 1540 3964 Ughclli.
1758 3952 1764 3960 ,

287 3983 334 4039 3.
361 3985 586 4052 Quinam
618 3985 941 4057 praefuerint
968 3985 1093 4041 huic
1114 4000 1300 4041 eremo
1323 3984 1512 4040 Fontis
1538 3983 1782 4038 Avellani

237 4080 335 4127 ante
357 4073 413 4128 Β.
441 4074 768 4131 Damianum
793 4074 1010 4129 Priores
1035 4074 1132 4146 (ita
1159 4072 1529 4129 Moderatores
1550 4072 1785 4144 appella-

235 4160 428 4238 bantur)
480 4168 715 4221 necdnm
785 4166 1032 4237 legimus.
1097 4166 1218 4235 Ipse
1290 4166 1485 4222 beatus
1556 4165 1781 4231 Petrus,

235 4263 390 4319 opusc.’
415 4270 605 4323 xxxiv,
635 4270 686 4310 c.
717 4254 789 4308 6:
829 4273 848 4307 ι
892 4254 951 4309 ln
990 4255 1116 4320 hac,
1153 4254 1348 4324 inquit,
1375 4270 1560 4310 eremo
1596 4253 1785 4310 Fontis

235 4338 468 4412 Avellani,
498 4346 590 4400 ubi
621 4361 769 4423 nunc
800 4342 1005 4412 habito,
1032 4346 1185 4415 prior
1205 4345 1424 4415 quidam
1459 4344 1660 4410 fuerat,
1690 4359 1786 4399 no-

238 4432 357 4487 mine
381 4434 647 4504 Joannes;
684 4457 704 4490 ι
749 4445 807 4491 et
844 4452 1031 4508 opusc.
1065 4453 1159 4503 xv,
1185 4452 1235 4492 c.
1262 4436 1351 4503 28,
1394 4438 1554 4493 docet
1603 4436 1782 4508 qualis

235 4521 396 4580 debeat
419 4526 540 4599 eligi
563 4529 713 4598 prior
740 4528 878 4581 inter
904 4529 1168 4594 eremitas,
1198 4536 1254 4583 et
1276 4528 1547 4598 quomodo
1573 4528 1780 4583 electus

235 4608 395 4667 debeat
431 4615 699 4683 prioratus
728 4616 906 4686 ofﬁcio
947 4617 1093 4689 fungi
1136 4631 1153 4672 :
1185 4619 1274 4687 qui
1325 4627 1506 4675 tamen
1551 4616 1693 4673 infra
1726 4617 1779 4672 in

235 4699 335 4755 Vita
361 4707 511 4761 etiam
548 4708 732 4774 abbas,
764 4718 822 4763 et
860 4711 1107 4780 magister
1132 4720 1494 4780 nuncupatur.
1522 4713 1568 4766 A
1602 4720 1778 4766 morte

238 4783 288 4840 Β.
314 4789 439 4848 Petri
484 4796 627 4851 rexit
660 4796 930 4853 Eremitas
974 4799 1096 4854 illos
1138 4800 1285 4868 prior
1325 4799 1645 4870 Liprandus,
1678 4784 1777 4855 cui

238 4874 385 4937 Vitam
409 4885 549 4941 illius
580 4887 1131 4957 inscripsitloannes,
1155 4899 1210 4945 et
1235 4890 1350 4959 ipse
1372 4891 1517 4957 dein,
1551 4902 1609 4945 ut
1637 4889 1776 4945 infra

239 4972 431 5044 dicetur,
461 4982 613 5048 frior
642 4978 828 5034 Fontis
857 4981 1090 5037 Avellani
1113 4984 1459 5051 constitutus,
1479 4999 1543 5039 ac
1560 4983 1777 5039 tandem

225 5060 504 5134 Eugrtbiuus
522 5087 756 5129 creatus
772 5074 1060 5146 episcopus.
1087 5073 1205 5142 Quo
1231 5072 1414 5130 forsan
1441 5080 1599 5131 modo
1616 5090 1779 5144 supra

222 5164 472 5217 memorati
518 5166 773 5236 episcopi
827 5166 1087 5240 Euguliini
1147 5183 1216 5221 ex
1261 5166 1541 5226 Prioribus
1592 5170 1781 5226 Fontis

240 5245 447 5307 Avellaoi
479 5265 609 5311 sunt
637 5256 876 5326 plerique
899 5259 1183 5328 assumpti.

1889 438 2207 493 coaluerunt
2236 440 2731 511 congregationem,
2765 439 2916 509 cujus
2938 452 3097 511 caput
3125 441 3225 497 fuit
3247 459 3462 502 eremus

1890 536 2090 583 sancta:
2125 528 2318 584 Crucis
2360 528 2549 584 Fontis
2574 529 2815 584 Avellani
2854 548 2868 584 :
2901 539 3064 600 atque
3094 532 3166 585 ita
3202 544 3463 589 monaste-

1890 618 2026 671 rium
2053 627 2249 672 sanctw
2273 616 2460 671 Maria;-
2487 619 2553 672 ad
2581 627 2764 689 portas
2791 620 2919 674 olim
2953 622 3102 676 urbis
3125 621 3460 688 Faventiam,

1889 722 2036 761 nunc
2072 707 2341 761 mtenibus
2387 706 2673 774 inclusum,
2730 708 2783 761 in
2828 724 2936 778 quo
2983 709 3041 762 Β.
3071 709 3263 765 Petrus
3319 711 3460 766 diem

1888 807 2191 878 extremum
2220 797 2345 852 vitae
2378 796 2597 862 clausit,
2623 799 2821 853 ordinis
2850 802 3221 855 monac/torum
3248 818 3466 873 congre-

1888 890 2117 961 gationis
2152 888 2211 945 S.
2257 889 2442 944 (Irucis
2481 888 2749 945 Avellanw
2784 892 2981 946 dicitur
3018 893 3069 946 in
3112 892 3315 948 llistor.
3347 909 3466 949 mo-

1890 982 2105 1036 nastica
2145 981 2430 1052 cujusdam
2477 982 2730 1052 anonymi
2781 980 3115 1037 Bcnedictini
3164 1000 3458 1056 congrega-

1890 1071 2054 1126 tionis
2083 1070 2140 1125 S.
2170 1069 2414 1136 Justinte,
2440 1071 2580 1140 apud
2605 1069 2946 1139 Cajetanum,
2976 1072 3029 1127 in
3054 1072 3368 1143 prml‘atione
3394 1076 3464 1129 ad

1888 1176 2053 1231 Opera
2081 1160 2140 1214 Β.
2180 1160 2345 1224 Petri,
2383 1176 2545 1230 quem
2586 1161 2663 1215 ait
2702 1162 2847 1215 circa
2884 1177 2973 1216 an.
3017 1163 3155 1217 1480
3192 1163 3460 1222 floruisse.

1889 1251 2171 1321 Regulam,
2198 1263 2251 1306 et
2273 1253 2485 1306 vivendi
2510 1251 2817 1307 institutum
2840 1253 2998 1322 hujus
3017 1253 3464 1327 Congregationis

1888 1342 2213 1412 praescribit,
2244 1350 2408 1412 atque
2434 1341 2671 1412 explicat
2696 1342 2756 1396 B.
2791 1343 2985 1399 Petrus
3013 1347 3386 1425 opusculorv,
3411 1349 3462 1403 in

1889 1434 2067 1503 capita
2099 1434 2159 1489 5i
2196 1433 2476 1489 distincto.
2507 1434 2605 1489 Ast
2632 1434 2892 1505 opusculo
2922 1451 3011 1490 x'tv
3040 1437 3106 1491 ad
3137 1420 3463 1509 exemplum,

1890 1534 1947 1581 et
1994 1525 2355 1580 imitationem
2398 1534 2738 1596 posterorum
2775 1527 2999 1598 exponit
3038 1528 3272 1600 regulas,
3300 1538 3355 1584 et
3380 1530 3463 1584 vi-
3536 1588 3547 1603 λ

1891 1617 2049 1672 vcndi
2078 1618 2349 1684 instituta,
2386 1620 2582 1688 quibus
2611 1620 2852 1676 eremita:
2879 1621 3067 1678 Fontis
3091 1622 3334 1677 Avellani
3367 1638 3465 1678 suo

2579 1711 2777 1783 iisque,
2828 1723 2889 1767 ut
2935 1713 3027 1783 qui
3080 1722 3203 1784 post
3247 1728 3306 1768 se
3356 1713 3466 1769 illic

1887 1799 2084 1853 victuri
2136 1809 2262 1855 sunt
2301 1810 2545 1867 utantur,
2578 1818 2754 1873 neque
2781 1804 2849 1858 ad
2877 1803 3139 1858 laxiorem
3179 1803 3305 1857 vita:
3336 1818 3465 1857 nor-

1887 1905 2031 1944 mam
2087 1890 2396 1955 declinent,
2443 1892 2763 1962 gravissime
2815 1894 3140 1949 obtestatur.
3200 1893 3296 1947 Est
3349 1893 3464 1946 hare

1894 1977 2086 2033 Fontis
2128 1978 2369 2033 Avellani
2405 1995 2621 2035 eremus
2648 1988 2774 2036 ante
2799 1990 3015 2036 centum
3043 1982 3263 2036 circiter
3291 1994 3465 2034 annos

1886 2069 2065 2124 ordini
2110 2068 2505 2124 Camaldulensi
2543 2069 2817 2138 adjuncta,
2851 2071 2903 2125 id
2935 2072 3217 2141 agentibus
3239 2071 3459 2139 potissi-

1888 2174 2033 2212 mum
2060 2157 2219 2211 Petro
2241 2158 2658 2213 Franceschinio
2679 2158 3133 2214 Balnecaballensi
3162 2147 3460 2223 visitatore,

1887 2259 1941 2303 et
1967 2246 2108 2302 Julio
2139 2247 2385 2303 lloboreo
2410 2250 2687 2304 cardinale
2710 2251 2966 2319 episcopo
2994 2232 3256 2305 Urbinate
3278 2257 3462 2304 creato

1887 2355 2030 2395 anno
2058 2337 2217 2404 1548,
2244 2340 2334 2408 qui
2364 2338 2540 2394 factus
2562 2341 2684 2394 dein
2718 2340 3029 2395 Vit-eminus
3067 2341 3372 2410 episc0pus,
3400 2354 3464 2394 ac

1885 2439 2074 2504 postea
2141 2431 2584 2501 archiepiscOpus
2670 2429 2989 2493 Ravennas,
3061 2438 3305 2483 mortuus
3379 2435 3463 2482 est

1888 2540 2032 2580 anno
2062 2524 2219 2580 1578.
2253 2525 2615 2580 Meminerunt
2650 2524 2809 2593 hujus
2849 2523 3246 2595 conjunctionis
3269 2521 3463 2598 Petrus

1890 2617 2213 2672 llicordatus
2239 2617 2420 2670 Diario
2440 2616 2474 2668 4
2508 2615 2759 2669 Historiae
2795 2615 3125 2677 mouasticm,
3149 2629 3178 2666 a
3206 2611 3464 2682 Cajetano

1889 2710 2106 2772 citatus,
2137 2708 2472 2779 Augustinus
2510 2706 2858 2761 Florentinus
2905 2705 2943 2758 l.
2984 2720 3068 2758 ιιι.
3100 2703 3459 2756 Historiarum

1887 2798 2382 2855 Camaldulcnsium
2427 2797 2648 2866 aliique.
2695 2796 2770 2849 De
2814 2794 3012 2851 Ordine
3063 2791 3461 2849 Camaldulensi

1888 2893 2097 2964 egimus
2138 2892 2168 2945 7
2217 2891 2378 2946 Febr.
2431 2890 2498 2944 ad
2547 2888 2605 2944 S.
2659 2888 2940 2943 Rornualdi
2989 2886 3105 2956 ejus
3157 2874 3464 2940 fundatoris

1889 2980 2091 3047 Vitam,
2119 2996 2281 3049 quam
2308 2980 2369 3034 Β.
2421 2981 2615 3035 Petrus
2642 2979 2934 3033 Damianus
2973 2978 3213 3048 scripsit,
3258 2993 3277 3028 ι
3308 2991 3459 3030 com-

1888 3074 2095 3144 pulsus,
2141 3082 2200 3126 ut
2233 3072 2286 3126 in
2318 3071 2540 3142 prologo
2580 3080 2826 3137 testatur,
2866 3070 3157 3124 multorum
3212 3069 3462 3123 Fratrum

1887 3160 2144 3232 precibus
2198 3171 2255 3216 et
2295 3175 2550 3230 germana
2598 3160 2865 3215 charitate
2907 3159 3207 3213 devinctus.
3259 3175 3279 3209 ι
3315 3155 3461 3209 [dem

1888 3253 2147 3324 opusculo
2198 3267 2292 3317 xv,
2349 3260 2474 3306 ante
2519 3252 2686 3306 citato
2743 3250 2809 3306 de
2868 3264 2981 3304 sua;
3028 3247 3463 3319 congregationis

1888 3343 2151 3400 institutis
2190 3358 2240 3398 c.
2273 3341 2339 3398 l6
2365 3343 2745 3397 discretionem
2778 3340 3032 3396 debilium
3068 3338 3121 3393 in
3156 3337 3354 3408 prioris
3379 3337 3462 3390 sui

1888 3435 2116 3490 arbitrio
2140 3435 2442 3505 ponendam
2466 3435 2645 3500 docet,
2678 3433 2733 3487 in
2763 3432 3067 3504 exemplum
3095 3430 3377 3499 disciplina
3400 3429 3461 3484 S.

1888 3524 2171 3579 Romualdi
2205 3526 2456 3590 adducta,
2479 3534 2533 3581 et
2556 3525 2696 3580 infra
2722 3524 2776 3579 in
2801 3523 2944 3588 Vita,
2975 3539 3030 3577 n.
3056 3522 3145 3588 l9,
3168 3522 3367 3577 dicitur
3393 3521 3462 3576 ad

1887 3627 2125 3673 montem
2166 3618 2416 3687 Pregium
2454 3635 2490 3691 _t
2548 3616 2821 3671 invenisse
2872 3613 3141 3677 cellulam,
3172 3613 3224 3666 in
3264 3628 3366 3680 qua
3398 3610 3457 3663 Β.

1887 3706 2248 3762 Romnaldum
2302 3707 2569 3775 quondam
2606 3706 2871 3759 mansisse
2898 3703 3167 3769 ferebant,
3211 3720 3232 3754 ι
3279 3701 3463 3770 ibique

1892 3815 1912 3848 ι
1940 3797 2283 3851 eremitarum
2316 3794 2568 3847 fundasse
2609 3791 2931 3847 habitacula.
2966 3810 2985 3843 ι

1957 3885 2009 3938 5.
2043 3885 2116 3937 De
2147 3880 2575 3952 possessionibus
2617 3880 2743 3935 huic
2786 3895 2971 3936 eremo
3006 3878 3312 3949 procuratis
3351 3878 3464 3950 agit

1885 3972 1948 4026 B.
1995 3971 2187 4026 Petrus
2217 3970 2477 4040 opusculo
2520 3986 2616 4024 xxv
2667 3989 2686 4022 t
2719 3969 2776 4024 ln
2823 3970 2925 4025 hoc
2966 3969 3105 4034 loco,
3148 3970 3340 4039 inquit,
3371 3970 3463 4038 qui

1886 4061 2029 4117 Fons
2082 4060 2331 4116 Avellani
2401 4060 2633 4123 dicitur,
2709 4060 3031 4130 plerumque
3083 4059 3296 4130 viginti,
3343 4059 3464 4129 plus

1886 4153 2088 4215 minus,
2106 4151 2470 4220 monachiper
2484 4149 2723 4215 cellulas,
2740 4149 2856 4203 sive
2887 4149 2939 4203 in
2967 4148 3242 4220 assignata
3266 4148 3464 4217 cuique

1886 4243 2217 4309 obedientia,
2266 4242 2533 4313 degimns,
2593 4250 2653 4295 ut
2695 4255 2888 4295 omnes
2941 4240 3101 4294 simul
3160 4255 3283 4294 cum
3334 4254 3465 4293 con—

1887 4336 2082 4401 versis,
2108 4346 2164 4391 et
2201 4334 2418 4391 famulis
2466 4336 2816 4391 tricenarinm
2860 4349 3169 4398 numerum,
3203 4343 3298 4387 aut
3347 4333 3460 4397 vix,

1816 4401 1865 4462 θ
1889 4436 1984 4482 aut
2020 4426 2259 4482 breviter
2303 4428 2649 4482 excedamus.
2689 4446 2708 4479 ι
2757 4428 2836 4482 Ac
2872 4426 2996 4481 dein
3033 4425 3245 4480 vivendi
3279 4425 3462 4494 regula

1886 4521 2152 4590 exposita,
2216 4520 2316 4575 ista
2374 4520 2593 4585 subdit,
2650 4533 3022 4574 successorem
3082 4518 3135 4571 in
3198 4516 3462 4586 regimine

1885 4608 2322 4663 substituendqu
2346 4606 2627 4676 alloquens
2658 4625 2670 4659 :
2703 4625 2720 4657 ι
2755 4606 3020 4661 titantem
3044 4605 3110 4660 ad
3136 4606 3250 4659 haec
3277 4604 3462 4658 obser-

1885 4700 2062 4754 vanda
2096 4699 2274 4753 nullus
2297 4700 2629 4753 excusationi
2654 4707 2838 4767 pateat
2866 4698 3037 4764 locus,
3056 4696 3207 4766 juxta
3236 4697 3287 4750 id
3318 4696 3463 4766 quod

1887 4789 2173 4861 exiguitati
2238 4790 2340 4844 loci
2404 4789 2624 4845 humilis
2693 4790 3075 4859 competebat,
3151 4788 3463 4844 studuimus

1888 4891 2116 4936 eotenus
2170 4880 2541 4950 possessiones
2576 4881 2878 4949 acquirere,
2913 4890 2971 4934 ut
2996 4881 3315 4951 praedictum
3349 4880 3462 4935 fra-

1888 4979 2030 5025 trum
2069 4987 2351 5026 uumerum
2383 4973 2587 5039 possis,
2612 4971 2715 5025 nisi
2747 4972 3034 5026 exercendi
3057 4986 3184 5025 cura
3211 4970 3463 5035 defuerit,

1884 5070 2212 5117 sustentare.
2264 5060 2552 5116 Librorum
2590 5075 2806 5130 quoque
2835 5077 3118 5116 numerum
3158 5075 3266 5115 non
3305 5060 3465 5114 inini-

1883 5171 2029 5210 mum
2091 5153 2502 5222 dereliquimus,
2546 5164 2606 5209 ut
2656 5153 2919 5210 fratribus
2972 5153 3192 5217 nostris,
3224 5151 3313 5221 qui
3365 5165 3466 5221 pro

1883 5245 2041 5301 nobis
2091 5258 2250 5299 orare
2293 5243 2609 5311 dignentur,
2636 5244 2930 5299 meditandi
2959 5244 3169 5313 copiam
3199 5239 3465 5309 praibere-

2058 5336 2136 5350 ησ-
2161 5338 2193 5350 II
2240 5336 2274 5350 -I
2613 5337 2625 5350 1
2752 5334 2794 5350 ιν
2838 5345 2849 5350 ι
2925 5338 2936 5350 o
3060 5343 3070 5350 .
3115 5331 3245 5350 ιτ.-.⁸
3273 5329 3429 5350 ΨΑ-.-
