3982 5350
522 365 590 425 9t
1379 361 1438 419 s.
1475 359 1752 418 remus
1788 354 2142 415 DAMIANUS
2188 357 2247 417 s.
2273 357 2338 414 ιι.
2366 358 2429 415 E.
2470 343 2917 419 amamus;
3719 356 3792 415 as

525 488 692 546 trum,
717 493 782 534 ex
806 476 1214 534 commentariis
1242 475 1563 547 allegoricas
1593 489 1762 531 sacra:
1798 473 2098 546 Scriptura
2128 492 2178 551 Α
2204 473 2357 530 Actis
2384 472 2443 529 S.
2474 472 2742 544 Rodulphi
2771 474 2961 544 juncta
3001 475 3220 548 legitur,
3260 483 3347 533 est
3380 473 3438 533 S.
3472 475 3791 534 Dominicus

523 571 825 630 sententias
845 568 1253 639 exponentium,
1281 566 1526 637 Gregorii
1549 566 1779 633 scilicet,
1806 567 2103 632 Ambrosii,

523 663 830 733 Augustini,
890 661 1228 732 Hieronymi,
1306 660 1582 731 Prosperi,
1638 659 1817 724 Bedaa,
1874 659 2105 729 Remigii

524 755 714 816 etiam,
766 760 820 807 et
880 750 1161 815 Amalarii,
1220 750 1440 821 insuper
1496 760 1551 804 et
1598 748 1899 811 llaimonis,
1944 759 2107 819 atque

524 842 824 909 Paschasii,
851 842 1031 897 divina
1057 841 1229 912 gratia
1255 841 1456 895 nostris
1482 840 1788 896 albescente
1809 840 2105 907 laboribus,

523 935 710 1009 plures
753 934 923 990 libros
975 935 1211 999 habetis,
1251 934 1447 1006 quibus
1483 950 1679 989 vacare
1725 933 2003 1005 potestis:
2047 940 2109 988 ut

524 1038 729 1084 sancta:
758 1028 951 1082 anima:
995 1035 1192 1082 νεειηθ
1217 1042 1322 1081 non
1351 1026 1525 1081 solum
1549 1026 1798 1081 oratione
1830 1032 2105 1091 crescant,

526 1122 622 1178 sed
645 1131 701 1175 et
729 1119 963 1175 lectione
991 1119 1366 1190 pinguescant.
1400 1119 1477 1174 Ex
1504 1118 1699 1189 quibus
1729 1120 1983 1174 nimirum
2010 1135 2106 1174 co-

525 1211 737 1265 dicibus
768 1207 1054 1265 nonnullos
1081 1223 1180 1279 pro
1227 1218 1413 1265 nostra
1458 1210 1820 1280 possibilitate
1861 1210 2107 1266 correxi-

525 1315 691 1355 mus:
736 1308 797 1353 ut
841 1300 895 1353 in
949 1313 1121 1355 sacra:
1172 1298 1471 1370 disciplinae
1517 1298 1711 1355 studiis
1741 1299 2108 1372 intelligentiae

458 1452 461 1461 ι
523 1389 681 1444 vobis
706 1388 911 1442 aditum
938 1390 1325 1458 ponderemus.

600 1482 654 1535 6.
689 1501 707 1532 ‹
743 1480 1053 1537 Claustrum
1096 1497 1312 1552 quoque
1351 1481 1497 1553 justa
1526 1480 1813 1536 ecclesiam
1862 1483 2109 1537 construi

522 1573 633 1629 hac
664 1573 960 1629 intentione
989 1574 1325 1639 censuimus,
1352 1584 1430 1639 ut,
1464 1574 1507 1629 si
1539 1589 1699 1644 quem
1725 1575 1901 1629 adhuc
1922 1573 2108 1629 inolita

527 1664 929 1721 monasterialis
956 1666 1165 1722 ordinis
1210 1667 1546 1723 consuetudo
1582 1667 1837 1733 delectat,
1884 1669 2101 1733 habeat,

526 1754 621 1810 ubi
673 1756 726 1810 in
762 1757 1051 1827 prtecipuis
1101 1754 1488 1813 festivitatibus
1518 1758 1818 1814 solenniter
1844 1773 1912 1813 ex
1958 1774 2109 1813 more

526 1850 789 1917 procedat
838 1865 853 1902 :

525 1939 661 1994 satis
688 1937 933 1993 idoneam
956 1938 1384 2009 procuravimus.
1416 1937 1668 2007 Ejusdem
1697 1953 1912 2008 quoque
1941 1938 2116 1992 inten-

530 2027 697 2082 tionis
748 2026 960 2092 studio,
1007 2026 1360 2083 imbecillitati
1421 2027 1693 2097 fragilium
1745 2027 2112 2093 consulentes.

534 2119 701 2173 etiam
756 2118 1116 2173 tintinnabula
1168 2128 1329 2188 atque
1365 2120 1634 2183 bechiuia,
1678 2120 2001 2190 diversaque
2030 2121 2115 2174 di-

526 2209 667 2264 vime
690 2208 883 2263 domus
906 2209 1155 2265 utensilia
1183 2210 1637 2278 comparavitnus.
1667 2209 1875 2264 Calices
1896 2224 2112 2279 quoque

528 2300 668 2355 duos
708 2311 997 2369 argenteos
1053 2301 1419 2369 pulcherrime
1472 2301 1760 2355 deauratos
1804 2302 1908 2355 hac
1960 2300 2116 2355 vobis

529 2389 744 2444 ratione
783 2390 1141 2459 providimus,
1178 2399 1258 2455 ut,
1296 2406 1420 2445 cum
1467 2406 1623 2446 sacra
1680 2390 1945 2446 Dominici
1984 2406 2113 2446 cor-

528 2480 680 2553 poris
728 2490 783 2535 et
827 2482 1110 2552 sanguinis
1169 2482 1428 2554 mysteria
1458 2483 1623 2537 vultis
1657 2484 1929 2553 accipere,
1966 2493 2115 2538 stan-

526 2586 684 2637 num,
721 2570 806 2624 vel
847 2571 1008 2627 vilius
1037 2575 1397 2642 quodcunque
1422 2573 1700 2629 metallum
1731 2575 1927 2629 vestris
1956 2572 2115 2629 labiis

528 2663 896 2735 nequidquam
925 2679 1149 2721 necesse
1179 2666 1251 2721 sit
1270 2665 1549 2722 adbibere.
1576 2665 1882 2737 Conspicua
1914 2665 2110 2721 nihilo.

529 2756 712 2811 minus
757 2764 1104 2812 sacrosancto
1152 2757 1311 2811 altari
1371 2756 1627 2827 tegmina,
1668 2765 1723 2812 et
1775 2755 2114 2812 celebrandis

528 2849 820 2905 missarum
852 2848 1127 2904 solemniis
1155 2849 1392 2920 pretiosa
1409 2849 1740 2904 contulimus
1766 2856 2110 2903 ornamenta.

526 2938 655 2995 Haec
683 2938 888 3002 omnia,
912 2937 1133 3001 fratres,
1153 2956 1251 2995 nos
1276 2955 1380 2995 non
1405 2941 1721 2996 sinelabore
1740 2941 2108 3010 quaesivimus,

522 3039 589 3085 ut
615 3030 770 3085 vobis
791 3030 995 3085 laboris
1018 3031 1287 3101 impendia
1317 3031 1653 3097 tolleremus,
1688 3041 1948 3102 tantoque
1979 3030 2113 3086 libe-

525 3121 645 3176 rius
672 3136 732 3176 se
759 3130 943 3176 vester
984 3121 1196 3176 animus
1249 3121 1315 3176 ad
1375 3122 1481 3176 alta
1530 3121 1864 3186 sustolleret,
1910 3130 2111 3192 quanto

2208 564 2507 627 Loricatus.
2546 575 2602 622 et
2640 567 2756 639 ipse
2792 567 2856 623 Β.
2883 568 3025 623 Petri
3068 568 3310 624 Damiani
3339 568 3636 639 discipulus
3700 569 3791 624 fa-

2207 665 2351 724 ctus,
2382 657 2459 712 uti
2489 657 2608 713 istis
2637 657 2837 714 ibidem
2861 658 3041 714 verbis
3074 666 3343 715 testatur:
3379 678 3397 712 ι
3433 657 3621 729 Longe
3657 674 3792 714 vero

2206 758 2347 818 post,
2398 750 2659 820 magistro
2700 752 2979 820 praebente
3018 767 3366 819 consensum,
3401 753 3658 823 dignatus
3703 763 3791 808 est

2210 838 2295 892 vir
2338 848 2561 895 sanctus
2604 840 2896 910 praedictus
2946 841 3079 896 mihi
3112 842 3332 908 misero,
3358 850 3415 898 et
3459 857 3623 911 quem
3677 842 3800 912 ipse

2209 929 2484 999 suscipere
2509 930 2826 1001 dignaretur
2851 931 3096 1002 indigno,
3120 933 3256 986 mira
3279 948 3339 987 se
3362 947 3588 1002 prorsus
3613 931 3801 986 humi-

2208 1017 2362 1073 litate
2392 1019 2754 1086 committere,
2778 1030 2834 1077 et
2855 1021 2996 1076 sicut
3025 1021 3209 1077 abbati
3236 1023 3567 1077 monachum
3603 1021 3800 1092 subju-

2210 1123 2340 1181 gare
2377 1127 2391 1163 :
2429 1110 2517 1164 cui
2543 1110 2800 1166 nimirum
2825 1111 3100 1182 praestitit,
3126 1126 3233 1167 non
3266 1113 3497 1182 accepit.
3535 1112 3603 1167 Et
3634 1127 3801 1182 quem

2210 1214 2553 1270 susceperam
2594 1201 2742 1255 velut
2789 1202 2843 1256 in
2885 1200 3223 1271 subjectione
3261 1201 3540 1268 clientem,
3586 1201 3805 1274 gaudeo

2212 1305 2301 1344 me
2334 1290 2388 1343 in
2428 1290 2614 1345 schola
2650 1290 2856 1346 Christi
2902 1306 3032 1347 vere
3070 1292 3445 1363 philosophum
3479 1291 3798 1361 percepisse

2213 1380 2514 1436 doctorem.
2560 1380 2693 1436 Tota
2753 1382 2953 1452 quippe
2987 1382 3095 1437 vita
3145 1380 3282 1453 ejus,
3337 1383 3680 1454 praedicatio,
3732 1391 3792 1436 et

2211 1471 2522 1539 mlificatio,
2564 1474 2811 1529 doctrina
2853 1484 2994 1540 erat,
3036 1483 3093 1530 et
3130 1474 3439 1546 disciplina.
3477 1494 3496 1527 ι
3553 1474 3686 1530 Haec
3727 1473 3803 1529 ibi

2213 1564 2282 1620 de
2343 1564 2403 1620 S.
2464 1565 2745 1623 Dominico
2797 1566 3079 1635 Loricato,
3130 1566 3287 1637 cujus
3340 1567 3539 1623 natalis
3594 1565 3800 1623 incidit

2213 1655 2267 1709 in
2301 1654 2366 1709 l4
2396 1654 2670 1712 Octobris.

2282 1746 2337 1800 8.
2367 1745 2584 1802 Tertius
2604 1747 2897 1819 discipulus
2919 1749 3122 1803 sanctis
3135 1747 3441 1818 adscriptus
3455 1753 3539 1802 est
3555 1744 3802 1802 Joannes

911 1847 996 1903 cui
1042 1857 1096 1902 et
1139 1848 1475 1918 processioni
1523 1863 1742 1902 crucem
1797 1858 2108 1919 argenteam
2142 1855 2184 1912 Β
2214 1836 2508 1892 Laudcnsis
2536 1880 2550 1903 ,
2596 1838 2794 1894 illustri
2845 1840 3049 1895 familia
3110 1841 3252 1912 apud
3299 1840 3553 1895 Insubres
3616 1838 3808 1895 Laude

2218 1930 2472 2001 Pompeia
2499 1930 2780 1998 oriundus,
2812 1932 2926 2002 qui,
2956 1942 3015 1987 ut
3043 1932 3175 1987 Acta
3204 1932 3323 2003 ejus
3350 1933 3572 1998 habent,
3610 1948 3631 1984 t
3669 1932 3806 1986 tanti

2215 2022 2318 2077 viri
2349 2022 2491 2076 fama
2521 2033 2819 2093 comperta,
2850 2024 3098 2094 exemplo
3120 2024 3238 2095 ejus
3260 2024 3531 2077 animatus
3556 2064 3572 2089 ,
3604 2020 3803 2078 confu-

2215 2114 2293 2186 git
2314 2115 2380 2169 ad
2411 2115 2609 2185 ipsum,
2644 2124 2697 2171 et
2732 2116 3004 2188 elongavit
3031 2132 3090 2171 se
3118 2132 3147 2169 a
3174 2116 3374 2170 mundo
3400 2114 3633 2186 fugiens,
3659 2123 3715 2169 et
3740 2114 3809 2168 de

2218 2215 2359 2262 terra
2396 2210 2634 2278 propria,
2665 2218 2720 2265 et
2744 2211 3065 2281 cognatione
3093 2211 3376 2277 recedens,
3407 2210 3560 2267 venit
3591 2211 3643 2265 in
3683 2220 3802 2265 ter-

2216 2318 2355 2368 ram,
2384 2320 2546 2373 quam
2580 2304 2628 2358 ei
2660 2304 2919 2359 Dominus
2944 2305 3224 2369 revelavit,
3251 2313 3305 2360 et
3329 2304 3627 2360 venerabili
3653 2302 3804 2358 Patri

2216 2392 2379 2449 Petro
2407 2394 2650 2449 Damiani
2682 2395 2848 2465 priori
2877 2396 3082 2459 eremi,
3111 2404 3168 2451 et
3194 2396 3514 2451 devotornm
3544 2395 3802 2450 Fratrum

2213 2486 2496 2557 magistro,
2521 2502 2579 2541 se
2604 2485 2797 2541 obtulit
2826 2487 3125 2553 humiliter,
3154 2488 3383 2558 genibus
3412 2487 3567 2543 ﬂexis
3596 2503 3799 2559 rogans

2215 2575 2504 2641 instanter,
2538 2587 2597 2631 ut
2620 2577 2793 2646 ipsum
2822 2578 2922 2633 sub
2946 2577 3226 2647 disciplina
3253 2593 3424 2633 sacra:
3448 2578 3649 2648 regula:
3673 2578 3803 2633 bea-

2215 2666 2413 2722 tissimi
2434 2665 2614 2721 Patris
2640 2666 2920 2724 Benedicti
2965 2670 3268 2739 susciperet
3307 2671 3362 2725 in
3393 2670 3718 2740 discipulum
3749 2678 3799 2724 et

2214 2756 2437 2813 fratrem
2467 2799 2483 2823 ,
2511 2759 2578 2813 ad
2614 2758 2743 2827 [legi
2773 2757 2993 2816 Christo
3017 2770 3279 2831 perpetuo
3320 2760 3687 2816 serviendum.
3736 2759 3806 2813 At

2213 2863 2344 2905 vero
2372 2850 2700 2906 reverendus
2732 2850 2822 2905 Dei
2842 2853 3097 2907 sacerdos
3125 2851 3320 2908 Petrus
3345 2850 3591 2905 Damiani
3617 2850 3805 2904 videns

2211 2939 2435 2997 Joannis
2456 2941 2757 3012 simplicem
2780 2942 2943 2997 animi
2973 2943 3262 3013 puritatem
3283 2984 3297 3008 ,
3330 2941 3600 2998 fervorem
3642 2940 3805 3012 spiri-

2212 3040 2301 3085 tus
2323 3071 2339 3097 ,
2368 3031 2692 3087 obedientia:
2738 3033 3220 3103 promptitudinem
3241 3044 3265 3098 ,’
3307 3042 3362 3089 et
3392 3048 3582 3088 verum
3616 3031 3806 3087 mundi

2212 3133 2581 3196 contemptum
2600 3125 2812 3194 inipso,
2845 3125 3019 3196 ipsum
3046 3126 3275 3197 benigne
3300 3125 3523 3197 recepit.
3549 3146 3569 3179 ι
3602 3125 3807 3181 Beatus

527 3214 709 3269 minus
744 3215 886 3270 hunc
922 3214 988 3271 ad
1018 3215 1352 3285 providenda
1381 3215 1482 3270 sibi
1511 3216 1697 3270 infima
1728 3216 1804 3270 rei
1828 3214 2113 3271 familiaris
2140 3215 2186 3279 C
2216 3215 2410 3271 Petrus
2454 3218 2579 3272 huic
2623 3217 2899 3286 inscripsit
2937 3218 3253 3288 opusculum
3300 3234 3445 3283 mv,
3496 3217 3573 3272 De
3596 3217 3809 3272 .dccetn

526 3304 711 3375 inopia
753 3322 859 3361 non
910 3314 1180 3378 gravaret.
1245 3326 1264 3359 ι
1322 3307 1598 3363 llactenus
1644 3308 1705 3362 B.
1756 3308 1970 3371 Petrus,
2021 3310 2110 3380 qui

526 3411 617 3465 ep.
648 3396 706 3462 ‘2,
734 3395 835 3452 lib.
867 3412 949 3463 Ill,
981 3406 1242 3453 evocatus
1267 3396 1336 3452 ab
1358 3398 1768 3470 archiepiscopo
1794 3400 2112 3457 Ravennate

527 3486 874 3552 Gebehardo,
907 3497 1133 3543 excusat
1166 3504 1224 3543 se
1255 3488 1324 3543 ob
1356 3488 1591 3559 inepiam
1627 3505 1872 3554 suorum,
1914 3490 2114 3561 quibus

524 3579 812 3649 providere
838 3579 1105 3635 debebat:
1144 3598 1162 3631 ι
1200 3579 1498 3651 Ρηεοίρῑειί
1532 3580 1686 3645 mihi,
1719 3581 1912 3651 inquit,
1970 3581 2108 3636 dile-

528 3668 773 3723 ctissime
794 3669 976 3734 Paler,
1013 3679 1067 3724 et
1091 3669 1326 3736 domine,
1351 3680 1407 3724 et
1431 3670 1792 3741 prmcipicndo
1823 3671 2111 3735 mandasti,

526 3760 676 3814 utad
701 3767 754 3813 te
783 3760 1026 3816 venirem
1062 3779 1075 3791 ο
1114 3761 1208 3816 sed
1236 3775 1337 3833 ego
1377 3761 1769 3830 pauperculam
1815 3760 1996 3815 locum
2046 3760 2115 3815 ad

527 3853 825 3924 regendum
877 3854 1198 3924 suscipiens,
1245 3855 1337 3925 qui
1388 3855 1542 3927 prius
1586 3870 1687 3925 per
1737 3854 2113 3924 memetipsum

528 3946 866 4002 Solumtnodo
921 3964 1125 4020 panper
1178 3948 1383 4014 exstiti,
1429 3963 1575 4003 nunc
1638 3962 1735 4017 per
1784 3955 1863 4001 tot
1908 3960 2114 4016 pauper

530 4036 757 4093 effectus
780 4055 920 4101 sum.
948 4050 1079 4110 quot
1103 4044 1369 4110 regendos
1395 4043 1599 4113 accepi.
1622 4042 1904 4113 Perpendo
1927 4042 2109 4113 igitur,

530 4139 584 4185 et
605 4130 765 4199 quale
795 4132 865 4185 sit
901 4132 1165 4201 plurimos
1200 4148 1408 4205 regere,
1450 4144 1504 4189 et
1549 4134 1852 4203 praebendm
1878 4134 2114 4188 necessi-

530 4225 660 4279 tatis
684 4224 952 4294 stipcndia
984 4240 1089 4279 non
1124 4226 1346 4281 habere.
1384 4246 1402 4280 ι
1439 4227 1563 4282 llaec
1591 4226 1653 4280 Β.
1680 4226 1896 4291 Petrus,
1925 4227 2016 4295 qui
2059 4227 2112 4280 in

530 4311 802 4369 Chronico
850 4313 1166 4380 Gttaldensi,
1197 4317 1342 4371 circa
1385 4332 1586 4371 annum
1637 4315 1774 4371 1323
1805 4316 2114 4386 conscripto

526 4402 671 4471 apud
710 4400 1051 4471 Cajetanum,
1108 4405 1342 4459 habetur
1378 4405 1542 4476 hujus
1583 4405 1870 4459 eremitorii
1916 4419 2113 4459 sancta

529 4492 718 4550 Cruci:
740 4496 899 4566 juxta
939 4493 1163 4550 Fontem
1193 4496 1459 4552 Avellana:
1493 4507 1842 4561 constructor,
1875 4496 2017 4567 quod
2045 4496 2113 4550 de

2216 3305 2434 3378 JEgypti
2481 3307 2653 3377 plagis
2682 3348 2697 3374 ,
2727 3316 2783 3362 et
2812 3307 3108 3378 Deealogo,
3137 3316 3301 3378 atque
3351 3308 3422 3362 ita
3472 3306 3806 3376 alloquitur:

2221 3416 2240 3450 ι
2281 3398 2642 3454 Dilectissimo
2669 3398 2824 3453 fratri
2849 3397 3068 3464 Joanni,
3086 3396 3198 3467 jam
3220 3397 3633 3462 nouLaudensi,
3658 3397 3808 3451 ideo-

2216 3503 2322 3559 que
2350 3488 2600 3544 laudabili
2634 3491 2771 3555 viro,
2798 3488 2992 3545 Petrus
3019 3499 3271 3560 peccator
3299 3489 3598 3544 monachus
3622 3497 3806 3557 pater-

2216 3592 2299 3633 nte
2326 3578 2628 3635 dilectionis
2665 3580 2943 3635 allectum.
2980 3578 3368 3650 Contetnpsisti
3424 3593 3636 3647 nuper,
3686 3578 3764 3632 tili
3791 3620 3807 3644 ,

2215 3668 2575 3736 Pharaonem,
2603 3679 2658 3725 et
2683 3672 2901 3741 superbi
2924 3671 3088 3742 regis,
3111 3686 3177 3725 ac
3199 3670 3555 3741 opprimentis
3579 3668 3806 3741 )EgypIi

2216 3761 2376 3817 simul
2412 3762 2759 3817 abominatus
2789 3778 2849 3818 es
2874 3762 3191 3817 servitutem
3228 3779 3244 3815 :
3276 3775 3499 3816 necesse
3542 3772 3627 3815 est
3674 3775 3809 3831 ergo

2215 3868 2379 3919 nunc,
2405 3862 2465 3908 ut
2486 3853 2736 3923 gradiens
2764 3868 2863 3923 per
2887 3854 3155 3909 desertum
3187 3895 3202 3920 ,
3231 3850 3398 3907 multa
3444 3849 3808 3905 tentationum

2216 3958 2414 4015 genera
2443 3944 2656 4008 subeas,
2692 3944 2830 4009 sitis,
2859 3959 2924 3999 ac
2951 3943 3111 3999 famis
3138 3944 3377 4013 inopiam
3419 3943 3667 4014 perferas
3691 3982 3708 4007 ,
3751 3949 3810 3997 et

2216 4034 2294 4089 sic
2328 4049 2425 4103 per
2450 4048 2753 4089 aerumnosa
2789 4032 3028 4103 pericula
3050 4071 3067 4097 ,
3106 4033 3444 4102 diversaque
3474 4031 3810 4087 calamitatis

2216 4125 2495 4195 angustias
2512 4124 2579 4179 ad
2608 4133 2809 4179 terram
2840 4122 3275 4193 repromissionis
3295 4122 3547 4193 attingas.
3592 4139 3611 4173 ι
3640 4120 3808 4176 Plura

2217 4217 2399 4280 isthic,
2424 4226 2480 4272 et
2515 4217 2567 4271 in
2594 4216 2819 4288 prologo
2841 4230 2895 4272 et
2916 4216 3096 4288 capite
3111 4216 3323 4281 ultimo,
3352 4214 3453 4287 legi
3479 4225 3715 4285 possunt
3742 4215 3811 4271 de

2217 4309 2479 4381 singulari
2504 4309 2561 4363 Β.
2593 4309 2738 4364 Petri
2768 4325 2898 4380 erga
2926 4311 3072 4367 hunc
3099 4292 3423 4380 discipulum
3446 4307 3645 4363 aﬂcctu
3675 4309 3812 4363 cha—

2217 4401 2412 4465 ritatis,
2444 4416 2604 4472 quem
2633 4410 2825 4457 auctor
2860 4401 2992 4457 Vitae
3033 4400 3090 4456 S.
3131 4399 3355 4456 Joannis
3402 4400 3522 4455 istis
3547 4401 3813 4470 exprimit

2215 4494 2394 4549 verbis
2422 4512 2435 4548 :
2473 4513 2491 4546 ι
2526 4496 2655 4549 Duae
2686 4510 2814 4549 vero
2845 4493 3108 4549 columna:
3132 4492 3323 4549 lucida:
3354 4491 3583 4546 fratrum
3618 4492 3809 4549 Ercmi

529 4586 704 4655 prima
720 4587 1017 4643 cremitica:
1032 4588 1156 4643 vita:
1173 4588 1487 4645 fundatione
1500 4588 1674 4660 accipi
1690 4587 2109 4662 haudquaquam
2144 4572 2190 4631 Ι)
2216 4585 2406 4641 Fontis
2430 4584 2700 4640 Avellana:
2724 4584 3052 4640 reverendus
3074 4583 3226 4653 prior
3252 4583 3466 4649 Petrus,
3491 4593 3546 4638 et
3569 4583 3810 4640 clericus

529 4685 729 4749 potest.

2214 4677 2310 4732 Dei
2340 4675 2578 4732 Joannes
2601 4716 2617 4740 ,
2649 4676 2789 4730 sicut
2824 4675 2929 4730 duo
2972 4674 3257 4744 Seraphim
3307 4674 3489 4728 divina
3534 4673 3808 4728 charitate

599 4770 652 4823 7.
704 4769 853 4841 Inter
897 4768 1045 4825 viros
1090 4769 1155 4824 de
1195 4783 1380 4825 eremo
1420 4769 1512 4825 illa
1556 4770 1697 4825 bene
1741 4769 1965 4824 meritos
2010 4767 2114 4825 fuit
2212 4767 2531 4824 inflammati
2560 4808 2575 4830 ,
2604 4767 2767 4823 corde
2792 4807 2807 4829 ,
2854 4776 2908 4821 et
2935 4765 3251 4837 orejugiter
3280 4764 3446 4819 Deutn
3476 4763 3807 4820 altissimum

532 4861 597 4917 S.
643 4859 949 4931 Rodulpltus
1013 4860 1132 4931 ejus
1177 4860 1495 4930 discipulus,
1551 4860 1698 4924 dein,
1744 4868 1804 4913 ut
1852 4859 2109 4925 diximus,

531 4953 818 5012 cpiscopus
843 4953 1180 5014 Eugubinus,
1211 4952 1366 5014 cuius
1395 4956 1571 5010 Vitam
1597 4971 1627 5009 a
1669 4971 1729 5012 se
1754 4960 2012 5016 scriptam
2043 4959 2107 5013 Β.

2213 4858 2619 4922 collaudabaut,
2652 4867 2709 4913 et
2746 4856 2972 4909 fratrum
3000 4865 3229 4919 mentes,
3262 4865 3316 4910 ct
3346 4854 3511 4910 corda
3537 4894 3554 4920 ,
3607 4865 3664 4909 et
3707 4869 3804 4909 ora

2217 4949 2286 5003 ad
2326 4947 2416 5003 Dei
2458 4946 2707 5002 timorem
2754 4954 2807 4999 et
2841 4946 3135 4999 fraternam
3182 4944 3506 4998 charitatcm
3539 4941 3804 4998 accende—
