3982 5350
199 325 276 383 93
669 328 1208 387 PROLEGOMENA.
1232 360 1301 372 -—
1339 331 1427 385 DE
1467 329 1525 386 S.
1560 329 1792 385 PETRO
1822 329 2133 386 DAMIANO
2176 329 2586 388 llENSCliENll
2625 333 2984 392 COMMENT.
3407 340 3478 398 94

197 450 529 510 assumptus
554 441 608 496 in
635 443 804 497 multa
830 445 1113 499 sanctitate
1141 444 1296 511 vixit,
1328 454 1384 503 et
1420 444 1577 500 obiit.
1619 464 1638 498 ›
1673 434 1798 500 Dies
1825 449 1876 507 Α
1903 443 2129 498 deuntes
2149 445 2288 516 apud
2317 447 2704 502 monasterium
2734 448 2978 504 Aceretae
2998 448 3173 518 prima
3196 452 3480 511 mansione

197 531 352 586 illius
382 533 593 589 natalis
618 533 926 605 assignatur
951 536 982 590 7
1025 535 1174 606 Sept.

930 625 974 696 ξς
1009 625 1068 679 ll.

197 708 354 764 Petri
395 711 659 769 Damiani
694 716 1102 840 lucubrationis.
1159 716 1274 772 Vita
1316 719 1432 790 ejus
1471 727 1634 775 edita.
1671 717 1798 774 Dies

900 800 1022 840 nata
1049 805 1112 840 is.

900 800 1112 842 ηαιαιισ.

275 889 294 921 ι
324 872 379 927 9.
401 873 584 945 Opera
607 875 668 930 B.
700 875 840 933 Petri
863 878 1107 935 Damiani
1126 897 1230 935 non
1253 883 1371 938 sine
1393 883 1794 939 ecclesiastica-

193 979 317 1016 rum
351 965 670 1024 litterarum
696 971 1022 1027 detrimento
1051 974 1103 1026 in
1122 976 1360 1030 tenebris
1386 979 1536 1032 varie
1565 978 1794 1046 disiecta

190 1057 444 1125 jaeuisse
470 1101 486 1125 ,
527 1081 547 1112 ι
583 1065 738 1118 testis
767 1075 850 1119 est
882 1065 1081 1120 Paulus
1106 1069 1146 1122 ν
1177 1069 1419 1138 pontifex
1451 1073 1718 1127 maximus
1740 1075 1796 1129 in

193 1147 360 1202 Brevi
414 1153 487 1205 ad
527 1151 945 1210 Constantinum
976 1156 1291 1226 Cajetanmn
1322 1163 1646 1216 monachum
1691 1163 1792 1218 Be-

195 1242 545 1298 nedictinum
590 1249 1283 1306 monasterii-Catanensis
1344 1252 1400 1307 S.
1455 1253 1660 1308 Nicolai
1726 1257 1794 1310 de

194 1330 408 1398 Arena,
441 1335 601 1403 cujus
644 1357 663 1390 (
706 1337 892 1394 labore
919 1351 974 1396 et
996 1342 1271 1412 diligentia
1297 1360 1362 1398 ex
1391 1345 1574 1401 multis
1604 1347 1796 1403 biblio-

195 1423 374 1479 thecis
404 1430 714 1496 couquisita
743 1447 807 1486 ea
830 1442 884 1487 et
926 1434 1150 1489 collecta
1184 1436 1350 1492 fuisse
1388 1441 1604 1493 asserit.
1654 1460 1673 1491 ›
1723 1440 1795 1496 At

194 1517 381 1571 varios
408 1519 656 1587 ejusdem
677 1523 736 1578 Β,
765 1524 910 1579 Petri
943 1537 1206 1583 tractatus
1235 1546 1366 1584 mss.
1395 1529 1508 1599 jam
1539 1543 1663 1587 ante
1697 1548 1796 1589 ex-

193 1621 483 1678 cerpserat
514 1628 581 1666 ex
611 1616 954 1672 bibliothecis
982 1620 1281 1686 Casinensi,
1308 1623 1638 1692 Capranica,
1681 1634 1793 1678 tum

193 1701 587 1756 canonicorum
618 1706 862 1761 ecclesia:
889 1709 944 1762 S.
977 1709 1145 1774 Petri,
1170 1721 1334 1780 atque
1359 1712 1580 1767 alterius
1611 1727 1793 1769 coeno-

1902 536 2335 606 bospitaremur;
2369 539 2569 594 ibidem
2601 555 2706 595 non
2734 540 2910 595 solum
2934 541 3076 598 istud
3108 585 3124 610 ,
3166 545 3261 600 sed
3290 555 3344 602 et
3374 548 3477 604 alia

1899 628 2168 697 qumdam,
2193 646 2312 698 quae
2334 631 2597 686 miraculo
2621 631 2745 686 huic
2758 633 2989 688 subdere
3013 637 3346 702 curabimus,
3377 655 3479 696 nos

1899 720 2178 776 addiscere
2200 723 2458 790 contigit,
2511 723 2870 779 referentibus
2918 726 3107 780 eadem
3153 728 3478 798 quibusdam

1897 813 2137 884 ejusdem
2166 815 2479 869 monasterii
2511 815 2792 881 fratribus,
2821 833 2920 872 nec
2947 833 3055 872 non
3100 828 3154 874 et
3200 821 3477 890 praedicta:

1897 907 2107 969 eremi,
2139 907 2230 976 qui
2280 915 2410 961 tunc
2456 907 2546 962 illo
2586 919 2973 964 convenerant.
3019 931 3037 962 ι
3077 911 3156 965 Ex
3207 913 3479 984 adjunctis

1895 999 2175 1055 miraculis
2201 999 2416 1069 aliquod
2451 1002 2550 1054 sibi
2580 1001 2803 1056 relatum
2829 1019 2884 1058 n.
2905 1002 2978 1056 24
3003 1005 3198 1059 asserit
3224 1022 3256 1059 a
3287 1006 3476 1075 fratre,

1897 1089 2020 1144 dum
2050 1107 2168 1143 cum
2199 1091 2379 1144 eodem
2409 1107 2440 1143 a
2467 1090 2596 1144 silva
2621 1092 2879 1146 rediisset.
2923 1093 3082 1147 Aliud
3114 1110 3262 1148 num.
3313 1095 3385 1150 27
3419 1106 3480 1153 et

1894 1181 1966 1236 28
1997 1189 2217 1248 narrat,
2259 1190 2421 1250 prout
2451 1181 2497 1236 is
2521 1221 2534 1245 ,
2565 1182 2649 1236 cui
2691 1182 2820 1236 illud
2862 1183 3182 1238 beneﬁcium
3220 1185 3477 1241 collatum

1896 1281 2034 1337 erat,
2067 1272 2244 1328 factus
2271 1272 2596 1337 monachus,
2629 1290 2646 1324 ι
2684 1280 2854 1327 totum
2885 1273 3065 1340 nobis,
3089 1275 3280 1344 inquit,
3313 1287 3374 1330 ut
3393 1275 3479 1332 dio

1896 1363 2186 1435 gessimus,
2225 1377 2290 1418 ex
2320 1363 2514 1417 ordine
2543 1363 2838 1418 enarravit.
2869 1384 2888 1417 ι
2916 1365 2994 1420 lta
3038 1381 3092 1419 n.
3120 1365 3192 1419 42
3231 1366 3479 1424 dicturus

1895 1471 2034 1517 sum,
2069 1455 2211 1524 quod
2235 1455 2533 1525 majoribus
2559 1457 2693 1510 meis
2714 1457 3097 1528 condiscipulis
3119 1457 3481 1516 referentibus

1895 1545 2097 1600 audivi.
2123 1545 2194 1598 At
2229 1563 2249 1596 ι
2279 1560 2398 1614 qua:
2428 1547 2836 1602 conversionem
2859 1546 2975 1616 ejus
3000 1562 3417 1618 praicesserunt,
3453 1569 3473 1603 ο

1896 1636 1970 1689 ait
1997 1651 2053 1688 n.
2077 1633 2132 1698 2,
2157 1649 2216 1688 se
2241 1652 2260 1684 ι
2289 1633 2460 1688 relatu
2487 1634 2765 1702 cujusdam
2802 1634 2972 1705 ipsius
3000 1637 3288 1707 propinqui
3317 1677 3334 1704 ,
3372 1638 3480 1694 viri

1896 1725 2095 1796 gravis,
2120 1734 2172 1778 et
2197 1723 2431 1790 honesti,
2467 1725 2738 1780 audivisse
2769 1744 2782 1780 :
2822 1745 2841 1778 ›
2877 1734 2934 1780 at
2967 1745 2985 1778 α
3015 1736 3224 1796 partem
3259 1743 3323 1782 ex
3350 1743 3480 1798 quu-

194 1785 266 1842 bii
293 1790 490 1857 italiae,
513 1795 767 1866 Aluysius
801 1799 1127 1869 Lipomanus
1156 1804 1442 1872 episcopus
1477 1806 1655 1874 primo
1685 1805 1791 1860 Ve-
1819 1801 1864 1860 Β
1893 1785 2017 1872 (iam
2041 1816 2530 1886 condiscipulorum
2555 1833 2820 1883 meorum,
2850 1818 3046 1887 inquit,
3070 1820 3160 1888 qui
3190 1821 3309 1890 ejus
3338 1837 3472 1876 con-

195 1886 470 1948 ronensis,
500 1887 624 1941 dein
650 1890 1048 1960 Bergomensis,
1081 1911 1144 1949 ac
1171 1907 1390 1951 curarat
1423 1899 1563 1970 typis
1592 1898 1794 1954 Roma-

195 1971 276 2026 nis
311 1989 410 2027 an-
449 1976 588 2032 l560
615 1983 844 2049 vulgari,
881 1996 1071 2052 quarta
1101 1997 1254 2055 parte
1279 1989 1406 2043 tomi
1436 1991 1615 2044 octavi
1645 1990 1792 2045 Vita-

195 2075 310 2114 rqu
343 2077 666 2121 sanctorum
695 2071 999 2139 priscorum
1024 2073 1267 2131 Patrum.
1298 2077 1638 2147 Margarinus
1661 2080 1790 2134 item

183 2153 444 2226 'Bignaeus
471 2163 654 2216 varias
683 2161 922 2230 ejusdem
953 2165 1013 2219 B.
1060 2166 1204 2221 Petri
1241 2169 1499 2238 epistolas
1543 2169 1793 2238 adjunxit

195 2248 244 2301 in
293 2254 548 2306 auctiore
595 2255 836 2310 editione
886 2257 1226 2314 Bibliotheca:
1271 2273 1510 2316 veterum
1544 2261 1786 2316 Patrum.

196 2339 504 2398 Cardinalis
533 2343 803 2401 Baronius
849 2348 913 2401 ad
969 2364 1055 2402 an.
1105 2349 1242 2403 1047
1267 2391 1280 2410 ,
1318 2367 1468 2404 num.
1510 2351 1613 2414 l5,
1667 2352 1786 2415 ait,

199 2446 217 2480 ι
258 2431 494 2501 singulis
526 2435 698 2490 ferme
721 2439 880 2494 annis
907 2439 1134 2494 dicenda
1163 2456 1303 2507 esse,
1337 2462 1354 2492 ι
1380 2444 1639 2512 quomodo
1673 2459 1692 2494 ι
1725 2442 1787 2497 Β.

195 2518 388 2579 Petrus
418 2527 706 2598 multiplici
734 2531 952 2586 nomine
983 2532 1088 2586 illis
1123 2535 1455 2602 temporibus
1485 2533 1791 2604 perditissi-

197 2619 292 2672 mis
323 2619 590 2676 Ecclesia:
615 2623 894 2678 catholica:
924 2624 1220 2693 profuerit,
1262 2642 1382 2680 cum
1429 2627 1496 2680 ad
1531 2626 1792 2681 ecclesia-

194 2711 328 2765 stica
358 2712 577 2780 negotia
604 2714 880 2768 subeunda
903 2725 1124 2769 vocatus
1148 2731 1290 2784 saepe
1311 2731 1376 2769 ex
1401 2730 1585 2770 eremo
1606 2714 1729 2781 fuit,
1765 2735 1785 2768 ι

196 2814 254 2854 ac
305 2801 518 2870 passim
550 2801 669 2870 ejus
699 2819 785 2874 ep.
835 2804 1049 2876 aliaque
1076 2805 1372 2876 opuscula,
1423 2822 1455 2861 e
1507 2807 1790 2862 codicibus

198 2906 327 2946 mss.
353 2893 588 2962 profert.
623 2895 693 2948 At
749 2896 1039 2967 Cajetanus
1088 2899 1269 2953 omnia
1321 2898 1560 2967 ejusdem
1625 2915 1790 2968 opera

198 2982 558 3052 nndequaque
587 2983 816 3039 collecta
845 2988 895 3040 in
923 2996 1033 3042 tres
1063 2997 1239 3042 tomos
1269 2989 1533 3056 distinxit,
1556 3005 1790 3060 quorum

198 3074 405 3140 primus
433 3075 682 3130 continet
715 3076 1068 3146 epistularum
1099 3078 1266 3134 libros
1306 3089 1431 3134 octo
1459 3120 1474 3145 ,
1515 3082 1785 3138 secundus

199 3165 377 3218 varios
405 3180 712 3232 sermones,
736 3177 791 3223 et
821 3179 1135 3224 sanctorum
1163 3171 1443 3236 historias,
1477 3174 1670 3229 tertius
1691 3174 1785 3229 de-
1813 3157 1858 3218 (ἶ

202 3256 361 3323 nique
399 3256 639 3312 illustria
673 3259 740 3314 de
767 3260 934 3314 variis
961 3262 1297 3331 argumentis
1336 3264 1596 3333 opuscula
1628 3281 1788 3320 sexa-

203 3347 364 3414 ginta.
393 3347 526 3414 Qua:
556 3350 740 3404 omnia
775 3351 897 3404 dein
931 3367 1071 3407 novo
1101 3354 1302 3420 studio,
1332 3370 1395 3410 ac
1419 3355 1603 3412 labore
1633 3373 1788 3414 reco-

207 3438 372 3506 gnita,
401 3450 674 3512 auctaque
700 3443 754 3496 in
779 3442 967 3499 Galliis
993 3445 1329 3515 prodierunt.

279 3533 363 3586 l0.
401 3533 704 3603 Prceposita
736 3535 822 3590 bis
861 3537 1116 3606 operibus
1139 3549 1223 3593 est
1259 3541 1374 3595 Vita
1404 3540 1464 3594 Β.
1503 3541 1649 3596 Petri
1679 3541 1785 3596 Da-

214 3621 374 3676 miani
409 3639 468 3677 ex
497 3626 710 3680 duobus
743 3627 1022 3682 codicibus
1047 3645 1177 3684 mss.
1213 3631 1552 3698 Ravennate,
1583 3643 1638 3687 et
1678 3634 1785 3688 Fa-

209 3714 425 3769 ventino
452 3715 600 3769 edita
632 3757 649 3781 ,
689 3733 753 3771 ac
787 3718 838 3771 in
889 3721 1046 3774 tertia
1076 3719 1221 3775 Surii
1268 3723 1506 3778 editione
1548 3739 1736 3779 recusa
1769 3739 1785 3780 :

204 3818 359 3870 quam
388 3812 445 3858 et
475 3821 578 3860 nos
614 3807 704 3861 hic
752 3808 940 3864 damus
973 3809 1024 3864 in
1057 3813 1235 3880 capita
1266 3828 1417 3867 more
1457 3817 1790 3871 nostro‘dis-

203 3895 450 3963 tinctam,
489 3907 546 3952 et
590 3900 736 3953 notis
765 3910 818 3956 et
844 3902 910 3954 ad
941 3905 1262 3973 marginem,
1291 3922 1579 3976 rerumque
1610 3920 1789 3978 gesta-

205 4002 313 4040 rum
355 3989 654 4046 breviariis
679 3992 1024 4050 illustratam.
1056 3996 1353 4053 Auctorem
1399 4000 1687 4069 opinamur
1723 3999 1783 4055 S.

203 4077 469 4138 Joannem
498 4082 865 4152 Laudensem,
895 4087 1016 4142 dein
1038 4090 1277 4158 priorem
1314 4092 1556 4162 ejusdem
1591 4095 1784 4160 eremi,

203 4191 260 4234 ac
288 4187 490 4249 postea
527 4182 842 4252 episcopum
869 4183 1236 4254 Eugubinum,
1262 4195 1320 4240 ut
1339 4203 1498 4258 supra
1527 4189 1783 4243 diximus.

202 4268 313 4339 Ipse
345 4286 554 4326 nomen
594 4287 752 4328 suum
799 4275 980 4344 prodit
1020 4275 1074 4330 in
1123 4277 1262 4331 Vitae
1291 4278 1649 4348 inscriptione
1675 4319 1691 4344 ,
1723 4294 1788 4334 ac

202 4377 323 4417 mox
356 4364 416 4418 in
439 4364 665 4434 prologo
690 4367 788 4428 ait,
819 4381 876 4421 se
909 4385 928 4418 ί
964 4375 1116 4424 tanto
1141 4356 1473 4434 Patri,licet
1521 4371 1574 4424 in
1606 4379 1788 4425 extre-

202 4455 302 4508 mis
335 4470 479 4524 pene
503 4458 837 4526 temporibus
867 4498 883 4523 ,
931 4459 1268 4514 individuum
1314 4461 1568 4516 comitem
1618 4463 1787 4518 iuliae-

203 4548 362 4602 sisse.
400 4568 420 4600 ›
456 4548 573 4619 ipse
593 4549 741 4604 enim
766 4547 825 4605 S.
849 4549 1100 4616 Joannes,
1134 4553 1258 4607 utin
1284 4552 1401 4622 ejus
1428 4554 1548 4608 \‘ita
1569 4554 1784 4624 legitur,

210 4655 228 4689 ι
264 4638 410 4694 fama
442 4643 575 4696 tanti
615 4642 718 4696 viri
756 4653 1053 4712 comperta,
1091 4663 1110 4695 ι
1143 4645 1360 4714 quando
1383 4646 1468 4700 hic
1495 4666 1514 4697 ‹
1549 4662 1671 4701 cum
1713 4646 1778 4700 li-

207 4733 383 4788 centia
411 4719 623 4789 Domini
655 4751 808 4804 papae
845 4735 1210 4791 cardinalatus
1240 4737 1462 4806 gloriam
1507 4740 1744 4794 deseruit
1771 4779 1785 4805 ,

207 4833 259 4879 et
306 4825 362 4879 in
401 4841 586 4883 eremo
619 4827 813 4882 Fontis
839 4827 1110 4883 Avellana:
1141 4843 1203 4884 se
1246 4830 1466 4884 reclusit
1494 4873 1508 4895 ,
1539 4830 1789 4899 exemplo

206 4917 324 4985 ejus
352 4918 647 4983 animatus,
675 4919 918 4989 confugit
946 4921 1012 4976 ad
1038 4922 1234 4992 ipsum.
1273 4940 1292 4974 ι
1321 4921 1421 4989 Qui
1453 4922 1505 4977 in
1531 4924 1701 4993 ipsius
1725 4921 1783 4977 S.

206 5007 348 5063 Petri
376 5011 494 5066 Vita
519 5021 820 5083 postquam
844 5028 893 5066 c.
919 5015 952 5070 8
978 5015 1096 5086 ejus
1143 5016 1211 5070 ad
1254 5031 1498 5072 eremum
1541 5017 1788 5072 narravit

209 5101 452 5170 reditum,
479 5122 607 5160 mox
623 5119 781 5158 num.
808 5104 897 5168 49.,
921 5123 1038 5175 quae
1060 5109 1226 5181 agiab
1250 5124 1315 5163 eo
1343 5110 1553 5166 viderat
1586 5109 1748 5165 refert
1774 5127 1787 5163 :

215 5209 231 5242 ι
268 5191 373 5249 Vidi
395 5211 613 5266 nempe,
646 5195 843 5262 inquit,
879 5206 931 5250 et
959 5199 1098 5265 dein,
1133 5201 1236 5253 hoc
1261 5201 1478 5268 quidem
1501 5203 1618 5273 ipse
1649 5216 1786 5270 prm-

211 5297 322 5341 sens
349 5290 567 5350 agnovi,
609 5307 630 5340 ι
673 5288 900 5341 Demmn
923 5291 1229 5346 individuus
1259 5294 1326 5347 ad
1356 5305 1584 5350 mortem
1622 5309 1792 5350 usque

1893 1907 2146 1963 tubernio
2167 1915 2296 1962 ante
2329 1923 2414 1962 me
2440 1907 2797 1964 familiaribus
2830 1909 3114 1974 inhaesere,
3143 1919 3355 1980 partem
3379 1927 3473 1966 eo-

1893 2016 2014 2056 rum
2043 2041 2057 2065 ,
2101 2015 2222 2070 quae
2251 2001 2521 2056 relaturus
2551 2015 2671 2055 sum
2700 2042 2715 2067 ,
2744 2017 2831 2057 me
2873 2016 2940 2056 ex
2979 2001 3149 2071 ipsius
3193 2002 3338 2056 Petri
3381 2017 3478 2060 ore

1892 2092 2198 2162 suscepisse
2217 2092 2461 2146 memini.
2502 2111 2520 2144 ι
2550 2092 2618 2146 Et
2646 2109 2796 2147 num.
2831 2093 2897 2148 l8
2927 2111 2940 2146 :
2968 2112 2986 2144 ι
3025 2091 3212 2162 Saepe,
3261 2093 3475 2164 inquit,

1893 2185 2050 2240 nobis
2096 2183 2305 2239 referre
2351 2183 2582 2239 solebat.
2619 2204 2638 2237 ι
2672 2185 2792 2240 Alia
2824 2185 2990 2240 etiam
3040 2200 3105 2240 ex
3137 2186 3380 2256 ejusdem
3411 2187 3474 2241 Β.

1893 2277 2036 2332 Petri
2067 2276 2340 2346 opusculis
2370 2277 2680 2346 excerpsit;
2733 2277 2805 2330 ita
2835 2293 2888 2330 n.
2925 2275 2991 2330 l0
3023 2290 3038 2330 :
3083 2295 3104 2329 ι
3154 2276 3223 2331 Ει
3259 2277 3478 2347 quidem

1892 2368 2120 2438 ipsemet
2153 2379 2259 2422 tam
2288 2368 2408 2430 hoc,
2438 2367 2631 2436 inquit,
2665 2382 2824 2436 quam
2863 2365 3007 2421 aliud
3033 2408 3048 2430 ,
3079 2367 3222 2436 quod
3252 2368 3319 2421 de
3359 2367 3476 2438 ejus

1893 2458 2196 2527 abjectione
2220 2469 2469 2513 recenter
2494 2459 2601 2512 uati
2631 2459 2879 2528 superius
2902 2458 3080 2524 retuli,
3108 2460 3221 2514 suis
3250 2474 3478 2528 opuscu-

1891 2550 1958 2603 lis
1981 2549 2255 2604 exarando
2293 2549 2539 2604 inseruit.
2578 2570 2598 2602 ι
2637 2548 2768 2616 Quae
2798 2566 2850 2605 c.
2901 2550 2954 2604 7.
2984 2550 3050 2605 de
3085 2549 3325 2605 Ecclesia
3367 2550 3479 2606 Me-

1893 2639 2192 2694 diolanensi
2225 2640 2570 2695 reconciliata
2604 2649 2915 2706 narrantur,
2946 2660 2964 2692 ι
3007 2641 3060 2696 in
3087 2640 3226 2695 libro
3256 2641 3341 2696 cui
3379 2657 3474 2696 vo-

1893 2728 2168 2794 cabulum,
2193 2728 2352 2783 Actus
2383 2728 2690 2795 Mediolani,
2719 2729 3024 2786 luculenter
3050 2731 3310 2800 exprimi,
3342 2751 3361 2783 ›
3400 2731 3480 2786 ait

1891 2835 2010 2890 qua:
2038 2821 2241 2875 eisdem
2261 2822 2460 2890 passim
2483 2823 2662 2877 verbis
2691 2822 2921 2877 servatis
2943 2823 3250 2892 descripsit.
3275 2823 3478 2879 Eodem

1893 2913 2073 2978 modo,
2103 2928 2223 2982 quae
2253 2913 2320 2967 de
2345 2914 2672 2967 institutione
2689 2911 2878 2967 Fontis
2904 2913 3141 2968 Avellani
3167 2929 3221 2968 η.
3249 2914 3337 2980 l6,
3371 2923 3478 2968 tra-

1890 3004 2112 3071 duntur,
2137 3005 2266 3059 licet
2295 3020 2478 3060 coram
2497 3014 2707 3070 auctor,
2741 3013 2795 3060 et
2821 3005 3187 3075 conspexerit,
3211 3014 3268 3060 et
3291 3005 3480 3060 obser-

1892 3100 2055 3164 varit,
2091 3108 2267 3152 tamen
2291 3115 2357 3152 ex
2392 3114 2578 3169 opusc.
2613 3114 2704 3152 xw
2729 3107 2783 3152 et
2807 3115 2874 3153 xv
2895 3099 3174 3168 desumpta
3209 3107 3354 3152 sunt.

1963 3190 2049 3244 ll.
2080 3188 2340 3259 Ughcllus
2373 3199 2503 3243 tom.
2535 3188 2575 3241 l.
2609 3188 2774 3262 l_ta|i:e
2797 3203 2969 3242 sacra:
3003 3188 3056 3240 in
3080 3187 3348 3257 episcopis
3371 3186 3480 3240 Ευο

1887 3283 2123 3354 gubinis,
2158 3282 2218 3337 S.
2249 3282 2509 3335 Joannem
2538 3278 2862 3333 Laudensem
2901 3287 3241 3348 cognomento
3278 3275 3469 3331 Gram-

1887 3374 2138 3427 maticum
2173 3371 2408 3441 appellat
2430 3412 2443 3433 ,
2485 3372 2555 3425 ob
2585 3371 2709 3441 styli
2753 3369 2962 3425 scilicet
3003 3367 3331 3439 elegantiam
3357 3409 3374 3435 ,
3409 3377 3467 3423 et

1889 3465 2212 3535 gravitatem
2233 3505 2248 3529 ,
2281 3479 2400 3533 qua:
2430 3462 2542 3516 fere
2576 3477 2740 3530 supra
2791 3461 2888 3516 aevi
2928 3460 3072 3515 illius
3128 3460 3480 3514 consuetudi—

1888 3569 2012 3609 nem
2041 3562 2124 3608 est
2153 3553 2206 3607 in
2238 3554 2339 3607 hac
2371 3551 2488 3605 Vita
2517 3565 2796 3620 expressa.
2826 3550 2926 3604 llic
2966 3564 3100 3620 ergo
3125 3549 3357 3620 diligens
3384 3564 3478 3604 ve-

1888 3646 2070 3702 ritatis
2090 3645 2302 3709 cultor,
2333 3643 2545 3698 ﬂorenti
2582 3643 2788 3696 calamo
2812 3658 2898 3697 res
2928 3657 2958 3696 a
2990 3641 3048 3694 Β.
3074 3641 3235 3696 Petro
3264 3651 3466 3711 gestas,

1888 3753 2016 3793 mox
2068 3736 2136 3790 ab
2187 3736 2335 3791 obitu
2392 3733 2509 3802 ejus
2563 3735 2901 3802 descriptas,
2955 3733 3157 3787 dicavit
3207 3730 3477 3802 Liprando

1886 3832 2051 3902 priori
2096 3830 2213 3900 ejus
2265 3828 2564 3883 successori
2597 3843 2610 3879 :
2645 3827 2733 3896 qui
2765 3827 3096 3894 Ariprandus
3129 3824 3310 3880 forsan
3353 3824 3476 3880 aliis

1887 3929 1992 3985 est,
2025 3920 2112 3974 cui
2141 3920 2198 3973 Β.
2230 3917 2428 3973 Petrus
2458 3916 2732 3984 inscripsit
2759 3914 3074 3985 Opusculuin
3119 3929 3223 3968 xcv
3250 3923 3306 3968 et
3330 3929 3476 3979 XLVI,

1887 4011 2032 4081 quod
2058 4010 2308 4064 ultimum
2336 4009 2409 4062 ita
2441 4007 2720 4062 exorditur
2752 4025 2765 4060 :
2805 4023 2823 4056 ‹
2865 3998 3480 4074 Exigis,dilectissime

1888 4100 1986 4166 illi,
2021 4109 2081 4156 ut
2113 4100 2210 4154 tibi
2236 4099 2437 4169 aliquid
2471 4098 2728 4162 scribam,
2759 4105 2845 4160 et,
2875 4096 2968 4165 qui
2995 4110 3080 4149 me
3106 4094 3347 4150 dictante
3372 4094 3482 4150 fre-

1888 4201 2120 4262 quenter
2148 4191 2270 4245 aliis
2295 4190 2599 4261 scriptilas,
2635 4197 2695 4242 ut
2739 4189 2833 4243 tibi
2865 4202 3082 4257 quoque
3111 4186 3312 4255 aliquid
3347 4186 3481 4240 serio

1885 4283 2067 4348 batur,
2097 4281 2384 4352 imploras;
2425 4299 2443 4331 ι
2480 4280 2657 4348 eique,
2689 4294 2775 4348 ep.
2811 4277 2908 4342 l9;
2941 4276 3323 4348 :egritudinum
3354 4289 3483 4329 sua-

1887 4391 2006 4430 rum
2035 4374 2234 4432 seriem
2264 4373 2506 4442 exponit.
2547 4371 2678 4440 Quae
2708 4371 2808 4426 sub
2843 4370 3005 4425 linem
3035 4370 3102 4424 de
3140 4367 3480 4439 apparitione

1889 4470 1952 4523 Β.
1975 4467 2120 4523 Petri
2152 4482 2294 4522 anno
2319 4465 2454 4520 l080
2483 4465 2624 4519 facta
2647 4465 2917 4519 habentur
2936 4505 2950 4528 ,
2997 4463 3064 4516 ab
3088 4462 3193 4516 alio
3223 4460 3478 4531 qquiam

1895 4561 2147 4615 videntur
2177 4569 2362 4630 postea
2396 4559 2671 4628 adjuncta,
2700 4568 2759 4612 ut
2780 4556 2978 4611 ibidem
3000 4554 3355 4610 observamus
3379 4593 3395 4618 ,
3425 4560 3482 4608 et

1895 4655 2244 4724 appendicem
2276 4653 2643 4706 inscribimus.

1971 4745 2060 4800 l2.
2093 4743 2196 4798 Alii
2226 4758 2349 4798 sazc.
2382 4741 2593 4797 decimo
2617 4751 2773 4795 sexto
2799 4739 3040 4809 ejusdem
3075 4740 3137 4793 B.
3169 4737 3318 4813 Petri
3347 4736 3481 4793 Acta

1899 4852 1998 4891 suo
2031 4835 2170 4906 stylo
2200 4843 2537 4890 exornarunt
2581 4850 2610 4887 a
2641 4833 2903 4900 Cajelano
2929 4847 3052 4887 cum
3083 4829 3322 4885 editione
3368 4828 3480 4881 Βο-

1899 4943 2060 4982 mana
2093 4927 2443 4996 epistolarum
2475 4923 2636 4979 simul
2666 4925 2884 4988 excusi,
2918 4922 3010 4978 sed
3039 4931 3228 4992 postea
3280 4922 3334 4974 in
3370 4918 3486 4976 edi-

1896 5017 2045 5073 tione
2063 5013 2405 5086 Lugdimensi
2429 5056 2443 5077 ,
2472 5014 2657 5069 omissi
2686 5013 2828 5082 quod
2867 5012 3109 5080 ejusdem
3133 5011 3374 5066 Damiani
3401 5023 3490 5063 res

1898 5118 2116 5180 gestas,
2161 5121 2296 5176 quas
2343 5104 2462 5172 ejus
2521 5104 2814 5173 discipulus
2861 5102 3140 5168 Joannes,
3190 5102 3488 5167 eademque

1898 5215 2122 5273 prorsus
2150 5198 2294 5252 serie
2323 5206 2566 5251 nat-rent.
2603 5197 2806 5251 Horum
2851 5197 3059 5267 primus
3113 5203 3194 5250 est
3247 5189 3484 5245 Joannes

1897 5291 2164 5345 Antonius
2204 5287 2504 5340 Flaminius
2551 5286 3066 5348 Forocorneliensis,
3121 5297 3283 5350 quem
3318 5280 3486 5340 inter.
