3982 5350
487 217 558 273 ss
660 193 665 197 ’
1104 182 1123 221 τ
1337 214 1398 271 s.
1429 209 1706 268 remus
1743 204 2095 265 DAMIANUS
2119 203 2176 260 s.
2210 202 2278 257 tt.
2313 200 2376 256 E.
2417 195 2849 255 canamus.
3676 189 3748 249 ss

489 337 705 387 exstant
728 329 767 385 l.
814 347 831 386 ι
876 330 1127 387 Virorum
1177 327 1465 384 illustrium
1496 323 1704 382 ordinis
1742 322 2067 378 Praedicato-
2092 322 2142 382 Α
2171 327 2315 374 tomo
2343 316 2433 371 Vll
2457 317 2522 372 de
2550 315 2688 371 Vitis
2713 323 3021 370 sanctorum
3048 314 3100 369 in
3122 312 3511 384 Supplemento
3542 312 3612 368 ad
3640 309 3750 367 Su-

487 436 629 476 rum.
657 420 952 475 Flaminius
972 420 1138 474 etiam
1162 419 1343 473 varias
1365 416 1517 471 Vitas
1536 415 1757 469 Patrum
1777 412 1895 467 ord.
1920 410 2066 475 Prteg

488 509 788 585 dicatorum
820 525 850 563 a
867 509 1111 571 Leandro
1135 509 1305 564 editas
1318 504 1663 575 conscripsit,
1685 512 1744 558 ut
1771 501 1829 557 S.
1857 498 2064 555 Alberti

487 597 690 668 Magni,
716 596 987 652 Vineentii
1017 598 1304 661 Valentini,
1326 595 1509 651 Jacobi
1553 591 1742 648 Veneti
1763 631 1779 655 ,
1821 587 2064 644 Mauricii

487 685 777 751 Pannonii,
820 687 1104 740 Venturini
1149 684 1561 754 Bergajnensis,
1610 690 1664 736 et
1706 678 1892 735 Jacobi
1941 676 2065 732 Ale-

487 774 704 840 manui;
731 790 893 844 quam
912 782 1090 830 tamen
1117 791 1182 829 ex
1212 775 1395 829 ltalico
1418 773 1614 827 Latine
1642 768 1926 839 expressit.
1960 766 2065 855 Eo-

487 862 608 918 dem
630 866 785 918 modo
795 865 1080 935 scripsisse
1101 881 1158 920 se
1186 865 1333 919 Vitas
1346 874 1578 934 quatuor
1598 861 2062 943 sanctissimorum

489 964 839 1024 patronorum
876 957 1025 1012 urbis
1068 956 1380 1011 Faventinus
1403 995 1420 1020 ,
1465 956 1519 1010 in
1558 954 1777 1026 prologo
1812 952 1946 1008 Vitae
1996 950 2060 1007 B.

486 1042 631 1098 Petri
671 1044 912 1098 Damiani
956 1047 1040 1100 his
1066 1047 1244 1102 verbis
1289 1056 1520 1102 testatur
1565 1064 1578 1099 :
1630 1064 1649 1096 r
1686 1044 1878 1115 Magna
1916 1042 2062 1099 soleo

484 1135 761 1205 voluptate
784 1136 943 1203 allici,
973 1137 1074 1192 viri
1097 1137 1394 1199 Faventini,
1424 1137 1636 1208 quoties
1660 1144 1867 1204 repeto,
1897 1147 2061 1204 quam

485 1235 662 1295 grata,
690 1234 746 1280 et
775 1241 934 1294 quam
959 1228 1196 1294 jucunda
1228 1228 1380 1282 vobis
1401 1228 1646 1298 obtingat
1673 1240 1836 1295 opera
1854 1265 1870 1289 ,
1895 1238 2063 1294 quam,

482 1313 540 1368 in
569 1313 936 1370 describendis
983 1314 1109 1371 Vitis
1135 1315 1470 1382 Sanctorum,
1494 1318 1586 1387 qui
1611 1334 1640 1371 a
1669 1317 1821 1371 vobis
1846 1315 2061 1386 religio-

483 1401 697 1458 sissime
719 1403 988 1470 coluntur,
1013 1417 1273 1477 praestare
1297 1410 1460 1485 cmpi,
1484 1417 1632 1462 tanta
1650 1408 1868 1477 quidem
1889 1406 2059 1485 animi

483 1491 796 1559 alacritate,
839 1506 1040 1565 quanta
1085 1513 1190 1552 non
1227 1498 1387 1553 facile
1431 1482 1679 1568 praestari
1723 1512 1754 1551 a
1780 1482 2059 1573 quoquam

479 1582 646 1637 vestri
687 1585 1062 1641 amantissimo
1087 1598 1268 1656 queat.
1317 1586 1430 1642 Hoc
1473 1596 1655 1641 autem
1698 1572 2055 1641 animadverti

2167 410 2327 474 rium,
2351 418 2405 464 et
2434 408 2571 478 apud
2594 407 2870 478 Lipeloum
2903 420 3117 461 recusa.
3145 404 3525 474 Cajetanusex
3548 404 3747 459 eodem

2162 497 2350 554 Bubeo
2385 500 2628 553 eamdem
2662 499 2862 560 Vitam,
2886 498 2979 552 sed
3012 498 3120 553 alio
3151 497 3341 552 ordine
3370 497 3699 565 dispositam
3728 535 3745 559 ,

2164 606 2285 646 cum
2308 589 2738 661 praecedentibus
2776 589 3092 643 auctoribus
3128 588 3409 663 vulgavit:
3439 586 3574 655 Quae
3617 602 3749 643 cum

2162 682 2342 738 Omnia
2390 691 2482 736 aut
2529 697 2597 737 ex
2646 682 2755 735 vita
2781 682 2963 750 priore
3007 697 3037 735 a
3066 679 3277 735 Joanne
3303 680 3577 750 descripta
3609 679 3748 743 sint,

2164 782 2260 828 aut
2320 787 2388 827 ex
2428 771 2548 827 aliis
2592 772 2829 840 antiquis
2874 771 3223 836 auctoribus,
3286 771 3354 826 de
3406 770 3609 841 quibus
3664 771 3754 825 in-

2160 860 2243 917 fra
2291 878 2533 931 agemus,
2592 870 2849 932 excerpta
2896 870 3223 931 exstentque
3258 862 3456 931 sarpius
3482 861 3625 933 typis
3647 861 3757 917 im-

2159 968 2376 1023 pressa,
2403 953 2493 1009 hic
2517 952 2848 1017 omittimus,
2880 952 3098 1021 rejectis
3127 952 3406 1007 nonnullis
3447 953 3501 1007 in
3544 961 3758 1020 notas,

2158 1054 2213 1101 et
2240 1054 2530 1115 sequentes
2557 1044 2633 1117 §§.
2661 1045 2921 1101 Eamdem
2949 1046 3125 1101 Vitam
3154 1045 3339 1101 ltalicc
3365 1044 3458 1099 lib.
3492 1045 3560 1099 de
3605 1044 3753 1100 San-

2159 1137 2262 1192 ctis
2289 1152 2353 1193 ac
2382 1136 2561 1192 Beatis
2589 1135 3093 1192 Camaldulensibus
3111 1135 3283 1191 edidit
3313 1134 3571 1192 Silvanus
3594 1136 3751 1190 Ra:-

2159 1229 2276 1284 zius
2301 1230 2470 1287 abbas
2495 1229 2928 1284 Camaldnlcnsis
2958 1248 2971 1283 :
2998 1244 3163 1298 quam
3199 1228 3543 1301 potissimum
3592 1242 3755 1300 [πῖθι

2158 1318 2305 1374 fatur
2333 1335 2392 1374 se
2415 1335 2482 1374 ex
2510 1319 2700 1375 Bubeo
2723 1319 3089 1375 transtulisse.

2229 1410 2319 1465 M.
2366 1404 2589 1466 Beatum
2644 1410 2863 1466 Petrum
2913 1410 3231 1467 Damianum
3287 1411 3376 1468 die
3427 1412 3759 1469 anniversa-

2155 1499 2239 1557 ria
2282 1500 2555 1556 cathedrae
2615 1499 2674 1557 S.
2721 1501 2867 1556 Petri
2927 1501 3156 1572 apostoli
3207 1503 3460 1572 spiritum
3505 1504 3763 1560 Domino

2157 1589 2477 1654 reddidisse,
2535 1592 2753 1646 tradunt
2791 1590 3027 1648 Joannes
3072 1592 3128 1648 in
3158 1592 3282 1648 Vita
3326 1609 3381 1647 n.
3410 1591 3507 1659 49,
3548 1602 3606 1648 et
3654 1593 3763 1648 alii~

479 1670 538 1727 in
565 1673 831 1745 descripta
857 1691 1029 1746 nuper
1048 1692 1079 1731 a
1104 1693 1189 1733 me
1218 1677 1279 1733 Β.
1305 1678 1545 1734 Terentii
1585 1676 1931 1742 confessoris,
1964 1677 2058 1747 qui
2086 1665 2131 1725 Β
2158 1693 2281 1733 eum
2308 1679 2506 1761 secuti.
2537 1678 2619 1734 Ob
2643 1678 2785 1735 hanc
2816 1688 2994 1735 tamen
3022 1679 3307 1736 Catbedras
3339 1681 3759 1737 solemnitatem

478 1761 615 1816 mihi
643 1764 848 1833 primus
872 1766 1085 1822 oblatus
1131 1779 1255 1833 est,
1282 1784 1347 1823 ac
1368 1767 1430 1823 Β.
1465 1768 1650 1824 Sabini
1694 1767 1930 1838 episc0pi
1951 1806 1967 1834 ,
1999 1774 2059 1822 et

477 1853 737 1924 martyris
760 1854 889 1909 vita.
909 1855 1087 1922 Quare
1111 1873 1232 1911 cum
1264 1874 1295 1912 a
1319 1858 1473 1914 vobis
1488 1860 1740 1922 duorum,
1767 1859 1857 1928 qui
1881 1860 2057 1915 adhuc

478 1948 778 2010 restabant,
806 1960 1118 2005 sanctorum
1145 1953 1377 2008 similem
1432 1971 1462 2008 a
1506 1971 1592 2010 me
1617 1968 1837 2025 operam
1864 1970 2058 2026 exspe—

477 2037 617 2102 ctari
641 2039 882 2095 audirem
912 2083 927 2107 ,
968 2044 1153 2112 putavi
1205 2059 1291 2099 me
1316 2045 1512 2100 debere
1533 2045 1719 2101 eodem
1748 2047 1927 2102 studio
1961 2061 2057 2102 ex-

477 2130 797 2197 Spectationi
829 2142 1051 2200 vestrae,
1101 2149 1166 2189 ac
1191 2137 1459 2191 desiderio
1505 2138 1846 2207 respondere.
1886 2137 2057 2209 Igitur

474 2213 539 2272 Β.
570 2218 716 2276 Petri
746 2222 988 2277 Damiani
1008 2263 1026 2291 ,
1048 2237 1103 2281 et
1129 2226 1188 2283 S.
1220 2226 1497 2282 Επιιίιίθηί
1522 2268 1538 2294 ,
1564 2230 1707 2298 quod
1750 2229 2057 2305 episcopale

476 2309 753 2383 fastigium
783 2329 906 2369 cum
959 2319 1250 2373 sanctitate
1292 2319 1528 2375 illustres
1576 2319 1744 2388 fecit,
1798 2320 2008 2376 duobus
2032 2361 2087 2397 ,_

474 2418 612 2473 quos
639 2404 775 2473 dixi,
818 2408 1090 2476 prioribus
1127 2410 1321 2479 adjeci,
1360 2420 1418 2465 ut
1457 2421 1760 2482 spectatum
1797 2410 1910 2480 jam
1935 2452 1951 2478 ,
1995 2411 2053 2467 ni

482 2492 663 2561 fallor,
695 2511 934 2552 amorem
955 2515 1082 2570 erga
1109 2515 1209 2555 nos
1240 2516 1439 2566 meum,
1466 2510 1519 2556 et
1540 2501 1865 2556 voluntatem
1898 2502 2052 2559 vobis

470 2598 571 2655 per
596 2588 774 2641 omnia
806 2588 946 2659 (quas
971 2606 1000 2644 a
1029 2606 1115 2646 me
1142 2592 1385 2661 praestari
1414 2592 1644 2656 possint)
1674 2592 2047 2663 gratificandi,

471 2676 933 2735 manifestioribus
962 2680 1202 2751 quotidie
1231 2683 1443 2741 indiciis
1471 2685 1845 2754 experiamini.
1877 2704 1897 2737 ι
1925 2685 2051 2741 Haec

469 2766 786 2825 Flaminius.
837 2771 1100 2827 Coluntnr
1145 2775 1426 2828 memorati
1460 2774 1550 2828 alii
1600 2790 1723 2829 cum
1772 2773 1834 2827 Β.
1885 2774 2050 2829 Petro

474 2859 628 2913 urbis
654 2858 968 2916 Faventina:
998 2873 1349 2932 protectores,
1377 2863 1645 2919 Terentius
1668 2866 1737 2920 30
1771 2863 1919 2931 Julii,
1942 2863 2047 2920 Sa-

470 2947 642 3014 binus,
676 2951 790 3005 sive
810 2951 1055 3019 Snvinas,
1093 2955 1124 3001 7
1157 2954 1302 3021 Dee,
1333 2954 1654 3011 Emilianus
1675 2956 1707 3011 6
1744 2950 2002 3013 Novemb.
2027 2997 2044 3025 ,

474 3039 542 3092 ad
566 3038 721 3107 cujus
753 3057 855 3095 ms.
882 3043 1056 3097 Vitam
1090 3055 1282 3100 auctor
1311 3047 1510 3100 dicitur
1531 3046 1763 3101 Joannes
1792 3034 2049 3103 Antonius

472 3126 774 3183 Flaminius
842 3130 1148 3187 Ferentina:
1212 3133 1463 3191 Ecclesiae
1527 3135 1819 3206 presbyter,
1887 3153 2049 3207 quem

468 3215 718 3274 Leander
744 3221 995 3278 Albertus
1038 3225 1204 3279 uirum
1247 3225 1533 3279 litteratum
1579 3226 1827 3297 appellat.
1868 3229 2048 3285 Vitam

467 3307 529 3362 B.
562 3296 705 3365 Petri
740 3312 812 3366 ita
839 3313 1113 3368 concludit
1142 3333 1155 3368 :
1192 3333 1211 3367 ι
1260 3313 1484 3369 Demum
1528 3316 1580 3369 in
1612 3318 1863 3387 sepulcro
1904 3335 2049 3375 mar-

470 3416 657 3457 moreo
696 3402 945 3458 locarunt
993 3390 1227 3475 corpus,
1273 3406 1362 3460 ubi
1410 3422 1578 3477 usque
1622 3410 1674 3462 in
1728 3410 2048 3467 hodiernum

467 3490 609 3546 diem
641 3493 826 3548 multis
853 3497 1111 3566 prodigiis
1125 3507 1371 3552 sanctum
1399 3500 1696 3555 antistitem
1720 3516 1875 3556 suum
1903 3503 2047 3559 Deus

465 3582 752 3651 illustrem,
769 3602 834 3641 ac
855 3588 1213 3643 venerabilem
1234 3591 1427 3659 popqu
1452 3591 1599 3646 facit.
1620 3591 1784 3662 Cujus
1804 3574 2054 3664 spectata.

466 3676 675 3744 magnis
703 3664 1055 3731 documentis
1074 3679 1209 3732 mira
1236 3681 1529 3737 sanctitate
1553 3690 1714 3753 atque
1751 3683 2001 3740 facundia
2027 3726 2044 3752 ,

461 3772 722 3831 quantum
745 3764 892 3820 sidus
917 3766 967 3820 in
1001 3766 1238 3822 Ecclesia
1267 3758 1358 3822 Dei
1379 3771 1668 3835 exstiterit,
1694 3773 1785 3841 qui
1811 3788 1899 3839 ea,
1924 3790 2044 3844 quae

466 3853 533 3906 de
554 3853 643 3907 illo
658 3848 1036 3924 compendiose
1056 3858 1462 3929 descripsimus,
1495 3863 1695 3931 quique
1713 3862 2038 3934 luculentas,

460 3957 526 3997 ac
547 3943 929 4000 saluberrimos
959 3947 1100 4002 illius
1126 3965 1409 4006 sermones
1437 3953 1686 4023 legerint,
1716 3956 1902 4009 testari
1928 3993 1946 4021 ,
1985 3957 2041 4013 ni

461 4033 641 4099 fallor,
666 4036 879 4090 abunde
911 4045 1183 4105 poterunt.
1214 4039 1410 4095 Beatus
1436 4052 1614 4094 autem
1646 4042 1838 4098 Petrus
1888 4045 2038 4100 circa

462 4138 665 4178 annum
710 4123 912 4180 Christi
957 4125 1302 4182 millesimum
1352 4138 1406 4183 et
1464 4130 1848 4200 octogesimum
1898 4132 2038 4187 diem

460 4230 619 4270 suum
647 4217 800 4283 obiit,
832 4234 1059 4290 magnus
1096 4221 1408 4278 Faventiua!
1436 4224 1584 4278 urbis
1616 4234 1891 4294 protector
1918 4265 1934 4290 ,
1983 4234 2040 4282 et

457 4313 666 4359 custos.
720 4324 739 4358 ι
785 4304 911 4365 Haec
964 4308 1059 4363 ibi.
1096 4309 1185 4379 De
1216 4325 1358 4366 anno
1379 4312 1559 4367 obitus
1593 4311 1656 4366 Β.
1695 4312 1845 4368 Petri
1894 4313 2033 4369 infra

457 4410 698 4467 agemus.

530 4487 618 4542 15.
643 4487 797 4559 Apud
822 4487 1139 4558 Cajetanum
1167 4492 1270 4547 alia
1292 4501 1444 4548 extat
1478 4511 1496 4546 ι
1527 4477 1593 4547 Β.
1619 4492 1765 4549 Petri
1784 4493 2029 4549 Damiani

457 4575 605 4641 Vita,
651 4594 720 4633 ex
766 4579 1068 4651 Augustino
1103 4582 1364 4638 Fortunio
1412 4585 1678 4639 monacho
1724 4580 2045 4656 Congrega-i

454 4668 618 4725 tionis
646 4670 1070 4729 Camaldulensis
1111 4675 1253 4731 libro
1283 4676 1472 4746 quinto
1515 4672 1876 4734 Historiarum
1921 4678 2029 4734 Ca-

456 4759 895 4829 maldulensium,
928 4773 981 4819 et
1011 4766 1180 4835 partis
1205 4768 1515 4836 posterioris
1542 4785 1570 4823 a
1601 4770 1776 4838 capite
1798 4770 1831 4824 6
1860 4784 2030 4840 usque

453 4849 520 4902 ad
556 4849 642 4902 M.
683 4871 701 4902 ι
733 4850 975 4908 Priorem
1003 4865 1212 4925 partem
1243 4857 1397 4912 libris
1426 4859 1597 4914 tribus
1627 4860 1797 4915 edidit
1839 4870 2031 4916 auctor

455 4934 557 4994 sub
588 4942 804 4997 nomine
829 4944 1109 5015 Augustini
1140 4948 1432 5005 Florentini
1457 4968 1600 5006 anno
1642 4951 1802 5016 1575,
1827 4971 2024 5026 magno

451 5029 577 5085 duci
603 5030 832 5087 Etruriae
860 5035 1112 5091 dicatam.
1146 5036 1259 5092 Sub
1282 5041 1487 5096 calcem
1518 5043 1676 5113 hujus
1707 5042 1839 5099 Vita:
1864 5046 2032 5102 relata

454 5122 795 5192 apparitione
818 5122 878 5179 Β.
908 5124 1099 5195 Petri,
1130 5144 1291 5199 quam
1338 5132 1391 5186 in
1434 5134 1793 5204 Appendicem
1841 5137 2034 5208 rejeci-

452 5229 593 5281 mus,
626 5215 742 5271 haec
770 5216 1042 5274 adduntur
1084 5238 1097 5274 :
1140 5240 1159 5274 ι
1197 5221 1396 5281 Beatus
1420 5242 1550 5281 vero
1598 5227 1791 5283 Petrus
1828 5230 2026 5288 exinde

452 5302 528 5350 lirl
555 5312 639 5350 est.
667 5306 736 5350 ah
770 5320 914 5350 nnnn
954 5307 1108 5350 mam
1139 5310 1205 5350 ειιι
1240 5313 1385 5350 ηηιης
1420 5314 1656 5350 πηριηαςσι
1706 5332 1803 5350 nm
1833 5331 1890 5350 ο..

1899 5327 2024 5350 nnln

2157 1769 2437 1824 Faventini
2462 1770 2866 1826 venerationem
2901 1770 2965 1826 B.
3000 1770 3148 1826 Petri
3177 1772 3230 1825 in
3257 1772 3398 1826 diem
3431 1771 3759 1842 proximum

2154 1858 2239 1929 25,
2265 1858 2427 1914 Febr.
2475 1859 2756 1928 rejiciunt,
2794 1876 2900 1930 quo
2937 1860 3025 1915 die
3062 1861 3344 1916 Ferrarius
3386 1862 3441 1915 in
3485 1860 3762 1931 Catalogo

2155 1951 2388 2021 generali
2427 1951 2523 2005 ista
2562 1952 2763 2006 habet:
2799 1972 2817 2005 ι
2851 1953 3124 2009 Faventizc
3153 1953 3205 2007 in
3242 1952 3463 2008 [Emilia
3506 1953 3567 2010 S.
3598 1952 3752 2008 Petri

2155 2041 2399 2096 Damiani
2429 2043 2665 2113 episcopi
2698 2043 2989 2110 Ostiensis,
3020 2045 3137 2115 ejus
3168 2046 3319 2100 urbis
3342 2046 3695 2125 protectoris.
3723 2064 3744 2097 ι

2153 2134 2406 2205 Longiori
2436 2136 2684 2191 encomio
2714 2137 2964 2192 eumdem
2992 2137 3238 2193 celebrat
3267 2137 3322 2192 in
3353 2130 3610 2207 Catalogo
3639 2136 3758 2195 SS:

2151 2222 2349 2287 Italiae,
2382 2240 2447 2280 ac
2481 2224 2648 2278 sancti
2677 2226 2834 2281 titulo
2861 2224 3023 2280 etiam
3051 2235 3234 2292 ornat,
3266 2226 3392 2283 licet
3425 2226 3659 2282 nondum
3690 2229 3755 2284 in

2152 2325 2453 2369 sanctorum
2480 2332 2754 2370 numerum
2784 2316 3005 2371 relatum
3030 2334 3141 2372 esse
3166 2317 3420 2373 fateatur.
3446 2317 3580 2374 Cum
3604 2318 3754 2374 Fer-

2152 2407 2299 2462 rario
2353 2417 2591 2461 sanctum
2643 2408 2875 2478 appellat
2920 2406 3211 2465 Jacobillus
3258 2410 3325 2465 de
3376 2408 3632 2473 Sanctis,
3680 2423 3754 2466 ac

2151 2494 2333 2558 Beatis
2367 2496 2599 2566 Umbriae
2634 2499 2699 2553 ad
2736 2498 2807 2553 25
2837 2498 2995 2554 Febr.
3038 2501 3104 2553 ad
3132 2515 3292 2569 quem
3342 2500 3486 2554 diem
3529 2509 3585 2555 et
3623 2500 3749 2570 ipse

2151 2585 2385 2656 aliquam
2415 2587 2591 2642 Vitam
2623 2588 2740 2658 ejus
2777 2589 2970 2654 habet,
3002 2598 3051 2644 el
3085 2590 3188 2644 coli
3220 2591 3362 2659 apud
3406 2591 3748 2649 Faventinos
3800 2630 3807 2637 ι

2151 2678 2374 2741 asserit,
2393 2688 2556 2748 atque
2577 2680 2821 2749 antiquas
2844 2679 3086 2734 lectiones
3107 2696 3232 2734 mss.
3262 2679 3512 2736 Ecclesia:
3534 2679 3755 2736 Faven-

2150 2766 2290 2829 tinw,
2321 2782 2440 2835 quae
2462 2781 2529 2822 ex
2556 2765 2673 2821 Vita
2700 2766 2816 2835 ejus
2841 2768 3197 2836 tumrccitari
3221 2768 3490 2837 solebant,
3518 2769 3747 2841 allegat.

2150 2857 2283 2914 Cum
2312 2857 2445 2927 ipsis
2474 2857 2783 2914 Faventinis
2821 2868 2877 2913 et
2903 2874 3001 2914 nos
3028 2860 3160 2915 Acta
3199 2858 3439 2928 ejusdem
3468 2861 3541 2915 25
3575 2862 3749 2917 Febr.

2152 2947 2380 3014 damus;
2422 2963 2529 3017 quo
2557 2949 2643 3003 die
2681 2948 2797 3017 ejus
2838 2949 3044 3004 obitum
3087 2950 3333 3019 referunt
3363 2950 3636 3007 Calvisius
3672 2953 3751 3008 ad

2075 3019 2121 3083 (ἶ
2152 3054 2351 3093 annum
2379 3040 2537 3105 1072,
2567 3049 2621 3095 et
2645 3039 2953 3094 Schmidius
2976 3040 3029 3094 in
3058 3040 3240 3095 Diario
3263 3040 3571 3113 liistoricq;
3592 3042 3777 3111 quod-

2148 3138 2331 3208 tatnen
2368 3130 2507 3199 apud
2555 3129 2843 3185 Baronium
2869 3170 2883 3192 ,
2921 3127 3076 3197 cujus
3118 3129 3426 3186 testimonio
3465 3130 3750 3209 nituntur,

2146 3202 2253 3272 non
2298 3217 2558 3289 legerant.
2602 3218 2669 3272 At
2708 3216 2778 3271 22
2817 3216 2975 3271 Febr.
3015 3233 3122 3287 quo
3167 3219 3252 3273 die
3294 3226 3567 3273 mortuum
3612 3202 3745 3273 esse

2146 3309 2413 3375 diximus,
2454 3311 2781 3381 inscripsere
2818 3310 3064 3366 eumdem
3107 3309 3507 3383 Balingbemius
3549 3320 3745 3368 noster.

2150 3398 2270 3453 Kal.
2311 3399 2572 3464 Mariano,
2609 3400 2839 3457 Ghinius
2870 3399 3048 3456 Natat.
3092 3409 3267 3456 sanet.
3301 3402 3690 3456 canonicorum
3716 3442 3743 3468 ,

2145 3487 2327 3553 Wiun,
2361 3491 2683 3563 Dorganius,
2720 3490 3029 3557 Menardus,
3059 3490 3363 3556 Bueelinus,
3400 3491 3730 3563 Martyrolo-

2143 3577 2245 3648 giis
2272 3579 2664 3657 Benedictinis,
2699 3595 2763 3636 ac
2797 3580 3019 3647 Surius,
3064 3579 3287 3636 Haraeus
3309 3622 3333 3649 ,_
3373 3582 3575 3652 aliique
3612 3581 3742 3653 ejus

2142 3666 2322 3723 Vitam
2346 3654 2564 3726 dedere.

2850 3738 2879 3812 ς
2929 3738 3017 3793 ut.

2139 3828 2206 3884 Β.
2241 3828 2385 3905 Petri
2410 3831 2616 3885 animus
2647 3847 2879 3905 reverens
2901 3848 3033 3905 erga
3066 3831 3127 3905 S.
3158 3830 3533 3905 Benedictum,
3558 3834 3736 3905 flgujus

2167 3933 2174 3939 -
2214 3900 2445 3969 regulam
2469 3941 2484 3966 ,
2516 3910 2563 3953 et
2590 3901 2843 3954 ordinem.
2874 3901 3025 3955 Alius
3046 3903 3112 3955 ab
3142 3918 3201 3956 eo
3231 3900 3423 3957 Petrus
3449 3907 3513 3957 de
3543 3900 3735 3960 Hone-

2209 3971 2325 4024 διεδ.
2351 3968 2653 4040 Cognomen
2688 3969 2956 4025 Damiani.
3170 4003 3177 4009 -
3430 4018 3439 4023 .
3551 4006 3557 4011 ι

2168 4120 2171 4125 ⁴
2209 4058 2297 4112 15.
2335 4057 2604 4113 Craterum
2649 4057 2985 4114 Benedictini
3023 4059 3146 4130 jure
3186 4062 3393 4132 optimo
3440 4075 3738 4121 assumunt

2137 4148 2301 4203 etiam
2324 4146 2567 4235 cultum,
2605 4162 2671 4202 ac
2706 4151 3107 4205 venerationem
3130 4151 3209 4227 Β.
3244 4150 3390 4207 Petri
3433 4154 3683 4210 Damiani
3712 4196 3739 4222 ν

2132 4245 2325 4306 utpote
2367 4236 2457 4305 qui
2507 4237 2909 4292 sanctissimum
2956 4239 3325 4309 patriarcham
3371 4240 3733 4309 Benedictum

2136 4325 2359 4381 solemni
2391 4324 2537 4380 cultu
2580 4336 2898 4394 prosecutus
2924 4336 3009 4383 est
3033 4368 3049 4393 ,
3085 4329 3139 4383 in
3180 4329 3406 4401 ejusque
3445 4332 3534 4387 die
3559 4335 3739 4391 natali

2136 4417 2239 4472 bac
2265 4417 2331 4472 de
2353 4432 2516 4472 causa
2541 4416 2788 4472 strictum
2816 4417 3252 4491 Quadragesima:
3270 4421 3535 4492 jejunium
3564 4439 3733 4493 posse

2135 4510 2526 4584 aliquantulum
2559 4510 2789 4566 relaxari
2826 4512 3155 4583 praescripsit
3182 4527 3374 4584 Opusc.
3416 4531 3508 4570 xiv
3534 4514 3604 4571 de
3627 4532 3733 4572 οιθς

2133 4602 2259 4658 dine
2286 4610 2343 4657 et
2371 4600 2554 4673 regula
2585 4600 2755 4656 eremi
2797 4600 2984 4656 Fontis
3008 4601 3274 4657 Avellani.
3313 4620 3333 4655 ‹
3386 4602 3443 4658 ln
3476 4605 3725 4675 duabus,

2134 4691 2342 4761 inquit,
2383 4690 2853 4760 Quadragesimis,
2900 4704 3020 4758 qua:
3056 4690 3140 4744 vel
3182 4690 3429 4747 Natalem
3467 4691 3727 4764 Domini,

2131 4781 2217 4838 vel
2248 4790 2493 4837 sanctum
2519 4780 2728 4836 Pascha
2766 4780 3110 4852 prtecedunt,
3140 4786 3477 4839 consuetudo
3503 4787 3721 4855 tenuit,

2131 4881 2193 4927 ut
2220 4888 2396 4943 neque
2437 4872 2715 4928 monachis
2741 4912 2757 4939 ,
2798 4864 2974 4941 neque
3008 4871 3162 4929 laicis
3187 4913 3203 4939 ,
3243 4875 3354 4930 vini
3378 4914 3396 4941 ,
3424 4876 3509 4931 vel
3550 4878 3733 4951 etiam,

2129 4965 2295 5036 piscis
2341 4964 2616 5034 perceptio
2651 4964 2998 5019 concedatur.
3028 4962 3368 5020 Pulmentum
3405 4981 3629 5047 quoque.
3659 4970 3733 5042 in.

2130 5055 2332 5110 eisdem
2371 5053 2806 5124 Quadragesimis
2842 5068 3116 5121 nunquam
3155 5054 3226 5109 sit
3264 5063 3462 5124 prmter
3501 5072 3668 5111 unum
3699 5097 3719 5124 ,

2130 5143 2236 5201 nisi
2274 5143 2360 5198 his
2388 5152 2624 5212 quatuor
2652 5141 3068 5206 festivitatibus,
3106 5142 3311 5197 scilicet
3336 5142 3397 5196 B.
3443 5145 3722 5211 Andreae,

2130 5241 2186 5287 et
2211 5232 2269 5286 S.
2300 5231 2595 5296 Benedicti,
2625 5239 2678 5286 et
2704 5230 2758 5286 in
2786 5228 3063 5285 Dominica
3102 5228 3429 5297 Palmarum,
3456 5241 3514 5286 et
3545 5218 3731 5289 Carna

2393 5322 2583 5350 nun:‘a-‘n
2611 5310 2864 5350 η’ξηιῖιιιιυη
2888 5319 3270 5350 οηηιῡηιῖοοῖηιιῖθ
3308 5320 3496 5350 ιιῖηιιιιη
3535 5324 3711 5350 ..τίει-Αι-
