  <div class='ocr_page' id='page_1' title='image "/cluster/home/n/w/nwhite01/storage/ocr_20150623/144/hvd.32044010574010/054.png"; bbox 0 0 3982 5350; ppageno 0'>
   <div class='ocr_carea' id='block_1_1' title="bbox 217 322 3462 385">
    <p class='ocr_par' dir='ltr' id='par_1_1' title="bbox 217 322 3462 385">
     <span class='ocr_line' id='line_1_1' title="bbox 217 322 3462 385; baseline 0.001 -4"><span class='ocrx_word' id='word_1_1' title='bbox 217 325 277 381; x_wconf 77' lang='lat'><strong>97</strong></span> <span class='ocrx_word' id='word_1_2' title='bbox 671 327 1200 385; x_wconf 72' lang='lat' dir='ltr'><strong>PBOLEGOMENA.</strong></span> <span class='ocrx_word' id='word_1_3' title='bbox 1244 360 1312 368; x_wconf 95' lang='lat'><strong>—</strong></span> <span class='ocrx_word' id='word_1_4' title='bbox 1339 329 1427 383; x_wconf 87' lang='lat' dir='ltr'><strong>DE</strong></span> <span class='ocrx_word' id='word_1_5' title='bbox 1457 325 1512 383; x_wconf 89' lang='lat' dir='ltr'><strong>S.</strong></span> <span class='ocrx_word' id='word_1_6' title='bbox 1548 325 1775 382; x_wconf 81' lang='lat' dir='ltr'><strong>PETBO</strong></span> <span class='ocrx_word' id='word_1_7' title='bbox 1808 326 1890 380; x_wconf 72' lang='lat' dir='ltr'><strong>DA</strong></span> <span class='ocrx_word' id='word_1_8' title='bbox 1904 323 2116 382; x_wconf 72' lang='lat' dir='ltr'><strong>MIANO</strong></span> <span class='ocrx_word' id='word_1_9' title='bbox 2157 324 2567 383; x_wconf 80' lang='lat' dir='ltr'><strong>HENSCHENII</strong></span> <span class='ocrx_word' id='word_1_10' title='bbox 2593 322 2962 385; x_wconf 53' lang='lat' dir='ltr'><strong>COMMENT.</strong></span> <span class='ocrx_word' id='word_1_11' title='bbox 3152 322 3158 330; x_wconf 70' lang='grc'><strong>’</strong></span> <span class='ocrx_word' id='word_1_12' title='bbox 3395 329 3462 385; x_wconf 79' lang='lat'><strong>98</strong></span> 
     </span>
    </p>
   </div>
   <div class='ocr_carea' id='block_1_2' title="bbox 211 437 3472 512">
    <p class='ocr_par' dir='ltr' id='par_1_2' title="bbox 211 437 3472 512">
     <span class='ocr_line' id='line_1_2' title="bbox 211 437 3472 512; baseline 0 -18"><span class='ocrx_word' id='word_1_13' title='bbox 211 451 470 512; x_wconf 76' lang='lat' dir='ltr'><strong>peragere</strong></span> <span class='ocrx_word' id='word_1_14' title='bbox 525 438 703 494; x_wconf 87' lang='lat' dir='ltr'><strong>solere</strong></span> <span class='ocrx_word' id='word_1_15' title='bbox 729 481 743 505; x_wconf 90' lang='lat'><strong>,</strong></span> <span class='ocrx_word' id='word_1_16' title='bbox 797 441 1036 511; x_wconf 76' lang='lat' dir='ltr'><strong>exceptis</strong></span> <span class='ocrx_word' id='word_1_17' title='bbox 1086 441 1260 494; x_wconf 88' lang='lat' dir='ltr'><strong>tribus</strong></span> <span class='ocrx_word' id='word_1_18' title='bbox 1319 440 1752 495; x_wconf 72' lang='lat' dir='ltr'><strong>solemnitatibus</strong></span> <span class='ocrx_word' id='word_1_19' title='bbox 1778 478 1792 503; x_wconf 89' lang='lat'><strong>,</strong></span> <span class='ocrx_word' id='word_1_20' title='bbox 1823 449 1869 508; x_wconf 75' lang='grc' dir='ltr'><strong>Α</strong></span> <span class='ocrx_word' id='word_1_21' title='bbox 1899 437 2223 506; x_wconf 81' lang='lat' dir='ltr'><strong>possibilitas</strong></span> <span class='ocrx_word' id='word_1_22' title='bbox 2262 437 2622 492; x_wconf 82' lang='lat' dir='ltr'><strong>administrat.</strong></span> <span class='ocrx_word' id='word_1_23' title='bbox 2666 438 2929 493; x_wconf 80' lang='lat' dir='ltr'><strong>Horarum</strong></span> <span class='ocrx_word' id='word_1_24' title='bbox 2960 446 3138 494; x_wconf 87' lang='lat' dir='ltr'><strong>autem</strong></span> <span class='ocrx_word' id='word_1_25' title='bbox 3177 441 3472 510; x_wconf 81' lang='lat' dir='ltr'><strong>psalmodia</strong></span> 
     </span>
    </p>
   </div>
   <div class='ocr_carea' id='block_1_3' title="bbox 213 531 1797 596">
    <p class='ocr_par' dir='ltr' id='par_1_3' title="bbox 213 531 1797 596">
     <span class='ocr_line' id='line_1_3' title="bbox 213 531 1797 596; baseline -0.003 -9"><span class='ocrx_word' id='word_1_26' title='bbox 213 531 380 587; x_wconf 80' lang='lat' dir='ltr'><strong>sancti</strong></span> <span class='ocrx_word' id='word_1_27' title='bbox 411 531 671 585; x_wconf 73' lang='lat' dir='ltr'><strong>videlicet</strong></span> <span class='ocrx_word' id='word_1_28' title='bbox 704 533 950 596; x_wconf 72' lang='lat' dir='ltr'><strong>Andreae,</strong></span> <span class='ocrx_word' id='word_1_29' title='bbox 984 542 1038 587; x_wconf 90' lang='lat' dir='ltr'><strong>et</strong></span> <span class='ocrx_word' id='word_1_30' title='bbox 1073 531 1130 586; x_wconf 91' lang='lat' dir='ltr'><strong>S.</strong></span> <span class='ocrx_word' id='word_1_31' title='bbox 1168 532 1459 593; x_wconf 79' lang='lat' dir='ltr'><strong>Benedicti,</strong></span> <span class='ocrx_word' id='word_1_32' title='bbox 1489 539 1542 585; x_wconf 91' lang='lat' dir='ltr'><strong>et</strong></span> <span class='ocrx_word' id='word_1_33' title='bbox 1571 532 1797 584; x_wconf 84' lang='lat' dir='ltr'><strong>Annuu-</strong></span> 
     </span>
    </p>
   </div>
   <div class='ocr_carea' id='block_1_4' title="bbox 214 619 1795 675">
    <p class='ocr_par' dir='ltr' id='par_1_4' title="bbox 214 619 1795 675">
     <span class='ocr_line' id='line_1_4' title="bbox 214 619 1795 675; baseline -0.002 -1"><span class='ocrx_word' id='word_1_34' title='bbox 214 619 454 674; x_wconf 85' lang='lat' dir='ltr'><strong>tiationis</strong></span> <span class='ocrx_word' id='word_1_35' title='bbox 493 620 808 674; x_wconf 63' lang='lat' dir='ltr'><strong>Dominicaa.</strong></span> <span class='ocrx_word' id='word_1_36' title='bbox 837 640 854 671; x_wconf 72' lang='grc' dir='ltr'><strong><em>ι</em></strong></span> <span class='ocrx_word' id='word_1_37' title='bbox 891 619 986 674; x_wconf 85' lang='lat' dir='ltr'><strong>Est</strong></span> <span class='ocrx_word' id='word_1_38' title='bbox 1013 636 1225 675; x_wconf 89' lang='lat' dir='ltr'><strong>eremns</strong></span> <span class='ocrx_word' id='word_1_39' title='bbox 1268 621 1354 674; x_wconf 90' lang='lat' dir='ltr'><strong>illa</strong></span> <span class='ocrx_word' id='word_1_40' title='bbox 1387 621 1562 674; x_wconf 86' lang='lat' dir='ltr'><strong>dicata</strong></span> <span class='ocrx_word' id='word_1_41' title='bbox 1593 619 1651 674; x_wconf 91' lang='lat' dir='ltr'><strong>S.</strong></span> <span class='ocrx_word' id='word_1_42' title='bbox 1685 620 1795 672; x_wconf 81' lang='lat' dir='ltr'><strong>An-</strong></span> 
     </span>
    </p>
   </div>
   <div class='ocr_carea' id='block_1_5' title="bbox 211 710 1797 774">
    <p class='ocr_par' dir='ltr' id='par_1_5' title="bbox 211 710 1797 774">
     <span class='ocr_line' id='line_1_5' title="bbox 211 710 1797 774; baseline 0 -10"><span class='ocrx_word' id='word_1_43' title='bbox 211 710 380 774; x_wconf 64' lang='lat' dir='ltr'><strong>dreae,</strong></span> <span class='ocrx_word' id='word_1_44' title='bbox 413 711 561 763; x_wconf 90' lang='lat' dir='ltr'><strong>unde</strong></span> <span class='ocrx_word' id='word_1_45' title='bbox 601 719 656 764; x_wconf 88' lang='lat' dir='ltr'><strong>et</strong></span> <span class='ocrx_word' id='word_1_46' title='bbox 685 712 1052 765; x_wconf 78' lang='lat' dir='ltr'><strong>monasterium</strong></span> <span class='ocrx_word' id='word_1_47' title='bbox 1083 711 1142 764; x_wconf 87' lang='lat' dir='ltr'><strong>S.</strong></span> <span class='ocrx_word' id='word_1_48' title='bbox 1186 713 1408 765; x_wconf 70' lang='lat' dir='ltr'><strong>Audrea?</strong></span> <span class='ocrx_word' id='word_1_49' title='bbox 1442 712 1506 764; x_wconf 81' lang='lat' dir='ltr'><strong>de</strong></span> <span class='ocrx_word' id='word_1_50' title='bbox 1549 710 1797 764; x_wconf 73' lang='lat' dir='ltr'><strong>Arellana</strong></span> 
     </span>
    </p>
   </div>
   <div class='ocr_carea' id='block_1_6' title="bbox 211 800 1796 871">
    <p class='ocr_par' dir='ltr' id='par_1_6' title="bbox 211 800 1796 871">
     <span class='ocr_line' id='line_1_6' title="bbox 211 800 1796 871; baseline 0.001 -19"><span class='ocrx_word' id='word_1_51' title='bbox 211 800 315 853; x_wconf 90' lang='lat' dir='ltr'><strong>dici</strong></span> <span class='ocrx_word' id='word_1_52' title='bbox 348 800 553 869; x_wconf 80' lang='lat' dir='ltr'><strong>legitur</strong></span> <span class='ocrx_word' id='word_1_53' title='bbox 582 803 721 869; x_wconf 84' lang='lat' dir='ltr'><strong>apud</strong></span> <span class='ocrx_word' id='word_1_54' title='bbox 752 801 1109 871; x_wconf 77' lang='lat' dir='ltr'><strong>Augustinum</strong></span> <span class='ocrx_word' id='word_1_55' title='bbox 1139 803 1538 865; x_wconf 82' lang='lat' dir='ltr'><strong>Florentinum,</strong></span> <span class='ocrx_word' id='word_1_56' title='bbox 1571 803 1796 855; x_wconf 78' lang='lat' dir='ltr'><strong>citatum</strong></span> 
     </span>
    </p>
   </div>
   <div class='ocr_carea' id='block_1_7' title="bbox 211 889 1795 962">
    <p class='ocr_par' dir='ltr' id='par_1_7' title="bbox 211 889 1795 962">
     <span class='ocr_line' id='line_1_7' title="bbox 211 889 1795 962; baseline 0.002 -19"><span class='ocrx_word' id='word_1_57' title='bbox 211 904 239 943; x_wconf 83' lang='lat' dir='ltr'><strong>a</strong></span> <span class='ocrx_word' id='word_1_58' title='bbox 269 889 472 944; x_wconf 80' lang='lat' dir='ltr'><strong>Wione</strong></span> <span class='ocrx_word' id='word_1_59' title='bbox 500 891 598 943; x_wconf 88' lang='lat' dir='ltr'><strong>lib.</strong></span> <span class='ocrx_word' id='word_1_60' title='bbox 629 907 669 945; x_wconf 88' lang='lat' dir='ltr'><strong>tt</strong></span> <span class='ocrx_word' id='word_1_61' title='bbox 696 891 850 962; x_wconf 83' lang='lat' dir='ltr'><strong>Ligni</strong></span> <span class='ocrx_word' id='word_1_62' title='bbox 879 894 1000 946; x_wconf 67' lang='lat' dir='ltr'><strong>vitae</strong></span> <span class='ocrx_word' id='word_1_63' title='bbox 1027 908 1147 961; x_wconf 88' lang='lat' dir='ltr'><strong>cap.</strong></span> <span class='ocrx_word' id='word_1_64' title='bbox 1183 893 1234 945; x_wconf 83' lang='lat'><strong>9.</strong></span> <span class='ocrx_word' id='word_1_65' title='bbox 1267 893 1334 945; x_wconf 76' lang='lat' dir='ltr'><strong>At</strong></span> <span class='ocrx_word' id='word_1_66' title='bbox 1360 893 1417 946; x_wconf 84' lang='lat' dir='ltr'><strong>S.</strong></span> <span class='ocrx_word' id='word_1_67' title='bbox 1449 892 1795 946; x_wconf 81' lang='lat' dir='ltr'><strong>Benedictum</strong></span> 
     </span>
    </p>
   </div>
   <div class='ocr_carea' id='block_1_8' title="bbox 212 981 1798 1052">
    <p class='ocr_par' dir='ltr' id='par_1_8' title="bbox 212 981 1798 1052">
     <span class='ocr_line' id='line_1_8' title="bbox 212 981 1798 1052; baseline 0.001 -17"><span class='ocrx_word' id='word_1_68' title='bbox 212 981 261 1035; x_wconf 90' lang='lat' dir='ltr'><strong>in</strong></span> <span class='ocrx_word' id='word_1_69' title='bbox 290 984 718 1052; x_wconf 75' lang='lat' dir='ltr'><strong>congregatione</strong></span> <span class='ocrx_word' id='word_1_70' title='bbox 738 985 904 1037; x_wconf 87' lang='lat' dir='ltr'><strong>eremi</strong></span> <span class='ocrx_word' id='word_1_71' title='bbox 931 983 1116 1038; x_wconf 87' lang='lat' dir='ltr'><strong>Fontis</strong></span> <span class='ocrx_word' id='word_1_72' title='bbox 1136 984 1376 1037; x_wconf 81' lang='lat' dir='ltr'><strong>Avellani</strong></span> <span class='ocrx_word' id='word_1_73' title='bbox 1401 993 1682 1052; x_wconf 88' lang='lat' dir='ltr'><strong>patronum</strong></span> <span class='ocrx_word' id='word_1_74' title='bbox 1705 999 1798 1039; x_wconf 87' lang='lat' dir='ltr'><strong>co-</strong></span> 
     </span>
    </p>
   </div>
   <div class='ocr_carea' id='block_1_9' title="bbox 204 1070 1797 1138">
    <p class='ocr_par' dir='ltr' id='par_1_9' title="bbox 204 1070 1797 1138">
     <span class='ocr_line' id='line_1_9' title="bbox 204 1070 1797 1138; baseline 0.004 -14"><span class='ocrx_word' id='word_1_75' title='bbox 204 1070 464 1135; x_wconf 69' lang='lat' dir='ltr'><strong>luerunt,</strong></span> <span class='ocrx_word' id='word_1_76' title='bbox 518 1089 626 1125; x_wconf 89' lang='lat' dir='ltr'><strong>non</strong></span> <span class='ocrx_word' id='word_1_77' title='bbox 668 1081 725 1127; x_wconf 92' lang='lat' dir='ltr'><strong>ut</strong></span> <span class='ocrx_word' id='word_1_78' title='bbox 763 1075 1080 1138; x_wconf 69' lang='lat' dir='ltr'><strong>emnobitae,</strong></span> <span class='ocrx_word' id='word_1_79' title='bbox 1117 1089 1304 1128; x_wconf 88' lang='lat' dir='ltr'><strong>verum</strong></span> <span class='ocrx_word' id='word_1_80' title='bbox 1354 1084 1413 1128; x_wconf 89' lang='lat' dir='ltr'><strong>ut</strong></span> <span class='ocrx_word' id='word_1_81' title='bbox 1459 1075 1797 1130; x_wconf 71' lang='lat' dir='ltr'><strong>anachoreta:</strong></span> 
     </span>
    </p>
   </div>
   <div class='ocr_carea' id='block_1_10' title="bbox 208 1161 1794 1235">
    <p class='ocr_par' dir='ltr' id='par_1_10' title="bbox 208 1161 1794 1235">
     <span class='ocr_line' id='line_1_10' title="bbox 208 1161 1794 1235; baseline 0.004 -19"><span class='ocrx_word' id='word_1_82' title='bbox 208 1161 322 1217; x_wconf 89' lang='lat' dir='ltr'><strong>sive</strong></span> <span class='ocrx_word' id='word_1_83' title='bbox 360 1164 611 1218; x_wconf 73' lang='lat' dir='ltr'><strong>ercmita:</strong></span> <span class='ocrx_word' id='word_1_84' title='bbox 635 1205 649 1229; x_wconf 93' lang='lat'><strong>,</strong></span> <span class='ocrx_word' id='word_1_85' title='bbox 686 1180 914 1234; x_wconf 90' lang='lat' dir='ltr'><strong>quorum</strong></span> <span class='ocrx_word' id='word_1_86' title='bbox 953 1166 1121 1220; x_wconf 88' lang='lat' dir='ltr'><strong>vitam</strong></span> <span class='ocrx_word' id='word_1_87' title='bbox 1164 1165 1542 1235; x_wconf 90' lang='lat' dir='ltr'><strong>perfectioretn</strong></span> <span class='ocrx_word' id='word_1_88' title='bbox 1571 1206 1586 1230; x_wconf 92' lang='lat'><strong>,</strong></span> <span class='ocrx_word' id='word_1_89' title='bbox 1632 1181 1794 1235; x_wconf 87' lang='lat' dir='ltr'><strong>quam</strong></span> 
     </span>
    </p>
   </div>
   <div class='ocr_carea' id='block_1_11' title="bbox 203 1255 1798 1326">
    <p class='ocr_par' dir='ltr' id='par_1_11' title="bbox 203 1255 1798 1326">
     <span class='ocr_line' id='line_1_11' title="bbox 203 1255 1798 1326; baseline 0.001 -16"><span class='ocrx_word' id='word_1_90' title='bbox 203 1255 634 1320; x_wconf 75' lang='lat' dir='ltr'><strong>ctenobitarum,</strong></span> <span class='ocrx_word' id='word_1_91' title='bbox 664 1271 784 1310; x_wconf 89' lang='lat' dir='ltr'><strong>esse</strong></span> <span class='ocrx_word' id='word_1_92' title='bbox 813 1258 968 1311; x_wconf 84' lang='lat' dir='ltr'><strong>docet</strong></span> <span class='ocrx_word' id='word_1_93' title='bbox 1000 1258 1245 1326; x_wconf 86' lang='lat' dir='ltr'><strong>pluribus</strong></span> <span class='ocrx_word' id='word_1_94' title='bbox 1273 1258 1333 1310; x_wconf 88' lang='grc' dir='ltr'><strong>Β.</strong></span> <span class='ocrx_word' id='word_1_95' title='bbox 1368 1258 1557 1314; x_wconf 79' lang='lat' dir='ltr'><strong>Petrus</strong></span> <span class='ocrx_word' id='word_1_96' title='bbox 1585 1259 1798 1313; x_wconf 81' lang='lat' dir='ltr'><strong>Damia-</strong></span> 
     </span>
    </p>
   </div>
   <div class='ocr_carea' id='block_1_12' title="bbox 207 1347 1796 1418">
    <p class='ocr_par' dir='ltr' id='par_1_12' title="bbox 207 1347 1796 1418">
     <span class='ocr_line' id='line_1_12' title="bbox 207 1347 1796 1418; baseline 0.001 -16"><span class='ocrx_word' id='word_1_97' title='bbox 207 1363 331 1410; x_wconf 79' lang='lat' dir='ltr'><strong>nus,</strong></span> <span class='ocrx_word' id='word_1_98' title='bbox 358 1347 396 1400; x_wconf 90' lang='lat' dir='ltr'><strong>l.</strong></span> <span class='ocrx_word' id='word_1_99' title='bbox 427 1363 504 1411; x_wconf 73' lang='grc' dir='ltr'><strong>γι,</strong></span> <span class='ocrx_word' id='word_1_100' title='bbox 529 1362 617 1415; x_wconf 89' lang='lat' dir='ltr'><strong>ep.</strong></span> <span class='ocrx_word' id='word_1_101' title='bbox 651 1347 735 1411; x_wconf 72' lang='grc'><strong>12,</strong></span> <span class='ocrx_word' id='word_1_102' title='bbox 762 1363 827 1402; x_wconf 81' lang='lat' dir='ltr'><strong>ex</strong></span> <span class='ocrx_word' id='word_1_103' title='bbox 851 1349 980 1418; x_wconf 88' lang='lat' dir='ltr'><strong>ipsis</strong></span> <span class='ocrx_word' id='word_1_104' title='bbox 1002 1349 1060 1402; x_wconf 91' lang='lat' dir='ltr'><strong>S.</strong></span> <span class='ocrx_word' id='word_1_105' title='bbox 1089 1349 1362 1404; x_wconf 88' lang='lat' dir='ltr'><strong>Benedicti</strong></span> <span class='ocrx_word' id='word_1_106' title='bbox 1390 1351 1589 1404; x_wconf 89' lang='lat' dir='ltr'><strong>verbis.</strong></span> <span class='ocrx_word' id='word_1_107' title='bbox 1623 1369 1642 1400; x_wconf 73' lang='grc' dir='ltr'>ι</span> <span class='ocrx_word' id='word_1_108' title='bbox 1672 1349 1796 1404; x_wconf 71' lang='lat' dir='ltr'><strong>Haec</strong></span> 
     </span>
    </p>
   </div>
   <div class='ocr_carea' id='block_1_13' title="bbox 205 1431 1796 1510">
    <p class='ocr_par' dir='ltr' id='par_1_13' title="bbox 205 1431 1796 1510">
     <span class='ocr_line' id='line_1_13' title="bbox 205 1431 1796 1510; baseline 0.003 -18"><span class='ocrx_word' id='word_1_109' title='bbox 205 1431 410 1506; x_wconf 82' lang='lat' dir='ltr'><strong>itaque,</strong></span> <span class='ocrx_word' id='word_1_110' title='bbox 450 1438 648 1508; x_wconf 85' lang='lat' dir='ltr'><strong>inquit,</strong></span> <span class='ocrx_word' id='word_1_111' title='bbox 688 1449 871 1494; x_wconf 90' lang='lat' dir='ltr'><strong>nostra</strong></span> <span class='ocrx_word' id='word_1_112' title='bbox 903 1457 1006 1493; x_wconf 87' lang='lat' dir='ltr'><strong>non</strong></span> <span class='ocrx_word' id='word_1_113' title='bbox 1034 1450 1178 1506; x_wconf 88' lang='lat' dir='ltr'><strong>sunt,</strong></span> <span class='ocrx_word' id='word_1_114' title='bbox 1226 1443 1319 1496; x_wconf 90' lang='lat' dir='ltr'><strong>sed</strong></span> <span class='ocrx_word' id='word_1_115' title='bbox 1354 1441 1593 1510; x_wconf 88' lang='lat' dir='ltr'><strong>ejusdem</strong></span> <span class='ocrx_word' id='word_1_116' title='bbox 1619 1441 1796 1497; x_wconf 89' lang='lat' dir='ltr'><strong>Patris</strong></span> 
     </span>
    </p>
   </div>
   <div class='ocr_carea' id='block_1_14' title="bbox 203 1530 1794 1602">
    <p class='ocr_par' dir='ltr' id='par_1_14' title="bbox 203 1530 1794 1602">
     <span class='ocr_line' id='line_1_14' title="bbox 203 1530 1794 1602; baseline 0.001 -18"><span class='ocrx_word' id='word_1_117' title='bbox 203 1532 379 1585; x_wconf 75' lang='lat' dir='ltr'><strong>nostti</strong></span> <span class='ocrx_word' id='word_1_118' title='bbox 407 1533 575 1584; x_wconf 87' lang='lat' dir='ltr'><strong>verba</strong></span> <span class='ocrx_word' id='word_1_119' title='bbox 610 1550 622 1583; x_wconf 89' lang='lat'><strong>:</strong></span> <span class='ocrx_word' id='word_1_120' title='bbox 657 1530 986 1597; x_wconf 89' lang='lat' dir='ltr'><strong>Secundum,</strong></span> <span class='ocrx_word' id='word_1_121' title='bbox 1020 1533 1214 1600; x_wconf 87' lang='lat' dir='ltr'><strong>inquit,</strong></span> <span class='ocrx_word' id='word_1_122' title='bbox 1246 1547 1414 1602; x_wconf 85' lang='lat' dir='ltr'><strong>genus</strong></span> <span class='ocrx_word' id='word_1_123' title='bbox 1443 1542 1522 1586; x_wconf 90' lang='lat' dir='ltr'><strong>est</strong></span> <span class='ocrx_word' id='word_1_124' title='bbox 1557 1533 1794 1587; x_wconf 87' lang='lat' dir='ltr'><strong>anacho-</strong></span> 
     </span>
    </p>
   </div>
   <div class='ocr_carea' id='block_1_15' title="bbox 205 1621 1792 1692">
    <p class='ocr_par' dir='ltr' id='par_1_15' title="bbox 205 1621 1792 1692">
     <span class='ocr_line' id='line_1_15' title="bbox 205 1621 1792 1692; baseline 0.001 -17"><span class='ocrx_word' id='word_1_125' title='bbox 205 1631 474 1684; x_wconf 84' lang='lat' dir='ltr'><strong>retarum,</strong></span> <span class='ocrx_word' id='word_1_126' title='bbox 509 1621 559 1674; x_wconf 91' lang='lat' dir='ltr'><strong>id</strong></span> <span class='ocrx_word' id='word_1_127' title='bbox 595 1631 700 1685; x_wconf 88' lang='lat' dir='ltr'><strong>est,</strong></span> <span class='ocrx_word' id='word_1_128' title='bbox 731 1623 1077 1676; x_wconf 87' lang='lat' dir='ltr'><strong>eremitarum</strong></span> <span class='ocrx_word' id='word_1_129' title='bbox 1109 1641 1121 1675; x_wconf 91' lang='lat'><strong>:</strong></span> <span class='ocrx_word' id='word_1_130' title='bbox 1157 1624 1348 1676; x_wconf 90' lang='lat' dir='ltr'><strong>horum</strong></span> <span class='ocrx_word' id='word_1_131' title='bbox 1394 1624 1485 1692; x_wconf 92' lang='lat' dir='ltr'><strong>qui</strong></span> <span class='ocrx_word' id='word_1_132' title='bbox 1514 1638 1618 1676; x_wconf 92' lang='lat' dir='ltr'><strong>non</strong></span> <span class='ocrx_word' id='word_1_133' title='bbox 1658 1639 1792 1677; x_wconf 85' lang='lat' dir='ltr'><strong>con-</strong></span> 
     </span>
    </p>
   </div>
   <div class='ocr_carea' id='block_1_16' title="bbox 204 1711 1793 1783">
    <p class='ocr_par' dir='ltr' id='par_1_16' title="bbox 204 1711 1793 1783">
     <span class='ocr_line' id='line_1_16' title="bbox 204 1711 1793 1783; baseline 0.002 -18"><span class='ocrx_word' id='word_1_134' title='bbox 204 1713 477 1767; x_wconf 89' lang='lat' dir='ltr'><strong>versionis</strong></span> <span class='ocrx_word' id='word_1_135' title='bbox 509 1711 726 1768; x_wconf 79' lang='lat' dir='ltr'><strong>fervore</strong></span> <span class='ocrx_word' id='word_1_136' title='bbox 758 1714 980 1777; x_wconf 89' lang='lat' dir='ltr'><strong>novitio,</strong></span> <span class='ocrx_word' id='word_1_137' title='bbox 1012 1715 1105 1768; x_wconf 90' lang='lat' dir='ltr'><strong>sed</strong></span> <span class='ocrx_word' id='word_1_138' title='bbox 1139 1714 1448 1768; x_wconf 86' lang='lat' dir='ltr'><strong>monasterii</strong></span> <span class='ocrx_word' id='word_1_139' title='bbox 1479 1716 1793 1783; x_wconf 88' lang='lat' dir='ltr'><strong>probatione</strong></span> 
     </span>
    </p>
   </div>
   <div class='ocr_carea' id='block_1_17' title="bbox 1898 526 3471 602">
    <p class='ocr_par' dir='ltr' id='par_1_17' title="bbox 1898 526 3471 602">
     <span class='ocr_line' id='line_1_17' title="bbox 1898 526 3471 602; baseline 0.005 -24"><span class='ocrx_word' id='word_1_140' title='bbox 1898 526 2155 580; x_wconf 89' lang='lat' dir='ltr'><strong>canonica</strong></span> <span class='ocrx_word' id='word_1_141' title='bbox 2183 528 2424 591; x_wconf 88' lang='lat' dir='ltr'><strong>omnino,</strong></span> <span class='ocrx_word' id='word_1_142' title='bbox 2454 527 2595 582; x_wconf 89' lang='lat' dir='ltr'><strong>sicut</strong></span> <span class='ocrx_word' id='word_1_143' title='bbox 2621 527 2678 581; x_wconf 84' lang='lat' dir='ltr'><strong>fit</strong></span> <span class='ocrx_word' id='word_1_144' title='bbox 2705 529 2758 581; x_wconf 90' lang='lat' dir='ltr'><strong>in</strong></span> <span class='ocrx_word' id='word_1_145' title='bbox 2784 530 3127 595; x_wconf 85' lang='lat' dir='ltr'><strong>monasterio,</strong></span> <span class='ocrx_word' id='word_1_146' title='bbox 3159 531 3231 584; x_wconf 89' lang='lat' dir='ltr'><strong>ita</strong></span> <span class='ocrx_word' id='word_1_147' title='bbox 3256 531 3342 586; x_wconf 91' lang='lat' dir='ltr'><strong>hic</strong></span> <span class='ocrx_word' id='word_1_148' title='bbox 3373 547 3471 602; x_wconf 87' lang='lat' dir='ltr'><strong>per</strong></span> 
     </span>
    </p>
   </div>
   <div class='ocr_carea' id='block_1_18' title="bbox 1845 616 3471 690">
    <p class='ocr_par' dir='ltr' id='par_1_18' title="bbox 1845 616 3471 690">
     <span class='ocr_line' id='line_1_18' title="bbox 1845 616 3471 690; baseline 0.006 -21"><span class='ocrx_word' id='word_1_149' title='bbox 1845 654 1854 662; x_wconf 70' lang='grc' dir='ltr'><strong><em>ο</em></strong></span> <span class='ocrx_word' id='word_1_150' title='bbox 1896 616 2139 671; x_wconf 90' lang='lat' dir='ltr'><strong>ordinem</strong></span> <span class='ocrx_word' id='word_1_151' title='bbox 2190 617 2538 673; x_wconf 86' lang='lat' dir='ltr'><strong>nihilominus</strong></span> <span class='ocrx_word' id='word_1_152' title='bbox 2580 618 2920 686; x_wconf 90' lang='lat' dir='ltr'><strong>adimpletur.</strong></span> <span class='ocrx_word' id='word_1_153' title='bbox 2953 639 2972 672; x_wconf 73' lang='grc' dir='ltr'><strong><em>ι</em></strong></span> <span class='ocrx_word' id='word_1_154' title='bbox 3013 621 3089 674; x_wconf 84' lang='lat' dir='ltr'><strong>Ac</strong></span> <span class='ocrx_word' id='word_1_155' title='bbox 3138 622 3298 690; x_wconf 89' lang='lat' dir='ltr'><strong>paulo</strong></span> <span class='ocrx_word' id='word_1_156' title='bbox 3333 623 3471 678; x_wconf 83' lang='lat' dir='ltr'><strong>infe-</strong></span> 
     </span>
    </p>
   </div>
   <div class='ocr_carea' id='block_1_19' title="bbox 1896 708 3470 779">
    <p class='ocr_par' dir='ltr' id='par_1_19' title="bbox 1896 708 3470 779">
     <span class='ocr_line' id='line_1_19' title="bbox 1896 708 3470 779; baseline 0.004 -18"><span class='ocrx_word' id='word_1_157' title='bbox 1896 709 2056 762; x_wconf 86' lang='lat' dir='ltr'><strong>rius:</strong></span> <span class='ocrx_word' id='word_1_158' title='bbox 2100 725 2118 758; x_wconf 82' lang='grc'>‹</span> <span class='ocrx_word' id='word_1_159' title='bbox 2153 708 2414 779; x_wconf 82' lang='lat' dir='ltr'><strong>Begulare</strong></span> <span class='ocrx_word' id='word_1_160' title='bbox 2450 718 2560 772; x_wconf 90' lang='lat' dir='ltr'><strong>est,</strong></span> <span class='ocrx_word' id='word_1_161' title='bbox 2612 709 2820 778; x_wconf 86' lang='lat' dir='ltr'><strong>inquit,</strong></span> <span class='ocrx_word' id='word_1_162' title='bbox 2867 712 3239 776; x_wconf 86' lang='lat' dir='ltr'><strong>monasteriis,</strong></span> <span class='ocrx_word' id='word_1_163' title='bbox 3280 722 3340 766; x_wconf 93' lang='lat' dir='ltr'><strong>ut</strong></span> <span class='ocrx_word' id='word_1_164' title='bbox 3381 713 3470 778; x_wconf 88' lang='lat' dir='ltr'><strong>hi,</strong></span> 
     </span>
    </p>
   </div>
   <div class='ocr_carea' id='block_1_20' title="bbox 1897 799 3472 868">
    <p class='ocr_par' dir='ltr' id='par_1_20' title="bbox 1897 799 3472 868">
     <span class='ocr_line' id='line_1_20' title="bbox 1897 799 3472 868; baseline 0.006 -18"><span class='ocrx_word' id='word_1_165' title='bbox 1897 799 1987 866; x_wconf 93' lang='lat' dir='ltr'><strong>qui</strong></span> <span class='ocrx_word' id='word_1_166' title='bbox 2015 799 2066 851; x_wconf 94' lang='lat' dir='ltr'><strong>in</strong></span> <span class='ocrx_word' id='word_1_167' title='bbox 2097 799 2184 852; x_wconf 90' lang='lat' dir='ltr'><strong>via</strong></span> <span class='ocrx_word' id='word_1_168' title='bbox 2225 799 2547 868; x_wconf 82' lang='lat' dir='ltr'><strong>diriguntur,</strong></span> <span class='ocrx_word' id='word_1_169' title='bbox 2579 799 2708 853; x_wconf 87' lang='lat' dir='ltr'><strong>foris</strong></span> <span class='ocrx_word' id='word_1_170' title='bbox 2739 815 2845 853; x_wconf 94' lang='lat' dir='ltr'><strong>non</strong></span> <span class='ocrx_word' id='word_1_171' title='bbox 2873 803 3189 866; x_wconf 81' lang='lat' dir='ltr'><strong>comedunt,</strong></span> <span class='ocrx_word' id='word_1_172' title='bbox 3223 804 3266 857; x_wconf 90' lang='lat' dir='ltr'><strong>si</strong></span> <span class='ocrx_word' id='word_1_173' title='bbox 3291 819 3355 858; x_wconf 91' lang='lat' dir='ltr'><strong>eo</strong></span> <span class='ocrx_word' id='word_1_174' title='bbox 3382 805 3472 859; x_wconf 84' lang='lat' dir='ltr'><strong>die</strong></span> 
     </span>
    </p>
   </div>
   <div class='ocr_carea' id='block_1_21' title="bbox 1894 890 3464 962">
    <p class='ocr_par' dir='ltr' id='par_1_21' title="bbox 1894 890 3464 962">
     <span class='ocr_line' id='line_1_21' title="bbox 1894 890 3464 962; baseline 0.004 -21"><span class='ocrx_word' id='word_1_175' title='bbox 1894 898 2113 958; x_wconf 84' lang='lat' dir='ltr'><strong>sperant</strong></span> <span class='ocrx_word' id='word_1_176' title='bbox 2139 890 2336 943; x_wconf 85' lang='lat' dir='ltr'><strong>reverti</strong></span> <span class='ocrx_word' id='word_1_177' title='bbox 2362 891 2476 944; x_wconf 90' lang='lat' dir='ltr'><strong>:cui</strong></span> <span class='ocrx_word' id='word_1_178' title='bbox 2500 890 2751 944; x_wconf 70' lang='lat' dir='ltr'><strong>videlicet</strong></span> <span class='ocrx_word' id='word_1_179' title='bbox 2770 891 3132 944; x_wconf 64' lang='lat' dir='ltr'><strong>observantia!</strong></span> <span class='ocrx_word' id='word_1_180' title='bbox 3150 892 3274 946; x_wconf 88' lang='lat' dir='ltr'><strong>illttd</strong></span> <span class='ocrx_word' id='word_1_181' title='bbox 3300 895 3464 962; x_wconf 85' lang='lat' dir='ltr'><strong>etiam</strong></span> 
     </span>
    </p>
   </div>
   <div class='ocr_carea' id='block_1_22' title="bbox 1893 977 3474 1048">
    <p class='ocr_par' dir='ltr' id='par_1_22' title="bbox 1893 977 3474 1048">
     <span class='ocr_line' id='line_1_22' title="bbox 1893 977 3474 1048; baseline 0.005 -19"><span class='ocrx_word' id='word_1_182' title='bbox 1893 978 2031 1045; x_wconf 82' lang='lat' dir='ltr'><strong>apud</strong></span> <span class='ocrx_word' id='word_1_183' title='bbox 2070 993 2168 1031; x_wconf 90' lang='lat' dir='ltr'><strong>nos</strong></span> <span class='ocrx_word' id='word_1_184' title='bbox 2206 977 2437 1038; x_wconf 90' lang='lat' dir='ltr'><strong>additur,</strong></span> <span class='ocrx_word' id='word_1_185' title='bbox 2475 987 2532 1030; x_wconf 91' lang='lat' dir='ltr'><strong>ut</strong></span> <span class='ocrx_word' id='word_1_186' title='bbox 2571 979 2684 1032; x_wconf 84' lang='lat' dir='ltr'><strong>sive</strong></span> <span class='ocrx_word' id='word_1_187' title='bbox 2725 979 2858 1048; x_wconf 92' lang='lat' dir='ltr'><strong>ipso,</strong></span> <span class='ocrx_word' id='word_1_188' title='bbox 2895 981 3007 1034; x_wconf 90' lang='lat' dir='ltr'><strong>sive</strong></span> <span class='ocrx_word' id='word_1_189' title='bbox 3044 981 3150 1034; x_wconf 93' lang='lat' dir='ltr'><strong>alio</strong></span> <span class='ocrx_word' id='word_1_190' title='bbox 3184 982 3270 1035; x_wconf 89' lang='lat' dir='ltr'><strong>die</strong></span> <span class='ocrx_word' id='word_1_191' title='bbox 3306 981 3474 1037; x_wconf 88' lang='lat' dir='ltr'><strong>fuerit</strong></span> 
     </span>
    </p>
   </div>
   <div class='ocr_carea' id='block_1_23' title="bbox 1895 1068 3470 1140">
    <p class='ocr_par' dir='ltr' id='par_1_23' title="bbox 1895 1068 3470 1140">
     <span class='ocr_line' id='line_1_23' title="bbox 1895 1068 3470 1140; baseline 0.005 -19"><span class='ocrx_word' id='word_1_192' title='bbox 1895 1068 2015 1136; x_wconf 87' lang='lat' dir='ltr'><strong>quis</strong></span> <span class='ocrx_word' id='word_1_193' title='bbox 2051 1083 2320 1139; x_wconf 87' lang='lat' dir='ltr'><strong>egressus,</strong></span> <span class='ocrx_word' id='word_1_194' title='bbox 2345 1069 2563 1138; x_wconf 87' lang='lat' dir='ltr'><strong>jejunus</strong></span> <span class='ocrx_word' id='word_1_195' title='bbox 2604 1085 2814 1140; x_wconf 88' lang='lat' dir='ltr'><strong>semper</strong></span> <span class='ocrx_word' id='word_1_196' title='bbox 2843 1074 2909 1126; x_wconf 91' lang='lat' dir='ltr'><strong>ad</strong></span> <span class='ocrx_word' id='word_1_197' title='bbox 2945 1088 3184 1127; x_wconf 90' lang='lat' dir='ltr'><strong>eremum</strong></span> <span class='ocrx_word' id='word_1_198' title='bbox 3232 1084 3470 1128; x_wconf 87' lang='lat' dir='ltr'><strong>reverta-</strong></span> 
     </span>
    </p>
   </div>
   <div class='ocr_carea' id='block_1_24' title="bbox 1896 1159 3472 1234">
    <p class='ocr_par' dir='ltr' id='par_1_24' title="bbox 1896 1159 3472 1234">
     <span class='ocr_line' id='line_1_24' title="bbox 1896 1159 3472 1234; baseline 0.003 -22"><span class='ocrx_word' id='word_1_199' title='bbox 1896 1167 2004 1213; x_wconf 92' lang='lat' dir='ltr'><strong>tur.</strong></span> <span class='ocrx_word' id='word_1_200' title='bbox 2039 1178 2057 1211; x_wconf 72' lang='grc' dir='ltr'><strong>ι</strong></span> <span class='ocrx_word' id='word_1_201' title='bbox 2117 1159 2255 1226; x_wconf 88' lang='lat' dir='ltr'><strong>Quin</strong></span> <span class='ocrx_word' id='word_1_202' title='bbox 2307 1161 2471 1214; x_wconf 84' lang='lat' dir='ltr'><strong>etiam</strong></span> <span class='ocrx_word' id='word_1_203' title='bbox 2517 1160 2577 1214; x_wconf 92' lang='lat' dir='ltr'><strong>B.</strong></span> <span class='ocrx_word' id='word_1_204' title='bbox 2619 1160 2854 1227; x_wconf 88' lang='lat' dir='ltr'><strong>Petrus,</strong></span> <span class='ocrx_word' id='word_1_205' title='bbox 2901 1170 2961 1216; x_wconf 88' lang='lat' dir='ltr'><strong>ut</strong></span> <span class='ocrx_word' id='word_1_206' title='bbox 3011 1163 3064 1216; x_wconf 88' lang='lat' dir='ltr'><strong>in</strong></span> <span class='ocrx_word' id='word_1_207' title='bbox 3115 1162 3232 1217; x_wconf 83' lang='lat' dir='ltr'><strong>Vita</strong></span> <span class='ocrx_word' id='word_1_208' title='bbox 3280 1163 3472 1234; x_wconf 75' lang='lat' dir='ltr'><strong>legitur</strong></span> 
     </span>
    </p>
   </div>
   <div class='ocr_carea' id='block_1_25' title="bbox 1897 1249 3474 1314">
    <p class='ocr_par' dir='ltr' id='par_1_25' title="bbox 1897 1249 3474 1314">
     <span class='ocr_line' id='line_1_25' title="bbox 1897 1249 3474 1314; baseline 0.002 -10"><span class='ocrx_word' id='word_1_209' title='bbox 1897 1265 2049 1304; x_wconf 90' lang='lat' dir='ltr'><strong>num.</strong></span> <span class='ocrx_word' id='word_1_210' title='bbox 2077 1249 2166 1314; x_wconf 72' lang='lat'><strong>43,</strong></span> <span class='ocrx_word' id='word_1_211' title='bbox 2203 1269 2220 1302; x_wconf 76' lang='grc' dir='ltr'>ι</span> <span class='ocrx_word' id='word_1_212' title='bbox 2253 1251 2392 1304; x_wconf 90' lang='lat' dir='ltr'><strong>hanc</strong></span> <span class='ocrx_word' id='word_1_213' title='bbox 2414 1270 2434 1302; x_wconf 76' lang='grc' dir='ltr'><strong><em>ι</em></strong></span> <span class='ocrx_word' id='word_1_214' title='bbox 2467 1250 2649 1304; x_wconf 88' lang='lat' dir='ltr'><strong>Eremi</strong></span> <span class='ocrx_word' id='word_1_215' title='bbox 2679 1267 2789 1304; x_wconf 70' lang='lat' dir='ltr'><strong>sua:</strong></span> <span class='ocrx_word' id='word_1_216' title='bbox 2820 1271 2836 1302; x_wconf 74' lang='grc' dir='ltr'>ι</span> <span class='ocrx_word' id='word_1_217' title='bbox 2871 1267 3114 1305; x_wconf 87' lang='lat' dir='ltr'><strong>normam</strong></span> <span class='ocrx_word' id='word_1_218' title='bbox 3144 1254 3474 1307; x_wconf 84' lang='lat' dir='ltr'><strong>observatio-</strong></span> 
     </span>
    </p>
   </div>
   <div class='ocr_carea' id='block_1_26' title="bbox 1894 1338 3472 1412">
    <p class='ocr_par' dir='ltr' id='par_1_26' title="bbox 1894 1338 3472 1412">
     <span class='ocr_line' id='line_1_26' title="bbox 1894 1338 3472 1412; baseline 0.003 -20"><span class='ocrx_word' id='word_1_219' title='bbox 1894 1339 1978 1394; x_wconf 91' lang='lat' dir='ltr'><strong>nis</strong></span> <span class='ocrx_word' id='word_1_220' title='bbox 2008 1338 2060 1393; x_wconf 93' lang='lat' dir='ltr'><strong>in</strong></span> <span class='ocrx_word' id='word_1_221' title='bbox 2104 1339 2374 1394; x_wconf 88' lang='lat' dir='ltr'><strong>nonnullis</strong></span> <span class='ocrx_word' id='word_1_222' title='bbox 2412 1341 2786 1404; x_wconf 86' lang='lat' dir='ltr'><strong>monasteriis,</strong></span> <span class='ocrx_word' id='word_1_223' title='bbox 2832 1340 2917 1410; x_wconf 87' lang='lat' dir='ltr'><strong>pia</strong></span> <span class='ocrx_word' id='word_1_224' title='bbox 2949 1341 3232 1394; x_wconf 82' lang='lat' dir='ltr'><strong>devotione</strong></span> <span class='ocrx_word' id='word_1_225' title='bbox 3271 1343 3472 1412; x_wconf 89' lang='lat' dir='ltr'><strong>ample-</strong></span> 
     </span>
    </p>
   </div>
   <div class='ocr_carea' id='block_1_27' title="bbox 1892 1430 3474 1502">
    <p class='ocr_par' dir='ltr' id='par_1_27' title="bbox 1892 1430 3474 1502">
     <span class='ocr_line' id='line_1_27' title="bbox 1892 1430 3474 1502; baseline 0.004 -20"><span class='ocrx_word' id='word_1_226' title='bbox 1892 1430 2165 1484; x_wconf 90' lang='lat' dir='ltr'><strong>ctentibus</strong></span> <span class='ocrx_word' id='word_1_227' title='bbox 2195 1469 2209 1493; x_wconf 93' lang='lat'><strong>,</strong></span> <span class='ocrx_word' id='word_1_228' title='bbox 2261 1430 2550 1485; x_wconf 82' lang='lat' dir='ltr'><strong>excitando</strong></span> <span class='ocrx_word' id='word_1_229' title='bbox 2601 1431 2874 1495; x_wconf 90' lang='lat' dir='ltr'><strong>instituit,</strong></span> <span class='ocrx_word' id='word_1_230' title='bbox 2927 1440 2994 1502; x_wconf 20' lang='lat' dir='ltr'><strong>et.</strong></span> <span class='ocrx_word' id='word_1_231' title='bbox 3035 1433 3241 1501; x_wconf 79' lang='lat' dir='ltr'><strong>insigne</strong></span> <span class='ocrx_word' id='word_1_232' title='bbox 3291 1432 3474 1488; x_wconf 87' lang='lat' dir='ltr'><strong>Casini</strong></span> 
     </span>
    </p>
   </div>
   <div class='ocr_carea' id='block_1_28' title="bbox 1893 1517 3468 1588">
    <p class='ocr_par' dir='ltr' id='par_1_28' title="bbox 1893 1517 3468 1588">
     <span class='ocr_line' id='line_1_28' title="bbox 1893 1517 3468 1588; baseline 0.001 -18"><span class='ocrx_word' id='word_1_233' title='bbox 1893 1517 2093 1570; x_wconf 90' lang='lat' dir='ltr'><strong>montis</strong></span> <span class='ocrx_word' id='word_1_234' title='bbox 2132 1517 2434 1572; x_wconf 70' lang='lat' dir='ltr'><strong>emnobium</strong></span> <span class='ocrx_word' id='word_1_235' title='bbox 2477 1519 2618 1572; x_wconf 89' lang='lat' dir='ltr'><strong>inter</strong></span> <span class='ocrx_word' id='word_1_236' title='bbox 2653 1519 2920 1588; x_wconf 87' lang='lat' dir='ltr'><strong>regularia</strong></span> <span class='ocrx_word' id='word_1_237' title='bbox 2961 1522 3209 1578; x_wconf 81' lang='lat' dir='ltr'><strong>mandata</strong></span> <span class='ocrx_word' id='word_1_238' title='bbox 3239 1523 3468 1575; x_wconf 64' lang='lat' dir='ltr'><strong>statuit»</strong></span> 
     </span>
    </p>
   </div>
   <div class='ocr_carea' id='block_1_29' title="bbox 1891 1608 3472 1680">
    <p class='ocr_par' dir='ltr' id='par_1_29' title="bbox 1891 1608 3472 1680">
     <span class='ocr_line' id='line_1_29' title="bbox 1891 1608 3472 1680; baseline 0.004 -20"><span class='ocrx_word' id='word_1_239' title='bbox 1891 1609 2144 1663; x_wconf 89' lang='lat' dir='ltr'><strong>nonnulla</strong></span> <span class='ocrx_word' id='word_1_240' title='bbox 2177 1627 2195 1660; x_wconf 74' lang='grc' dir='ltr'>ι</span> <span class='ocrx_word' id='word_1_241' title='bbox 2228 1608 2636 1664; x_wconf 89' lang='lat' dir='ltr'><strong>conscribenda.</strong></span> <span class='ocrx_word' id='word_1_242' title='bbox 2673 1629 2692 1661; x_wconf 70' lang='grc' dir='ltr'><strong><em>ι</em></strong></span> <span class='ocrx_word' id='word_1_243' title='bbox 2726 1610 2854 1676; x_wconf 67' lang='lat' dir='ltr'><strong>Quae</strong></span> <span class='ocrx_word' id='word_1_244' title='bbox 2895 1612 3151 1680; x_wconf 70' lang='lat' dir='ltr'><strong>prteclare</strong></span> <span class='ocrx_word' id='word_1_245' title='bbox 3184 1613 3472 1666; x_wconf 84' lang='lat' dir='ltr'><strong>conﬁrmat</strong></span> 
     </span>
    </p>
   </div>
   <div class='ocr_carea' id='block_1_30' title="bbox 1891 1696 3471 1771">
    <p class='ocr_par' dir='ltr' id='par_1_30' title="bbox 1891 1696 3471 1771">
     <span class='ocr_line' id='line_1_30' title="bbox 1891 1696 3471 1771; baseline 0.004 -20"><span class='ocrx_word' id='word_1_246' title='bbox 1891 1696 2000 1752; x_wconf 91' lang='lat' dir='ltr'><strong>Leo</strong></span> <span class='ocrx_word' id='word_1_247' title='bbox 2038 1698 2399 1763; x_wconf 85' lang='lat' dir='ltr'><strong>Marsicanus,</strong></span> <span class='ocrx_word' id='word_1_248' title='bbox 2433 1708 2489 1754; x_wconf 91' lang='lat' dir='ltr'><strong>et</strong></span> <span class='ocrx_word' id='word_1_249' title='bbox 2519 1701 2631 1768; x_wconf 90' lang='lat' dir='ltr'><strong>ipse</strong></span> <span class='ocrx_word' id='word_1_250' title='bbox 2673 1702 2956 1771; x_wconf 85' lang='lat' dir='ltr'><strong>episcopus</strong></span> <span class='ocrx_word' id='word_1_251' title='bbox 2986 1703 3249 1757; x_wconf 88' lang='lat' dir='ltr'><strong>Ostiensis</strong></span> <span class='ocrx_word' id='word_1_252' title='bbox 3277 1704 3367 1757; x_wconf 87' lang='lat' dir='ltr'><strong>lib.</strong></span> <span class='ocrx_word' id='word_1_253' title='bbox 3410 1719 3471 1758; x_wconf 83' lang='grc' dir='ltr'><strong>ιιι</strong></span> 
     </span>
    </p>
   </div>
   <div class='ocr_carea' id='block_1_31' title="bbox 203 1788 1796 1875">
    <p class='ocr_par' dir='ltr' id='par_1_31' title="bbox 203 1805 1787 1875">
     <span class='ocr_line' id='line_1_31' title="bbox 203 1805 1787 1875; baseline 0.001 -15"><span class='ocrx_word' id='word_1_254' title='bbox 203 1805 515 1860; x_wconf 89' lang='lat' dir='ltr'><strong>didicerunt</strong></span> <span class='ocrx_word' id='word_1_255' title='bbox 557 1816 745 1858; x_wconf 90' lang='lat' dir='ltr'><strong>contra</strong></span> <span class='ocrx_word' id='word_1_256' title='bbox 782 1806 1047 1860; x_wconf 88' lang='lat' dir='ltr'><strong>diabolum</strong></span> <span class='ocrx_word' id='word_1_257' title='bbox 1072 1847 1086 1869; x_wconf 93' lang='lat'><strong>,</strong></span> <span class='ocrx_word' id='word_1_258' title='bbox 1129 1807 1416 1860; x_wconf 89' lang='lat' dir='ltr'><strong>multorum</strong></span> <span class='ocrx_word' id='word_1_259' title='bbox 1448 1807 1640 1860; x_wconf 82' lang='lat' dir='ltr'><strong>solatio</strong></span> <span class='ocrx_word' id='word_1_260' title='bbox 1675 1807 1787 1875; x_wconf 89' lang='lat' dir='ltr'><strong>jam</strong></span> 
     </span>
    </p>
   </div>
   <div class='ocr_carea' id='block_1_32' title="bbox 1897 1788 3474 1875">
    <p class='ocr_par' dir='ltr' id='par_1_32' title="bbox 1897 1788 3474 1861">
     <span class='ocr_line' id='line_1_32' title="bbox 1897 1788 3474 1861; baseline 0.004 -18"><span class='ocrx_word' id='word_1_261' title='bbox 1897 1788 2143 1844; x_wconf 89' lang='lat' dir='ltr'><strong>Citronici</strong></span> <span class='ocrx_word' id='word_1_262' title='bbox 2186 1791 2524 1851; x_wconf 89' lang='lat' dir='ltr'><strong>Casinensis.</strong></span> <span class='ocrx_word' id='word_1_263' title='bbox 2558 1807 2677 1861; x_wconf 83' lang='lat' dir='ltr'><strong>cap.</strong></span> <span class='ocrx_word' id='word_1_264' title='bbox 2720 1792 2780 1845; x_wconf 67' lang='grc' dir='ltr'>Ἣ</span> <span class='ocrx_word' id='word_1_265' title='bbox 2805 1832 2821 1857; x_wconf 89' lang='grc'>,</span> <span class='ocrx_word' id='word_1_266' title='bbox 2867 1795 2949 1846; x_wconf 88' lang='lat' dir='ltr'><strong>his</strong></span> <span class='ocrx_word' id='word_1_267' title='bbox 2987 1795 3205 1848; x_wconf 84' lang='lat' dir='ltr'><strong>verbis:</strong></span> <span class='ocrx_word' id='word_1_268' title='bbox 3253 1813 3270 1844; x_wconf 73' lang='grc' dir='ltr'>ι</span> <span class='ocrx_word' id='word_1_269' title='bbox 3304 1794 3474 1850; x_wconf 88' lang='lat' dir='ltr'><strong>Porro</strong></span> 
     </span>
    </p>
   </div>
   <div class='ocr_carea' id='block_1_33' title="bbox 207 1895 1789 1965">
    <p class='ocr_par' dir='ltr' id='par_1_33' title="bbox 207 1895 1789 1965">
     <span class='ocr_line' id='line_1_33' title="bbox 207 1895 1789 1965; baseline 0.001 -15"><span class='ocrx_word' id='word_1_270' title='bbox 207 1895 370 1957; x_wconf 81' lang='lat' dir='ltr'><strong>docti,</strong></span> <span class='ocrx_word' id='word_1_271' title='bbox 399 1911 646 1965; x_wconf 84' lang='lat' dir='ltr'><strong>pugnare</strong></span> <span class='ocrx_word' id='word_1_272' title='bbox 677 1913 688 1948; x_wconf 92' lang='lat'>:</span> <span class='ocrx_word' id='word_1_273' title='bbox 717 1905 769 1949; x_wconf 89' lang='lat' dir='ltr'><strong>et</strong></span> <span class='ocrx_word' id='word_1_274' title='bbox 792 1898 924 1951; x_wconf 88' lang='lat' dir='ltr'><strong>bene</strong></span> <span class='ocrx_word' id='word_1_275' title='bbox 953 1897 1197 1951; x_wconf 84' lang='lat' dir='ltr'><strong>instructi</strong></span> <span class='ocrx_word' id='word_1_276' title='bbox 1229 1897 1464 1950; x_wconf 87' lang='lat' dir='ltr'><strong>fraterna</strong></span> <span class='ocrx_word' id='word_1_277' title='bbox 1488 1912 1554 1950; x_wconf 78' lang='lat' dir='ltr'><strong>ex</strong></span> <span class='ocrx_word' id='word_1_278' title='bbox 1581 1899 1694 1951; x_wconf 86' lang='lat' dir='ltr'><strong>acie</strong></span> <span class='ocrx_word' id='word_1_279' title='bbox 1721 1898 1789 1951; x_wconf 89' lang='lat' dir='ltr'><strong>ad</strong></span> 
     </span>
    </p>
   </div>
   <div class='ocr_carea' id='block_1_34' title="bbox 204 1985 1789 2055">
    <p class='ocr_par' dir='ltr' id='par_1_34' title="bbox 204 1985 1789 2055">
     <span class='ocr_line' id='line_1_34' title="bbox 204 1985 1789 2055; baseline 0.002 -17"><span class='ocrx_word' id='word_1_280' title='bbox 204 1985 538 2054; x_wconf 79' lang='lat' dir='ltr'><strong>singularem</strong></span> <span class='ocrx_word' id='word_1_281' title='bbox 572 2001 807 2055; x_wconf 78' lang='lat' dir='ltr'><strong>pugnam</strong></span> <span class='ocrx_word' id='word_1_282' title='bbox 837 1985 1022 2050; x_wconf 93' lang='lat' dir='ltr'><strong>eremi,</strong></span> <span class='ocrx_word' id='word_1_283' title='bbox 1053 1988 1227 2040; x_wconf 90' lang='lat' dir='ltr'><strong>securi</strong></span> <span class='ocrx_word' id='word_1_284' title='bbox 1251 1986 1363 2054; x_wconf 89' lang='lat' dir='ltr'><strong>jam</strong></span> <span class='ocrx_word' id='word_1_285' title='bbox 1395 1987 1511 2041; x_wconf 90' lang='lat' dir='ltr'><strong>sine</strong></span> <span class='ocrx_word' id='word_1_286' title='bbox 1541 1986 1789 2041; x_wconf 84' lang='lat' dir='ltr'><strong>consola-</strong></span> 
     </span>
    </p>
   </div>
   <div class='ocr_carea' id='block_1_35' title="bbox 208 2072 1790 2138">
    <p class='ocr_par' dir='ltr' id='par_1_35' title="bbox 208 2072 1790 2138">
     <span class='ocr_line' id='line_1_35' title="bbox 208 2072 1790 2138; baseline 0.003 -13"><span class='ocrx_word' id='word_1_287' title='bbox 208 2073 364 2125; x_wconf 87' lang='lat' dir='ltr'><strong>tione&#39;</strong></span> <span class='ocrx_word' id='word_1_288' title='bbox 390 2072 625 2126; x_wconf 88' lang='lat' dir='ltr'><strong>alterius</strong></span> <span class='ocrx_word' id='word_1_289' title='bbox 648 2113 664 2136; x_wconf 94' lang='lat'><strong>,</strong></span> <span class='ocrx_word' id='word_1_290' title='bbox 701 2073 812 2126; x_wconf 87' lang='lat' dir='ltr'><strong>sola</strong></span> <span class='ocrx_word' id='word_1_291' title='bbox 844 2089 1002 2128; x_wconf 88' lang='lat' dir='ltr'><strong>manu</strong></span> <span class='ocrx_word' id='word_1_292' title='bbox 1027 2114 1042 2138; x_wconf 91' lang='lat'><strong>,</strong></span> <span class='ocrx_word' id='word_1_293' title='bbox 1075 2075 1159 2129; x_wconf 85' lang='lat' dir='ltr'><strong>vel</strong></span> <span class='ocrx_word' id='word_1_294' title='bbox 1186 2075 1409 2130; x_wconf 90' lang='lat' dir='ltr'><strong>brachio</strong></span> <span class='ocrx_word' id='word_1_295' title='bbox 1439 2083 1625 2130; x_wconf 85' lang='lat' dir='ltr'><strong>contra</strong></span> <span class='ocrx_word' id='word_1_296' title='bbox 1657 2076 1790 2130; x_wconf 91' lang='lat' dir='ltr'><strong>vitia</strong></span> 
     </span>
    </p>
   </div>
   <div class='ocr_carea' id='block_1_36' title="bbox 203 2162 1794 2234">
    <p class='ocr_par' dir='ltr' id='par_1_36' title="bbox 203 2162 1794 2234">
     <span class='ocr_line' id='line_1_36' title="bbox 203 2162 1794 2234; baseline 0.003 -18"><span class='ocrx_word' id='word_1_297' title='bbox 203 2162 418 2224; x_wconf 89' lang='lat' dir='ltr'><strong>carnis,</strong></span> <span class='ocrx_word' id='word_1_298' title='bbox 454 2163 538 2218; x_wconf 86' lang='lat' dir='ltr'><strong>vel</strong></span> <span class='ocrx_word' id='word_1_299' title='bbox 579 2164 994 2234; x_wconf 80' lang='lat' dir='ltr'><strong>cogitationum,</strong></span> <span class='ocrx_word' id='word_1_300' title='bbox 1025 2164 1136 2219; x_wconf 91' lang='lat' dir='ltr'><strong>Deo</strong></span> <span class='ocrx_word' id='word_1_301' title='bbox 1165 2167 1490 2231; x_wconf 79' lang='lat' dir='ltr'><strong>auxiliante,</strong></span> <span class='ocrx_word' id='word_1_302' title='bbox 1525 2166 1794 2221; x_wconf 74' lang='lat' dir='ltr'><strong>sufﬁciunt</strong></span> 
     </span>
    </p>
   </div>
   <div class='ocr_carea' id='block_1_37' title="bbox 202 2251 1790 2323">
    <p class='ocr_par' dir='ltr' id='par_1_37' title="bbox 202 2251 1790 2323">
     <span class='ocr_line' id='line_1_37' title="bbox 202 2251 1790 2323; baseline 0.004 -19"><span class='ocrx_word' id='word_1_303' title='bbox 202 2265 473 2322; x_wconf 73' lang='lat' dir='ltr'><strong>pugnare.</strong></span> <span class='ocrx_word' id='word_1_304' title='bbox 502 2270 523 2303; x_wconf 74' lang='grc' dir='ltr'><strong><em>ι</em></strong></span> <span class='ocrx_word' id='word_1_305' title='bbox 553 2251 676 2306; x_wconf 73' lang='lat' dir='ltr'><strong>[huc</strong></span> <span class='ocrx_word' id='word_1_306' title='bbox 699 2269 762 2306; x_wconf 79' lang='lat' dir='ltr'><strong>ex</strong></span> <span class='ocrx_word' id='word_1_307' title='bbox 787 2269 904 2323; x_wconf 87' lang='lat' dir='ltr'><strong>cap.</strong></span> <span class='ocrx_word' id='word_1_308' title='bbox 935 2257 952 2306; x_wconf 88' lang='lat' dir='ltr'><strong>l</strong></span> <span class='ocrx_word' id='word_1_309' title='bbox 988 2253 1202 2322; x_wconf 76' lang='lat' dir='ltr'><strong>Regula:</strong></span> <span class='ocrx_word' id='word_1_310' title='bbox 1224 2255 1278 2308; x_wconf 90' lang='lat' dir='ltr'><strong>S.</strong></span> <span class='ocrx_word' id='word_1_311' title='bbox 1304 2254 1576 2310; x_wconf 89' lang='lat' dir='ltr'><strong>Benedicti</strong></span> <span class='ocrx_word' id='word_1_312' title='bbox 1605 2254 1666 2308; x_wconf 89' lang='grc' dir='ltr'><strong>Β.</strong></span> <span class='ocrx_word' id='word_1_313' title='bbox 1692 2255 1790 2310; x_wconf 85' lang='lat' dir='ltr'><strong>Pe-</strong></span> 
     </span>
    </p>
   </div>
   <div class='ocr_carea' id='block_1_38' title="bbox 204 2342 1794 2415">
    <p class='ocr_par' dir='ltr' id='par_1_38' title="bbox 204 2342 1794 2415">
     <span class='ocr_line' id='line_1_38' title="bbox 204 2342 1794 2415; baseline 0.005 -20"><span class='ocrx_word' id='word_1_314' title='bbox 204 2351 354 2406; x_wconf 84' lang='lat' dir='ltr'><strong>trus,</strong></span> <span class='ocrx_word' id='word_1_315' title='bbox 389 2342 552 2411; x_wconf 89' lang='lat' dir='ltr'><strong>cujus</strong></span> <span class='ocrx_word' id='word_1_316' title='bbox 593 2352 648 2398; x_wconf 90' lang='lat' dir='ltr'><strong>et</strong></span> <span class='ocrx_word' id='word_1_317' title='bbox 697 2344 798 2398; x_wconf 90' lang='lat' dir='ltr'><strong>ista</strong></span> <span class='ocrx_word' id='word_1_318' title='bbox 845 2354 969 2398; x_wconf 92' lang='lat' dir='ltr'><strong>sunt</strong></span> <span class='ocrx_word' id='word_1_319' title='bbox 1005 2345 1056 2398; x_wconf 90' lang='lat' dir='ltr'><strong>in</strong></span> <span class='ocrx_word' id='word_1_320' title='bbox 1087 2346 1271 2399; x_wconf 88' lang='lat' dir='ltr'><strong>eadem</strong></span> <span class='ocrx_word' id='word_1_321' title='bbox 1313 2345 1534 2415; x_wconf 89' lang='lat' dir='ltr'><strong>epistola</strong></span> <span class='ocrx_word' id='word_1_322' title='bbox 1571 2364 1583 2400; x_wconf 93' lang='lat'>:</span> <span class='ocrx_word' id='word_1_323' title='bbox 1627 2365 1645 2397; x_wconf 73' lang='grc' dir='ltr'><strong><em>ι</em></strong></span> <span class='ocrx_word' id='word_1_324' title='bbox 1679 2345 1794 2403; x_wconf 86' lang='lat' dir='ltr'><strong>Hoc</strong></span> 
     </span>
    </p>
   </div>
   <div class='ocr_carea' id='block_1_39' title="bbox 206 2433 1794 2503">
    <p class='ocr_par' dir='ltr' id='par_1_39' title="bbox 206 2433 1794 2503">
     <span class='ocr_line' id='line_1_39' title="bbox 206 2433 1794 2503; baseline 0.004 -19"><span class='ocrx_word' id='word_1_325' title='bbox 206 2443 469 2501; x_wconf 72' lang='lat' dir='ltr'><strong>pmterea</strong></span> <span class='ocrx_word' id='word_1_326' title='bbox 500 2433 774 2497; x_wconf 85' lang='lat' dir='ltr'><strong>novimus,</strong></span> <span class='ocrx_word' id='word_1_327' title='bbox 815 2435 939 2503; x_wconf 86' lang='lat' dir='ltr'><strong>quia</strong></span> <span class='ocrx_word' id='word_1_328' title='bbox 969 2434 1028 2486; x_wconf 89' lang='grc' dir='ltr'><strong>Β.</strong></span> <span class='ocrx_word' id='word_1_329' title='bbox 1059 2434 1381 2489; x_wconf 88' lang='lat' dir='ltr'><strong>Benedictus</strong></span> <span class='ocrx_word' id='word_1_330' title='bbox 1421 2435 1587 2489; x_wconf 90' lang='lat' dir='ltr'><strong>eremi</strong></span> <span class='ocrx_word' id='word_1_331' title='bbox 1620 2436 1794 2491; x_wconf 93' lang='lat' dir='ltr'><strong>cultor</strong></span> 
     </span>
    </p>
   </div>
   <div class='ocr_carea' id='block_1_40' title="bbox 205 2523 1792 2597">
    <p class='ocr_par' dir='ltr' id='par_1_40' title="bbox 205 2523 1792 2597">
     <span class='ocr_line' id='line_1_40' title="bbox 205 2523 1792 2597; baseline 0.003 -20"><span class='ocrx_word' id='word_1_332' title='bbox 205 2523 461 2587; x_wconf 81' lang='lat' dir='ltr'><strong>exstitit,</strong></span> <span class='ocrx_word' id='word_1_333' title='bbox 493 2532 550 2578; x_wconf 87' lang='lat' dir='ltr'><strong>et</strong></span> <span class='ocrx_word' id='word_1_334' title='bbox 591 2526 693 2579; x_wconf 92' lang='lat' dir='ltr'><strong>hoc</strong></span> <span class='ocrx_word' id='word_1_335' title='bbox 732 2537 880 2580; x_wconf 87' lang='lat' dir='ltr'><strong>certe</strong></span> <span class='ocrx_word' id='word_1_336' title='bbox 924 2540 1021 2579; x_wconf 91' lang='lat' dir='ltr'><strong>nos</strong></span> <span class='ocrx_word' id='word_1_337' title='bbox 1059 2526 1262 2595; x_wconf 88' lang='lat' dir='ltr'><strong>optavit</strong></span> <span class='ocrx_word' id='word_1_338' title='bbox 1295 2542 1445 2591; x_wconf 90' lang='lat' dir='ltr'><strong>esse,</strong></span> <span class='ocrx_word' id='word_1_339' title='bbox 1487 2528 1628 2597; x_wconf 92' lang='lat' dir='ltr'><strong>quod</strong></span> <span class='ocrx_word' id='word_1_340' title='bbox 1659 2528 1792 2594; x_wconf 88' lang='lat' dir='ltr'><strong>fuit,</strong></span> 
     </span>
    </p>
   </div>
   <div class='ocr_carea' id='block_1_41' title="bbox 206 2612 1794 2687">
    <p class='ocr_par' dir='ltr' id='par_1_41' title="bbox 206 2612 1794 2687">
     <span class='ocr_line' id='line_1_41' title="bbox 206 2612 1794 2687; baseline 0.007 -23"><span class='ocrx_word' id='word_1_341' title='bbox 206 2612 387 2666; x_wconf 87' lang='lat' dir='ltr'><strong>sed....</strong></span> <span class='ocrx_word' id='word_1_342' title='bbox 447 2613 817 2682; x_wconf 88' lang='lat' dir='ltr'><strong>dispensative</strong></span> <span class='ocrx_word' id='word_1_343' title='bbox 870 2617 1149 2670; x_wconf 92' lang='lat' dir='ltr'><strong>constituit</strong></span> <span class='ocrx_word' id='word_1_344' title='bbox 1195 2618 1345 2687; x_wconf 91' lang='lat' dir='ltr'><strong>prius</strong></span> <span class='ocrx_word' id='word_1_345' title='bbox 1398 2619 1794 2675; x_wconf 89' lang='lat' dir='ltr'><strong>monasterialis</strong></span> 
     </span>
    </p>
   </div>
   <div class='ocr_carea' id='block_1_42' title="bbox 208 2703 1796 2778">
    <p class='ocr_par' dir='ltr' id='par_1_42' title="bbox 208 2703 1796 2778">
     <span class='ocr_line' id='line_1_42' title="bbox 208 2703 1796 2778; baseline 0.006 -23"><span class='ocrx_word' id='word_1_346' title='bbox 208 2703 331 2757; x_wconf 68' lang='lat' dir='ltr'><strong>vitae</strong></span> <span class='ocrx_word' id='word_1_347' title='bbox 360 2704 670 2773; x_wconf 83' lang='lat' dir='ltr'><strong>planitiem.</strong></span> <span class='ocrx_word' id='word_1_348' title='bbox 702 2717 766 2760; x_wconf 92' lang='lat' dir='ltr'><strong>ut</strong></span> <span class='ocrx_word' id='word_1_349' title='bbox 793 2707 897 2762; x_wconf 92' lang='lat' dir='ltr'><strong>illic</strong></span> <span class='ocrx_word' id='word_1_350' title='bbox 923 2708 1216 2777; x_wconf 74' lang='lat' dir='ltr'><strong>disciplina:</strong></span> <span class='ocrx_word' id='word_1_351' title='bbox 1251 2708 1474 2778; x_wconf 81' lang='lat' dir='ltr'><strong>flagellis</strong></span> <span class='ocrx_word' id='word_1_352' title='bbox 1503 2711 1673 2764; x_wconf 88' lang='lat' dir='ltr'><strong>attriti</strong></span> <span class='ocrx_word' id='word_1_353' title='bbox 1701 2751 1714 2775; x_wconf 90' lang='lat'><strong>,</strong></span> <span class='ocrx_word' id='word_1_354' title='bbox 1741 2718 1796 2766; x_wconf 92' lang='lat' dir='ltr'><strong>et</strong></span> 
     </span>
    </p>
   </div>
   <div class='ocr_carea' id='block_1_43' title="bbox 199 2795 1794 2865">
    <p class='ocr_par' dir='ltr' id='par_1_43' title="bbox 199 2795 1794 2865">
     <span class='ocr_line' id='line_1_43' title="bbox 199 2795 1794 2865; baseline 0.006 -19"><span class='ocrx_word' id='word_1_355' title='bbox 199 2795 486 2849; x_wconf 79' lang='lat' dir='ltr'><strong>exercitiis</strong></span> <span class='ocrx_word' id='word_1_356' title='bbox 511 2797 747 2865; x_wconf 86' lang='lat' dir='ltr'><strong>probati,</strong></span> <span class='ocrx_word' id='word_1_357' title='bbox 768 2796 876 2864; x_wconf 87' lang='lat' dir='ltr'><strong>jam</strong></span> <span class='ocrx_word' id='word_1_358' title='bbox 920 2797 1130 2852; x_wconf 81' lang='lat' dir='ltr'><strong>facilius</strong></span> <span class='ocrx_word' id='word_1_359' title='bbox 1160 2799 1325 2854; x_wconf 91' lang='lat' dir='ltr'><strong>eremi</strong></span> <span class='ocrx_word' id='word_1_360' title='bbox 1369 2800 1794 2856; x_wconf 87' lang='lat' dir='ltr'><strong>conscendamus</strong></span> 
     </span>
    </p>
   </div>
   <div class='ocr_carea' id='block_1_44' title="bbox 205 2884 1793 2960">
    <p class='ocr_par' dir='ltr' id='par_1_44' title="bbox 205 2884 1793 2960">
     <span class='ocr_line' id='line_1_44' title="bbox 205 2884 1793 2960; baseline 0.006 -24"><span class='ocrx_word' id='word_1_361' title='bbox 205 2884 276 2937; x_wconf 80' lang='lat' dir='ltr'><strong>ad</strong></span> <span class='ocrx_word' id='word_1_362' title='bbox 313 2900 522 2939; x_wconf 88' lang='lat' dir='ltr'><strong>arcem.</strong></span> <span class='ocrx_word' id='word_1_363' title='bbox 572 2885 686 2941; x_wconf 85' lang='lat' dir='ltr'><strong>Hoc</strong></span> <span class='ocrx_word' id='word_1_364' title='bbox 730 2889 910 2957; x_wconf 80' lang='lat' dir='ltr'><strong>itaque</strong></span> <span class='ocrx_word' id='word_1_365' title='bbox 942 2888 1289 2954; x_wconf 87' lang='lat' dir='ltr'><strong>Benedictus,</strong></span> <span class='ocrx_word' id='word_1_366' title='bbox 1323 2890 1462 2960; x_wconf 93' lang='lat' dir='ltr'><strong>quod</strong></span> <span class='ocrx_word' id='word_1_367' title='bbox 1504 2899 1558 2944; x_wconf 89' lang='lat' dir='ltr'><strong>et</strong></span> <span class='ocrx_word' id='word_1_368' title='bbox 1601 2891 1793 2945; x_wconf 86' lang='lat' dir='ltr'><strong>beatus</strong></span> 
     </span>
    </p>
   </div>
   <div class='ocr_carea' id='block_1_45' title="bbox 213 2974 1794 3053">
    <p class='ocr_par' dir='ltr' id='par_1_45' title="bbox 213 2974 1794 3053">
     <span class='ocr_line' id='line_1_45' title="bbox 213 2974 1794 3053; baseline 0.006 -25"><span class='ocrx_word' id='word_1_369' title='bbox 213 2974 414 3031; x_wconf 78' lang='lat' dir='ltr'><strong>fecerat</strong></span> <span class='ocrx_word' id='word_1_370' title='bbox 445 2976 664 3032; x_wconf 88' lang='lat' dir='ltr'><strong>Paulus.</strong></span> <span class='ocrx_word' id='word_1_371' title='bbox 696 2978 934 3050; x_wconf 83' lang='lat' dir='ltr'><strong>Agamus</strong></span> <span class='ocrx_word' id='word_1_372' title='bbox 959 2978 1200 3052; x_wconf 68' lang='grc' dir='ltr'><strong>[ἄγαμος]</strong></span> <span class='ocrx_word' id='word_1_373' title='bbox 1226 2982 1489 3051; x_wconf 87' lang='lat' dir='ltr'><strong>siquidem</strong></span> <span class='ocrx_word' id='word_1_374' title='bbox 1515 2990 1633 3036; x_wconf 87' lang='lat' dir='ltr'><strong>erat</strong></span> <span class='ocrx_word' id='word_1_375' title='bbox 1651 2983 1794 3053; x_wconf 80' lang='lat' dir='ltr'><strong>Apo-</strong></span> 
     </span>
    </p>
   </div>
   <div class='ocr_carea' id='block_1_46' title="bbox 205 3066 1789 3142">
    <p class='ocr_par' dir='ltr' id='par_1_46' title="bbox 205 3066 1789 3142">
     <span class='ocr_line' id='line_1_46' title="bbox 205 3066 1789 3142; baseline 0.006 -23"><span class='ocrx_word' id='word_1_376' title='bbox 205 3066 411 3130; x_wconf 81' lang='lat' dir='ltr'><strong>stolus,</strong></span> <span class='ocrx_word' id='word_1_377' title='bbox 463 3068 714 3122; x_wconf 92' lang='lat' dir='ltr'><strong>homines</strong></span> <span class='ocrx_word' id='word_1_378' title='bbox 763 3077 938 3123; x_wconf 90' lang='lat' dir='ltr'><strong>tamen</strong></span> <span class='ocrx_word' id='word_1_379' title='bbox 985 3073 1050 3124; x_wconf 92' lang='lat' dir='ltr'><strong>ad</strong></span> <span class='ocrx_word' id='word_1_380' title='bbox 1094 3073 1401 3142; x_wconf 89' lang='lat' dir='ltr'><strong>cunjugium</strong></span> <span class='ocrx_word' id='word_1_381' title='bbox 1443 3075 1789 3142; x_wconf 90' lang='lat' dir='ltr'><strong>provocabat.</strong></span> 
     </span>
    </p>
   </div>
   <div class='ocr_carea' id='block_1_47' title="bbox 200 3145 1866 3237">
    <p class='ocr_par' dir='ltr' id='par_1_47' title="bbox 200 3145 1866 3237">
     <span class='ocr_line' id='line_1_47' title="bbox 200 3145 1866 3237; baseline 0.005 -25"><span class='ocrx_word' id='word_1_382' title='bbox 200 3156 614 3230; x_wconf 74' lang='lat' dir='ltr'><strong>Unusquisque,</strong></span> <span class='ocrx_word' id='word_1_383' title='bbox 646 3161 915 3229; x_wconf 80' lang='lat' dir='ltr'><strong>inquiens,</strong></span> <span class='ocrx_word' id='word_1_384' title='bbox 948 3180 1159 3217; x_wconf 72' lang='lat' dir='ltr'><strong>uxorem</strong></span> <span class='ocrx_word' id='word_1_385' title='bbox 1189 3167 1433 3235; x_wconf 81' lang='lat' dir='ltr'><strong>accipiat,</strong></span> <span class='ocrx_word' id='word_1_386' title='bbox 1465 3175 1514 3219; x_wconf 76' lang='lat' dir='ltr'><strong>et</strong></span> <span class='ocrx_word' id='word_1_387' title='bbox 1544 3183 1794 3237; x_wconf 68' lang='lat' dir='ltr'><strong>unaquc-</strong></span> <span class='ocrx_word' id='word_1_388' title='bbox 1821 3145 1866 3208; x_wconf 79' lang='lat' dir='ltr'><strong><em>C</em></strong></span> 
     </span>
    </p>
   </div>
   <div class='ocr_carea' id='block_1_48' title="bbox 215 3251 1796 3326">
    <p class='ocr_par' dir='ltr' id='par_1_48' title="bbox 215 3251 1796 3326">
     <span class='ocr_line' id='line_1_48' title="bbox 215 3251 1796 3326; baseline 0.008 -26"><span class='ocrx_word' id='word_1_389' title='bbox 215 3265 307 3318; x_wconf 78' lang='lat' dir='ltr'><strong>que</strong></span> <span class='ocrx_word' id='word_1_390' title='bbox 333 3252 505 3303; x_wconf 71' lang='lat' dir='ltr'><strong>cirum</strong></span> <span class='ocrx_word' id='word_1_391' title='bbox 533 3265 685 3304; x_wconf 85' lang='lat' dir='ltr'><strong>suum</strong></span> <span class='ocrx_word' id='word_1_392' title='bbox 715 3251 992 3306; x_wconf 80' lang='lat' dir='ltr'><strong>habeat....</strong></span> <span class='ocrx_word' id='word_1_393' title='bbox 1025 3252 1076 3322; x_wconf 93' lang='grc' dir='ltr'><strong>(Ι</strong></span> <span class='ocrx_word' id='word_1_394' title='bbox 1103 3252 1224 3308; x_wconf 89' lang='lat' dir='ltr'><strong>Cor.</strong></span> <span class='ocrx_word' id='word_1_395' title='bbox 1254 3270 1350 3320; x_wconf 82' lang='lat' dir='ltr'><strong>vn,</strong></span> <span class='ocrx_word' id='word_1_396' title='bbox 1377 3255 1453 3324; x_wconf 75' lang='grc'>2).</span> <span class='ocrx_word' id='word_1_397' title='bbox 1484 3255 1650 3310; x_wconf 87' lang='lat' dir='ltr'><strong>Paulo</strong></span> <span class='ocrx_word' id='word_1_398' title='bbox 1675 3266 1796 3326; x_wconf 84' lang='lat' dir='ltr'><strong>post</strong></span> 
     </span>
    </p>
   </div>
   <div class='ocr_carea' id='block_1_49' title="bbox 216 3341 1794 3421">
    <p class='ocr_par' dir='ltr' id='par_1_49' title="bbox 216 3341 1794 3421">
     <span class='ocr_line' id='line_1_49' title="bbox 216 3341 1794 3421; baseline 0.008 -28"><span class='ocrx_word' id='word_1_399' title='bbox 216 3347 395 3395; x_wconf 85' lang='lat' dir='ltr'><strong>tamen</strong></span> <span class='ocrx_word' id='word_1_400' title='bbox 421 3341 554 3396; x_wconf 87' lang='lat' dir='ltr'><strong>dicit</strong></span> <span class='ocrx_word' id='word_1_401' title='bbox 585 3360 598 3394; x_wconf 91' lang='lat'>:</span> <span class='ocrx_word' id='word_1_402' title='bbox 637 3342 765 3396; x_wconf 83' lang='lat' dir='ltr'><strong>Volo</strong></span> <span class='ocrx_word' id='word_1_403' title='bbox 787 3361 963 3399; x_wconf 85' lang='lat' dir='ltr'><strong>omnes</strong></span> <span class='ocrx_word' id='word_1_404' title='bbox 990 3347 1222 3401; x_wconf 82' lang='lat' dir='ltr'><strong>homines</strong></span> <span class='ocrx_word' id='word_1_405' title='bbox 1251 3365 1360 3402; x_wconf 84' lang='lat' dir='ltr'><strong>esse</strong></span> <span class='ocrx_word' id='word_1_406' title='bbox 1377 3349 1510 3402; x_wconf 82' lang='lat' dir='ltr'><strong>sicut</strong></span> <span class='ocrx_word' id='word_1_407' title='bbox 1541 3353 1794 3421; x_wconf 83' lang='lat' dir='ltr'><strong>meipsum</strong></span> 
     </span>
    </p>
   </div>
   <div class='ocr_carea' id='block_1_50' title="bbox 218 3430 1796 3508">
    <p class='ocr_par' dir='ltr' id='par_1_50' title="bbox 218 3430 1796 3508">
     <span class='ocr_line' id='line_1_50' title="bbox 218 3430 1796 3508; baseline 0.01 -26"><span class='ocrx_word' id='word_1_408' title='bbox 218 3430 408 3499; x_wconf 82' lang='lat' dir='ltr'><strong>(lbid.,</strong></span> <span class='ocrx_word' id='word_1_409' title='bbox 459 3432 532 3501; x_wconf 85' lang='lat'><strong>7).</strong></span> <span class='ocrx_word' id='word_1_410' title='bbox 568 3433 727 3487; x_wconf 85' lang='lat' dir='ltr'><strong>Aliud</strong></span> <span class='ocrx_word' id='word_1_411' title='bbox 769 3450 897 3491; x_wconf 91' lang='lat' dir='ltr'><strong>vero</strong></span> <span class='ocrx_word' id='word_1_412' title='bbox 947 3436 1157 3492; x_wconf 76' lang='lat' dir='ltr'><strong>volebat</strong></span> <span class='ocrx_word' id='word_1_413' title='bbox 1200 3439 1526 3508; x_wconf 84' lang='lat' dir='ltr'><strong>Apostolus,</strong></span> <span class='ocrx_word' id='word_1_414' title='bbox 1561 3451 1616 3496; x_wconf 86' lang='lat' dir='ltr'><strong>et</strong></span> <span class='ocrx_word' id='word_1_415' title='bbox 1653 3443 1796 3497; x_wconf 87' lang='lat' dir='ltr'><strong>aliud</strong></span> 
     </span>
    </p>
   </div>
   <div class='ocr_carea' id='block_1_51' title="bbox 215 3522 1798 3598">
    <p class='ocr_par' dir='ltr' id='par_1_51' title="bbox 215 3522 1798 3598">
     <span class='ocr_line' id='line_1_51' title="bbox 215 3522 1798 3598; baseline 0.01 -25"><span class='ocrx_word' id='word_1_416' title='bbox 215 3522 584 3591; x_wconf 77' lang='lat' dir='ltr'><strong>praecipiebat.</strong></span> <span class='ocrx_word' id='word_1_417' title='bbox 633 3524 858 3579; x_wconf 84' lang='lat' dir='ltr'><strong>Volebat</strong></span> <span class='ocrx_word' id='word_1_418' title='bbox 887 3541 1004 3592; x_wconf 90' lang='lat' dir='ltr'><strong>nos,</strong></span> <span class='ocrx_word' id='word_1_419' title='bbox 1051 3528 1190 3582; x_wconf 91' lang='lat' dir='ltr'><strong>sicut</strong></span> <span class='ocrx_word' id='word_1_420' title='bbox 1218 3529 1330 3598; x_wconf 89' lang='lat' dir='ltr'><strong>ipse</strong></span> <span class='ocrx_word' id='word_1_421' title='bbox 1369 3540 1525 3595; x_wconf 86' lang='lat' dir='ltr'><strong>erat,</strong></span> <span class='ocrx_word' id='word_1_422' title='bbox 1575 3533 1798 3589; x_wconf 81' lang='lat' dir='ltr'><strong>caelibes</strong></span> 
     </span>
    </p>
   </div>
   <div class='ocr_carea' id='block_1_52' title="bbox 225 3615 1798 3691">
    <p class='ocr_par' dir='ltr' id='par_1_52' title="bbox 225 3615 1798 3691">
     <span class='ocr_line' id='line_1_52' title="bbox 225 3615 1798 3691; baseline 0.01 -26"><span class='ocrx_word' id='word_1_423' title='bbox 225 3625 363 3676; x_wconf 87' lang='lat' dir='ltr'><strong>esse,</strong></span> <span class='ocrx_word' id='word_1_424' title='bbox 389 3622 612 3682; x_wconf 86' lang='lat' dir='ltr'><strong>propter</strong></span> <span class='ocrx_word' id='word_1_425' title='bbox 641 3615 911 3672; x_wconf 82' lang='lat' dir='ltr'><strong>excellens</strong></span> <span class='ocrx_word' id='word_1_426' title='bbox 937 3618 1187 3672; x_wconf 86' lang='lat' dir='ltr'><strong>videlicet</strong></span> <span class='ocrx_word' id='word_1_427' title='bbox 1224 3623 1500 3676; x_wconf 88' lang='lat' dir='ltr'><strong>vernantis</strong></span> <span class='ocrx_word' id='word_1_428' title='bbox 1528 3624 1798 3691; x_wconf 66' lang='lat' dir='ltr'><strong>pudicitiae</strong></span> 
     </span>
    </p>
   </div>
   <div class='ocr_carea' id='block_1_53' title="bbox 224 3705 1797 3785">
    <p class='ocr_par' dir='ltr' id='par_1_53' title="bbox 224 3705 1797 3785">
     <span class='ocr_line' id='line_1_53' title="bbox 224 3705 1797 3785; baseline 0.009 -29"><span class='ocrx_word' id='word_1_429' title='bbox 224 3705 490 3778; x_wconf 84' lang='lat' dir='ltr'><strong>meritum,</strong></span> <span class='ocrx_word' id='word_1_430' title='bbox 524 3707 620 3760; x_wconf 90' lang='lat' dir='ltr'><strong>sed</strong></span> <span class='ocrx_word' id='word_1_431' title='bbox 648 3707 861 3762; x_wconf 89' lang='lat' dir='ltr'><strong>volebat</strong></span> <span class='ocrx_word' id='word_1_432' title='bbox 895 3709 1032 3763; x_wconf 90' lang='lat' dir='ltr'><strong>inire</strong></span> <span class='ocrx_word' id='word_1_433' title='bbox 1060 3709 1362 3780; x_wconf 85' lang='lat' dir='ltr'><strong>conjugiutn</strong></span> <span class='ocrx_word' id='word_1_434' title='bbox 1392 3753 1404 3776; x_wconf 97' lang='lat'><strong>,</strong></span> <span class='ocrx_word' id='word_1_435' title='bbox 1433 3714 1558 3782; x_wconf 89' lang='lat' dir='ltr'><strong>quia</strong></span> <span class='ocrx_word' id='word_1_436' title='bbox 1591 3713 1797 3785; x_wconf 84' lang='lat' dir='ltr'><strong>fragili-</strong></span> 
     </span>
    </p>
   </div>
   <div class='ocr_carea' id='block_1_54' title="bbox 201 3796 1796 3873">
    <p class='ocr_par' dir='ltr' id='par_1_54' title="bbox 201 3796 1796 3873">
     <span class='ocr_line' id='line_1_54' title="bbox 201 3796 1796 3873; baseline 0.006 -21"><span class='ocrx_word' id='word_1_437' title='bbox 201 3796 342 3852; x_wconf 81' lang='lat' dir='ltr'><strong>.tatis</strong></span> <span class='ocrx_word' id='word_1_438' title='bbox 367 3806 568 3851; x_wconf 80' lang='lat' dir='ltr'><strong>nostrze</strong></span> <span class='ocrx_word' id='word_1_439' title='bbox 596 3799 892 3867; x_wconf 85' lang='lat' dir='ltr'><strong>periculum</strong></span> <span class='ocrx_word' id='word_1_440' title='bbox 923 3802 1233 3856; x_wconf 88' lang='lat' dir='ltr'><strong>timebat....</strong></span> <span class='ocrx_word' id='word_1_441' title='bbox 1261 3802 1336 3858; x_wconf 87' lang='lat' dir='ltr'><strong>Ita</strong></span> <span class='ocrx_word' id='word_1_442' title='bbox 1361 3803 1421 3856; x_wconf 89' lang='grc' dir='ltr'><strong>Β.</strong></span> <span class='ocrx_word' id='word_1_443' title='bbox 1452 3804 1796 3873; x_wconf 85' lang='lat' dir='ltr'><strong>Benedictus,</strong></span> 
     </span>
    </p>
   </div>
   <div class='ocr_carea' id='block_1_55' title="bbox 216 3893 1800 3964">
    <p class='ocr_par' dir='ltr' id='par_1_55' title="bbox 216 3893 1800 3964">
     <span class='ocr_line' id='line_1_55' title="bbox 216 3893 1800 3964; baseline 0.011 -25"><span class='ocrx_word' id='word_1_444' title='bbox 216 3902 526 3958; x_wconf 76' lang='lat' dir='ltr'><strong>quanquam</strong></span> <span class='ocrx_word' id='word_1_445' title='bbox 557 3893 880 3961; x_wconf 84' lang='lat' dir='ltr'><strong>propensius</strong></span> <span class='ocrx_word' id='word_1_446' title='bbox 916 3893 1046 3947; x_wconf 89' lang='lat' dir='ltr'><strong>velit</strong></span> <span class='ocrx_word' id='word_1_447' title='bbox 1075 3909 1172 3948; x_wconf 91' lang='lat' dir='ltr'><strong>nos</strong></span> <span class='ocrx_word' id='word_1_448' title='bbox 1197 3909 1336 3960; x_wconf 86' lang='lat' dir='ltr'><strong>esse,</strong></span> <span class='ocrx_word' id='word_1_449' title='bbox 1362 3897 1503 3964; x_wconf 91' lang='lat' dir='ltr'><strong>quod</strong></span> <span class='ocrx_word' id='word_1_450' title='bbox 1529 3906 1665 3961; x_wconf 87' lang='lat' dir='ltr'><strong>erat,</strong></span> <span class='ocrx_word' id='word_1_451' title='bbox 1696 3900 1800 3956; x_wconf 89' lang='lat' dir='ltr'><strong>hoc</strong></span> 
     </span>
    </p>
   </div>
   <div class='ocr_carea' id='block_1_56' title="bbox 215 3977 1800 4048">
    <p class='ocr_par' dir='ltr' id='par_1_56' title="bbox 215 3977 1800 4048">
     <span class='ocr_line' id='line_1_56' title="bbox 215 3977 1800 4048; baseline 0.009 -18"><span class='ocrx_word' id='word_1_452' title='bbox 215 3986 292 4030; x_wconf 87' lang='lat' dir='ltr'><strong>est</strong></span> <span class='ocrx_word' id='word_1_453' title='bbox 323 3977 504 4032; x_wconf 88' lang='lat' dir='ltr'><strong>eremi</strong></span> <span class='ocrx_word' id='word_1_454' title='bbox 550 3989 883 4048; x_wconf 87' lang='lat' dir='ltr'><strong>sectatores;</strong></span> <span class='ocrx_word' id='word_1_455' title='bbox 923 3983 1256 4039; x_wconf 89' lang='lat' dir='ltr'><strong>tolerabilius</strong></span> <span class='ocrx_word' id='word_1_456' title='bbox 1298 3995 1474 4041; x_wconf 90' lang='lat' dir='ltr'><strong>tamen</strong></span> <span class='ocrx_word' id='word_1_457' title='bbox 1512 3989 1660 4043; x_wconf 89' lang='lat' dir='ltr'><strong>ducit</strong></span> <span class='ocrx_word' id='word_1_458' title='bbox 1700 4005 1800 4046; x_wconf 90' lang='lat' dir='ltr'><strong>nos</strong></span> 
     </span>
    </p>
   </div>
   <div class='ocr_carea' id='block_1_57' title="bbox 215 4069 1802 4151">
    <p class='ocr_par' dir='ltr' id='par_1_57' title="bbox 215 4069 1802 4151">
     <span class='ocr_line' id='line_1_57' title="bbox 215 4069 1802 4151; baseline 0.009 -29"><span class='ocrx_word' id='word_1_459' title='bbox 215 4069 463 4125; x_wconf 80' lang='lat' dir='ltr'><strong>infirmos</strong></span> <span class='ocrx_word' id='word_1_460' title='bbox 501 4086 567 4126; x_wconf 90' lang='lat' dir='ltr'><strong>ac</strong></span> <span class='ocrx_word' id='word_1_461' title='bbox 603 4073 808 4129; x_wconf 86' lang='lat' dir='ltr'><strong>debiles</strong></span> <span class='ocrx_word' id='word_1_462' title='bbox 836 4074 890 4128; x_wconf 91' lang='lat' dir='ltr'><strong>in</strong></span> <span class='ocrx_word' id='word_1_463' title='bbox 936 4077 1246 4132; x_wconf 91' lang='lat' dir='ltr'><strong>monasterii</strong></span> <span class='ocrx_word' id='word_1_464' title='bbox 1279 4087 1435 4146; x_wconf 92' lang='lat' dir='ltr'><strong>portu</strong></span> <span class='ocrx_word' id='word_1_465' title='bbox 1467 4080 1548 4133; x_wconf 89' lang='lat' dir='ltr'><strong>vel</strong></span> <span class='ocrx_word' id='word_1_466' title='bbox 1597 4082 1802 4151; x_wconf 82' lang='lat' dir='ltr'><strong>ignobi-</strong></span> 
     </span>
    </p>
   </div>
   <div class='ocr_carea' id='block_1_58' title="bbox 215 4157 1800 4237">
    <p class='ocr_par' dir='ltr' id='par_1_58' title="bbox 215 4157 1800 4237">
     <span class='ocr_line' id='line_1_58' title="bbox 215 4157 1800 4237; baseline 0.009 -27"><span class='ocrx_word' id='word_1_467' title='bbox 215 4157 332 4212; x_wconf 89' lang='lat' dir='ltr'><strong>liter</strong></span> <span class='ocrx_word' id='word_1_468' title='bbox 378 4159 604 4224; x_wconf 90' lang='lat' dir='ltr'><strong>vivere,</strong></span> <span class='ocrx_word' id='word_1_469' title='bbox 643 4177 808 4231; x_wconf 88' lang='lat' dir='ltr'><strong>quam</strong></span> <span class='ocrx_word' id='word_1_470' title='bbox 853 4162 903 4216; x_wconf 89' lang='lat' dir='ltr'><strong>in</strong></span> <span class='ocrx_word' id='word_1_471' title='bbox 943 4172 1302 4234; x_wconf 90' lang='lat' dir='ltr'><strong>tempestuosa</strong></span> <span class='ocrx_word' id='word_1_472' title='bbox 1341 4166 1581 4237; x_wconf 81' lang='lat' dir='ltr'><strong>naufragi</strong></span> <span class='ocrx_word' id='word_1_473' title='bbox 1616 4171 1800 4224; x_wconf 86' lang='lat' dir='ltr'><strong>mundi</strong></span> 
     </span>
    </p>
   </div>
   <div class='ocr_carea' id='block_1_59' title="bbox 215 4250 1801 4320">
    <p class='ocr_par' dir='ltr' id='par_1_59' title="bbox 215 4250 1801 4320">
     <span class='ocr_line' id='line_1_59' title="bbox 215 4250 1801 4320; baseline 0.009 -20"><span class='ocrx_word' id='word_1_474' title='bbox 215 4250 476 4320; x_wconf 81' lang='lat' dir='ltr'><strong>voragine</strong></span> <span class='ocrx_word' id='word_1_475' title='bbox 506 4250 770 4319; x_wconf 88' lang='lat' dir='ltr'><strong>deperire.</strong></span> <span class='ocrx_word' id='word_1_476' title='bbox 805 4270 824 4304; x_wconf 72' lang='grc' dir='ltr'><strong><em>ι</em></strong></span> <span class='ocrx_word' id='word_1_477' title='bbox 857 4251 933 4307; x_wconf 80' lang='lat' dir='ltr'><strong>Ac</strong></span> <span class='ocrx_word' id='word_1_478' title='bbox 967 4256 1182 4308; x_wconf 83' lang='lat' dir='ltr'><strong>tandem</strong></span> <span class='ocrx_word' id='word_1_479' title='bbox 1223 4256 1294 4309; x_wconf 90' lang='lat' dir='ltr'><strong>ita</strong></span> <span class='ocrx_word' id='word_1_480' title='bbox 1326 4256 1596 4312; x_wconf 90' lang='lat' dir='ltr'><strong>concludit</strong></span> <span class='ocrx_word' id='word_1_481' title='bbox 1627 4272 1642 4312; x_wconf 90' lang='lat'><strong>:</strong></span> <span class='ocrx_word' id='word_1_482' title='bbox 1680 4277 1698 4310; x_wconf 74' lang='grc' dir='ltr'>ι</span> <span class='ocrx_word' id='word_1_483' title='bbox 1730 4259 1801 4314; x_wconf 90' lang='lat' dir='ltr'><strong>Ut</strong></span> 
     </span>
    </p>
   </div>
   <div class='ocr_carea' id='block_1_60' title="bbox 215 4340 1800 4412">
    <p class='ocr_par' dir='ltr' id='par_1_60' title="bbox 215 4340 1800 4412">
     <span class='ocr_line' id='line_1_60' title="bbox 215 4340 1800 4412; baseline 0.006 -17"><span class='ocrx_word' id='word_1_484' title='bbox 215 4355 342 4412; x_wconf 83' lang='lat' dir='ltr'><strong>ergo</strong></span> <span class='ocrx_word' id='word_1_485' title='bbox 374 4340 605 4396; x_wconf 82' lang='lat' dir='ltr'><strong>Fratres</strong></span> <span class='ocrx_word' id='word_1_486' title='bbox 639 4342 705 4396; x_wconf 88' lang='lat' dir='ltr'><strong>ad</strong></span> <span class='ocrx_word' id='word_1_487' title='bbox 743 4357 984 4397; x_wconf 88' lang='lat' dir='ltr'><strong>eremum</strong></span> <span class='ocrx_word' id='word_1_488' title='bbox 1019 4346 1085 4398; x_wconf 91' lang='lat' dir='ltr'><strong>de</strong></span> <span class='ocrx_word' id='word_1_489' title='bbox 1129 4347 1493 4401; x_wconf 90' lang='lat' dir='ltr'><strong>monasteriali</strong></span> <span class='ocrx_word' id='word_1_490' title='bbox 1526 4348 1631 4401; x_wconf 88' lang='lat' dir='ltr'><strong>vita</strong></span> <span class='ocrx_word' id='word_1_491' title='bbox 1668 4365 1800 4404; x_wconf 89' lang='lat' dir='ltr'><strong>con-</strong></span> 
     </span>
    </p>
   </div>
   <div class='ocr_carea' id='block_1_61' title="bbox 216 4437 1802 4501">
    <p class='ocr_par' dir='ltr' id='par_1_61' title="bbox 216 4437 1802 4501">
     <span class='ocr_line' id='line_1_61' title="bbox 216 4437 1802 4501; baseline 0.003 -11"><span class='ocrx_word' id='word_1_492' title='bbox 216 4437 514 4500; x_wconf 84' lang='lat' dir='ltr'><strong>scendant,</strong></span> <span class='ocrx_word' id='word_1_493' title='bbox 559 4445 614 4490; x_wconf 90' lang='lat' dir='ltr'><strong>et</strong></span> <span class='ocrx_word' id='word_1_494' title='bbox 639 4451 736 4491; x_wconf 93' lang='lat' dir='ltr'><strong>nos</strong></span> <span class='ocrx_word' id='word_1_495' title='bbox 766 4437 996 4501; x_wconf 89' lang='lat' dir='ltr'><strong>lturtari,</strong></span> <span class='ocrx_word' id='word_1_496' title='bbox 1027 4447 1083 4492; x_wconf 91' lang='lat' dir='ltr'><strong>ct</strong></span> <span class='ocrx_word' id='word_1_497' title='bbox 1111 4454 1210 4492; x_wconf 91' lang='lat' dir='ltr'><strong>nos</strong></span> <span class='ocrx_word' id='word_1_498' title='bbox 1241 4441 1496 4495; x_wconf 85' lang='lat' dir='ltr'><strong>debemus</strong></span> <span class='ocrx_word' id='word_1_499' title='bbox 1521 4457 1644 4495; x_wconf 93' lang='lat' dir='ltr'><strong>cum</strong></span> <span class='ocrx_word' id='word_1_500' title='bbox 1673 4442 1802 4496; x_wconf 85' lang='lat' dir='ltr'><strong>cha-</strong></span> 
     </span>
    </p>
   </div>
   <div class='ocr_carea' id='block_1_62' title="bbox 217 4525 1798 4595">
    <p class='ocr_par' dir='ltr' id='par_1_62' title="bbox 217 4525 1798 4595">
     <span class='ocr_line' id='line_1_62' title="bbox 217 4525 1798 4595; baseline 0.004 -17"><span class='ocrx_word' id='word_1_501' title='bbox 217 4525 379 4580; x_wconf 87' lang='lat' dir='ltr'><strong>ritate</strong></span> <span class='ocrx_word' id='word_1_502' title='bbox 419 4526 727 4595; x_wconf 88' lang='lat' dir='ltr'><strong>suscipere,</strong></span> <span class='ocrx_word' id='word_1_503' title='bbox 775 4535 833 4580; x_wconf 94' lang='lat' dir='ltr'><strong>ut</strong></span> <span class='ocrx_word' id='word_1_504' title='bbox 871 4541 974 4580; x_wconf 92' lang='lat' dir='ltr'><strong>non</strong></span> <span class='ocrx_word' id='word_1_505' title='bbox 1009 4527 1150 4582; x_wconf 88' lang='lat' dir='ltr'><strong>velut</strong></span> <span class='ocrx_word' id='word_1_506' title='bbox 1193 4529 1372 4584; x_wconf 90' lang='lat' dir='ltr'><strong>hostes</strong></span> <span class='ocrx_word' id='word_1_507' title='bbox 1407 4545 1437 4582; x_wconf 88' lang='lat' dir='ltr'><strong>a</strong></span> <span class='ocrx_word' id='word_1_508' title='bbox 1483 4531 1642 4585; x_wconf 90' lang='lat' dir='ltr'><strong>beato</strong></span> <span class='ocrx_word' id='word_1_509' title='bbox 1682 4532 1798 4586; x_wconf 84' lang='lat' dir='ltr'><strong>viro</strong></span> 
     </span>
    </p>
   </div>
   <div class='ocr_carea' id='block_1_63' title="bbox 218 4615 1802 4686">
    <p class='ocr_par' dir='ltr' id='par_1_63' title="bbox 218 4615 1802 4686">
     <span class='ocr_line' id='line_1_63' title="bbox 218 4615 1802 4686; baseline 0.003 -15"><span class='ocrx_word' id='word_1_510' title='bbox 218 4616 588 4679; x_wconf 85' lang='lat' dir='ltr'><strong>schismatica,</strong></span> <span class='ocrx_word' id='word_1_511' title='bbox 619 4615 765 4685; x_wconf 86' lang='lat' dir='ltr'><strong>quod</strong></span> <span class='ocrx_word' id='word_1_512' title='bbox 793 4616 955 4680; x_wconf 86' lang='lat' dir='ltr'><strong>absit,</strong></span> <span class='ocrx_word' id='word_1_513' title='bbox 986 4618 1268 4673; x_wconf 88' lang='lat' dir='ltr'><strong>aversione</strong></span> <span class='ocrx_word' id='word_1_514' title='bbox 1296 4619 1588 4686; x_wconf 87' lang='lat' dir='ltr'><strong>discedere,</strong></span> <span class='ocrx_word' id='word_1_515' title='bbox 1618 4623 1711 4676; x_wconf 90' lang='lat' dir='ltr'><strong>sed</strong></span> <span class='ocrx_word' id='word_1_516' title='bbox 1743 4630 1802 4676; x_wconf 92' lang='lat' dir='ltr'><strong>ut</strong></span> 
     </span>
    </p>
   </div>
   <div class='ocr_carea' id='block_1_64' title="bbox 219 4709 1802 4779">
    <p class='ocr_par' dir='ltr' id='par_1_64' title="bbox 219 4709 1802 4779">
     <span class='ocr_line' id='line_1_64' title="bbox 219 4709 1802 4779; baseline 0.003 -15"><span class='ocrx_word' id='word_1_517' title='bbox 219 4723 408 4764; x_wconf 88' lang='lat' dir='ltr'><strong>revera</strong></span> <span class='ocrx_word' id='word_1_518' title='bbox 439 4709 690 4779; x_wconf 88' lang='lat' dir='ltr'><strong>discipuli</strong></span> <span class='ocrx_word' id='word_1_519' title='bbox 725 4709 1004 4764; x_wconf 87' lang='lat' dir='ltr'><strong>videamur</strong></span> <span class='ocrx_word' id='word_1_520' title='bbox 1032 4717 1084 4763; x_wconf 92' lang='lat' dir='ltr'><strong>et</strong></span> <span class='ocrx_word' id='word_1_521' title='bbox 1115 4710 1188 4764; x_wconf 93' lang='lat' dir='ltr'><strong>illi</strong></span> <span class='ocrx_word' id='word_1_522' title='bbox 1220 4710 1442 4766; x_wconf 73' lang='lat' dir='ltr'><strong>invicem</strong></span> <span class='ocrx_word' id='word_1_523' title='bbox 1475 4714 1802 4768; x_wconf 90' lang='lat' dir='ltr'><strong>unanimiter</strong></span> 
     </span>
    </p>
   </div>
   <div class='ocr_carea' id='block_1_65' title="bbox 223 4800 602 4856">
    <p class='ocr_par' dir='ltr' id='par_1_65' title="bbox 223 4800 602 4856">
     <span class='ocr_line' id='line_1_65' title="bbox 223 4800 602 4856; baseline 0 -4"><span class='ocrx_word' id='word_1_524' title='bbox 223 4800 548 4856; x_wconf 88' lang='lat' dir='ltr'><strong>consentire.</strong></span> <span class='ocrx_word' id='word_1_525' title='bbox 583 4818 602 4852; x_wconf 74' lang='grc' dir='ltr'><strong><em>ι</em></strong></span> 
     </span>
    </p>
   </div>
   <div class='ocr_carea' id='block_1_66' title="bbox 295 4889 1800 4964">
    <p class='ocr_par' dir='ltr' id='par_1_66' title="bbox 295 4889 1800 4964">
     <span class='ocr_line' id='line_1_66' title="bbox 295 4889 1800 4964; baseline 0.004 -20"><span class='ocrx_word' id='word_1_526' title='bbox 295 4890 380 4944; x_wconf 77' lang='grc'>16.</span> <span class='ocrx_word' id='word_1_527' title='bbox 417 4889 690 4946; x_wconf 86' lang='lat' dir='ltr'><strong>Hactenus</strong></span> <span class='ocrx_word' id='word_1_528' title='bbox 716 4890 774 4944; x_wconf 92' lang='lat' dir='ltr'><strong>in</strong></span> <span class='ocrx_word' id='word_1_529' title='bbox 802 4889 890 4944; x_wconf 90' lang='lat' dir='ltr'><strong>illa</strong></span> <span class='ocrx_word' id='word_1_530' title='bbox 921 4907 1015 4946; x_wconf 89' lang='lat' dir='ltr'><strong>sua</strong></span> <span class='ocrx_word' id='word_1_531' title='bbox 1049 4907 1133 4961; x_wconf 89' lang='lat' dir='ltr'><strong>cp.</strong></span> <span class='ocrx_word' id='word_1_532' title='bbox 1160 4891 1218 4944; x_wconf 84' lang='grc' dir='ltr'><strong>Β.</strong></span> <span class='ocrx_word' id='word_1_533' title='bbox 1247 4890 1458 4958; x_wconf 89' lang='lat' dir='ltr'><strong>Petrus,</strong></span> <span class='ocrx_word' id='word_1_534' title='bbox 1491 4895 1580 4964; x_wconf 91' lang='lat' dir='ltr'><strong>qui</strong></span> <span class='ocrx_word' id='word_1_535' title='bbox 1605 4901 1800 4963; x_wconf 76' lang='lat' dir='ltr'><strong>przeter</strong></span> 
     </span>
    </p>
   </div>
   <div class='ocr_carea' id='block_1_67' title="bbox 229 4982 1801 5051">
    <p class='ocr_par' dir='ltr' id='par_1_67' title="bbox 229 4982 1801 5051">
     <span class='ocr_line' id='line_1_67' title="bbox 229 4982 1801 5051; baseline 0 -12"><span class='ocrx_word' id='word_1_536' title='bbox 229 4991 475 5039; x_wconf 76' lang='lat' dir='ltr'><strong>consueta</strong></span> <span class='ocrx_word' id='word_1_537' title='bbox 506 4982 960 5038; x_wconf 88' lang='lat' dir='ltr'><strong>monasteriorum</strong></span> <span class='ocrx_word' id='word_1_538' title='bbox 989 4982 1049 5037; x_wconf 88' lang='lat' dir='ltr'><strong>S.</strong></span> <span class='ocrx_word' id='word_1_539' title='bbox 1083 4983 1352 5038; x_wconf 89' lang='lat' dir='ltr'><strong>Benedicti</strong></span> <span class='ocrx_word' id='word_1_540' title='bbox 1381 4986 1664 5051; x_wconf 81' lang='lat' dir='ltr'><strong>exercitia,</strong></span> <span class='ocrx_word' id='word_1_541' title='bbox 1693 4994 1801 5041; x_wconf 89' lang='lat' dir='ltr'><strong>tra-</strong></span> 
     </span>
    </p>
   </div>
   <div class='ocr_carea' id='block_1_68' title="bbox 231 5070 1803 5146">
    <p class='ocr_par' dir='ltr' id='par_1_68' title="bbox 231 5070 1803 5146">
     <span class='ocr_line' id='line_1_68' title="bbox 231 5070 1803 5146; baseline 0.002 -18"><span class='ocrx_word' id='word_1_542' title='bbox 231 5070 306 5128; x_wconf 85' lang='lat' dir='ltr'><strong>dit</strong></span> <span class='ocrx_word' id='word_1_543' title='bbox 343 5091 524 5146; x_wconf 86' lang='lat' dir='ltr'><strong>opusc.</strong></span> <span class='ocrx_word' id='word_1_544' title='bbox 575 5089 667 5128; x_wconf 78' lang='lat' dir='ltr'><strong>xw</strong></span> <span class='ocrx_word' id='word_1_545' title='bbox 699 5073 756 5128; x_wconf 89' lang='lat' dir='ltr'><strong>in</strong></span> <span class='ocrx_word' id='word_1_546' title='bbox 805 5087 900 5128; x_wconf 91' lang='lat' dir='ltr'><strong>sua</strong></span> <span class='ocrx_word' id='word_1_547' title='bbox 938 5089 1122 5129; x_wconf 90' lang='lat' dir='ltr'><strong>eremo</strong></span> <span class='ocrx_word' id='word_1_548' title='bbox 1153 5075 1338 5131; x_wconf 87' lang='lat' dir='ltr'><strong>Fontis</strong></span> <span class='ocrx_word' id='word_1_549' title='bbox 1372 5076 1648 5140; x_wconf 86' lang='lat' dir='ltr'><strong>Avellani.</strong></span> <span class='ocrx_word' id='word_1_550' title='bbox 1696 5076 1803 5131; x_wconf 89' lang='lat' dir='ltr'><strong>alia</strong></span> 
     </span>
    </p>
   </div>
   <div class='ocr_carea' id='block_1_69' title="bbox 231 5162 1802 5238">
    <p class='ocr_par' dir='ltr' id='par_1_69' title="bbox 231 5162 1802 5238">
     <span class='ocr_line' id='line_1_69' title="bbox 231 5162 1802 5238; baseline 0.001 -18"><span class='ocrx_word' id='word_1_551' title='bbox 231 5167 649 5238; x_wconf 86' lang='lat' dir='ltr'><strong>quamplurima,</strong></span> <span class='ocrx_word' id='word_1_552' title='bbox 686 5173 745 5220; x_wconf 89' lang='lat' dir='ltr'><strong>et</strong></span> <span class='ocrx_word' id='word_1_553' title='bbox 783 5162 941 5234; x_wconf 85' lang='lat' dir='ltr'><strong>longe</strong></span> <span class='ocrx_word' id='word_1_554' title='bbox 969 5164 1348 5220; x_wconf 82' lang='lat' dir='ltr'><strong>excellentiora</strong></span> <span class='ocrx_word' id='word_1_555' title='bbox 1389 5167 1687 5227; x_wconf 88' lang='lat' dir='ltr'><strong>observari.</strong></span> <span class='ocrx_word' id='word_1_556' title='bbox 1726 5167 1802 5222; x_wconf 90' lang='lat' dir='ltr'><strong>Ita</strong></span> 
     </span>
    </p>
   </div>
   <div class='ocr_carea' id='block_1_70' title="bbox 234 5255 922 5284">
    <p class='ocr_par' dir='ltr' id='par_1_70' title="bbox 234 5255 922 5284">
     <span class='ocr_line' id='line_1_70' title="bbox 234 5255 922 5284; baseline 0 0"><span class='ocrx_word' id='word_1_557' title='bbox 234 5275 251 5284; x_wconf 65' lang='grc'><strong><em>⁸</em></strong></span> <span class='ocrx_word' id='word_1_558' title='bbox 283 5258 347 5284; x_wconf 57' lang='grc' dir='ltr'><strong>η..</strong></span> <span class='ocrx_word' id='word_1_559' title='bbox 759 5255 922 5284; x_wconf 67' lang='grc' dir='ltr'><strong>ἷηηηῖι</strong></span> 
     </span>
    </p>
   </div>
   <div class='ocr_carea' id='block_1_71' title="bbox 982 5254 1802 5284">
    <p class='ocr_par' dir='ltr' id='par_1_71' title="bbox 982 5254 1802 5284">
     <span class='ocr_line' id='line_1_71' title="bbox 982 5254 1802 5284; baseline 0 0"><span class='ocrx_word' id='word_1_560' title='bbox 982 5254 1306 5284; x_wconf 64' lang='grc' dir='ltr'><strong>ΛΛηηιιΛΙιοιΙΛ</strong></span> <span class='ocrx_word' id='word_1_561' title='bbox 1335 5268 1413 5284; x_wconf 60' lang='lat' dir='ltr'><strong>an.</strong></span> <span class='ocrx_word' id='word_1_562' title='bbox 1463 5273 1516 5284; x_wconf 70' lang='grc' dir='ltr'><strong>..ι</strong></span> <span class='ocrx_word' id='word_1_563' title='bbox 1551 5273 1668 5284; x_wconf 60' lang='grc' dir='ltr'><strong>...ι-ιν.</strong></span> <span class='ocrx_word' id='word_1_564' title='bbox 1702 5257 1802 5284; x_wconf 62' lang='grc' dir='ltr'><strong>’.ιιΑ</strong></span> 
     </span>
    </p>
   </div>
   <div class='ocr_carea' id='block_1_72' title="bbox 1828 4489 1876 4549">
    <p class='ocr_par' dir='ltr' id='par_1_72' title="bbox 1828 4489 1876 4549">
     <span class='ocr_line' id='line_1_72' title="bbox 1828 4489 1876 4549; baseline 0 0"><span class='ocrx_word' id='word_1_565' title='bbox 1828 4489 1876 4549; x_wconf 89' lang='lat' dir='ltr'><strong>D</strong></span> 
     </span>
    </p>
   </div>
   <div class='ocr_carea' id='block_1_73' title="bbox 1891 1880 3473 1951">
    <p class='ocr_par' dir='ltr' id='par_1_73' title="bbox 1891 1880 3473 1951">
     <span class='ocr_line' id='line_1_73' title="bbox 1891 1880 3473 1951; baseline 0.004 -16"><span class='ocrx_word' id='word_1_566' title='bbox 1891 1880 2121 1935; x_wconf 89' lang='lat' dir='ltr'><strong>domnus</strong></span> <span class='ocrx_word' id='word_1_567' title='bbox 2158 1881 2351 1936; x_wconf 86' lang='lat' dir='ltr'><strong>Petrus</strong></span> <span class='ocrx_word' id='word_1_568' title='bbox 2377 1883 2668 1937; x_wconf 87' lang='lat' dir='ltr'><strong>Dautianus</strong></span> <span class='ocrx_word' id='word_1_569' title='bbox 2704 1885 2770 1938; x_wconf 91' lang='lat' dir='ltr'><strong>ad</strong></span> <span class='ocrx_word' id='word_1_570' title='bbox 2802 1887 3185 1939; x_wconf 88' lang='lat' dir='ltr'><strong>monasterium</strong></span> <span class='ocrx_word' id='word_1_571' title='bbox 3217 1886 3473 1951; x_wconf 88' lang='lat' dir='ltr'><strong>veniens,</strong></span> 
     </span>
    </p>
   </div>
   <div class='ocr_carea' id='block_1_74' title="bbox 1892 1970 3473 2042">
    <p class='ocr_par' dir='ltr' id='par_1_74' title="bbox 1892 1970 3473 2042">
     <span class='ocr_line' id='line_1_74' title="bbox 1892 1970 3473 2042; baseline 0.004 -18"><span class='ocrx_word' id='word_1_572' title='bbox 1892 1984 2013 2024; x_wconf 91' lang='lat' dir='ltr'><strong>cum</strong></span> <span class='ocrx_word' id='word_1_573' title='bbox 2053 1970 2216 2026; x_wconf 87' lang='lat' dir='ltr'><strong>verbo</strong></span> <span class='ocrx_word' id='word_1_574' title='bbox 2264 1973 2467 2041; x_wconf 90' lang='lat' dir='ltr'><strong>pariter</strong></span> <span class='ocrx_word' id='word_1_575' title='bbox 2527 1981 2582 2026; x_wconf 92' lang='lat' dir='ltr'><strong>et</strong></span> <span class='ocrx_word' id='word_1_576' title='bbox 2634 1974 2877 2042; x_wconf 80' lang='lat' dir='ltr'><strong>exemplo</strong></span> <span class='ocrx_word' id='word_1_577' title='bbox 2929 1975 2995 2028; x_wconf 89' lang='lat' dir='ltr'><strong>ad</strong></span> <span class='ocrx_word' id='word_1_578' title='bbox 3049 1976 3141 2029; x_wconf 89' lang='lat' dir='ltr'><strong>Dei</strong></span> <span class='ocrx_word' id='word_1_579' title='bbox 3193 1975 3473 2030; x_wconf 83' lang='lat' dir='ltr'><strong>servitium</strong></span> 
     </span>
    </p>
   </div>
   <div class='ocr_carea' id='block_1_75' title="bbox 1892 2063 3475 2132">
    <p class='ocr_par' dir='ltr' id='par_1_75' title="bbox 1892 2063 3475 2132">
     <span class='ocr_line' id='line_1_75' title="bbox 1892 2063 3475 2132; baseline 0.005 -18"><span class='ocrx_word' id='word_1_580' title='bbox 1892 2074 2245 2132; x_wconf 89' lang='lat' dir='ltr'><strong>quoscunque</strong></span> <span class='ocrx_word' id='word_1_581' title='bbox 2289 2071 2506 2131; x_wconf 89' lang='lat' dir='ltr'><strong>posset,</strong></span> <span class='ocrx_word' id='word_1_582' title='bbox 2553 2063 2824 2119; x_wconf 85' lang='lat' dir='ltr'><strong>ferventer</strong></span> <span class='ocrx_word' id='word_1_583' title='bbox 2866 2067 3213 2132; x_wconf 86' lang='lat' dir='ltr'><strong>accenderet;</strong></span> <span class='ocrx_word' id='word_1_584' title='bbox 3257 2069 3475 2122; x_wconf 87' lang='lat' dir='ltr'><strong>tandem</strong></span> 
     </span>
    </p>
   </div>
   <div class='ocr_carea' id='block_1_76' title="bbox 1890 2151 3476 2227">
    <p class='ocr_par' dir='ltr' id='par_1_76' title="bbox 1890 2151 3476 2227">
     <span class='ocr_line' id='line_1_76' title="bbox 1890 2151 3476 2227; baseline 0.004 -22"><span class='ocrx_word' id='word_1_585' title='bbox 1890 2152 2245 2222; x_wconf 85' lang='lat' dir='ltr'><strong>permissiune</strong></span> <span class='ocrx_word' id='word_1_586' title='bbox 2275 2153 2484 2206; x_wconf 82' lang='lat' dir='ltr'><strong>abbatis</strong></span> <span class='ocrx_word' id='word_1_587' title='bbox 2507 2151 2769 2208; x_wconf 88' lang='lat' dir='ltr'><strong>Desiderii</strong></span> <span class='ocrx_word' id='word_1_588' title='bbox 2794 2154 2862 2208; x_wconf 91' lang='lat' dir='ltr'><strong>ab</strong></span> <span class='ocrx_word' id='word_1_589' title='bbox 2885 2157 3031 2208; x_wconf 90' lang='lat' dir='ltr'><strong>omni</strong></span> <span class='ocrx_word' id='word_1_590' title='bbox 3058 2157 3476 2227; x_wconf 76' lang='lat' dir='ltr'><strong>congregatione</strong></span> 
     </span>
    </p>
   </div>
   <div class='ocr_carea' id='block_1_77' title="bbox 1891 2247 3478 2319">
    <p class='ocr_par' dir='ltr' id='par_1_77' title="bbox 1891 2247 3478 2319">
     <span class='ocr_line' id='line_1_77' title="bbox 1891 2247 3478 2319; baseline 0.001 -17"><span class='ocrx_word' id='word_1_591' title='bbox 1891 2248 2124 2302; x_wconf 89' lang='lat' dir='ltr'><strong>obtinuit</strong></span> <span class='ocrx_word' id='word_1_592' title='bbox 2158 2247 2455 2301; x_wconf 87' lang='lat' dir='ltr'><strong>voluntaria</strong></span> <span class='ocrx_word' id='word_1_593' title='bbox 2493 2247 2764 2302; x_wconf 86' lang='lat' dir='ltr'><strong>oblatione</strong></span> <span class='ocrx_word' id='word_1_594' title='bbox 2795 2248 2848 2301; x_wconf 93' lang='lat' dir='ltr'><strong>in</strong></span> <span class='ocrx_word' id='word_1_595' title='bbox 2883 2249 3253 2304; x_wconf 88' lang='lat' dir='ltr'><strong>remissionem</strong></span> <span class='ocrx_word' id='word_1_596' title='bbox 3286 2265 3478 2319; x_wconf 85' lang='lat' dir='ltr'><strong>pecca-</strong></span> 
     </span>
    </p>
   </div>
   <div class='ocr_carea' id='block_1_78' title="bbox 1893 2338 3476 2409">
    <p class='ocr_par' dir='ltr' id='par_1_78' title="bbox 1893 2338 3476 2409">
     <span class='ocr_line' id='line_1_78' title="bbox 1893 2338 3476 2409; baseline 0.001 -16"><span class='ocrx_word' id='word_1_597' title='bbox 1893 2347 2069 2393; x_wconf 89' lang='lat' dir='ltr'><strong>torum</strong></span> <span class='ocrx_word' id='word_1_598' title='bbox 2111 2338 2350 2393; x_wconf 90' lang='lat' dir='ltr'><strong>omnium</strong></span> <span class='ocrx_word' id='word_1_599' title='bbox 2377 2378 2393 2404; x_wconf 94' lang='lat'><strong>,</strong></span> <span class='ocrx_word' id='word_1_600' title='bbox 2440 2347 2500 2392; x_wconf 89' lang='lat' dir='ltr'><strong>ut</strong></span> <span class='ocrx_word' id='word_1_601' title='bbox 2540 2348 2690 2394; x_wconf 80' lang='lat' dir='ltr'><strong>sexta</strong></span> <span class='ocrx_word' id='word_1_602' title='bbox 2737 2338 2871 2392; x_wconf 85' lang='lat' dir='ltr'><strong>feria</strong></span> <span class='ocrx_word' id='word_1_603' title='bbox 2916 2355 3012 2409; x_wconf 88' lang='lat' dir='ltr'><strong>per</strong></span> <span class='ocrx_word' id='word_1_604' title='bbox 3061 2349 3228 2394; x_wconf 91' lang='lat' dir='ltr'><strong>totum</strong></span> <span class='ocrx_word' id='word_1_605' title='bbox 3275 2356 3476 2395; x_wconf 90' lang='lat' dir='ltr'><strong>annum</strong></span> 
     </span>
    </p>
   </div>
   <div class='ocr_carea' id='block_1_79' title="bbox 1890 2433 3476 2504">
    <p class='ocr_par' dir='ltr' id='par_1_79' title="bbox 1890 2433 3476 2504">
     <span class='ocr_line' id='line_1_79' title="bbox 1890 2433 3476 2504; baseline 0.002 -17"><span class='ocrx_word' id='word_1_606' title='bbox 1890 2447 2067 2503; x_wconf 88' lang='lat' dir='ltr'><strong>pane,</strong></span> <span class='ocrx_word' id='word_1_607' title='bbox 2116 2441 2171 2487; x_wconf 90' lang='lat' dir='ltr'><strong>et</strong></span> <span class='ocrx_word' id='word_1_608' title='bbox 2214 2448 2351 2502; x_wconf 91' lang='lat' dir='ltr'><strong>aqua</strong></span> <span class='ocrx_word' id='word_1_609' title='bbox 2393 2433 2675 2498; x_wconf 91' lang='lat' dir='ltr'><strong>contenti,</strong></span> <span class='ocrx_word' id='word_1_610' title='bbox 2721 2433 3058 2502; x_wconf 89' lang='lat' dir='ltr'><strong>disciplinam</strong></span> <span class='ocrx_word' id='word_1_611' title='bbox 3097 2435 3285 2504; x_wconf 82' lang='lat' dir='ltr'><strong>singuli</strong></span> <span class='ocrx_word' id='word_1_612' title='bbox 3332 2436 3476 2490; x_wconf 86' lang='lat' dir='ltr'><strong>facta</strong></span> 
     </span>
    </p>
   </div>
   <div class='ocr_carea' id='block_1_80' title="bbox 1893 2525 3476 2599">
    <p class='ocr_par' dir='ltr' id='par_1_80' title="bbox 1893 2525 3476 2599">
     <span class='ocr_line' id='line_1_80' title="bbox 1893 2525 3476 2599; baseline 0.002 -18"><span class='ocrx_word' id='word_1_613' title='bbox 1893 2525 2235 2581; x_wconf 90' lang='lat' dir='ltr'><strong>confessione</strong></span> <span class='ocrx_word' id='word_1_614' title='bbox 2265 2527 2633 2595; x_wconf 88' lang='lat' dir='ltr'><strong>perciperent,</strong></span> <span class='ocrx_word' id='word_1_615' title='bbox 2668 2527 2885 2596; x_wconf 89' lang='lat' dir='ltr'><strong>insuper</strong></span> <span class='ocrx_word' id='word_1_616' title='bbox 2914 2539 2968 2582; x_wconf 91' lang='lat' dir='ltr'><strong>et</strong></span> <span class='ocrx_word' id='word_1_617' title='bbox 3003 2527 3307 2582; x_wconf 85' lang='lat' dir='ltr'><strong>triduanum</strong></span> <span class='ocrx_word' id='word_1_618' title='bbox 3333 2529 3476 2599; x_wconf 87' lang='lat' dir='ltr'><strong>jeju-</strong></span> 
     </span>
    </p>
   </div>
   <div class='ocr_carea' id='block_1_81' title="bbox 1893 2617 3477 2690">
    <p class='ocr_par' dir='ltr' id='par_1_81' title="bbox 1893 2617 3477 2690">
     <span class='ocr_line' id='line_1_81' title="bbox 1893 2617 3477 2690; baseline 0.003 -19"><span class='ocrx_word' id='word_1_619' title='bbox 1893 2617 2044 2671; x_wconf 89' lang='lat' dir='ltr'><strong>nium</strong></span> <span class='ocrx_word' id='word_1_620' title='bbox 2072 2617 2125 2670; x_wconf 92' lang='lat' dir='ltr'><strong>in</strong></span> <span class='ocrx_word' id='word_1_621' title='bbox 2155 2617 2331 2686; x_wconf 90' lang='lat' dir='ltr'><strong>capite</strong></span> <span class='ocrx_word' id='word_1_622' title='bbox 2366 2617 2803 2687; x_wconf 71' lang='lat' dir='ltr'><strong>Quadragesima:</strong></span> <span class='ocrx_word' id='word_1_623' title='bbox 2831 2619 2938 2686; x_wconf 85' lang='lat' dir='ltr'><strong>per</strong></span> <span class='ocrx_word' id='word_1_624' title='bbox 2958 2634 3048 2671; x_wconf 88' lang='lat' dir='ltr'><strong>an.</strong></span> <span class='ocrx_word' id='word_1_625' title='bbox 3085 2619 3324 2689; x_wconf 87' lang='lat' dir='ltr'><strong>singulos</strong></span> <span class='ocrx_word' id='word_1_626' title='bbox 3347 2636 3477 2690; x_wconf 83' lang='lat' dir='ltr'><strong>age-</strong></span> 
     </span>
    </p>
   </div>
   <div class='ocr_carea' id='block_1_82' title="bbox 1895 2709 3478 2778">
    <p class='ocr_par' dir='ltr' id='par_1_82' title="bbox 1895 2709 3478 2778">
     <span class='ocr_line' id='line_1_82' title="bbox 1895 2709 3478 2778; baseline 0.001 -12"><span class='ocrx_word' id='word_1_627' title='bbox 1895 2719 2036 2766; x_wconf 89' lang='lat' dir='ltr'><strong>rent.</strong></span> <span class='ocrx_word' id='word_1_628' title='bbox 2068 2728 2086 2762; x_wconf 79' lang='grc' dir='ltr'><strong><em>ι</em></strong></span> <span class='ocrx_word' id='word_1_629' title='bbox 2117 2709 2241 2763; x_wconf 88' lang='lat' dir='ltr'><strong>Fuit</strong></span> <span class='ocrx_word' id='word_1_630' title='bbox 2267 2709 2577 2765; x_wconf 91' lang='lat' dir='ltr'><strong>Desiderius</strong></span> <span class='ocrx_word' id='word_1_631' title='bbox 2602 2712 2768 2764; x_wconf 86' lang='lat' dir='ltr'><strong>abbas</strong></span> <span class='ocrx_word' id='word_1_632' title='bbox 2797 2710 2854 2764; x_wconf 91' lang='lat' dir='ltr'><strong>S.</strong></span> <span class='ocrx_word' id='word_1_633' title='bbox 2885 2711 2949 2763; x_wconf 78' lang='grc' dir='ltr'><strong>Β.</strong></span> <span class='ocrx_word' id='word_1_634' title='bbox 2985 2711 3042 2764; x_wconf 86' lang='grc' dir='ltr'>Ε.</span> <span class='ocrx_word' id='word_1_635' title='bbox 3073 2712 3385 2778; x_wconf 87' lang='lat' dir='ltr'><strong>cardiualis,</strong></span> <span class='ocrx_word' id='word_1_636' title='bbox 3412 2728 3478 2769; x_wconf 88' lang='lat' dir='ltr'><strong>ae</strong></span> 
     </span>
    </p>
   </div>
   <div class='ocr_carea' id='block_1_83' title="bbox 1893 2799 3477 2871">
    <p class='ocr_par' dir='ltr' id='par_1_83' title="bbox 1893 2799 3477 2871">
     <span class='ocr_line' id='line_1_83' title="bbox 1893 2799 3477 2871; baseline 0.001 -15"><span class='ocrx_word' id='word_1_637' title='bbox 1893 2801 2018 2856; x_wconf 86' lang='lat' dir='ltr'><strong>dein</strong></span> <span class='ocrx_word' id='word_1_638' title='bbox 2047 2799 2287 2871; x_wconf 81' lang='lat' dir='ltr'><strong>pontifex</strong></span> <span class='ocrx_word' id='word_1_639' title='bbox 2321 2799 2596 2870; x_wconf 81' lang='lat' dir='ltr'><strong>Romanus</strong></span> <span class='ocrx_word' id='word_1_640' title='bbox 2635 2799 2818 2855; x_wconf 84' lang='lat' dir='ltr'><strong>Victor</strong></span> <span class='ocrx_word' id='word_1_641' title='bbox 2859 2800 2928 2854; x_wconf 89' lang='lat' dir='ltr'><strong>lll</strong></span> <span class='ocrx_word' id='word_1_642' title='bbox 2963 2801 3282 2870; x_wconf 88' lang='lat' dir='ltr'><strong>appellatus,</strong></span> <span class='ocrx_word' id='word_1_643' title='bbox 3314 2817 3477 2871; x_wconf 89' lang='lat' dir='ltr'><strong>quem</strong></span> 
     </span>
    </p>
   </div>
   <div class='ocr_carea' id='block_1_84' title="bbox 1894 2889 3479 2962">
    <p class='ocr_par' dir='ltr' id='par_1_84' title="bbox 1894 2889 3479 2962">
     <span class='ocr_line' id='line_1_84' title="bbox 1894 2889 3479 2962; baseline -0.001 -16"><span class='ocrx_word' id='word_1_644' title='bbox 1894 2891 2089 2962; x_wconf 58' lang='lat' dir='ltr'><strong>sapius</strong></span> <span class='ocrx_word' id='word_1_645' title='bbox 2120 2891 2303 2944; x_wconf 86' lang='lat' dir='ltr'><strong>invisit</strong></span> <span class='ocrx_word' id='word_1_646' title='bbox 2339 2889 2399 2942; x_wconf 89' lang='grc' dir='ltr'>Β.</span> <span class='ocrx_word' id='word_1_647' title='bbox 2435 2889 2657 2954; x_wconf 88' lang='lat' dir='ltr'><strong>Petrus,</strong></span> <span class='ocrx_word' id='word_1_648' title='bbox 2703 2900 2758 2943; x_wconf 91' lang='lat' dir='ltr'><strong>et</strong></span> <span class='ocrx_word' id='word_1_649' title='bbox 2786 2889 2966 2959; x_wconf 90' lang='lat' dir='ltr'><strong>plures</strong></span> <span class='ocrx_word' id='word_1_650' title='bbox 2994 2891 3152 2959; x_wconf 87' lang='lat' dir='ltr'><strong>epist.</strong></span> <span class='ocrx_word' id='word_1_651' title='bbox 3193 2891 3479 2959; x_wconf 88' lang='lat' dir='ltr'><strong>opuscula-</strong></span> 
     </span>
    </p>
   </div>
   <div class='ocr_carea' id='block_1_85' title="bbox 1894 2977 3480 3050">
    <p class='ocr_par' dir='ltr' id='par_1_85' title="bbox 1894 2977 3480 3050">
     <span class='ocr_line' id='line_1_85' title="bbox 1894 2977 3480 3050; baseline 0.001 -16"><span class='ocrx_word' id='word_1_652' title='bbox 1894 2995 1999 3050; x_wconf 89' lang='lat' dir='ltr'><strong>que</strong></span> <span class='ocrx_word' id='word_1_653' title='bbox 2025 2981 2199 3035; x_wconf 89' lang='lat' dir='ltr'><strong>eidem</strong></span> <span class='ocrx_word' id='word_1_654' title='bbox 2228 2978 2464 3048; x_wconf 87' lang='lat' dir='ltr'><strong>scripsit.</strong></span> <span class='ocrx_word' id='word_1_655' title='bbox 2498 2977 2628 3045; x_wconf 87' lang='lat' dir='ltr'><strong>Ejus</strong></span> <span class='ocrx_word' id='word_1_656' title='bbox 2662 2978 2799 3048; x_wconf 89' lang='lat' dir='ltr'><strong>apud</strong></span> <span class='ocrx_word' id='word_1_657' title='bbox 2827 2978 3146 3034; x_wconf 88' lang='lat' dir='ltr'><strong>Casiuenses</strong></span> <span class='ocrx_word' id='word_1_658' title='bbox 3176 2979 3480 3036; x_wconf 82' lang='lat' dir='ltr'><strong>successori</strong></span> 
     </span>
    </p>
   </div>
   <div class='ocr_carea' id='block_1_86' title="bbox 1893 3069 3181 3128">
    <p class='ocr_par' dir='ltr' id='par_1_86' title="bbox 1893 3069 3181 3128">
     <span class='ocr_line' id='line_1_86' title="bbox 1893 3069 3181 3128; baseline -0.005 0"><span class='ocrx_word' id='word_1_659' title='bbox 1893 3073 2142 3128; x_wconf 90' lang='lat' dir='ltr'><strong>Oderisio</strong></span> <span class='ocrx_word' id='word_1_660' title='bbox 2171 3071 2370 3127; x_wconf 88' lang='lat' dir='ltr'><strong>dicavit</strong></span> <span class='ocrx_word' id='word_1_661' title='bbox 2397 3069 2507 3124; x_wconf 87' lang='lat' dir='ltr'><strong>Leo</strong></span> <span class='ocrx_word' id='word_1_662' title='bbox 2535 3069 2838 3124; x_wconf 87' lang='lat' dir='ltr'><strong>Cltronicon</strong></span> <span class='ocrx_word' id='word_1_663' title='bbox 2865 3069 3181 3124; x_wconf 89' lang='lat' dir='ltr'><strong>Casiuense.</strong></span> 
     </span>
    </p>
   </div>
   <div class='ocr_carea' id='block_1_87' title="bbox 1972 3149 3478 3230">
    <p class='ocr_par' dir='ltr' id='par_1_87' title="bbox 1972 3149 3478 3230">
     <span class='ocr_line' id='line_1_87' title="bbox 1972 3149 3478 3230; baseline -0.002 -13"><span class='ocrx_word' id='word_1_664' title='bbox 1972 3163 2056 3217; x_wconf 84' lang='lat' dir='ltr'><strong>l7.</strong></span> <span class='ocrx_word' id='word_1_665' title='bbox 2100 3163 2353 3218; x_wconf 82' lang='lat' dir='ltr'><strong>Florebat</strong></span> <span class='ocrx_word' id='word_1_666' title='bbox 2397 3175 2462 3216; x_wconf 91' lang='lat' dir='ltr'><strong>eo</strong></span> <span class='ocrx_word' id='word_1_667' title='bbox 2514 3170 2754 3229; x_wconf 90' lang='lat' dir='ltr'><strong>tempore</strong></span> <span class='ocrx_word' id='word_1_668' title='bbox 2799 3175 2909 3230; x_wconf 78' lang='lat' dir='ltr'><strong>prae</strong></span> <span class='ocrx_word' id='word_1_669' title='bbox 2954 3149 3186 3215; x_wconf 28' lang='lat' dir='ltr'><strong>ueteris.</strong></span> <span class='ocrx_word' id='word_1_670' title='bbox 3214 3159 3266 3213; x_wconf 87' lang='lat' dir='ltr'><strong>itt</strong></span> <span class='ocrx_word' id='word_1_671' title='bbox 3305 3158 3478 3214; x_wconf 84' lang='lat' dir='ltr'><strong>Gallia</strong></span> 
     </span>
    </p>
   </div>
   <div class='ocr_carea' id='block_1_88' title="bbox 1896 3251 3482 3315">
    <p class='ocr_par' dir='ltr' id='par_1_88' title="bbox 1896 3251 3482 3315">
     <span class='ocr_line' id='line_1_88' title="bbox 1896 3251 3482 3315; baseline -0.003 -6"><span class='ocrx_word' id='word_1_672' title='bbox 1896 3253 2158 3309; x_wconf 68' lang='lat' dir='ltr'><strong>coenobiis</strong></span> <span class='ocrx_word' id='word_1_673' title='bbox 2199 3251 2556 3306; x_wconf 84' lang='lat' dir='ltr'><strong>Cluniacense</strong></span> <span class='ocrx_word' id='word_1_674' title='bbox 2592 3265 2704 3305; x_wconf 83' lang='lat' dir='ltr'><strong>sec.</strong></span> <span class='ocrx_word' id='word_1_675' title='bbox 2752 3251 2962 3306; x_wconf 81' lang='lat' dir='ltr'><strong>decimo</strong></span> <span class='ocrx_word' id='word_1_676' title='bbox 2995 3260 3364 3315; x_wconf 62' lang='lat' dir='ltr'><strong>exstructum,</strong></span> <span class='ocrx_word' id='word_1_677' title='bbox 3402 3251 3482 3305; x_wconf 86' lang='lat' dir='ltr'><strong>uti</strong></span> 
     </span>
    </p>
   </div>
   <div class='ocr_carea' id='block_1_89' title="bbox 1897 3339 3483 3410">
    <p class='ocr_par' dir='ltr' id='par_1_89' title="bbox 1897 3339 3483 3410">
     <span class='ocr_line' id='line_1_89' title="bbox 1897 3339 3483 3410; baseline -0.003 -11"><span class='ocrx_word' id='word_1_678' title='bbox 1897 3345 2151 3410; x_wconf 79' lang='lat' dir='ltr'><strong>diximus,</strong></span> <span class='ocrx_word' id='word_1_679' title='bbox 2190 3341 2444 3397; x_wconf 65' lang='lat' dir='ltr'><strong>151mm.</strong></span> <span class='ocrx_word' id='word_1_680' title='bbox 2475 3343 2543 3397; x_wconf 88' lang='lat' dir='ltr'><strong>ad</strong></span> <span class='ocrx_word' id='word_1_681' title='bbox 2584 3339 2755 3395; x_wconf 84' lang='lat' dir='ltr'><strong>Vitam</strong></span> <span class='ocrx_word' id='word_1_682' title='bbox 2792 3341 2852 3394; x_wconf 89' lang='grc' dir='ltr'>Β.</span> <span class='ocrx_word' id='word_1_683' title='bbox 2885 3341 3146 3396; x_wconf 88' lang='lat' dir='ltr'><strong>Bernouis</strong></span> <span class='ocrx_word' id='word_1_684' title='bbox 3182 3341 3338 3410; x_wconf 90' lang='lat' dir='ltr'><strong>primi</strong></span> <span class='ocrx_word' id='word_1_685' title='bbox 3371 3340 3483 3395; x_wconf 82' lang='lat' dir='ltr'><strong>Al)-</strong></span> 
     </span>
    </p>
   </div>
   <div class='ocr_carea' id='block_1_90' title="bbox 1896 3433 3480 3504">
    <p class='ocr_par' dir='ltr' id='par_1_90' title="bbox 1896 3433 3480 3504">
     <span class='ocr_line' id='line_1_90' title="bbox 1896 3433 3480 3504; baseline -0.003 -13"><span class='ocrx_word' id='word_1_686' title='bbox 1896 3436 2069 3501; x_wconf 89' lang='lat' dir='ltr'><strong>batis,</strong></span> <span class='ocrx_word' id='word_1_687' title='bbox 2111 3435 2197 3490; x_wconf 90' lang='lat' dir='ltr'><strong>cui</strong></span> <span class='ocrx_word' id='word_1_688' title='bbox 2233 3443 2614 3490; x_wconf 86' lang='lat' dir='ltr'><strong>successerunt</strong></span> <span class='ocrx_word' id='word_1_689' title='bbox 2646 3433 2790 3500; x_wconf 91' lang='lat' dir='ltr'><strong>Odo,</strong></span> <span class='ocrx_word' id='word_1_690' title='bbox 2841 3434 3174 3504; x_wconf 87' lang='lat' dir='ltr'><strong>Aymardus,</strong></span> <span class='ocrx_word' id='word_1_691' title='bbox 3214 3433 3438 3503; x_wconf 81' lang='lat' dir='ltr'><strong>Majolus</strong></span> <span class='ocrx_word' id='word_1_692' title='bbox 3461 3472 3480 3500; x_wconf 88' lang='lat'><strong>,</strong></span> 
     </span>
    </p>
   </div>
   <div class='ocr_carea' id='block_1_91' title="bbox 1897 3523 3480 3596">
    <p class='ocr_par' dir='ltr' id='par_1_91' title="bbox 1897 3523 3480 3596">
     <span class='ocr_line' id='line_1_91' title="bbox 1897 3523 3480 3596; baseline -0.003 -14"><span class='ocrx_word' id='word_1_693' title='bbox 1897 3526 2088 3591; x_wconf 89' lang='lat' dir='ltr'><strong>0dilo,</strong></span> <span class='ocrx_word' id='word_1_694' title='bbox 2137 3525 2323 3596; x_wconf 87' lang='lat' dir='ltr'><strong>Hugo,</strong></span> <span class='ocrx_word' id='word_1_695' title='bbox 2366 3525 2467 3579; x_wconf 90' lang='lat' dir='ltr'><strong>viri</strong></span> <span class='ocrx_word' id='word_1_696' title='bbox 2510 3524 2796 3580; x_wconf 87' lang='lat' dir='ltr'><strong>sanctitate</strong></span> <span class='ocrx_word' id='word_1_697' title='bbox 2841 3525 3097 3579; x_wconf 91' lang='lat' dir='ltr'><strong>illustres.</strong></span> <span class='ocrx_word' id='word_1_698' title='bbox 3142 3523 3217 3576; x_wconf 90' lang='lat' dir='ltr'><strong>De</strong></span> <span class='ocrx_word' id='word_1_699' title='bbox 3257 3539 3480 3578; x_wconf 87' lang='lat' dir='ltr'><strong>accessu</strong></span> 
     </span>
    </p>
   </div>
   <div class='ocr_carea' id='block_1_92' title="bbox 1897 3616 3481 3674">
    <p class='ocr_par' dir='ltr' id='par_1_92' title="bbox 1897 3616 3481 3674">
     <span class='ocr_line' id='line_1_92' title="bbox 1897 3616 3481 3674; baseline -0.001 -1"><span class='ocrx_word' id='word_1_700' title='bbox 1897 3619 1959 3674; x_wconf 91' lang='grc' dir='ltr'><strong>Β.</strong></span> <span class='ocrx_word' id='word_1_701' title='bbox 2003 3619 2150 3673; x_wconf 89' lang='lat' dir='ltr'><strong>Petri</strong></span> <span class='ocrx_word' id='word_1_702' title='bbox 2199 3618 2446 3672; x_wconf 91' lang='lat' dir='ltr'><strong>Damiani</strong></span> <span class='ocrx_word' id='word_1_703' title='bbox 2481 3619 2547 3672; x_wconf 87' lang='lat' dir='ltr'><strong>ad</strong></span> <span class='ocrx_word' id='word_1_704' title='bbox 2600 3617 2987 3672; x_wconf 90' lang='lat' dir='ltr'><strong>monasterium</strong></span> <span class='ocrx_word' id='word_1_705' title='bbox 3034 3616 3385 3672; x_wconf 86' lang='lat' dir='ltr'><strong>Cluniacense</strong></span> <span class='ocrx_word' id='word_1_706' title='bbox 3425 3617 3481 3671; x_wconf 91' lang='lat' dir='ltr'><strong>in</strong></span> 
     </span>
    </p>
   </div>
   <div class='ocr_carea' id='block_1_93' title="bbox 1899 3708 3481 3778">
    <p class='ocr_par' dir='ltr' id='par_1_93' title="bbox 1899 3708 3481 3778">
     <span class='ocr_line' id='line_1_93' title="bbox 1899 3708 3481 3778; baseline -0.003 -13"><span class='ocrx_word' id='word_1_707' title='bbox 1899 3719 2134 3766; x_wconf 89' lang='lat' dir='ltr'><strong>tractatu</strong></span> <span class='ocrx_word' id='word_1_708' title='bbox 2164 3709 2546 3764; x_wconf 88' lang='lat' dir='ltr'><strong>miraculorum</strong></span> <span class='ocrx_word' id='word_1_709' title='bbox 2583 3709 2639 3763; x_wconf 93' lang='lat' dir='ltr'><strong>S.</strong></span> <span class='ocrx_word' id='word_1_710' title='bbox 2671 3709 2910 3778; x_wconf 78' lang='lat' dir='ltr'><strong>llugonis</strong></span> <span class='ocrx_word' id='word_1_711' title='bbox 2936 3708 3004 3762; x_wconf 93' lang='lat' dir='ltr'><strong>ab</strong></span> <span class='ocrx_word' id='word_1_712' title='bbox 3034 3715 3252 3762; x_wconf 90' lang='lat' dir='ltr'><strong>auctore</strong></span> <span class='ocrx_word' id='word_1_713' title='bbox 3282 3716 3481 3760; x_wconf 65' lang='lat' dir='ltr'><strong>coaeta-</strong></span> 
     </span>
    </p>
   </div>
   <div class='ocr_carea' id='block_1_94' title="bbox 1899 3795 3476 3869">
    <p class='ocr_par' dir='ltr' id='par_1_94' title="bbox 1899 3795 3476 3869">
     <span class='ocr_line' id='line_1_94' title="bbox 1899 3795 3476 3869; baseline -0.005 -13"><span class='ocrx_word' id='word_1_714' title='bbox 1899 3815 2002 3856; x_wconf 89' lang='lat' dir='ltr'><strong>neo</strong></span> <span class='ocrx_word' id='word_1_715' title='bbox 2027 3800 2245 3869; x_wconf 90' lang='lat' dir='ltr'><strong>scripto,</strong></span> <span class='ocrx_word' id='word_1_716' title='bbox 2274 3799 2375 3853; x_wconf 91' lang='lat' dir='ltr'><strong>ista</strong></span> <span class='ocrx_word' id='word_1_717' title='bbox 2400 3798 2452 3852; x_wconf 93' lang='lat' dir='ltr'><strong>in</strong></span> <span class='ocrx_word' id='word_1_718' title='bbox 2479 3798 2807 3854; x_wconf 89' lang='lat' dir='ltr'><strong>Bibliotheca</strong></span> <span class='ocrx_word' id='word_1_719' title='bbox 2835 3797 3194 3859; x_wconf 86' lang='lat' dir='ltr'><strong>Cluniacensi,</strong></span> <span class='ocrx_word' id='word_1_720' title='bbox 3219 3797 3320 3850; x_wconf 94' lang='lat' dir='ltr'><strong>col.</strong></span> <span class='ocrx_word' id='word_1_721' title='bbox 3346 3795 3476 3860; x_wconf 76' lang='grc'><strong>460,</strong></span> 
     </span>
    </p>
   </div>
   <div class='ocr_carea' id='block_1_95' title="bbox 1899 3887 3482 3957">
    <p class='ocr_par' dir='ltr' id='par_1_95' title="bbox 1899 3887 3482 3957">
     <span class='ocr_line' id='line_1_95' title="bbox 1899 3887 3482 3957; baseline -0.003 -12"><span class='ocrx_word' id='word_1_722' title='bbox 1899 3899 2192 3945; x_wconf 85' lang='lat' dir='ltr'><strong>narrantur</strong></span> <span class='ocrx_word' id='word_1_723' title='bbox 2225 3907 2239 3942; x_wconf 90' lang='lat'><strong>:</strong></span> <span class='ocrx_word' id='word_1_724' title='bbox 2278 3908 2297 3941; x_wconf 74' lang='grc' dir='ltr'><strong><em>ι</em></strong></span> <span class='ocrx_word' id='word_1_725' title='bbox 2332 3889 2596 3957; x_wconf 87' lang='lat' dir='ltr'><strong>Tempore</strong></span> <span class='ocrx_word' id='word_1_726' title='bbox 2633 3887 2862 3957; x_wconf 87' lang='lat' dir='ltr'><strong>quodam</strong></span> <span class='ocrx_word' id='word_1_727' title='bbox 2903 3902 3124 3943; x_wconf 90' lang='lat' dir='ltr'><strong>necesse</strong></span> <span class='ocrx_word' id='word_1_728' title='bbox 3161 3888 3263 3941; x_wconf 91' lang='lat' dir='ltr'><strong>fuit</strong></span> <span class='ocrx_word' id='word_1_729' title='bbox 3293 3896 3482 3942; x_wconf 90' lang='lat' dir='ltr'><strong>sancto</strong></span> 
     </span>
    </p>
   </div>
   <div class='ocr_carea' id='block_1_96' title="bbox 1899 3978 3481 4050">
    <p class='ocr_par' dir='ltr' id='par_1_96' title="bbox 1899 3978 3481 4050">
     <span class='ocr_line' id='line_1_96' title="bbox 1899 3978 3481 4050; baseline -0.003 -16"><span class='ocrx_word' id='word_1_730' title='bbox 1899 3981 2018 4035; x_wconf 92' lang='lat' dir='ltr'><strong>viro</strong></span> <span class='ocrx_word' id='word_1_731' title='bbox 2057 3995 2154 4050; x_wconf 91' lang='lat' dir='ltr'><strong>pro</strong></span> <span class='ocrx_word' id='word_1_732' title='bbox 2185 3979 2398 4034; x_wconf 91' lang='lat' dir='ltr'><strong>tuendis</strong></span> <span class='ocrx_word' id='word_1_733' title='bbox 2436 3978 2558 4033; x_wconf 86' lang='lat' dir='ltr'><strong>filiis</strong></span> <span class='ocrx_word' id='word_1_734' title='bbox 2586 3979 2652 4032; x_wconf 91' lang='lat' dir='ltr'><strong>ad</strong></span> <span class='ocrx_word' id='word_1_735' title='bbox 2688 3978 2983 4032; x_wconf 86' lang='lat' dir='ltr'><strong>Ecclesiatn</strong></span> <span class='ocrx_word' id='word_1_736' title='bbox 3017 3987 3244 4031; x_wconf 88' lang='lat' dir='ltr'><strong>matrem</strong></span> <span class='ocrx_word' id='word_1_737' title='bbox 3292 3991 3481 4031; x_wconf 83' lang='lat' dir='ltr'><strong>recur-</strong></span> 
     </span>
    </p>
   </div>
   <div class='ocr_carea' id='block_1_97' title="bbox 1901 4069 3483 4140">
    <p class='ocr_par' dir='ltr' id='par_1_97' title="bbox 1901 4069 3483 4140">
     <span class='ocr_line' id='line_1_97' title="bbox 1901 4069 3483 4140; baseline -0.003 -13"><span class='ocrx_word' id='word_1_738' title='bbox 1901 4087 2043 4136; x_wconf 87' lang='lat' dir='ltr'><strong>rere,</strong></span> <span class='ocrx_word' id='word_1_739' title='bbox 2073 4081 2127 4126; x_wconf 88' lang='lat' dir='ltr'><strong>et</strong></span> <span class='ocrx_word' id='word_1_740' title='bbox 2156 4071 2412 4126; x_wconf 64' lang='lat' dir='ltr'><strong>Romanae</strong></span> <span class='ocrx_word' id='word_1_741' title='bbox 2455 4071 2598 4126; x_wconf 88' lang='lat' dir='ltr'><strong>sedis</strong></span> <span class='ocrx_word' id='word_1_742' title='bbox 2626 4071 2982 4140; x_wconf 90' lang='lat' dir='ltr'><strong>patrocinium</strong></span> <span class='ocrx_word' id='word_1_743' title='bbox 3024 4070 3306 4125; x_wconf 86' lang='lat' dir='ltr'><strong>advocare.</strong></span> <span class='ocrx_word' id='word_1_744' title='bbox 3338 4069 3483 4136; x_wconf 81' lang='lat' dir='ltr'><strong>Qua-</strong></span> 
     </span>
    </p>
   </div>
   <div class='ocr_carea' id='block_1_98' title="bbox 1900 4160 3484 4234">
    <p class='ocr_par' dir='ltr' id='par_1_98' title="bbox 1900 4160 3484 4234">
     <span class='ocr_line' id='line_1_98' title="bbox 1900 4160 3484 4234; baseline -0.002 -15"><span class='ocrx_word' id='word_1_745' title='bbox 1900 4173 2122 4234; x_wconf 88' lang='lat' dir='ltr'><strong>propter</strong></span> <span class='ocrx_word' id='word_1_746' title='bbox 2156 4163 2304 4218; x_wconf 90' lang='lat' dir='ltr'><strong>urbis</strong></span> <span class='ocrx_word' id='word_1_747' title='bbox 2344 4162 2483 4216; x_wconf 86' lang='lat' dir='ltr'><strong>illius</strong></span> <span class='ocrx_word' id='word_1_748' title='bbox 2515 4161 2778 4234; x_wconf 74' lang='lat' dir='ltr'><strong>refugium</strong></span> <span class='ocrx_word' id='word_1_749' title='bbox 2824 4173 3046 4231; x_wconf 90' lang='lat' dir='ltr'><strong>petens,</strong></span> <span class='ocrx_word' id='word_1_750' title='bbox 3079 4176 3270 4230; x_wconf 86' lang='lat' dir='ltr'><strong>magno</strong></span> <span class='ocrx_word' id='word_1_751' title='bbox 3299 4160 3484 4216; x_wconf 78' lang='lat' dir='ltr'><strong>laboro</strong></span> 
     </span>
    </p>
   </div>
   <div class='ocr_carea' id='block_1_99' title="bbox 1901 4252 3482 4318">
    <p class='ocr_par' dir='ltr' id='par_1_99' title="bbox 1901 4252 3482 4318">
     <span class='ocr_line' id='line_1_99' title="bbox 1901 4252 3482 4318; baseline -0.006 -5"><span class='ocrx_word' id='word_1_752' title='bbox 1901 4267 1957 4314; x_wconf 90' lang='lat' dir='ltr'><strong>et</strong></span> <span class='ocrx_word' id='word_1_753' title='bbox 1993 4256 2299 4313; x_wconf 75' lang='lat' dir='ltr'><strong>difﬁcultate</strong></span> <span class='ocrx_word' id='word_1_754' title='bbox 2339 4272 2368 4310; x_wconf 94' lang='lat' dir='ltr'><strong>a</strong></span> <span class='ocrx_word' id='word_1_755' title='bbox 2417 4256 2584 4311; x_wconf 90' lang='lat' dir='ltr'><strong>latere</strong></span> <span class='ocrx_word' id='word_1_756' title='bbox 2631 4255 2874 4309; x_wconf 82' lang='lat' dir='ltr'><strong>avulsum</strong></span> <span class='ocrx_word' id='word_1_757' title='bbox 2913 4255 3167 4308; x_wconf 85' lang='lat' dir='ltr'><strong>domuum</strong></span> <span class='ocrx_word' id='word_1_758' title='bbox 3215 4252 3433 4306; x_wconf 91' lang='lat' dir='ltr'><strong>Petrum</strong></span> <span class='ocrx_word' id='word_1_759' title='bbox 3465 4291 3482 4318; x_wconf 92' lang='lat'><strong>,</strong></span> 
     </span>
    </p>
   </div>
   <div class='ocr_carea' id='block_1_100' title="bbox 1902 4344 3482 4416">
    <p class='ocr_par' dir='ltr' id='par_1_100' title="bbox 1902 4344 3482 4416">
     <span class='ocr_line' id='line_1_100' title="bbox 1902 4344 3482 4416; baseline -0.004 -13"><span class='ocrx_word' id='word_1_760' title='bbox 1902 4348 2240 4404; x_wconf 86' lang='lat' dir='ltr'><strong>Hostiensem</strong></span> <span class='ocrx_word' id='word_1_761' title='bbox 2289 4346 2537 4401; x_wconf 89' lang='lat' dir='ltr'><strong>videlicet</strong></span> <span class='ocrx_word' id='word_1_762' title='bbox 2579 4347 2887 4416; x_wconf 88' lang='lat' dir='ltr'><strong>episcopum</strong></span> <span class='ocrx_word' id='word_1_763' title='bbox 2914 4385 2928 4409; x_wconf 95' lang='lat'><strong>,</strong></span> <span class='ocrx_word' id='word_1_764' title='bbox 2969 4353 3328 4416; x_wconf 86' lang='lat' dir='ltr'><strong>cognomento</strong></span> <span class='ocrx_word' id='word_1_765' title='bbox 3374 4344 3482 4398; x_wconf 89' lang='lat' dir='ltr'><strong>Da-</strong></span> 
     </span>
    </p>
   </div>
   <div class='ocr_carea' id='block_1_101' title="bbox 1904 4433 3482 4506">
    <p class='ocr_par' dir='ltr' id='par_1_101' title="bbox 1904 4433 3482 4506">
     <span class='ocr_line' id='line_1_101' title="bbox 1904 4433 3482 4506; baseline -0.002 -13"><span class='ocrx_word' id='word_1_766' title='bbox 1904 4440 2165 4503; x_wconf 88' lang='lat' dir='ltr'><strong>mianum,</strong></span> <span class='ocrx_word' id='word_1_767' title='bbox 2197 4438 2451 4501; x_wconf 91' lang='lat' dir='ltr'><strong>obtinuit,</strong></span> <span class='ocrx_word' id='word_1_768' title='bbox 2489 4447 2548 4491; x_wconf 90' lang='lat' dir='ltr'><strong>ut</strong></span> <span class='ocrx_word' id='word_1_769' title='bbox 2587 4437 2686 4491; x_wconf 90' lang='lat' dir='ltr'><strong>sibi</strong></span> <span class='ocrx_word' id='word_1_770' title='bbox 2718 4438 2937 4491; x_wconf 89' lang='lat' dir='ltr'><strong>daretur</strong></span> <span class='ocrx_word' id='word_1_771' title='bbox 2971 4452 3068 4506; x_wconf 92' lang='lat' dir='ltr'><strong>pro</strong></span> <span class='ocrx_word' id='word_1_772' title='bbox 3097 4449 3290 4505; x_wconf 86' lang='lat' dir='ltr'><strong>magno</strong></span> <span class='ocrx_word' id='word_1_773' title='bbox 3319 4433 3482 4490; x_wconf 87' lang='lat' dir='ltr'><strong>Petro</strong></span> 
     </span>
    </p>
   </div>
   <div class='ocr_carea' id='block_1_102' title="bbox 1907 4526 3480 4602">
    <p class='ocr_par' dir='ltr' id='par_1_102' title="bbox 1907 4526 3480 4602">
     <span class='ocr_line' id='line_1_102' title="bbox 1907 4526 3480 4602; baseline -0.003 -18"><span class='ocrx_word' id='word_1_774' title='bbox 1907 4531 2267 4602; x_wconf 66' lang='lat' dir='ltr'><strong>praeliaturus,</strong></span> <span class='ocrx_word' id='word_1_775' title='bbox 2291 4539 2345 4584; x_wconf 90' lang='lat' dir='ltr'><strong>et</strong></span> <span class='ocrx_word' id='word_1_776' title='bbox 2363 4530 2704 4583; x_wconf 91' lang='lat' dir='ltr'><strong>adversarios</strong></span> <span class='ocrx_word' id='word_1_777' title='bbox 2732 4537 3101 4598; x_wconf 88' lang='lat' dir='ltr'><strong>prostraturus</strong></span> <span class='ocrx_word' id='word_1_778' title='bbox 3123 4526 3350 4582; x_wconf 90' lang='lat' dir='ltr'><strong>mirabili</strong></span> <span class='ocrx_word' id='word_1_779' title='bbox 3383 4541 3480 4581; x_wconf 87' lang='lat' dir='ltr'><strong>sua</strong></span> 
     </span>
    </p>
   </div>
   <div class='ocr_carea' id='block_1_103' title="bbox 1904 4617 3483 4692">
    <p class='ocr_par' dir='ltr' id='par_1_103' title="bbox 1904 4617 3483 4692">
     <span class='ocr_line' id='line_1_103' title="bbox 1904 4617 3483 4692; baseline -0.003 -16"><span class='ocrx_word' id='word_1_780' title='bbox 1904 4621 2191 4692; x_wconf 88' lang='lat' dir='ltr'><strong>prudentia</strong></span> <span class='ocrx_word' id='word_1_781' title='bbox 2230 4628 2392 4690; x_wconf 91' lang='lat' dir='ltr'><strong>atque</strong></span> <span class='ocrx_word' id='word_1_782' title='bbox 2422 4620 2689 4674; x_wconf 87' lang='lat' dir='ltr'><strong>facundia.</strong></span> <span class='ocrx_word' id='word_1_783' title='bbox 2723 4620 2849 4672; x_wconf 90' lang='lat' dir='ltr'><strong>Erat</strong></span> <span class='ocrx_word' id='word_1_784' title='bbox 2881 4634 3112 4687; x_wconf 86' lang='lat' dir='ltr'><strong>namque</strong></span> <span class='ocrx_word' id='word_1_785' title='bbox 3150 4619 3232 4670; x_wconf 90' lang='lat' dir='ltr'><strong>vir</strong></span> <span class='ocrx_word' id='word_1_786' title='bbox 3271 4617 3358 4670; x_wconf 91' lang='lat' dir='ltr'><strong>ille</strong></span> <span class='ocrx_word' id='word_1_787' title='bbox 3387 4619 3483 4671; x_wconf 85' lang='lat' dir='ltr'><strong>alt-</strong></span> 
     </span>
    </p>
   </div>
   <div class='ocr_carea' id='block_1_104' title="bbox 1906 4708 3483 4780">
    <p class='ocr_par' dir='ltr' id='par_1_104' title="bbox 1906 4708 3483 4780">
     <span class='ocr_line' id='line_1_104' title="bbox 1906 4708 3483 4780; baseline -0.003 -13"><span class='ocrx_word' id='word_1_788' title='bbox 1906 4712 2178 4768; x_wconf 76' lang='lat' dir='ltr'><strong>stinenlia:</strong></span> <span class='ocrx_word' id='word_1_789' title='bbox 2218 4710 2509 4780; x_wconf 88' lang='lat' dir='ltr'><strong>singularis</strong></span> <span class='ocrx_word' id='word_1_790' title='bbox 2545 4726 2642 4764; x_wconf 93' lang='lat' dir='ltr'><strong>usu</strong></span> <span class='ocrx_word' id='word_1_791' title='bbox 2668 4750 2683 4775; x_wconf 90' lang='lat'><strong>,</strong></span> <span class='ocrx_word' id='word_1_792' title='bbox 2719 4718 2773 4765; x_wconf 89' lang='lat' dir='ltr'><strong>et</strong></span> <span class='ocrx_word' id='word_1_793' title='bbox 2807 4709 3104 4765; x_wconf 90' lang='lat' dir='ltr'><strong>ferreorum</strong></span> <span class='ocrx_word' id='word_1_794' title='bbox 3147 4708 3483 4763; x_wconf 89' lang='lat' dir='ltr'><strong>vinculorum</strong></span> 
     </span>
    </p>
   </div>
   <div class='ocr_carea' id='block_1_105' title="bbox 1906 4798 3483 4871">
    <p class='ocr_par' dir='ltr' id='par_1_105' title="bbox 1906 4798 3483 4871">
     <span class='ocr_line' id='line_1_105' title="bbox 1906 4798 3483 4871; baseline -0.003 -15"><span class='ocrx_word' id='word_1_795' title='bbox 1906 4817 2048 4857; x_wconf 78' lang='lat' dir='ltr'><strong>nexu</strong></span> <span class='ocrx_word' id='word_1_796' title='bbox 2072 4801 2309 4871; x_wconf 90' lang='lat' dir='ltr'><strong>undique</strong></span> <span class='ocrx_word' id='word_1_797' title='bbox 2333 4801 2412 4856; x_wconf 92' lang='lat' dir='ltr'><strong>sic</strong></span> <span class='ocrx_word' id='word_1_798' title='bbox 2441 4803 2680 4866; x_wconf 86' lang='lat' dir='ltr'><strong>attritus,</strong></span> <span class='ocrx_word' id='word_1_799' title='bbox 2705 4810 2763 4855; x_wconf 93' lang='lat' dir='ltr'><strong>ut</strong></span> <span class='ocrx_word' id='word_1_800' title='bbox 2789 4801 2877 4854; x_wconf 83' lang='lat' dir='ltr'><strong>vix</strong></span> <span class='ocrx_word' id='word_1_801' title='bbox 2907 4809 3088 4871; x_wconf 91' lang='lat' dir='ltr'><strong>posset</strong></span> <span class='ocrx_word' id='word_1_802' title='bbox 3115 4798 3338 4853; x_wconf 88' lang='lat' dir='ltr'><strong>inveniri</strong></span> <span class='ocrx_word' id='word_1_803' title='bbox 3367 4814 3483 4852; x_wconf 86' lang='lat' dir='ltr'><strong>mo-</strong></span> 
     </span>
    </p>
   </div>
   <div class='ocr_carea' id='block_1_106' title="bbox 1907 4891 3487 4965">
    <p class='ocr_par' dir='ltr' id='par_1_106' title="bbox 1907 4891 3487 4965">
     <span class='ocr_line' id='line_1_106' title="bbox 1907 4891 3487 4965; baseline -0.003 -16"><span class='ocrx_word' id='word_1_804' title='bbox 1907 4894 2045 4960; x_wconf 88' lang='lat' dir='ltr'><strong>dus,</strong></span> <span class='ocrx_word' id='word_1_805' title='bbox 2088 4909 2195 4964; x_wconf 92' lang='lat' dir='ltr'><strong>quo</strong></span> <span class='ocrx_word' id='word_1_806' title='bbox 2244 4893 2360 4961; x_wconf 87' lang='lat' dir='ltr'><strong>ejus</strong></span> <span class='ocrx_word' id='word_1_807' title='bbox 2404 4895 2648 4965; x_wconf 90' lang='lat' dir='ltr'><strong>corporis</strong></span> <span class='ocrx_word' id='word_1_808' title='bbox 2692 4894 3033 4950; x_wconf 87' lang='lat' dir='ltr'><strong>imbecillitas</strong></span> <span class='ocrx_word' id='word_1_809' title='bbox 3079 4891 3369 4955; x_wconf 80' lang='lat' dir='ltr'><strong>foveretur,</strong></span> <span class='ocrx_word' id='word_1_810' title='bbox 3420 4891 3487 4945; x_wconf 88' lang='lat' dir='ltr'><strong>ad</strong></span> 
     </span>
    </p>
   </div>
   <div class='ocr_carea' id='block_1_107' title="bbox 1905 4983 3488 5054">
    <p class='ocr_par' dir='ltr' id='par_1_107' title="bbox 1905 4983 3488 5054">
     <span class='ocr_line' id='line_1_107' title="bbox 1905 4983 3488 5054; baseline -0.003 -15"><span class='ocrx_word' id='word_1_811' title='bbox 1905 4983 2180 5054; x_wconf 86' lang='lat' dir='ltr'><strong>equitandi</strong></span> <span class='ocrx_word' id='word_1_812' title='bbox 2211 4999 2348 5039; x_wconf 85' lang='lat' dir='ltr'><strong>onus</strong></span> <span class='ocrx_word' id='word_1_813' title='bbox 2376 5001 2538 5053; x_wconf 88' lang='lat' dir='ltr'><strong>grave</strong></span> <span class='ocrx_word' id='word_1_814' title='bbox 2577 4995 2848 5052; x_wconf 86' lang='lat' dir='ltr'><strong>utcunque</strong></span> <span class='ocrx_word' id='word_1_815' title='bbox 2881 4983 3239 5038; x_wconf 86' lang='lat' dir='ltr'><strong>tolerandum.</strong></span> <span class='ocrx_word' id='word_1_816' title='bbox 3270 4983 3336 5036; x_wconf 87' lang='lat' dir='ltr'><strong>Et</strong></span> <span class='ocrx_word' id='word_1_817' title='bbox 3361 4983 3488 5051; x_wconf 84' lang='lat' dir='ltr'><strong>quia</strong></span> 
     </span>
    </p>
   </div>
   <div class='ocr_carea' id='block_1_108' title="bbox 1904 5075 3487 5148">
    <p class='ocr_par' dir='ltr' id='par_1_108' title="bbox 1904 5075 3487 5148">
     <span class='ocr_line' id='line_1_108' title="bbox 1904 5075 3487 5148; baseline -0.003 -18"><span class='ocrx_word' id='word_1_818' title='bbox 1904 5075 2008 5131; x_wconf 86' lang='lat' dir='ltr'><strong>levi</strong></span> <span class='ocrx_word' id='word_1_819' title='bbox 2033 5078 2348 5148; x_wconf 85' lang='lat' dir='ltr'><strong>plerumque</strong></span> <span class='ocrx_word' id='word_1_820' title='bbox 2377 5076 2631 5131; x_wconf 86' lang='lat' dir='ltr'><strong>seandalo</strong></span> <span class='ocrx_word' id='word_1_821' title='bbox 2657 5075 2851 5130; x_wconf 75' lang='lat' dir='ltr'><strong>offendi</strong></span> <span class='ocrx_word' id='word_1_822' title='bbox 2879 5085 3112 5144; x_wconf 89' lang='lat' dir='ltr'><strong>poterat,</strong></span> <span class='ocrx_word' id='word_1_823' title='bbox 3139 5089 3361 5131; x_wconf 90' lang='lat' dir='ltr'><strong>necesse</strong></span> <span class='ocrx_word' id='word_1_824' title='bbox 3389 5075 3487 5128; x_wconf 82' lang='lat' dir='ltr'><strong>ha-</strong></span> 
     </span>
    </p>
   </div>
   <div class='ocr_carea' id='block_1_109' title="bbox 1905 5166 3489 5239">
    <p class='ocr_par' dir='ltr' id='par_1_109' title="bbox 1905 5166 3489 5239">
     <span class='ocr_line' id='line_1_109' title="bbox 1905 5166 3489 5239; baseline -0.004 -17"><span class='ocrx_word' id='word_1_825' title='bbox 1905 5167 2066 5224; x_wconf 85' lang='lat' dir='ltr'><strong>bebat</strong></span> <span class='ocrx_word' id='word_1_826' title='bbox 2111 5182 2253 5238; x_wconf 71' lang='lat' dir='ltr'><strong>saepe</strong></span> <span class='ocrx_word' id='word_1_827' title='bbox 2297 5166 2477 5239; x_wconf 82' lang='lat' dir='ltr'><strong>aliqua</strong></span> <span class='ocrx_word' id='word_1_828' title='bbox 2526 5166 2894 5222; x_wconf 88' lang='lat' dir='ltr'><strong>satisfactione</strong></span> <span class='ocrx_word' id='word_1_829' title='bbox 2941 5166 3160 5236; x_wconf 91' lang='lat' dir='ltr'><strong>placari.</strong></span> <span class='ocrx_word' id='word_1_830' title='bbox 3205 5167 3286 5220; x_wconf 85' lang='lat' dir='ltr'><strong>Ad</strong></span> <span class='ocrx_word' id='word_1_831' title='bbox 3328 5179 3489 5234; x_wconf 87' lang='lat' dir='ltr'><strong>quam</strong></span> 
     </span>
    </p>
   </div>
   <div class='ocr_carea' id='block_1_110' title="bbox 1908 5256 3298 5284">
    <p class='ocr_par' dir='ltr' id='par_1_110' title="bbox 1908 5256 3298 5284">
     <span class='ocr_line' id='line_1_110' title="bbox 1908 5256 3298 5284; baseline 0 0"><span class='ocrx_word' id='word_1_832' title='bbox 1908 5275 2017 5284; x_wconf 63' lang='grc' dir='ltr'><strong>..ιι-υ-</strong></span> <span class='ocrx_word' id='word_1_833' title='bbox 2059 5256 2384 5284; x_wconf 52' lang='grc' dir='ltr'><strong>--ΑΑΑ-ΑιυζΙζη</strong></span> <span class='ocrx_word' id='word_1_834' title='bbox 2422 5258 2571 5284; x_wconf 66' lang='grc' dir='ltr'><strong>Π..ι-Α</strong></span> <span class='ocrx_word' id='word_1_835' title='bbox 2605 5259 2673 5284; x_wconf 62' lang='lat' dir='ltr'><strong>:Cn</strong></span> <span class='ocrx_word' id='word_1_836' title='bbox 2701 5271 2758 5284; x_wconf 69' lang='grc' dir='ltr'><strong>ΛΑ</strong></span> <span class='ocrx_word' id='word_1_837' title='bbox 2787 5257 3072 5284; x_wconf 58' lang='grc' dir='ltr'><strong>ξοιηιξνιλιιιιί</strong></span> <span class='ocrx_word' id='word_1_838' title='bbox 3141 5264 3194 5284; x_wconf 69' lang='grc' dir='ltr'><strong>ιι.</strong></span> <span class='ocrx_word' id='word_1_839' title='bbox 3234 5257 3298 5284; x_wconf 67' lang='grc' dir='ltr'><strong>Αε-</strong></span> 
     </span>
    </p>
   </div>
   <div class='ocr_carea' id='block_1_111' title="bbox 3303 5269 3491 5284">
    <p class='ocr_par' dir='ltr' id='par_1_111' title="bbox 3303 5269 3491 5284">
     <span class='ocr_line' id='line_1_111' title="bbox 3303 5269 3491 5284; baseline 0 0"><span class='ocrx_word' id='word_1_840' title='bbox 3303 5271 3344 5284; x_wconf 69' lang='grc' dir='ltr'><strong>ιιι</strong></span> <span class='ocrx_word' id='word_1_841' title='bbox 3377 5269 3491 5284; x_wconf 45' lang='grc' dir='ltr'><strong>ληΙΛ</strong></span> 
     </span>
    </p>
   </div>
  </div>
