3982 5350
486 307 556 362 99
1346 298 1406 355 8.
1434 295 1712 354 PETRUS
1754 293 2110 350 DAMIANUS
2137 291 2195 348 S.
2238 291 2304 345 li.
2337 291 2398 346 E.
2431 288 2864 348 CARDINALIS.

3654 286 3771 343 £00

488 427 682 487 setque
725 415 1114 472 humanitatem
1155 421 1210 468 et
1253 411 1595 480 disciplinam
1617 450 1632 476 ,
1669 410 1989 480 virgamque
2024 416 2082 463 et
2105 419 2153 474 Α
2182 407 2470 461 Ciaconius
2492 407 2543 460 in
2566 403 2745 460 Gestis
2766 417 3103 459 summorum
3125 400 3437 474 pontiﬁcum
3459 400 3586 456 ctS.
3609 399 3677 456 Β.
3704 401 3779 458 Ε.

486 510 738 567 baculum
763 507 1096 570 contulisset,
1125 507 1290 575 coepit
1319 506 1545 565 haerere,
1574 517 1638 557 ac
1667 510 1904 571 stupere,
1935 516 2075 571 qua-

489 602 613 656 liter
634 601 805 656 sancti
837 614 976 662 esse,
1007 606 1101 652 aut
1126 606 1344 651 sanctos
1372 595 1712 649 institutores
1733 593 1933 647 habere
1958 607 2084 662 pos-

489 700 641 756 sent,
669 691 760 761 qui
791 691 955 744 tantis
993 689 1334 744 abundarent
1372 687 1528 742 bonis
1561 703 1574 738 :
1607 695 1662 740 et
1689 701 1902 740 rursum
1948 699 2083 754 quo-

493 783 652 837 modo
691 796 796 835 non
830 780 1002 834 sancti
1035 795 1156 834 esse
1196 785 1436 849 possent,
1478 785 1571 831 aut
1599 777 1812 844 perire,
1839 778 1930 846 qui
1970 787 2080 831 tam

490 874 680 927 devote
735 871 1064 924 sustinerent
1115 879 1220 923 tam
1271 883 1436 938 grave
1480 869 1690 936 pondus
1738 867 1977 932 laboris,
2027 873 2083 920 et

492 961 795 1016 custodiam
827 961 1142 1014 monasticae
1169 958 1485 1026 disciplinte.
1515 957 1816 1025 Aliquando
1847 972 1977 1012 sane
1999 957 2086 1028 ju-

491 1050 710 1104 dicabat
739 1049 984 1104 ciborum
1015 1049 1227 1117 copiam
1247 1088 1262 1113 ,
1295 1047 1583 1118 aliquando
1614 1048 1914 1102 mirabatur
1941 1049 2084 1102 hanc

486 1139 856 1211 jejunautibus
879 1140 1068 1196 deesse
1099 1140 1350 1210 gratiam,
1379 1154 1540 1208 quam
1568 1138 1684 1193 illos
1711 1138 1909 1194 habere
1933 1139 2084 1192 vide-

491 1237 604 1290 hat.
638 1236 1022 1292 Verumtamen
1052 1235 1097 1289 si
1131 1235 1250 1288 ﬁeri
1278 1242 1484 1304 posset,
1517 1236 1658 1288 sicut
1690 1235 1804 1304 ipse
1831 1234 2084 1298 dicebat,

494 1335 555 1382 ut
585 1337 816 1398 utraque
841 1329 1015 1382 virtus
1043 1327 1363 1381 obedientiae
1390 1335 1447 1380 et
1474 1325 1811 1380 abstinentiae
1841 1327 2086 1379 sociare-

493 1430 582 1475 tur
612 1421 664 1474 in
689 1421 769 1475 eis
789 1461 804 1484 ,
836 1430 946 1476 tum
989 1419 1233 1490 profecto
1262 1419 1573 1489 apostolica:
1615 1420 1748 1474 nihil
1776 1418 2084 1473 defuturum

492 1511 838 1581 perfectioni.
1260 1517 1277 1524 ’

564 1602 654 1657 l8.
713 1620 732 1653 σ
767 1601 883 1668 Qua
927 1602 994 1656 de
1040 1617 1100 1658 re
1147 1602 1477 1657 conveniens
1529 1605 1780 1656 domuum
1820 1602 2086 1656 Abbatem

491 1691 854 1757 obsecrabat,
894 1701 953 1746 ut
989 1707 1018 1746 a
1059 1694 1322 1762 sagimine
1361 1693 1569 1746 duabus
1606 1692 1796 1746 saltem
1838 1692 1986 1746 feriis
2027 1706 2088 1746 se

2183 497 2560 563 cardinalium,
2595 497 2648 551 in
2684 496 2960 567 Stephano
2982 497 3030 550 Χ
3075 511 3163 552 res
3189 505 3369 566 gestas
3408 494 3469 548 Β.
3499 494 3646 549 Petri
3673 495 3782 548 Da-

2183 593 2351 648 miani
2375 631 2390 656 ,
2421 599 2477 646 et
2505 591 2730 646 alterius
2765 589 2909 645 Petri
2949 590 3016 644 de
3063 588 3315 643 llonestis
3349 587 3672 652 confundit,
3703 585 3781 641 ab

2185 683 2371 755 Ugello
2394 685 2446 738 in
2474 685 2712 738 secunda
2732 683 2969 737 editione
2993 682 3334 743 emendatus,
3358 679 3585 734 sublatis
3609 680 3782 734 etiam

2185 777 2485 848 insignibus
2530 777 2723 831 domus
2766 775 2833 830 de
2864 775 3136 838 llonestis,
3183 774 3463 842 inquibus
3500 772 3664 828 ruber
3692 772 3788 827 leo

2183 877 2358 932 stans,
2382 876 2436 922 et
2463 877 2677 924 erectus
2701 868 2754 922 in
2780 883 2909 922 area
2931 867 3074 933 alba,
3099 868 3310 937 pineam
3335 881 3525 921 nucem
3549 880 3785 921 auream

2185 959 2546 1015 anterioribus
2575 960 2800 1029 pedibus
2834 960 2988 1028 quasi
3021 959 3271 1013 manibus
3299 960 3551 1013 sustinet.
3583 957 3792 1012 Arnol-

2187 1051 2286 1106 dus
2327 1049 2486 1103 Wion
2516 1091 2530 1114 ,
2568 1050 2720 1119 quasi
2761 1049 3004 1103 omnium
3052 1049 3349 1104 sententias
3393 1049 3790 1104 conciliaturus

2187 1142 2279 1197 lib.
2317 1157 2379 1205 ll,
2426 1157 2544 1211 cap.
2577 1140 2628 1205 9,
2665 1142 2737 1195 ita
2777 1141 3054 1196 exorditur
3095 1159 3109 1195 :
3153 1159 3171 1192 ι
3209 1139 3444 1195 Sanctus
3491 1141 3686 1196 Petrus
3715 1141 3792 1196 de

2189 1231 2460 1296 lloneslis,
2491 1241 2848 1301 cognomento
2875 1231 3167 1286 Damianus
3197 1239 3252 1286 et
3276 1231 3558 1297 Peccator,
3585 1231 3792 1286 nobilis

2187 1322 2495 1389 Ravennas,
2536 1323 2832 1376 monachus
2872 1322 3185 1376 monasterii
3233 1321 3290 1375 8.
3339 1321 3569 1375 Andrcze
3607 1319 3791 1374 eremi

2188 1413 2254 1470 de
2284 1413 2563 1476 Avellana,
2589 1413 2796 1467 ordinis
2823 1412 2879 1468 S.
2912 1413 3186 1469 Benedicti
3217 1413 3652 1482 congregationis
3678 1411 3792 1468 Co-

2188 1502 2407 1565 lumbze,
2437 1521 2454 1553 ι
2485 1511 2590 1556 etc.
2621 1501 2820 1557 Verum
2849 1501 2986 1557 alius
3023 1511 3107 1556 est
3135 1501 3328 1556 Petrus
3357 1501 3685 1566 Damianus,
3715 1501 3794 1557 de

2187 1609 2295 1664 quo
2323 1595 2562 1663 agimus,
2601 1593 2739 1648 alius
2769 1593 2960 1648 Petrus
2989 1592 3058 1646 de
3094 1591 3370 1654 lloncstis,
3413 1602 3641 1660 uterque
3681 1589 3794 1646 Ra-

2190 1700 2421 1739 vennam
2467 1685 2701 1754 patriam
2733 1684 2943 1747 habuit,
2980 1692 3206 1752 uterque
3248 1682 3558 1737 Peccatoris
3588 1695 3793 1737 nomen

493 1781 906 1851 suspenderent,
938 1782 1028 1851 qui
1062 1781 1114 1835 in
1149 1783 1360 1836 caeteris
1391 1791 1498 1836 tam
1528 1780 1750 1850 perfecti
1781 1790 1994 1843 essent,
2029 1789 2088 1835 ut
2120 1771 2162 1828 B
2192 1776 2516 1845 assumpsit:
2545 1777 2640 1830 sed
2667 1776 2756 1830 ille
2780 1790 2838 1830 se
2863 1773 3078 1828 Petrum
3100 1787 3422 1842 peccatoretu
3445 1776 3791 1837 monachum,

494 1871 840 1925 anachoretis
883 1873 1016 1926 nihil
1061 1873 1336 1926 deberent.
1379 1871 1474 1926 Cui
1512 1872 1853 1925 venerandus
1896 1871 2085 1940 Hugo,

493 1959 874 2030 discreptionis
898 1971 1080 2015 custos
1101 1962 1366 2032 egregius.
1390 1961 1471 2024 Si,
1492 1961 1682 2031 inquit,
1703 1962 1861 2016 Pater
1887 1963 2090 2016 charis-

499 2051 661 2113 sime,
687 2052 852 2106 vultis
877 2053 1032 2107 nobis
1059 2067 1258 2123 augere
1291 2067 1545 2106 coronam
1581 2054 1845 2108 mercedis
1878 2068 1976 2122 per
2000 2055 2093 2108 ad-

494 2141 852 2196 ditamentum
894 2141 1100 2212 iejuuii,
1145 2152 1350 2197 tentate
1377 2143 1526 2212 prius
1557 2144 1836 2198 nobiscum
1883 2146 2094 2214 pondus

493 2232 694 2286 laboris
719 2273 734 2296 ,
767 2233 852 2288 vel
893 2249 990 2303 per
1014 2242 1138 2288 octo
1179 2234 1387 2288 dierum
1430 2235 1662 2303 spatium
1693 2275 1708 2300 ,
1741 2245 1798 2289 et
1840 2236 2094 2306 deinceps

499 2322 860 2386 aestimabitis,
885 2324 1014 2392 quid
1041 2323 1398 2390 adjiciendum
1423 2339 1646 2378 censere
1667 2325 1930 2380 debeatis.
1958 2324 2091 2379 Nam

496 2413 737 2481 quandiu
766 2429 872 2469 non
903 2413 1250 2481 gustaveritis
1295 2413 1664 2483 pulmentum,
1701 2416 1914 2470 nescire
1942 2424 2093 2485 pote-

497 2503 642 2566 ritis,
670 2505 813 2573 quod
842 2506 1023 2576 exigat
1043 2505 1445 2560 condimentum
1473 2504 1622 2570 salis,
1650 2515 1705 2561 et
1733 2507 1778 2561 si
1806 2522 1914 2562 non
1938 2506 2094 2561 adhi-

495 2595 722 2651 bueritis
749 2596 938 2653 saltem
986 2597 1268 2651 minimum
1300 2597 1527 2668 digitum
1552 2608 1793 2653 vestrum
1820 2639 1836 2666 ,
1878 2615 2086 2668 nequa-

497 2705 659 2759 quam
695 2689 940 2757 judicare
978 2691 1045 2746 de
1085 2706 1252 2746 onere
1284 2691 1526 2748 fraterno
1568 2693 1802 2760 diserte,
1841 2709 1906 2749 ac
1933 2695 2094 2766 digne

498 2781 770 2837 Valebitis.
813 2781 1020 2849 Quibus
1051 2781 1140 2838 ille
1185 2781 1415 2848 auditis,
1445 2783 1684 2839 sentiens
1723 2785 1883 2840 fascis
1909 2784 2095 2853 hujus-

497 2871 642 2926 modi
675 2873 994 2942 gravitatem
1036 2871 1152 2927 suis
1178 2873 1386 2928 viribus
1413 2874 1831 2945 importabilem,
1862 2877 2095 2932 cessavit

502 2976 532 3015 a
562 2962 823 3030 petitione
851 2963 1168 3032 ingravandi
1196 2964 1482 3032 ponderis,
1519 2975 1574 3020 et
1600 2966 1949 3037 semetipsum
1981 2982 2094 3022 ca:-

501 3056 582 3124 pit
609 3064 972 3124 repercutere,
1003 3056 1147 3110 unde
1177 3055 1311 3110 alios
1343 3056 1509 3112 ferire
1537 3057 1738 3120 voluit,
1771 3060 1898 3128 quia
1928 3059 2093 3127 sagit-

502 3156 611 3199 tam
637 3147 702 3200 ad
729 3128 826 3201 eos
851 3147 970 3201 sine
992 3161 1090 3201 suo
1115 3146 1338 3202 vulnere
1362 3148 1604 3216 nequivit
1633 3126 1865 3219 dirigere
1894 3166 1906 3200 :
1939 3126 2093 3203 intel-
2119 3126 2164 3188 C

500 3236 670 3307 ligens
693 3253 944 3308 magnum
963 3253 1081 3293 esse
1101 3254 1325 3308 pensum
1349 3238 1503 3302 illud,
1524 3253 1588 3293 ac
1611 3239 1804 3293 debere
1825 3237 2092 3303 sullicere,

501 3331 645 3399 quod
674 3331 1082 3400 apprehendere
1109 3331 1222 3400 ipse
1254 3345 1357 3385 non
1388 3339 1603 3399 posset,
1631 3330 1725 3400 qui
1756 3331 1808 3384 in
1840 3339 1988 3386 tanto
2016 3331 2097 3385 vi-

505 3422 738 3476 debatur
787 3431 934 3476 stare
991 3423 1250 3476 virtutum
1303 3421 1558 3476 culmine.
1611 3421 1866 3476 Erudilus
1914 3422 2096 3491 itaque

501 3511 702 3582 praesul
734 3512 903 3567 multo
927 3513 1190 3566 eruditior
1217 3513 1377 3567 rediit
1411 3527 1571 3582 quam
1605 3513 1783 3576 venit,
1821 3529 2096 3584 magnum-

502 3615 610 3670 que
631 3602 944 3655 thesaurum
969 3600 1231 3670 l’ugiendze
1252 3601 1427 3654 inanis
1450 3601 1652 3672 gloriae,
1676 3610 1730 3654 et
1751 3603 2096 3671 capessendae

502 3707 647 3747 verae
671 3692 992 3747 humilitatis
1013 3707 1195 3746 secum
1227 3692 1542 3761 reportavit.
1574 3711 1594 3745 ι
1623 3693 1747 3748 lltcc
1767 3708 1833 3748 ex
1860 3693 2094 3749 Historia

506 3783 893 3838 miraculorum
931 3782 990 3836 S.
1023 3781 1262 3850 llugonis
1301 3783 1514 3838 abbatis
1549 3782 1918 3839 Cluniacensis
1941 3824 1955 3849 ,
1987 3799 2095 3854 quo

502 3881 724 3941 petente
765 3872 942 3930 Vitam
985 3873 1042 3928 8.
1082 3871 1324 3928 Odilonis
1389 3889 1419 3928 a
1469 3889 1527 3930 se
1565 3875 1928 3944 conscriptam
1973 3890 2096 3932 esse

507 3974 739 4020 testatur
770 3967 829 4022 Β.
861 3967 1086 4032 Petrus,
1134 3967 1206 4020 ita
1236 3965 1380 4021 illam
1431 3981 1659 4023 exorsus
1690 3986 1703 4022 :
1743 3986 1762 4020 ‹
1793 3969 1946 4040 Hugo
1974 3968 2096 4024 Clu-

506 4055 778 4112 niacensis
801 4059 1116 4114 monasterii
1146 4067 1346 4124 rector,
1371 4067 1426 4112 et
1455 4060 1714 4128 spiritalis
1735 4061 1941 4117 militia:
1961 4062 2094 4130 dux,

509 4163 575 4202 ac
604 4150 904 4219 praecipuus
939 4151 1279 4220 inlormator,
1317 4155 1417 4209 hoc
1447 4155 1578 4208 mihi
1609 4154 1809 4210 laboris
1840 4154 2093 4224 injunxit,

506 4248 566 4290 ut
587 4235 764 4290 Vitam
786 4237 846 4291 Β.
870 4239 1133 4305 Odilonis,
1159 4241 1458 4296 decessoris
1477 4241 1726 4296 videlicet
1746 4242 1851 4306 sui,
1875 4243 2096 4312 proprio

506 4326 645 4399 stylo
668 4329 945 4385 succincte
975 4333 1418 4402 perstringerem,
1444 4343 1498 4388 et
1524 4347 1590 4386 ex
1625 4334 1708 4388 his
1758 4349 1879 4404 quae
1910 4334 1962 4387 in
2000 4349 2096 4387 an-

507 4420 801 4474 terioribus
833 4421 1042 4491 paginis
1069 4421 1231 4477 latius
1276 4423 1688 4492 reperiebantur
1719 4437 1838 4477 esse
1879 4421 2093 4489 dill’usa,

2193 1869 2296 1921 iste
2323 1867 2533 1920 Petrum
2557 1877 2875 1937 pcccalorem
2901 1867 3149 1919 clericum
3172 1865 3515 1920 subscribere
3539 1865 3796 1933 epistolis

2191 1959 2418 2014 solebat.
2454 1957 2692 2026 Uterque
2722 1957 2870 2027 prior
2910 1955 3032 2017 fuit,
3065 1956 3154 2010 ille
3190 1956 3576 2010 monachorum
3611 1955 3792 2010 eremi

2192 2051 2377 2106 Fontis
2404 2050 2648 2104 Avellani
2675 2051 2726 2103 in
2757 2049 2975 2104 dimccsi
3004 2047 3300 2117 Eugubina,
3326 2047 3428 2102 iste
3453 2048 3790 2102 clericorum

2191 2157 2285 2198 seu
2325 2143 2707 2196 eanonicorum
2746 2139 3098 2211 regularium,
3136 2140 3190 2194 in
3212 2139 3444 2194 ecclesia
3487 2139 3791 2194 Portuensi

2193 2236 2253 2290 Β.
2281 2234 2462 2289 Maria:
2485 2235 2536 2289 in
2561 2250 2690 2304 agro
2715 2235 3046 2298 Ravennate,
3074 2234 3268 2304 quibus
3289 2243 3344 2288 et
3363 2234 3790 2289 constitutiones

2192 2326 2599 2396 praescripsit,a
2630 2321 2854 2378 Pascale
2884 2324 2944 2378 11
2992 2326 3255 2395 pontiﬁce,
3304 2325 3372 2378 10
3413 2323 3541 2378 Kal.
3591 2323 3790 2390 Janu.,

2191 2419 2479 2472 indictione
2510 2434 2587 2482 x.,
2626 2434 2716 2472 an.
2749 2419 2904 2482 “16,
2939 2419 3286 2488 approbatas.
3333 2417 3578 2472 Mortuus
3627 2417 3789 2472 deni-

2193 2523 2299 2579 que
2323 2516 2407 2563 est
2430 2507 2622 2563 Petrus
2644 2511 2709 2563 de
2737 2508 2988 2563 llonestis
3018 2510 3070 2562 in
3099 2525 3197 2564 suo
3219 2508 3504 2563 Portuensi
3536 2508 3790 2564 coenobio

2193 2614 2283 2656 an.
2315 2599 2472 2663 1H9,
2507 2598 2560 2652 id
2593 2608 2676 2653 est
2702 2609 2822 2669 post
2858 2601 3065 2654 obitum
3089 2600 3150 2654 Β.
3181 2599 3327 2654 Petri
3351 2599 3598 2653 Damiani
3630 2599 3792 2654 annis

2193 2690 2550 2760 quadraginta
2567 2701 2791 2760 septem.
2821 2692 3166 2762 Epitaphium
3193 2691 3334 2747 Petri
3381 2693 3446 2746 de
3504 2692 3791 2756 llonestis,

2192 2781 2416 2851 ejusque
2439 2783 2506 2836 ad
2547 2780 2861 2838 Paschalem
2918 2799 3110 2854 papam
3155 2782 3460 2854 epistolam,
3514 2798 3580 2838 ac
3632 2783 3793 2852 hujus

2194 2887 2534 2943 responsum,
2557 2882 2613 2927 et
2635 2875 2964 2929 monasteria
3003 2877 3154 2930 varia
3202 2876 3330 2930 huic
3381 2875 3792 2946 congregationi

2197 2963 2475 3019 Portuensi
2503 2965 2756 3034 adjuncta
2780 2975 3027 3021 recenset
3049 2976 3174 3021 ante
3200 2976 3529 3020 memoratus
3552 2965 3792 3021 Peunot-

2199 3062 2306 3117 tus,
2347 3053 2439 3123 qui
2461 3055 2678 3109 Petrum
2711 3056 2776 3110 de
2803 3055 3053 3111 llonestis
3075 3057 3239 3110 etiam
3271 3056 3494 3110 Beatum
3531 3055 3790 3125 appellat,

2197 3153 2577 3212 mortuumque
2605 3145 2680 3199 ait
2700 3144 2732 3198 4
2759 3144 2874 3198 Kal.
2903 3145 3028 3200 Julii
3065 3163 3078 3199 :
3111 3155 3168 3199 at
3193 3145 3226 3198 4
3254 3145 3372 3199 Kal.
3403 3146 3606 3216 Aprilis
3626 3160 3794 3201 excu-

2195 3237 2272 3291 dit
2300 3235 2574 3306 Ughellus,
2601 3238 2742 3306 quod
2775 3253 2874 3292 suo
2901 3248 3142 3308 tempore
3163 3238 3588 3293 examinabitur.

2263 3327 2352 3381 20.
2386 3327 2538 3384 Unde
2559 3327 2619 3382 Β.
2656 3327 2816 3382 Petro
2841 3343 3137 3398 cognomen
3175 3328 3421 3382 Damiani
3463 3329 3789 3394 accesserit,

2193 3420 2407 3474 variant
2426 3429 2698 3475 auctores.
2732 3419 3446 3484 Ciaconius,Bellarmiuus,
3494 3435 3617 3473 cum
3665 3419 3794 3473 aliis

2195 3511 2469 3565 nonnullis
2495 3511 2744 3565 Damiani
2768 3513 2934 3580 ﬁlium
2963 3511 3256 3582 appellant.
3280 3510 3572 3565 Fortunius
3594 3510 3798 3581 aliique

2193 3616 2224 3656 a
2247 3603 2463 3657 nomine
2485 3601 2670 3657 fratris
2692 3603 2963 3666 Damiani,
2994 3603 3146 3673 cujus
3175 3617 3338 3671 opera
3370 3602 3565 3656 studiis
3589 3600 3794 3656 libera-

2195 3692 2334 3749 libus
2371 3695 2608 3750 imbutus
2635 3707 2737 3761 est,
2770 3696 2896 3749 illud
2929 3696 3032 3750 sibi
3064 3695 3382 3750 vocabulum
3430 3695 3797 3766 assumpsisse

2194 3785 2424 3849 malunt,
2457 3794 2514 3839 et
2535 3784 2717 3840 forsan
2773 3787 2877 3840 hac
2925 3786 2992 3841 de
3047 3801 3213 3840 causa
3262 3784 3455 3840 Petrus
3507 3784 3791 3854 Damiani,

2195 3893 2304 3933 non
2337 3877 2634 3932 Damianus
2655 3879 2722 3932 ab
2751 3878 3022 3948 aliquibus
3057 3878 3335 3933 scribitur.
3357 3877 3428 3931 At
3455 3877 3651 3932 Petrus
3681 3879 3792 3932 Da-

2195 3971 2427 4036 mianus,
2462 3970 2564 4024 nisi
2594 3971 2796 4040 passim
2829 3972 3088 4025 aberrent
3114 3971 3330 4025 codices
3365 3985 3528 4039 quam
3552 3970 3793 4025 exactis-

2195 4063 2332 4120 sime
2351 4062 2560 4127 excusi,
2588 4061 2890 4132 appellatur
2915 4077 2944 4116 a
2962 4061 3140 4117 Leone
3161 4061 3464 4117 Marsicano
3487 4069 3792 4122 etauctore

2195 4154 2423 4223 antiquo
2455 4151 2844 4206 miraculorum
2875 4150 2934 4206 8.
2982 4149 3224 4222 Hugonis
3273 4166 3433 4221 supra
3487 4150 3708 4206 relatis:
3737 4151 3797 4208 in

2197 4243 2317 4298 Vita
2343 4244 2604 4314 Stephani
2632 4243 2680 4296 Χ
2709 4258 2860 4312 papa:
2888 4243 2938 4296 in
2968 4242 3218 4313 epistolis
3235 4242 3524 4298 Alexandri
3557 4243 3600 4297 ll
3654 4258 3797 4314 pon-

2197 4336 2361 4391 tiﬁcis
2393 4353 2407 4400 ;
2442 4336 2610 4390 secuti
2635 4336 2758 4390 dein
2783 4335 3133 4397 llelinandus,
3161 4337 3489 4398 Antoninus,
3534 4336 3797 4406 Lipoma-

2199 4447 2319 4491 nus,
2355 4430 2752 4499 llergomcnsis,
2787 4429 3132 4491 Ricordatus,
3157 4429 3558 4493 Rolewinchus,
3589 4444 3798 4502 anony-

506 4509 724 4564 utiliora
749 4526 995 4581 quzeque,
1022 4513 1302 4584 magisque
1325 4514 1652 4579 necessaria,
1675 4513 1824 4568 brevi
1845 4529 2096 4584 compen-
2126 4485 2172 4544 θ
2203 4536 2320 4576 mus
2347 4485 2726 4575 Benedictinus
2755 4521 3189 4591 congregationis
3239 4519 3298 4576 S.
3343 4519 3570 4575 ,Ιιιςιίηω
3601 4531 3658 4576 et
3701 4485 3800 4576 ait-

507 4604 598 4661 dio
624 4604 819 4659 deﬂora
828 4623 960 4662 rem.
998 4625 1016 4659 ι

581 4695 669 4750 19.
693 4696 820 4751 llaec
843 4699 909 4752 de
938 4698 994 4752 S.
1026 4699 1332 4766 Benedicto,
1356 4699 1579 4771 ejusque
1602 4701 1806 4772 regula,
1829 4711 1884 4757 et
1904 4702 2094 4758 ordine

511 4788 701 4857 paucis
731 4787 879 4844 fuere
904 4791 1238 4862 attingenda,
1259 4795 1401 4863 quod
1428 4795 1668 4849 nonnulli
1692 4795 1753 4850 Β.
1779 4795 1996 4850 Petrum
2023 4798 2091 4852 ab

510 4894 696 4935 eremo
733 4879 915 4938 Fontis
958 4885 1202 4940 Avellani
1249 4886 1622 4942 transtulerint
1661 4889 1728 4942 ad
1769 4888 2092 4944 Portueuses

512 4971 814 5026 cteuobitas
840 4974 1088 5029 diU'CCSiS
1117 4977 1477 5040 Ravennatis,
1509 4987 1564 5033 et
1605 4979 1674 5033 ab
1701 4980 1946 5036 instituto
1971 4995 2096 5035 ana-

511 5059 792 5115 choretico
821 5062 879 5116 8.
908 5063 1182 5120 Benedicti
1224 5068 1290 5121 ad
1317 5068 1554 5132 regulam
1579 5069 1910 5124 Clericornm
1935 5109 1951 5132 ,
1983 5069 2098 5124 sive

2187 4627 2434 4682 onymus
2465 4611 2654 4666 Fontis
2684 4611 2928 4666 Avellani
2980 4613 3034 4666 in
3081 4612 3408 4668 testimoniis
3458 4627 3488 4666 a
3536 4614 3800 4685 Cajelano

2197 4712 2326 4756 ante
2349 4717 2512 4772 opera
2547 4702 2606 4756 Β.
2632 4700 2774 4756 Petri
2813 4703 3050 4757 excusis.

2979 4791 3066 4847 1V.

2979 4791 3066 4847 1V.

2198 4885 2330 4938 Acta
2353 4884 2530 4954 priora
2559 4883 2623 4937 Β.
2655 4882 2798 4938 Petri
2842 4791 3114 4947 Dasmiani,
3165 4884 3288 4938 item
3345 4885 3488 4955 apud
3527 4886 3796 4954 pontiﬁces

2269 4975 2578 5046 Gregorium
2621 4974 2709 5034 VI.
2743 4975 3056 5030 Clementem
3088 4974 3175 5039 II,
3209 4975 3434 5029 Leonem
3462 4974 3569 5040 IX,
3629 4973 3798 5030 Victo-

2270 5087 2375 5125 rem
2401 5069 2484 5130 II.
2513 5070 2834 5130 Stephanus:
2861 5067 2962 5130 PX,
3028 5068 3312 5122 Nicolaum
3345 5068 3408 5122 11
3423 5087 3441 5130 ;
3471 5070 3796 5128 episconants
