3982 5350
174 317 269 371 101

678 309 1212 370 ΡΒΟιΕΟΟΜΕΝᾹ.
1248 341 1319 352 —
1348 310 1436 366 DE
1472 309 1532 364 S.
1561 305 1790 365 PETRO

1894 305 2133 363 tumo
2161 304 2570 362 nauseam"
2609 292 2980 365 commur.‘

3352 313 3458 369 10‘2

172 429 449 499 gesimum
485 437 736 484 octavum
762 424 898 479 infra
924 424 1093 478 relato
1117 425 1232 494 ejus
1253 423 1399 479 obitu
1431 423 1654 493 patebit.
1713 422 1783 477 At
1811 431 1857 489 Α
1887 438 2104 492 scopus,
2139 438 2203 478 ac
2236 423 2486 480 Clemens
2510 422 2576 487 ll,
2601 423 2775 478 dictus
2802 425 2854 478 in
2881 425 2995 493 ipsa
3014 423 3221 506 Natalis
3245 425 3458 482 Domini

170 518 366 590 primis
401 517 796 572 adolescentia:
842 516 998 569 annis
1046 531 1241 586 porcos
1285 529 1508 585 pascere
1549 513 1780 577 debuit,

172 609 334 663 etiam
364 606 794 676 grandiuscula:
818 604 990 660 factus
1023 623 1036 660 :
1069 606 1257 660 litteris
1283 614 1470 677 postea
1525 605 1777 670 imbutus,

169 695 456 750 etstudiis
491 695 822 759 liberalibus,
877 694 1001 748 dein
1053 694 1269 748 scientia
1318 693 1594 758 excellens,
1647 693 1783 747 alios

169 785 467 839 audivisse
495 786 730 840 traditur
753 800 899 838 num.
920 784 973 836 7.
1000 783 1348 839 Eremiticam
1375 785 1592 838 tandem
1615 783 1781 836 vitam

171 891 499 946 Capessens,
537 877 680 946 apud
706 876 930 930 Fontem
973 875 1290 930 Avellanum
1338 875 1654 930 monasticis
1703 874 1784 928 in-

170 967 330 1021 dutus
367 975 465 1020 est
494 967 762 1021 vestibus.
794 965 1036 1035 Cumque
1072 984 1089 1016 ι
1127 965 1343 1021 lectioni
1377 980 1549 1020 sacrze
1596 965 1781 1020 sedula

169 1058 547 1112 meditatione
574 1065 820 1120 vacaret,
852 1065 996 1110 tanta
1021 1056 1325 1110 divinarum
1375 1056 1781 1124 Scripturarum

171 1149 398 1203 scientia
428 1149 709 1204 claruisse
741 1168 760 1202 ι
795 1149 992 1204 dicitur
1020 1163 1169 1224 num.
1202 1149 1289 1211 17,
1327 1165 1345 1199 ι
1381 1154 1581 1217 quanta
1611 1162 1785 1202 saecu-

171 1246 368 1300 larium
400 1256 541 1300 ante
576 1262 685 1301 non
715 1245 1008 1300 claruerat.
1037 1262 1054 1295 I
1113 1244 1307 1299 Docuit
1355 1243 1550 1298 ibidem
1589 1243 1784 1299 lratres

170 1351 276 1392 sua:
305 1339 514 1403 eremi,
541 1338 667 1392 dein
716 1337 1013 1392 monachos
1041 1335 1448 1406 Pompusianos,
1494 1351 1524 1390 a
1557 1335 1616 1390 8.
1657 1335 1785 1390 (Ξυίο

175 1429 311 1482 done
345 1430 564 1484 abbate
601 1438 882 1485 evocatus.
935 1427 1180 1483 Mortuus
1218 1429 1307 1484 hic
1351 1429 1519 1484 abbas
1568 1438 1652 1484 est
1691 1444 1780 1484 an.

173 1520 325 1586 1046,
359 1521 467 1576 sed
502 1537 681 1576 annos
708 1534 831 1574 eum
856 1529 979 1575 octo
1018 1535 1180 1590 supra
1208 1520 1565 1590 quadraginta
1598 1535 1782 1573 emno-

171 1612 254 1666 bio
279 1611 665 1682 Pomposiano
689 1611 966 1682 przel'uisse
999 1612 1162 1665 tradit
1190 1611 1410 1666 Rubeus
1457 1611 1493 1665 Ι.
1527 1611 1560 1664 5
1602 1610 1783 1664 Histo-

175 1701 262 1755 ria:
290 1701 670 1757 Ravennatis.
699 1702 923 1756 Biennio
947 1702 1086 1772 apud
1108 1701 1496 1772 Pomposianos
1535 1717 1639 1770 qua
1694 1700 1785 1754 do-

1881 512 1967 568 die
1986 512 2056 567 25
2080 513 2391 569 Decembris
2417 524 2765 570 consecratus
2802 533 2814 567 :
2848 516 2937 584 qui
2989 533 3112 571 mox
3171 518 3462 576 llenricum

1884 603 2262 672 imperatorem
2294 606 2460 660 lilium
2493 606 2726 662 Conradi
2754 607 2944 673 Salici,
3003 610 3226 682 ejusque
3273 612 3464 682 conju.

1881 707 2002 761 gem
2040 695 2300 765 Agnetem
2325 697 2467 750 inter
2508 698 2796 752 missarum
2851 701 3108 756 solemnia
3163 706 3463 762 coronavit.

1882 779 2146 837 Baronius
2181 799 2320 838 anno
2350 785 2505 849 1017,
2534 802 2680 840 num.
2719 788 2804 842 15.
2834 808 2852 839 ‹
2883 789 2962 843 Ad
2987 790 3162 860 ipsum
3214 794 3466 849 Clemen-

1886 881 2010 932 tem,
2041 873 2228 944 inquit.
2261 875 2449 930 Petrus
2479 877 2744 943 Damiani,
2798 881 2969 935 eremi
3011 883 3182 937 incola
3237 885 3466 942 celebris

1883 963 2119 1018 nominis
2151 975 2260 1019 tum
2297 967 2604 1032 sanctitate,
2641 979 2752 1023 tum
2786 973 2950 1026 etiam
3004 974 3272 1041 doetrina,
3331 977 3468 1034 scri-

1882 1053 2056 1122 psisse
2077 1057 2343 1124 reperitur
2357 1058 2661 1127 epistolam,
2690 1062 2844 1128 cujus
2879 1064 2981 1120 hoc
3009 1077 3094 1120 est
3120 1070 3402 1124 exordium
3443 1089 3459 1126 :

1889 1163 1908 1196 ι
1937 1143 2160 1202 Noverit
2185 1148 2468 1204 Bcatitudo
2499 1160 2676 1205 vestra
2703 1193 2717 1218 ,
2745 1156 3196 1214 excellentissime
3226 1162 3464 1229 domine,

1884 1236 2010 1306 quia
2040 1237 2289 1294 dominus
2321 1240 2711 1298 invictissimus
2764 1245 3059 1316 imperator
3115 1266 3219 1305 non
3274 1252 3468 1318 semel,

1885 1328 1977 1381 sed
2001 1343 2162 1397 srepe,
2195 1330 2328 1384 mihi
2357 1333 2632 1402 praecepit,
2663 1343 2717 1390 et
2752 1337 2797 1390 si
2821 1337 3003 1393 dicere
3027 1342 3222 1404 audeo,
3272 1357 3466 1412 rogare

1885 1419 2136 1489 dignatus
2157 1429 2259 1486 est,
2298 1432 2356 1475 ut
2389 1423 2456 1477 ad
2487 1440 2584 1480 vos
2613 1427 2852 1483 venirem
2879 1470 2892 1494 ,
2947 1440 3004 1485 et
3039 1447 3158 1502 qua:
3189 1433 3240 1488 in
3286 1413 3471 1492 Eccle-

1885 1510 1980 1565 siis
2015 1520 2322 1567 nostrarum
2349 1516 2582 1585 partium
2605 1531 2918 1588 agerentur,
2963 1539 3189 1594 quumque
3219 1527 3349 1581 mihi
3376 1540 3472 1582 ne-

1885 1603 2123 1657 cessario
2145 1618 2173 1656 a
2198 1605 2352 1658 vobis
2377 1606 2491 1660 ﬁeri
2523 1608 2856 1674 viderentur,
2886 1615 3080 1668 vestris
3117 1619 3340 1673 auribus
3383 1620 3466 1674 in-

1888 1691 2156 1758 timarem,
2195 1714 2214 1746 ι
2266 1697 2406 1765 quod
2459 1698 2549 1752 illa
2595 1700 2820 1770 epistola
2871 1703 3156 1772 diligenter
3208 1719 3470 1776 prazstat,

173 1793 359 1856 cendo,
385 1808 506 1862 qua
536 1793 912 1848 concionando
942 1805 1154 1856 cxacm,
1188 1793 1254 1845 ad
1301 1808 1542 1846 eremum
1594 1792 1781 1844 Fontis
1813 1782 1857 1841 Β
1886 1784 2161 1853 mittitque
2187 1802 2288 1839 una
2337 1787 2545 1842 litteras
2584 1790 2926 1860 imperatoris
2964 1795 3015 1847 in
3069 1795 3262 1851 itinere
3311 1813 3469 1854 acce-

175 1882 416 1937 Avellani
460 1899 724 1939 reversus
752 1893 836 1937 est
866 1902 878 1936 :
910 1893 1071 1952 atque
1091 1883 1270 1953 aliqua
1303 1883 1414 1938 illic
1441 1883 1619 1952 quiete
1643 1881 1778 1936 frui-

174 1979 257 2026 tus
281 1973 348 2026 ad
375 1973 614 2029 celebre
641 1973 701 2029 S.
753 1973 1022 2029 Vincentii
1069 1975 1456 2029 monaSIerium
1507 1972 1784 2044 ablegatus

176 2075 271 2118 est.
302 2064 361 2118 In
395 2065 518 2119 hoc
546 2065 798 2120 coenobio
829 2065 887 2118 Β.
921 2065 1142 2120 Petrum
1160 2065 1477 2120 Damianum
1495 2065 1784 2136 scripsisse

178 2153 346 2209 Vitam
373 2156 435 2210 S.
471 2157 772 2211 Romualdi
798 2158 928 2212 circ.
961 2173 1047 2211 an.
1076 2158 1295 2212 tertium
1318 2159 1607 2220 decimum,
1640 2166 1786 2227 post-

177 2259 329 2312 quam
347 2245 446 2300 bic
485 2255 859 2301 excesserate
892 2247 1050 2312 vivis,
1101 2248 1300 2302 asserit
1347 2248 1487 2302 idem
1545 2247 1781 2302 llubeus.

178 2335 348 2391 Vitam
382 2335 447 2391 S.
492 2337 782 2391 Romualdi
826 2337 1095 2392 edidimus
1117 2339 1146 2392 7
1175 2338 1333 2400 febr.,
1367 2345 1419 2392 et
1451 2339 1593 2392 hunc
1644 2352 1787 2392 anno

181 2428 328 2492 1027,
349 2438 644 2484 mortuum
677 2444 797 2484 esse
819 2430 1072 2483 diximus.
1121 2429 1259 2484 Hine
1286 2430 1529 2485 decimus
1590 2429 1787 2483 tertius

184 2521 245 2572 ab
274 2519 427 2574 obitu
466 2519 618 2574 illius
641 2535 817 2574 annus
841 2521 1094 2573 convenit
1120 2520 1171 2574 in
1205 2536 1348 2574 anno
1370 2519 1570 2575 Christi
1624 2517 1783 2584 1040,

185 2619 232 2665 et
251 2627 435 2665 rerum
480 2625 511 2663 a
539 2609 600 2663 Β.
634 2609 797 2664 Petro
827 2618 1098 2678 gestarum
1142 2610 1404 2679 epocham
1441 2606 1791 2677 chronologi-

186 2717 296 2757 eam
328 2702 550 2765 ﬁrmat,
582 2701 652 2757 ab
678 2701 983 2772 Augustino
1009 2700 1292 2764 Fortunio,
1321 2702 1488 2755 etiam
1515 2716 1582 2756 ex
1614 2700 1789 2755 Chro-

185 2793 313 2846 nicis
343 2791 688 2862 quibusdam
731 2792 1024 2862 majoribus
1050 2791 1413 2846 observatam.

248 2885 340 2938 22.
373 2885 624 2962 Creatus
655 2885 780 2940 dein
803 2885 970 2938 eremi
1003 2884 1190 2939 Fontis
1224 2885 1469 2940 Avellani
1515 2884 1662 2955 prior
1687 2893 1789 2950 est,

187 2991 301 3030 cum
365 2976 698 3047 aliquandiu
781 2978 942 3032 rebus
1003 2978 1387 3047 temporalibus
1439 2977 1794 3046 procurandis

192 3067 372 3121 luisset
395 3065 720 3136 praefectus.
754 3064 820 3120 Ut
847 3065 1159 3120 Ravennam
1184 3067 1415 3130 veniret,
1445 3067 1702 3122 invitatus
1725 3065 1793 3120 ab

1883 1885 2024 1945 ptas,
2063 1887 2117 1931 et
2141 1887 2314 1948 rogat,
2349 1887 2409 1934 ut
2436 1881 2502 1934 ad
2530 1895 2588 1935 se
2641 1884 2845 1938 scribat
2897 1895 3076 1941 utrum
3134 1888 3238 1944 iter
3285 1905 3476 1946 susce-

1882 1976 2033 2037 ptum
2069 1969 2175 2024 sibi
2207 1973 2640 2040 prosequendum
2665 1983 2904 2031 censeat.

1952 2059 2044 2114 24.
2075 2059 2406 2125 Clemenle
2438 2064 2626 2120 eodem
2652 2081 2814 2130 anno,
2846 2068 2877 2120 7
2905 2069 3029 2126 ldus
3046 2070 3165 2128 Oct.
3180 2074 3472 2143 exstincto,

1886 2158 2168 2220 postquam
2200 2152 2442 2206 Ecclesia
2469 2169 2499 2207 a
2530 2153 2847 2221 Benedicto,
2882 2159 3040 2214 tertio
3063 2161 3245 2216 sedem
3272 2163 3478 2218 Roma-.

1886 2257 2013 2295 nam
2056 2241 2361 2308 invadente,
2394 2243 2586 2301 fuisset
2632 2247 2944 2317 aliquandiu
2993 2249 3214 2316 aﬂlicta,
3254 2263 3472 2311 creatus

1886 2339 1971 2386 est
2001 2332 2265 2388 Damasus
2305 2333 2369 2397 ll,
2407 2350 2551 2391 anno
2578 2337 2733 2401 1048,
2775 2339 2862 2392 cui
2893 2339 3032 2393 intra
3051 2341 3283 2408 primum
3329 2346 3473 2400 sedis

1887 2435 2127 2475 mensem
2154 2422 2260 2475 vita
2285 2422 2512 2490 functo,
2567 2427 2784 2479 tandem
2837 2427 2928 2481 ubi
2978 2429 3215 2500 quinque
3262 2447 3475 2489 menses

1888 2511 2045 2566 sedes
2071 2522 2338 2577 vacasset,
2366 2515 2626 2570 successit
2654 2515 2710 2570 8.
2737 2515 2846 2572 Leo
2875 2531 3012 2587 papa
3029 2517 3121 2583 IX,
3147 2529 3274 2576 ante
3293 2521 3475 2579 Bruno

1891 2599 2086 2666 dictus,
2113 2602 2398 2672 episcopus
2428 2604 2699 2660 Tullensis
2736 2606 2788 2660 in
2837 2607 3050 2676 Belgica
3097 2611 3291 2679 prima.
3337 2612 3476 2671 Huic

1891 2693 2111 2764 scripsit
2141 2696 2201 2748 Β.
2235 2697 2431 2751 Petrus
2459 2707 2651 2752 contra
2707 2699 3000 2756 malevolos
3057 2704 3475 2762 obtrectatores.

1891 2788 1960 2844 At
1988 2788 2096 2843 Leo
2130 2790 2340 2844 remisit
2365 2791 2678 2860 przeelaram
2702 2793 3009 2862 epistolam,
3032 2795 3085 2850 in
3107 2811 3212 2866 qua
3233 2799 3332 2852 viri
3350 2814 3477 2854 san-

1894 2881 1966 2934 cti
1996 2881 2168 2934 zelum
2203 2880 2410 2945 laudat,
2453 2891 2612 2951 atque
2661 2883 3106 2940 incontinentiam
3155 2885 3478 2944 clericorum

1895 2971 2222 3036 detestatur,
2246 2984 2300 3026 et
2333 2974 2660 3041 puniendam
2687 2975 2961 3041 rescribit,
3018 2992 3082 3032 ac
3132 2979 3315 3034 verbis
3362 2980 3482 3038 istis

1858 3055 2213 3118 ‘concludit:
2252 3082 2270 3114 ι
2309 3063 2409 3118 Fili
2467 3064 2803 3132 cbarissime,
2855 3066 3294 3124 inenarrabiliter
3350 3087 3481 3142 gau-

193 3157 611 3225 archiepiscopo
653 3155 972 3210 Ravennate
1024 3155 1345 3210 Gebehardo
1399 3156 1505 3226 (est
1543 3156 1630 3210 bic
1681 3154 1792 3225 16).
1824 3143 1871 3205 C
1903 3153 2025 3217 dco,
2053 3154 2178 3223 quia
2209 3154 2454 3223 exemplo
2479 3156 2904 3211 conversationis
2931 3157 3176 3226 instruis,
3219 3161 3480 3231 quidquid

194 3249 477 3304 Februarii
509 3260 656 3303 anno
688 3248 827 3301 10.“
858 3289 872 3312 ,
923 3258 1200 3312 mortuus,
1259 3256 1316 3301 et
1362 3248 1414 3302 in
1462 3249 1792 3304 monasterio

197 3339 559 3410 Pomposiano
584 3339 851 3409 sepultus)
883 3341 1162 3408 rescripsit
1213 3339 1496 3409 epistolam
1557 3353 1720 3408 supra
1763 3352 1795 3391 a

199 3432 689 3493 nobisindicatam,
719 3444 824 3498 qua
853 3438 1095 3492 excusat,
1121 3444 1244 3483 cunt
1281 3427 1394 3496 jam
1456 3429 1604 3497 prior
1659 3426 1794 3481 alios

203 3534 399 3590 regere,
433 3535 744 3589 eorumque
767 3519 1073 3573 necessitati
1105 3519 1389 3573 consulere
1431 3529 1678 3589 cogatur,
1737 3534 1794 3574 se

209 3611 272 3662 ad
294 3627 410 3665 eum
451 3611 616 3665 facile
640 3611 830 3664 venire
856 3626 960 3664 non
1000 3626 1174 3680 posse.
1226 3612 1355 3678 Quae
1411 3621 1536 3667 ante
1589 3611 1796 3667 dictum

210 3715 398 3755 annum
422 3702 564 3756 104μὶ
588 3703 953 3772 contigerunt.
983 3701 1093 3755 lloc
1131 3713 1310 3756 auten
1335 3719 1477 3757 anno
1507 3715 1794 3773 postquam

204 3805 309 3852 tres
324 3799 491 3852 simul
517 3798 1010 3868 pseudopontilices
1040 3798 1336 3852 Ecclesiam
1372 3798 1670 3851 Romanam
1708 3798 1794 3851 in-

199 3888 508 3951 vasissent,
571 3885 787 3947 sublato
835 3887 1170 3951 schismate,
1231 3885 1500 3956 legitimus
1557 3884 1796 3954 pontifex

200 3991 404 4035 creatus
428 3987 523 4034 est
551 3979 852 4049 Gregorius
878 3979 962 4043 Vl,
991 3979 1058 4033 ad
1085 3994 1249 4048 quem
1276 3988 1492 4032 exstant
1524 3978 1675 4031 initio
1732 3977 1797 4031 li-

200 4073 270 4128 bri
297 4073 450 4128 binae
479 4073 542 4126 Β.
572 4071 720 4127 Petri
750 4071 1014 4141 epistolae,
1072 4071 1124 4124 iu
1152 4071 1332 4141 priore
1363 4086 1423 4125 se
1452 4071 1633 4124 audita
1680 4068 1798 4136 ejus

199 4164 468 4220 electione
502 4164 866 4218 exhilaratum
887 4163 1144 4226 ostendit,
1170 4171 1225 4217 et
1249 4177 1468 4232 sperare
1491 4161 1794 4217 Ecclesiam

202 4257 285 4312 Dei
311 4275 419 4329 per
455 4273 606 4323 eum,
631 4256 884 4311 sordibus
913 4256 1250 4325 expurgatis,
1295 4257 1580 4325 pristinum
1613 4273 1803 4312 conse-

203 4361 457 4406 cuturam
483 4351 760 4404 decorem.
791 4348 1057 4402 Baronius
1085 4348 1255 4401 relata
1285 4362 1348 4402 ea
1377 4348 1536 4418 epist.
1591 4349 1658 4403 ad
1707 4366 1796 4403 an.

204 4441 362 4506 10-11,
401 4455 560 4494 num.
590 4439 644 4502 8,
670 4438 737 4492 de
767 4437 826 4491 Β.
858 4437 1018 4493 Petro
1049 4438 1197 4491 addit
1227 4455 1240 4490 :
1272 4456 1290 4489 ι
1331 4438 1501 4492 Tanta
1539 4438 1642 4494 ista
1694 4455 1800 4494 non

204 4532 297 4587 nisi
324 4532 584 4602 legitime
603 4529 782 4583 electo
812 4543 944 4599 papa
975 4528 1139 4599 digna
1165 4542 1308 4594 esse,
1335 4538 1393 4583 ut
1415 4529 1595 4599 plane,
1630 4531 1674 4584 si
1711 4531 1806 4586 de-

205 4624 472 4687 sintalia,
502 4621 607 4676 ista
633 4618 986 4675 sulliciantad
1028 4619 1505 4674 demonstrandam
1563 4619 1804 4689 ejusdem

207 4717 530 4772 canonicam
579 4713 903 4769 electionem
949 4713 1095 4768 omni
1127 4728 1191 4766 ex
1234 4721 1388 4782 parte
1435 4714 1802 4784 purissimam.

209 4805 319 4862 Non
352 4807 500 4862 enim
527 4803 796 4874 ejusmodi
828 4803 926 4858 fuit
954 4803 1145 4858 Petrus
1179 4802 1444 4866 Damiaui,
1492 4803 1586 4873 qui
1646 4803 1808 4857 vellet

211 4895 320 4952 haec
352 4895 603 4952 scribens
648 4891 882 4961 turpiter
934 4891 1141 4946 adulari
1190 4891 1430 4961 pontiﬁci
1477 4910 1488 4944 :
1546 4907 1668 4946 nam
1713 4906 1808 4947 ex-

213 4995 443 5042 testuans
458 4987 580 5041 zelo
603 4982 994 5040 ecclesiastica:
1019 4982 1340 5052 disciplinae,
1358 4984 1559 5038 nemini
1585 4997 1806 5054 parcere

217 5083 382 5148 novit,
408 5083 541 5152 quin
574 5075 932 5134 acerbissime
951 5073 1213 5146 arguerit,
1242 5092 1621 5149 quemcunque
1643 5076 1808 5132 sciret

855 5185 870 5198 ι
1096 5169 1357 5198 ¹)ησιηηῖιιθ
1449 5172 1536 5198 "In;
1598 5169 1664 5198 nl.
1717 5182 1782 5198 nn

219 5173 376 5198 A:.'-_..
404 5193 426 5198 ..
441 5176 801 5198 ,I---_nnn.nm

1892 3248 2126 3303 oratoria
2158 3247 2413 3304 facultate
2443 3249 2690 3304 docuisti.
2730 3249 2858 3305 Plus
2879 3259 2961 3305 est
2990 3253 3135 3306 enim
3187 3269 3351 3324 opere
3383 3255 3481 3310 doc

1893 3352 2017 3392 cere
2059 3353 2220 3406 quam
2261 3352 2411 3394 voce.
2444 3339 2801 3408 Quapropter,
2825 3350 3047 3396 auctore
3079 3342 3211 3405 Deo.
3243 3344 3482 3414 palmam

1891 3429 2161 3483 obtinebis
2194 3430 2456 3495 victoriw,
2481 3441 2536 3486 et
2565 3446 2688 3485 cum
2726 3431 2846 3495 Dei,
2875 3442 2930 3487 et
2959 3431 3197 3502 Virginis
3235 3435 3345 3490 lilio
3385 3435 3480 3491 lte-

1897 3520 2099 3574 taheris
2133 3521 2186 3573 in
2213 3521 2421 3576 caelesti
2449 3523 2748 3587 mansione,
2782 3532 2838 3579 et
2884 3533 2962 3578 tot
3001 3527 3341 3583 mercedibus
3374 3529 3486 3584 eris

1894 3610 2216 3672 cumulatus,
2245 3619 2377 3678 quot
2405 3613 2606 3681 ereptis
2635 3627 2730 3681 per
2761 3621 2812 3666 te
2834 3628 2864 3666 a
2899 3597 3103 3669 diaboli
3125 3615 3333 3686 laqueis
3365 3617 3482 3673 fue-

1896 3701 1972 3756 ris
1996 3702 2354 3770 constipatus,
2387 3711 2440 3757 et
2467 3705 2866 3773 quodammodo
2915 3715 3227 3764 coronatus.
3275 3729 3295 3762 ι
3361 3710 3484 3767 [late

1898 3789 1956 3844 S.
1991 3789 2100 3844 Leo
2127 3792 2216 3859 qui
2255 3801 2444 3845 contra
2480 3793 2818 3848 Simoniacos
2859 3797 3146 3850 concilium
3182 3798 3484 3855 Romanum

1895 3894 1984 3935 an.
2019 3881 2155 3936 1049
2177 3881 2488 3945 celebravit,
2515 3882 2666 3949 cujus
2696 3884 2974 3938 decretum
3005 3886 3186 3942 laudat
3208 3888 3266 3941 Β.
3292 3888 3488 3948 Petrus

1898 3971 2194 4026 Damianus
2222 3988 2412 4042 opusc.
2444 3989 2517 4034 vt,
2547 3989 2671 4043 cap.
2704 3975 2794 4028 55.
2835 3974 2968 4042 Qua:
3008 3987 3189 4032 autem
3243 3981 3483 4050 ejusdem

1898 4060 2095 4114 Leonis
2125 4069 2304 4114 exstat
2333 4062 2560 4130 epistola
2588 4064 2656 4117 10
2680 4064 2748 4118 ad
2797 4063 3150 4132 Auximanos,
3199 4085 3302 4141 qua
3363 4083 3489 4142 post

1899 4151 2106 4206 obitum
2160 4153 2398 4223 epiSCOpi
2448 4153 2776 4222 expilatores
2803 4156 3082 4213 domortun
3105 4161 3490 4232 episcopalium

1903 4248 2200 4318 redarguit,
2237 4257 2551 4304 recensetur
2582 4249 2724 4304 inter
2772 4251 3031 4319 epistolas
3080 4253 3140 4307 Β.
3189 4255 3334 4310 Petri
3385 4258 3492 4312 Da-

1904 4342 2069 4396 miani
2103 4341 2196 4394 lib.
2223 4356 2256 4394 v
2283 4355 2433 4394 num.
2470 4341 2526 4407 6,
2549 4349 2604 4396 et
2629 4341 2729 4396 sub
2754 4344 2971 4398 nomine
2999 4347 3268 4414 pontificis
3318 4349 3386 4404 ab
3423 4365 3491 4406 eo

1907 4433 2107 4501 scripta
2139 4432 2420 4486 asseritur.
2465 4432 2707 4486 Mortuus
2755 4442 2837 4488 est
2879 4433 2937 4488 8.
2995 4435 3105 4490 Leo
3156 4452 3292 4508 papa
3348 4453 3492 4496 anno

1833 4495 1880 4554 ί)
1909 4495 2046 4575 1051
2072 4521 2158 4575 die
2189 4521 2255 4576 l9
2275 4521 2494 4591 Aprilis,
2520 4522 2780 4575 virtutum
2811 4532 2865 4577 et
2904 4495 3287 4584 miraculorum
3334 4495 3493 4588 laude

1908 4613 2157 4684 insignis,
2189 4613 2264 4668 uti
2295 4628 2418 4667 eum
2468 4614 2661 4667 tahulte
2718 4614 3088 4687 Marlyrologii
3131 4619 3358 4675 Romani
3401 4623 3495 4678 de-

1907 4703 2222 4773 przedicant.
2257 4701 2528 4756 Successit
2559 4703 2912 4760 Gebehardus
2937 4707 3258 4766 Aistetensis
3286 4713 3338 4766 in
3363 4711 3497 4767 Ger-

1908 4792 2089 4845 mania
2119 4792 2422 4861 episcopus,
2445 4793 2569 4846 dein
2593 4794 2780 4871 Victor
2795 4795 2835 4848 ll
2858 4796 3054 4860 dictus,
3074 4814 3216 4853 anno
3233 4810 3494 4871 sequente

1914 4880 2071 4935 1055.
2104 4881 2285 4937 ldibus
2314 4883 2517 4951 Aprilis
2549 4885 2600 4938 in
2630 4870 2797 4940 Coena
2846 4887 3057 4942 Domini
3103 4870 3496 4949 consecratus:

1914 4972 1967 5027 in
2001 4970 2153 5039 cujus
2186 4971 2432 5025 manibus
2465 4971 2725 5026 llenricus
2750 4975 3043 5043 imperator
3077 4994 3222 5034 anno
3241 4992 3504 5052 sequente

1916 5062 2074 5125 1056,
2107 5063 2158 5116 3.
2191 5063 2374 5117 Nonas
2405 5060 2593 5120 Octob.
2625 5063 2846 5118 tradidit
2877 5065 2986 5122 Deo
3012 5069 3282 5137 spiritum.
3325 5072 3420 5127 Est
3455 5080 3510 5125 et

1916 5153 1968 5198 in
1999 5168 2029 5198 ρ
2068 5153 2253 5198 Victor
2275 5167 2411 5198 uana
2445 5153 2693 5198 nrnvimn
2717 5168 2803 5198 an-
2834 5155 2970 5198 1037
3001 5156 3291 5198 πιιπιρηιςηο
3320 5159 3507 5198 Anam-
