3982 5350
511 330 616 387 105

1484 321 1542 379 S.
1582 318 1859 376 PETRUS
1891 266 2242 373 DAMIANUS
2270 311 2329 369 S.
2374 311 2441 367 Β.
2480 311 2543 368 Ε.
2585 306 3019 367 οΑιωιΝΑιιε.

3666 309 3781 367 104

506 436 749 512 pontifex
775 435 812 490 ε
840 440 1088 505 Augusti,
1120 446 1183 487 ac
1206 429 1514 501 Stephanus
1545 430 1867 502 appellatur,
1912 444 2087 484 nonus
2112 427 2165 488 Α
2189 430 2246 479 et
2272 422 2530 479 Romanis
2568 421 2877 494 potentibus
2899 421 3125 491 aliquot,
3178 427 3344 476 noctu
3371 434 3494 476 cum
3537 434 3790 479 armato-

505 531 669 601 vulgo
703 529 918 591 dicitur,
965 526 1054 595 qui
1085 538 1272 578 revera
1304 522 1544 578 decimus
1592 522 1924 582 censendus.
1967 537 2090 576 cum

509 621 817 690 Stephanus
836 615 1110 671 Zachariae
1136 627 1418 668 successor
1443 627 1588 667 anno
1612 610 1715 665 752
1736 611 2087 677 constitutus,

506 712 637 767 licet
666 709 923 781 pauculos
952 706 1124 761 solum
1168 703 1284 759 dies
1335 703 1389 757 in
1441 717 1507 758 ea
1546 702 1811 772 dignitate
1850 702 2089 768 vixerit,

506 801 744 873 pontifex
773 798 1045 868 legitimus
1086 793 1248 848 fuerit
1277 836 1292 861 ,
1360 794 1430 849 ob
1482 808 1850 849 successorem
1907 792 2093 846 itidem

507 890 842 960 Stephanum
877 900 1158 957 perperam
1185 885 1438 939 omissus.
1477 884 1591 939 Sub
1612 884 1713 938 hoc
1739 883 1990 953 pontifice
2027 881 2089 936 Β.

505 980 723 1044 Petrus,
755 978 1058 1032 obedientiae
1103 985 1358 1046 prrecepto
1398 984 1640 1039 coactus,
1693 981 1751 1026 ut
1776 971 1914 1026 infra
1956 970 2091 1026 Acta

507 1070 732 1135 habent,
765 1068 1033 1125 Ostiensis
1059 1066 1315 1122 Ecclesia:
1340 1065 1622 1120 ordinatus
1642 1073 1726 1119 est
1746 1063 2033 1133 episcopus
2070 1079 2084 1116 :

507 1162 659 1230 cujus
688 1162 1029 1232 episcopatus
1059 1160 1183 1229 quia
1230 1155 1585 1211 cardinalium
1644 1155 1872 1216 decano.
1923 1169 1952 1207 a
1982 1167 2091 1223 quo

507 1270 752 1311 summus
777 1251 1019 1323 pontifex
1044 1260 1394 1305 consecratur
1425 1247 1585 1301 tribui
1633 1245 1787 1311 solet,
1837 1245 1978 1299 inter
2026 1242 2084 1298 S.

503 1345 572 1401 Β.
602 1347 662 1399 Ε.
686 1343 987 1399 cardinales
1019 1341 1077 1395 Β.
1104 1342 1296 1396 Petrus
1322 1340 1485 1394 etiam
1515 1340 1708 1394 merito
1750 1345 2088 1402 numeratur,

503 1437 630 1491 licet
664 1436 821 1502 huius
844 1432 1123 1503 dignitatis
1152 1431 1483 1485 meutionon
1536 1428 1631 1483 fiat
1671 1428 1727 1482 in
1775 1425 1891 1495 ejus
1944 1425 2088 1493 Vita,

506 1537 601 1584 aut
625 1536 737 1581 tum
763 1524 1056 1579 viventium
1086 1520 1401 1591 pontificum
1445 1519 1718 1589 epistolis;
1777 1532 1952 1586 neque
2005 1529 2090 1571 se-

506 1633 619 1675 met
648 1619 760 1687 ipse
795 1617 855 1670 Β.
892 1615 1083 1669 Petrus
1111 1614 1442 1668 cardinalem
1471 1613 1520 1664 in
1549 1612 1661 1665 suis
1689 1607 2086 1664 lucubrationi-

502 1712 606 1766 bus
628 1709 878 1780 appellet.
910 1707 1101 1761 Exstat
1126 1702 1242 1771 ejus
1262 1704 1420 1773 epist.
1454 1702 1476 1755 1
1516 1701 1607 1754 lib.
1640 1715 1678 1754 tt
1737 1699 1802 1752 ad
1860 1696 2087 1751 Venera-

2196 530 2313 570 rum
2347 515 2519 570 turbis
2559 516 2843 570 ecclesiam
2901 528 3006 568 una
3058 515 3381 584 pervadunt,
3420 524 3475 571 et
3510 515 3786 573 Joannem

2193 604 2611 661 Veliterrensem
2638 606 2950 676 episc0pum
2977 645 2992 670 ,
3046 604 3302 660 Mincium
3339 616 3527 676 postea
3580 624 3794 679 cogno-

2193 696 2482 763 minatum,
2518 711 2711 767 papam
2739 696 3094 759 constituunt,
3125 697 3399 751 Benedicti
3428 698 3506 752 illi
3525 699 3789 769 imposito

2193 784 2437 839 nomine.
2468 784 2621 852 Quod
2652 800 2773 840 cum
2807 784 3002 839 Petrus
3024 784 3338 850 Damianus,
3362 786 3449 839 vir
3471 786 3624 841 valde
3654 789 3790 844 reli-

2195 875 2396 947 giosus,
2426 874 2446 946 (
2475 891 2637 945 quem
2659 891 2725 931 eo
2747 883 2989 945 tempore
3010 874 3315 945 Stephanus
3331 890 3467 947 papa
3491 878 3559 933 ab
3591 893 3788 934 eremo

2193 978 2522 1034 extractum,
2555 969 2608 1024 in
2649 968 2881 1025 Ostiensi
2926 967 3167 1023 Ecclesia
3197 968 3513 1038 episcopum
3554 969 3790 1041 fecerat)

2192 1061 2568 1131 comperisset,
2597 1075 2700 1115 una
2724 1076 2846 1115 cum
2878 1060 3244 1115 cardinalibus
3289 1060 3546 1115 resistere
3592 1077 3655 1117 ac
3699 1078 3793 1117 re-

2160 1183 2168 1193 -
2193 1154 2429 1210 clamare
2460 1154 2644 1226 etrapit,
2677 1162 2842 1225 atque
2871 1148 3360 1209 anathematiiare.
3387 1153 3496 1209 Sed
3522 1154 3576 1209 hi
3602 1163 3792 1211 tamen

2194 1258 2382 1300 omnes
2418 1253 2625 1300 terrore
2654 1243 2940 1315 compulsi,
2995 1259 3094 1314 per
3146 1243 3298 1298 varia
3347 1243 3464 1298 loca
3514 1242 3723 1317 fugere.
3763 1262 3787 1297 s

2194 1335 2425 1407 Scripsit
2454 1335 2517 1391 Β.
2549 1335 2745 1390 Petrus
2774 1336 2933 1405 epist.
2960 1332 3016 1398 ι,
3043 1332 3136 1387 lib.
3169 1348 3222 1387 ν.
3252 1331 3328 1388 De
3351 1333 3481 1387 dicti
3505 1330 3793 1389 Benedicti

2192 1428 2505 1492 schismate,
2529 1428 2628 1482 sub
2652 1428 2751 1481 hac
2782 1423 3175 1495 inscriptione:
3204 1423 3408 1478 Damno
3434 1422 3507 1478 Η.
3545 1439 3793 1478 reveren-

2193 1521 2408 1575 dissimo
2435 1520 2820 1589 archiepiscopo
2851 1516 3041 1572 Petrus
3070 1525 3311 1588 peccator
3350 1516 3658 1582 monachus,
3691 1515 3799 1569 de-

2195 1614 2315 1669 bitrr
2336 1614 2673 1685 subjectionis
2698 1612 3025 1683 obsequium.
3053 1609 3349 1678 Cajetanus
3393 1612 3616 1665 missam
3671 1609 3800 1680 opi-

2196 1717 2358 1764 natur
2401 1708 2630 1763 Henrico
2676 1706 3063 1776 archiepiscopo
3107 1704 3434 1770 Raeennati,
3485 1712 3540 1759 et
3582 1704 3666 1774 agi
3724 1703 3800 1759 de

500 1802 627 1857 biles
656 1777 916 1868 episcopos
948 1797 1313 1852 Lateraneusis
1342 1795 1589 1849 Ecclesia:
1632 1790 1929 1847 cardinales
1964 1806 1983 1845 :
2018 1789 2088 1843 ad

2195 1801 2447 1855 schimate
2493 1800 2714 1854 Cadaloi
2736 1800 3015 1870 αηιὶραρω.
3044 1798 3326 1867 Inscripsit
3345 1797 3579 1852 Henrico
3596 1809 3796 1867 opusc.

501 1909 663 1964 quam
688 1901 910 1945 annotat
935 1888 1249 1958 Cajetanus,‘
1270 1886 1446 1957 colligi
1494 1900 1618 1939 eum
1666 1882 1832 1938 fuisse
1878 1880 2093 1952 episco-

502 2001 631 2056 pum
657 1982 986 2038 cardinalem
1012 1980 1082 2035 ob
1116 1980 1232 2033 hare
1281 1979 1443 2032 verba
1501 1976 1705 2030 inserta
1736 1991 1749 2028 :
1785 1993 1802 2025 ε
1839 1971 1948 2027 Nos
1984 1971 2090 2026 ita-

500 2089 630 2144 que,
664 2074 863 2127 fratres
888 2073 1015 2135 mei,
1044 2079 1105 2124 ut
1144 2077 1197 2123 et
1227 2082 1312 2121 me
1359 2066 1513 2121 vobis
1559 2065 1823 2119 audenter
1867 2063 2095 2117 interse-

501 2180 639 2229 ram,
672 2180 789 2230 nos,
824 2163 1069 2234 inquam,
1097 2160 1188 2230 qui
1220 2168 1475 2227 tanquam
1506 2166 1713 2227 septem
1738 2169 1924 2209 sumus
1951 2152 2094 2208 oculi

505 2272 670 2327 super
694 2256 922 2326 lapidem
950 2268 1139 2315 unum,
1176 2249 1268 2320 qui
1331 2248 1605 2303 stellarum
1647 2255 1924 2317 portamus
1962 2243 2097 2297 ima-

505 2348 710 2419 ginem,
745 2346 833 2415 qui
867 2344 1184 2414 angelorum
1211 2350 1459 2394 tenemus
1512 2352 1611 2408 per
1662 2332 2094 2390 annuntiationis

506 2437 739 2493 officium
768 2436 1111 2506 dignitatem,
1130 2430 1428 2492 videamus,
1445 2426 1844 2497 splendeatnus,
1863 2422 2093 2478 etverba

502 2528 630 2582 'vila:
654 2525 887 2596 populis,
936 2539 1042 2578 non
1085 2521 1260 2576 solum
1315 2518 1558 2583 vocibus,
1611 2517 1703 2571 sed
1748 2524 1803 2570 et
1852 2512 2095 2569 moribus

504 2620 836 2674 nuntiemus.
883 2634 901 2666 ι
929 2612 1055 2668 Haec
1083 2612 1174 2667 ibi.
1210 2608 1455 2665 Clariora
1490 2607 1685 2662 indicia
1722 2621 1788 2661 ex
1818 2604 1935 2675 ejus
1957 2616 2091 2671 epe-

507 2711 660 2766 ribus
687 2724 810 2764 mox
853 2707 1119 2762 dabimus.
1168 2702 1493 2758 Bertholdus
1532 2697 1983 2763 Constantiensis,
2024 2694 2094 2748 ab

504 2800 701 2857 Ottone
731 2799 985 2868 episcopo
1011 2795 1269 2855 Ostiensi,
1297 2794 1419 2848 dein
1448 2790 1669 2847 Urbano
1697 2789 1736 2844 ll
1768 2805 1926 2860 papa,
1949 2800 2093 2842 anno

506 2888 670 2950 1084,
698 2894 1049 2943 consecratus
1079 2884 1383 2953 presbyter,
1434 2880 1667 2951 appellat
1718 2878 1937 2931 Petrum
1984 2877 2095 2930 Da-

501 2979 666 3032 miani
692 2978 791 3047 pia:
817 2974 1081 3028 memoria:
1108 2971 1427 3026 cardinalem
1456 2972 1751 3041 episcopum
1807 2968 1859 3021 in
1880 2967 2094 3037 Appen-

502 3071 624 3125 ‘dice
670 3067 924 3123 Chronici
977 3064 1270 3120 llermanni
1306 3063 1608 3125 COIIlI’:|Cli,
1666 3062 1733 3115 ad
1778 3076 1867 3114 an.
1929 3058 2087 3123 1100,

2195 1907 2245 1946 vr
2264 1900 2451 1948 contra
2474 1891 2829 1953 Simoniacus.
2857 1905 2980 1945 cum
3007 1888 3205 1943 nouiter
3229 1888 3578 1942 sacerdotium
3607 1903 3798 1941 susce-

2192 1982 2352 2052 pisset
2380 1995 2522 2035 anno
2549 1980 2706 2034 1051.
2748 1978 2855 2035 Sed
2902 1979 2955 2033 in
3007 1977 3336 2048 Appendice,
3383 1992 3478 2033 seu
3521 1992 3644 2047 cap.
3696 1975 3795 2040 59,

2193 2072 2338 2127 dolet
2366 2072 2418 2127 id
2446 2087 2475 2125 a
2504 2086 2561 2127 se
2589 2071 2810 2135 factum,
2844 2086 2967 2125 cum
2998 2088 3019 2122 ι
3057 2081 3125 2123 ne
3150 2078 3367 2125 tenuem
3390 2069 3610 2140 quidem
3637 2068 3795 2124 scin-

2195 2161 2361 2215 tiliam
2395 2162 2679 2217 solutionis
2703 2160 2990 2231 exculpere
3015 2162 3209 2232 potuit.
3260 2181 3280 2214 ι
3342 2159 3495 2217 Unde
3543 2176 3651 2217 non
3713 2159 3799 2215 vi-

2195 2250 2353 2306 detur
2378 2252 2427 2306 ei
2459 2254 2798 2322 postmodum
2830 2251 3051 2317 favisse,
3089 2260 3185 2306 aut
3209 2252 3505 2307 amicitiam
3553 2267 3785 2307 conser-

2195 2358 2367 2398 vasse.
2408 2344 2476 2397 At
2497 2344 2564 2399 de
2590 2344 2886 2399 schismate
2911 2343 3212 2410 Benedicti,
3241 2359 3347 2399 non
3396 2344 3641 2409 Cadaloi,
3703 2338 3797 2416 agi

2195 2434 2341 2491 clare
2357 2435 2554 2490 indicat
2572 2436 2656 2491 bis
2671 2434 2880 2490 verbis:
2907 2453 2925 2486 ι
2948 2434 3064 2490 [lue
3076 2434 3303 2502 accedit,
3322 2445 3379 2489 ut
3394 2436 3517 2506 quia
3533 2435 3638 2506 pite
3672 2449 3795 2489 me-

2199 2528 2389 2584 moria:
2419 2528 2727 2599 Stephanus
2754 2544 2915 2599 papa,
2944 2528 3289 2599 congregatis
3316 2528 3457 2581 intra
3486 2526 3796 2583 Ecclesiam

2194 2619 2479 2688 episcopis,
2495 2618 2809 2688 civibusque
2835 2618 3113 2683 Romanis,
3142 2618 3312 2683 clero,
3341 2627 3394 2673 et
3429 2618 3649 2690 populo,
3685 2618 3794 2674 hoc

2195 2709 2294 2764 sub
2308 2710 2533 2764 districti
2550 2709 2910 2765 anathematis
2922 2710 3479 2764 excommunicatione
3503 2716 3792 2776 statuerat,

2192 2806 2273 2862 ut,
2307 2798 2349 2853 si
2379 2813 2502 2852 eum
2531 2800 2594 2853 de
2623 2798 2727 2853 hoc
2753 2799 2953 2853 mundo
2983 2798 3217 2868 migrare
3246 2800 3599 2869 contingeret,
3631 2808 3795 2853 ante-

2196 2906 2355 2961 quam
2387 2890 2785 2947 Hildebrandus
2818 2891 3076 2947 Ecclesiae
3112 2891 3369 2947 Romana:
3399 2892 3788 2955 subdiaconus,

2195 2980 2287 3051 qui
2328 2996 2450 3035 cum
2498 2981 2771 3036 communi
2804 2981 3046 3036 omnium
3076 2982 3300 3037 consilio
3331 2982 3668 3047 mittebatur,
3720 2983 3792 3037 ab

2198 3070 2543 3141 imperatrice
2574 3070 2817 3137 rediret,
2861 3085 3055 3141 papam
3111 3070 3290 3126 nullus
3342 3071 3587 3142 eligeret,
3632 3072 3792 3126 sedes

503 3162 751 3216 deducta.
786 3159 967 3213 Secuti
1000 3167 1190 3211 auctor
1234 3154 1371 3209 νίιίι)
1420 3154 1479 3210 S.
1527 3152 1749 3207 Joannis
1796 3150 2095 3205 Laudensis
2122 3128 2166 3189 c
2198 3128 2493 3231 apéslojjca
2523 3176 2695 3230 usque
2725 3161 2790 3215 ad
2816 3128 2957 3215 illiiu's
2986 3160 3218 3216 reditum
3254 3128 3454 3215 inm”;
3485 3169 3725 3215 vacaret.
3765 3177 3785 3211 ι

502 3252 623 3319 ejus
651 3251 926 3321 discipuli,
952 3248 1280 3303 Franciscus
1318 3246 1636 3311 Pelrarcha,
1690 3243 1925 3298 Joannes
1978 3240 2096 3295 Tri-

501 3343 798 3403 thczninus,
823 3342 1077 3413 Aloysius
1103 3340 1448 3410 Lipomanns,
1477 3339 1694 3407 aliique.
1722 3337 1793 3390 At.
1834 3335 2091 3390 cardius;

502 3430 570 3487 lis
590 3434 853 3487 Baronius
879 3433 944 3484 ad
968 3446 1137 3484 annos
1170 3429 1300 3483 l057
1328 3444 1468 3482 anno
1497 3428 1581 3492 l9,
1614 3425 1855 3495 pluribus
1874 3424 2095 3494 exponit

501 3522 760 3580 Ecclesia:
792 3524 1047 3579 Romame
1080 3521 1306 3575 formam
1332 3520 1471 3574 illius
1494 3518 1774 3589 temporis,
1797 3517 2094 3573 secundum

501 3621 907 3692 quamprimum
921 3616 1278 3675 cardinaliurn
1294 3616 1666 3685 episcoporum
1681 3614 1868 3669 statuit
1881 3613 2096 3669 Ostien-

502 3729 617 3771 sem
645 3731 658 3768 :
686 3722 739 3768 et
788 3711 1122 3782 Augustinus
1170 3708 1463 3764 Fortunius
1516 3708 1569 3762 in
1616 3707 1741 3762 Vita
1772 3722 1801 3760 a
1833 3704 2095 3774 Cajetano

501 3808 645 3865 edita
677 3807 754 3862 ait
785 3824 796 3861 ;
829 3826 847 3858 ι
885 3804 1221 3874 Stephanum
1252 3810 1402 3872 pont.
1457 3815 1603 3855 max.
1662 3798 1965 3855 Ostiensem
2019 3797 2095 3852 illi

501 3899 841 3970 copulavisse
887 3894 1183 3951 Ecclesiam
1212 3933 1227 3958 ,
1284 3891 1534 3961 sacrique
1582 3888 1791 3960 collegii
1829 3890 2094 3944 decanum

503 3990 699 4045 fecisse
730 4005 871 4043 anno
905 3988 1042 4043 1058
1070 3986 1223 4040 initio
1246 3983 1703 4053 Quadragesimaa,
1729 3995 1916 4037 mense
1955 3979 2094 4034 Mar-

502 4081 601 4146 tio,
636 4080 871 4134 Sabbato
895 4087 1128 4148 quatuor
1160 4086 1485 4143 temporum.
1516 4093 1534 4124 ι
1579 4071 1871 4127 Ciaconius
1902 4086 1967 4126 eo
2006 4070 2095 4125 die

503 4169 704 4226 asserit
732 4170 960 4238 primam
1003 4165 1364 4221 cardinalium
1418 4163 1752 4218 creationem
1802 4162 2096 4232 contigisse

502 4261 606 4315 sub
633 4258 928 4328 Stephano,
953 4264 1153 4309 etcum
1186 4255 1244 4308 Β.
1295 4252 1459 4307 Petro
1514 4250 1776 4307 Damiano
1824 4266 1920 4306 sex
1963 4250 2097 4304 alios

501 4352 676 4409 factos
704 4349 1028 4407 cardinales.
1065 4348 1123 4402 ln
1156 4363 1317 4417 supra
1348 4355 1647 4401 memorato
1674 4345 1831 4401 Brevi
1873 4344 2026 4399 Pauli
2051 4343 2096 4399 ν

2195 3251 2327 3308 Cum
2354 3267 2484 3323 ergo
2510 3251 2931 3317 Hildebrandus,
2984 3252 3074 3321 qui
3103 3261 3290 3322 postea
3341 3251 3443 3306 fuit
3488 3267 3626 3322 papa
3656 3250 3793 3306 Gre-

2194 3342 2379 3413 gorius
2410 3340 2521 3407 VII,
2552 3356 2620 3396 ex
2651 3340 2941 3396 Germania
2975 3355 3035 3395 se
3083 3341 3372 3403 retulisset,
3407 3339 3578 3396 Senas
3607 3342 3672 3395 ad
3734 3354 3794 3396 se

2194 3432 2519 3496 cardinales,
2560 3442 2615 3487 et
2638 3432 2846 3488 nobiles
2877 3432 3149 3487 Romanos
3181 3433 3521 3498 convocavit,
3554 3447 3792 3502 quorum

2194 3522 2465 3594 sulfragiis
2499 3523 2774 3579 Gerardus
2822 3524 3106 3594 episcopus
3134 3523 3479 3579 Florentinus
3506 3526 3795 3579 renuntia-

2192 3623 2283 3669 tus
2309 3623 2389 3670 est
2411 3614 2653 3685 pontifex
2690 3614 2985 3679 Romanus,
3019 3631 3083 3670 ac
3109 3614 3363 3671 Nicolaus
3403 3616 3446 3671 ll
3470 3616 3793 3686 appellatus.

2194 3703 2327 3760 Cum
2379 3705 2594 3759 interim
2647 3705 2976 3759 Benedictus
3010 3702 3327 3775 occupatam
3378 3705 3560 3760 sedem
3596 3705 3796 3759 Roma.

2194 3809 2319 3848 nam
2358 3794 2537 3848 adhuc
2565 3793 2615 3848 vi
2651 3793 2917 3849 detineret
2965 3834 2980 3856 ,
3029 3794 3230 3849 dictam
3259 3795 3543 3866 epistolam
3573 3796 3796 3865 scripsit

2195 3881 2407 3945 Petrus,
2448 3882 2500 3936 in
2527 3897 2632 3951 qua
2683 3881 3076 3937 cardinalitiam
3121 3897 3270 3938 suam
3295 3884 3609 3955 dignitatem
3645 3884 3795 3940 clare

2195 3975 2439 4030 indicat:
2477 3993 2495 4025 ι
2528 3973 2662 4027 Illud
2697 3983 2899 4039 autem,
2932 3974 3128 4044 inquit,
3175 3974 3316 4046 quod
3373 3977 3426 4030 in
3463 3976 3613 4032 calce
3653 3976 3791 4031 sub-

2188 4064 2397 4137 jecistis
2434 4065 2692 4136 epistolae.
2741 4065 2978 4121 utvobis
3013 4068 3324 4130 scriberem,
3372 4067 3501 4137 quid
3538 4067 3667 4121 mihi
3722 4067 3793 4124 de

2196 4170 2283 4221 eo,
2314 4156 2405 4225 qui
2440 4157 2492 4210 in
2526 4155 2822 4225 apostolica
2853 4156 2982 4211 sede
3012 4172 3155 4211 nunc
3179 4157 3449 4228 praesidet,
3473 4155 3557 4211 vel
3581 4171 3647 4212 eo
3697 4157 3793 4226 qui

2196 4245 2432 4314 ejusdem
2462 4247 2607 4300 sedis
2647 4246 2850 4301 electus
2873 4256 2979 4312 est,
3009 4247 3305 4313 videretur,
3356 4263 3667 4319 quanquam
3694 4264 3792 4319 per

2198 4336 2487 4390 nonnullos
2518 4335 2773 4389 Ecclesia:
2804 4346 2997 4390 vestrae
3041 4335 3181 4390 filios
3198 4338 3309 4407 jam
3345 4337 3658 4408 potuissetis
3688 4353 3788 4392 au-

410 4476 423 4485 -
503 4448 571 4502 ad
601 4446 918 4516 Cajetanum
949 4441 1009 4498 S.
1034 4440 1096 4494 Β.
1134 4440 1200 4494 E.
1222 4438 1514 4493 cardinulis
1543 4439 1812 4507 episcopus
1837 4437 2093 4492 Ostiensis
2123 4477 2171 4538 Β
2199 4426 2333 4529 dire:
2391 4441 2510 4495 qua:
2541 4426 2612 4480 Sil
2638 4434 2821 4528 “0.51”
2881 4441 3044 4497 super
3086 4429 3314 4529 duorum
3366 4427 3650 4530 hominum
3680 4427 3790 4530 .όί-

502 4538 821 4609 appellatur.
852 4553 870 4585 ι
892 4534 1200 4603 Stephanus
1230 4550 1248 4583 ›
1286 4545 1415 4598 ergo
1453 4547 1473 4581 ι
1504 4528 1669 4597 Papa,
1697 4547 1715 4579 ι
1770 4536 1831 4582 ut
1874 4528 1929 4580 in
1976 4527 2090 4595 ejus

496 4630 624 4685 Vita
656 4645 775 4685 cum
806 4626 1062 4682 Conciliis
1092 4624 1236 4679 edita
1279 4623 1498 4693 legitur,
1541 4639 1559 4672 ι
1603 4620 1803 4676 habitis
1845 4620 1901 4675 in
1956 4620 2091 4676 urbe

494 4719 749 4792 'plurimis
779 4716 1027 4772 conciliis
1058 4724 1247 4771 contra
1272 4713 1712 4778 concubinatum,
1741 4712 1953 4780 aliaque
1972 4710 2094 4781 plu-

503 4810 643 4865 rima
671 4810 805 4863 vitia
828 4807 982 4872 cleri,
1015 4820 1196 4862 mores
1217 4804 1475 4869 Ecclesia:
1500 4803 1838 4857 reformavit.
1869 4802 2091 4857 Petrum

504 4907 751 4963 Damiani
778 4907 847 4960 ab
897 4920 1084 4960 eremo
1128 4903 1462 4958 abstractum
1526 4900 1732 4955 creavit
1780 4900 2093 4969 episcopum

500 4998 830 5056 cardinalem
845 4994 1151 5052 Ostiensem
1286 4993 1365 5048 Ad
1389 4992 1728 5048 invisendum
1752 4991 1809 5045 S.
1830 4990 2092 5046 Joannem

501 5087 855 5118 ἔναμμα-..πη
894 5084 1031 5118 fama
1065 5083 1370 5118 cnnntitnlin
1416 5081 1830 5118 nalnhnrrisnnm
1869 5079 2095 5120 Flor-nn-

2195 4518 2452 4572 versitate
2486 4517 2797 4583 sententia;
2832 4527 3009 4571 tamen
3031 4558 3045 4582 ,
3101 4518 3225 4587 quia
3255 4517 3574 4587 prtecipitis,
3622 4515 3791 4573 etiam

2194 4609 2437 4679 apicibus
2462 4617 2804 4664 annotamus.
2837 4608 2930 4663 llle
2967 4607 3222 4663 nimirum
3246 4610 3450 4679 absque
3473 4609 3584 4663 ulla
3624 4624 3793 4665 excu-

2194 4702 2408 4757 satione
2439 4701 2780 4756 Simoniacus
2805 4711 2911 4764 est.
2936 4700 3062 4770 quia
3089 4701 3247 4756 nobis
3267 4702 3520 4757 omnibus
3541 4702 3793 4772 ejusdem

2195 4794 2346 4849 urbis
2370 4794 2732 4850 cardinalibus
2754 4793 3020 4863 episcopis
3051 4791 3497 4858 reclamantibus,
3525 4793 3793 4849 obsisten-

2198 4884 2358 4947 tibus,
2413 4893 2468 4939 et
2516 4883 2833 4939 terribiliter
2872 4882 3479 4947 anathematizantibus,
3521 4892 3791 4937 nocturno

2196 4986 2457 5047 tempore,
2490 4991 2611 5031 cum
2639 4982 2969 5049 armatorum
3000 4974 3174 5029 turbis
3204 4974 3440 5045 undique
3461 4975 3791 5030 tumultuan-

2199 5068 2365 5120 tibus.
2404 5076 2458 5120 et
2486 5066 2813 5120 furentibus.
2841 5065 3242 5120 inthronizatus
3273 5076 3375 5120 est.
3415 5086 3434 5118 ι
3461 5066 3614 5120 Ouae.
3659 5067 3787 5120 reli-
