3982 5350
186 377 286 432 105

651 369 1188 428 PBOLEGOMENA.
1231 403 1299 412 —
1335 371 1427 428 DE
1467 369 1525 426 S.
1566 365 1770 422 PETRI
1814 364 2124 421 D.~\;\ll.\.\'0
2187 364 2596 422 HENSCHENII
2633 366 2990 422 COMMENT.

3354 371 3454 426 106

179 465 366 553 rates;
416 502 545 542 mox
600 487 789 542 eodem
817 502 904 540 an.
951 487 1196 542 habitum
1242 486 1442 552 Roma),
1485 483 1772 539 concilium
1805 486 1850 545 Α
1882 496 2000 534 rum
2025 480 2191 550 igitur
2209 481 2552 552 aliorumque
2582 479 2801 538 Patrum
2832 482 3152 539 auctoritate
3189 483 3456 553 sulfultus,

177 592 396 636 centttttt
425 586 484 634 et
516 579 770 634 tredecim
808 579 1220 649 episcoporum,
1268 579 1320 633 in
1349 592 1456 648 quo
1499 577 1768 645 Berenga-

182 675 288 727 rius
318 671 574 726 haeresim
623 669 908 739 abjuravit,
940 671 1256 726 constitutio
1281 670 1346 724 de
1371 669 1633 724 electione
1656 667 1766 721 Ro-

181 763 323 818 mani
352 763 630 832 pontiﬁcis
673 763 813 816 edita
832 805 848 822 ,
877 772 930 817 et
977 763 1254 817 decretum
1285 770 1470 816 contra
1502 757 1771 815 Simonia—

175 869 271 908 ξοδ
300 851 531 915 factum,
578 850 734 920 cujus
779 851 1026 906 meminit
1070 852 1131 905 Β.
1167 850 1362 906 Petrus
1407 865 1596 921 epusou
1637 863 1770 913 xxx,

177 960 302 1013 cap.
335 944 385 998 ι.
425 942 530 1010 Qui
571 943 694 997 dein
722 941 789 996 ad
821 941 1270 1006 Mediolanenses,
1303 957 1332 995 a
1366 940 1588 996 Nicolao
1636 955 1774 1011 papa

175 1034 403 1096 missus,
436 1032 735 1088 Ecclesiam
763 1032 911 1088 illam
935 1048 966 1086 a
991 1032 1113 1088 labe
1135 1032 1332 1103 duplici
1359 1032 1628 1095 liberat‘it,
1654 1046 1775 1102 qua

180 1128 233 1179 in
263 1125 388 1178 Vita
409 1139 464 1178 c.
493 1123 524 1174 Ἰ
548 1121 880 1188 referuntur,
899 1139 1131 1194 quorum
1154 1125 1777 1182 meminerunt‘Alexan-

178 1214 260 1268 dri
297 1212 364 1279 ll,
401 1213 496 1284 qui
552 1212 772 1268 Nicolao
811 1224 1176 1278 successerat.
1227 1214 1388 1285 legati
1420 1215 1473 1270 in
1507 1213 1774 1270 constituo-

181 1305 425 1360 tionibus
483 1320 578 1359 an.
631 1304 772 1360 1067
833 1306 982 1362 clero
1032 1306 1339 1378 populoque
1387 1305 1777 1362 Mediolancnsi

181 1393 534 1462 praescriptis,
570 1394 664 1448 ubi
695 1396 812 1451 [nec
839 1395 1133 1465 prudenter
1159 1397 1359 1451 inserta
1384 1405 1512 1452 sunt
1538 1415 1553 1450 :
1587 1415 1607 1447 ι
1639 1396 1778 1463 Quia

183 1486 367 1554 itaque
423 1499 525 1554 per
561 1483 896 1541 confratrem
933 1495 1180 1541 nostrum
1233 1486 1508 1541 dominum
1558 1485 1780 1540 Petrum

181 1576 489 1630 Ostiensem
517 1575 860 1643 episcopum,
903 1575 1214 1630 reverenda:
1243 1576 1551 1632 sanctitatis
1582 1577 1777 1638 virum,

179 1667 430 1735 quaedam
471 1675 604 1720 sunt
636 1665 767 1720 olim
798 1665 850 1719 in
893 1665 996 1720 hac
1027 1667 1160 1722 urbe
1201 1678 1470 1732 correcta,
1505 1683 1610 1722 non
1647 1683 1782 1738 opus

181 1766 262 1811 est
318 1771 404 1819 ea,
453 1756 537 1809 vel
570 1755 874 1824 praeteritas
904 1755 1026 1811 lites
1076 1757 1332 1812 omnibus
1384 1767 1565 1821 notas,
1619 1758 1785 1828 repli-

1877 572 2210 642 episcopatui
2238 573 2424 637 simul,
2474 584 2528 629 et
2567 575 2913 630 monasteriis
2962 576 3014 630 in
3055 577 3261 632 sanctis
3288 574 3458 634 mani.

1873 663 1974 719 bus
2024 665 2223 719 vestris
2277 665 2747 720 irretractabilitcr
2790 667 3134 730 abrcnttutio.
3190 684 3462 741 omneque

1867 751 1956 822 jus
1994 767 2023 805 a
2056 767 2142 806 me
2170 754 2446 808 movenda:
2487 754 2836 824 imposterum
2880 757 3192 826 quaestionis
3213 773 3280 813 ac
3305 775 3462 830 repe-

1875 841 2081 897 titionis
2141 843 2417 899 abscinde.
2485 844 2549 898 Et
2579 845 2702 914 quia
2739 861 2837 915 pro
2889 847 3188 903 innumeris
3227 851 3464 918 peccatis

1875 932 2012 987 meis
2049 947 2156 988 non
2188 949 2307 989 sum
2335 933 2530 1004 dignus
2561 934 2616 990 in
2665 936 3034 994 ecclesiastica
3062 938 3320 1008 dignitate
3342 955 3467 1010 per-

1876 1025 2109 1092 sistere,
2148 1025 2239 1082 det
2288 1025 2420 1081 mihi
2464 1026 2647 1082 divina
2683 1028 3053 1085 misericordia
3108 1043 3207 1100 per
3249 1041 3468 1087 sanctas

1875 1118 2154 1174 orationes
2183 1129 2416 1183 vestras,
2463 1118 2790 1176 venerabilis
2834 1119 3034 1186 Pater,
3077 1136 3143 1177 eo
3175 1121 3291 1192 ipso
3340 1124 3468 1178 vita

1877 1213 2022 1281 quod
2072 1221 2261 1275 restat,
2321 1212 2376 1267 in
2402 1210 2551 1268 luctu
2593 1219 2654 1268 et
2684 1212 3000 1283 pmnitentia
3046 1228 3467 1283 permanerem.

1878 1302 2234 1373 Omnipotens
2268 1302 2429 1366 Deus,
2476 1302 2570 1373 qui
2618 1303 3151 1373 incomprehensibili
3181 1305 3466 1375 dispensa—

1881 1394 2044 1449 tionis
2087 1408 2200 1450 sure
2249 1394 2502 1459 consilio,
2557 1403 2612 1449 et
2643 1410 2728 1450 me
2762 1395 2830 1449 ab
2875 1394 3150 1450 obtinendi
3194 1396 3470 1466 regiminis

1881 1484 2176 1541 ambitione
2202 1484 2399 1554 dejecit
2425 1527 2440 1549 ,
2492 1493 2548 1540 et
2578 1500 2674 1540 vos
2717 1487 2784 1538 ad
2813 1485 3168 1540 ecclesiastici
3219 1485 3473 1542 culminis

1889 1591 2097 1631 summa
2125 1577 2392 1646 provexit,
2443 1584 2634 1631 sancto
2674 1577 2820 1630 cordi
2850 1586 3052 1644 vestro,
3092 1575 3246 1646 cujus
3273 1588 3358 1634 est
3388 1579 3472 1633 in-

1885 1666 2179 1730 habitator,
2240 1666 2470 1737 inspiret
2521 1666 2647 1720 talia
2708 1666 2840 1720 mihi
2889 1682 2986 1735 per
3033 1682 3216 1722 sacras
3260 1668 3472 1724 litteras

1887 1760 2142 1813 mandata
2175 1758 2411 1830 dirigere
2454 1773 2578 1829 qua:
2611 1757 2747 1814 meis
2789 1759 2930 1813 votis
2961 1758 3203 1814 meisaue
3255 1759 3476 1814 valeant

182 1865 330 1904 care.
372 1867 392 1900 ι
450 1847 582 1913 Quae
631 1846 828 1920 legitur
851 1847 945 1901 lib.
970 1863 1069 1910 vu,
1095 1847 1258 1916 epist.
1300 1848 1357 1908 9.
1393 1863 1514 1902 eam
1564 1848 1786 1918 scripsit
1815 1845 1859 1904 Β
1888 1851 2170 1906 desideriis
2195 1851 2547 1906 concordare.
2587 1869 2605 1902 ι

185 1943 241 1996 Β.
271 1943 469 1996 Petrus
495 1941 718 1996 nomine
769 1940 974 1995 Nieolai
1002 1957 1152 2012 papae
1196 1941 1265 1995 ad
1311 1941 1523 1996 Annam
1553 1941 1784 1996 Jaroslai

187 2035 489 2090 [iussorum
525 2033 664 2104 regis
697 2033 886 2097 filiam,
922 2035 1162 2105 reginam
1200 2033 1387 2089 Gallia:
1437 2044 1599 2105 atque
1637 2033 1783 2088 llett-

191 2129 282 2182 rici
320 2127 484 2197 primi
519 2141 781 2191 uxorem,
819 2126 976 2197 cujus
1019 2127 1279 2196 pietatem
1313 2135 1369 2180 et
1415 2127 1468 2181 in
1515 2142 1785 2198 pauperes

186 2219 607 2276 licuelicentiam
658 2219 849 2274 laudat
876 2233 942 2274 ac
970 2219 1188 2283 suadet,
1218 2228 1280 2273 ut
1300 2217 1479 2273 virum
1509 2235 1666 2272 suum
1699 2231 1787 2272 re-

186 2327 306 2382 gem
353 2309 421 2364 ad
450 2307 846 2379 rempublicam
876 2308 1025 2378 juste
1055 2307 1564 2370 administrandam.
1600 2307 1790 2363 Eccle-

185 2406 323 2459 siam
343 2401 762 2474 protegendam,
787 2400 1002 2470 aliaque
1023 2401 1243 2472 pietatis
1262 2415 1425 2471 opera
1459 2400 1785 2456 inﬂammet:

192 2497 328 2552 lilios
354 2510 578 2566 quoque
601 2509 732 2550 suos
751 2535 767 2560 ,
795 2494 993 2564 quibus
1021 2494 1136 2564 ipsa
1179 2493 1384 2548 imbuta
1411 2501 1498 2548 est
1521 2494 1786 2557 moribus,

193 2589 462 2642 instituat.
520 2584 770 2640 Mortuus
793 2592 879 2640 est
924 2583 1191 2639 Henricus
1231 2596 1325 2637 rex
1371 2598 1462 2638 an.
1512 2580 1667 2649 1060,
1701 2584 1790 2639 cui

192 2681 471 2751 Philippus
502 2678 715 2748 primus
755 2675 936 2732 adhuc
985 2691 1120 2747 puer
1144 2675 1426 2732 successit.
1461 2674 1615 2742 Quod
1661 2674 1791 2730 olim

191 2776 329 2830 idem
358 2771 614 2844 pontifex
637 2781 860 2827 curarat
886 2770 1203 2826 retedilicari
1251 2767 1408 2837 juxta
1456 2767 1790 2823 Florentiam

194 2866 585 2921 monasterium
643 2863 702 2920 S.
751 2864 1076 2927 Felicitatis,
1134 2862 1363 2918 ntunivit
1412 2861 1699 2932 privilegio
1737 2875 1792 2914 tv

134 2941 157 2960 ’
193 2959 312 3014 ldus
336 2957 491 3021 Jan.,
525 2957 823 3011 indictione
849 2955 934 3021 l3,
963 2955 1250 3010 Florentiae
1278 2955 1426 3016 dato,
1471 2953 1522 3007 id
1547 2961 1630 3009 est
1651 2967 1794 3007 anno

195 3050 461 3119 i069,qui
493 3060 670 3103 tamen
695 3048 880 3102 Romae
909 3047 1297 3100 numerabatur
1325 3045 1392 3100 ab
1413 3042 1797 3098 Annnntiatio-

198 3144 272 3197 nis
291 3143 461 3206 festo,
502 3149 560 3196 et
593 3138 906 3194 inscribitur
935 3137 986 3190 in
1017 3137 1161 3191 dicto
1191 3134 1472 3205 privilegio
1501 3149 1593 3188 an.
1624 3133 1785 3196 1059,

1957 1942 2050 1996 ‘29.
2080 1941 2205 1997 llaec
2243 1942 2354 2012 egit
2377 1942 2439 1994 Β.
2481 1941 2671 1997 Petrus
2707 1956 2807 2012 pro
2835 1941 3174 1996 abdicatione
3204 1942 3478 2012 episcopa-

1891 2042 1996 2097 tus,
2046 2049 2147 2088 uec
2176 2042 2356 2088 tamen
2387 2034 2500 2088 voti
2552 2033 2635 2087 sui
2661 2047 2882 2102 compos
2922 2033 3098 2088 factus
3125 2043 3207 2088 est
3232 2073 3248 2097 ,
3289 2033 3475 2089 forsan

1887 2127 1958 2181 ob
2001 2125 2206 2181 Nicolai
2253 2126 2523 2196 pontiﬁcis
2559 2135 2812 2182 mortem.
2855 2126 3003 2183 Obiit
3058 2127 3106 2181 is
3157 2128 3258 2182 sub
3313 2127 3475 2183 linem

1885 2217 2011 2274 Julii
2060 2235 2152 2274 an.
2210 2220 2369 2284 lOlil,
2421 2221 2508 2274 cui
2553 2229 2674 2289 post
2720 2220 2854 2276 duos
2897 2235 3114 2275 tuenscs
3185 2220 3478 2291 interregni

1888 2313 2151 2368 successit
2179 2312 2465 2367 Ansclmus
2489 2312 2779 2383 cpiscopus
2808 2311 3090 2376 Lucensis,
3148 2328 3176 2367 a
3218 2313 3477 2368 cardina-

1889 2401 2030 2458 libus
2061 2403 2205 2458 circa
2231 2402 2352 2457 Kal.
2393 2403 2516 2460 Oct.
2570 2403 2810 2473 legitime
2848 2404 3069 2467 electus,
3097 2413 3153 2459 et
3174 2405 3480 2460 Alexander

1890 2495 1930 2550 ll
1958 2495 2279 2566 appellatus.
2326 2494 2526 2550 Fuerat
2561 2496 2608 2550 is
2645 2510 2829 2550 comes
2852 2494 2913 2548 Β.
2955 2495 3099 2550 Petri
3149 2496 3392 2552 Datniani
3426 2497 3482 2551 iu

1891 2588 2090 2644 celebri
2115 2589 2181 2644 ad
2202 2587 2632 2644 Mediolanenscs
2658 2588 2947 2659 legatione,
3005 2603 3238 2659 eumque
3281 2605 3473 2660 opusc.

1891 2682 2034 2752 quod
2064 2681 2225 2736 Actus
2263 2678 2550 2735 Mediolani
2587 2679 2888 2750 indigitavit
2914 2720 2927 2739 ,
2969 2681 3246 2747 prudentia
3275 2699 3337 2734 ac
3366 2699 3485 2736 san-

1892 2777 2068 2830 ctitate
2095 2774 2431 2841 conspicuum
2461 2772 2625 2827 fuisse
2660 2780 2908 2827 testatur.
2943 2770 3142 2826 Contra
3174 2772 3316 2826 hunc
3346 2787 3479 2842 pon~

1895 2865 2117 2927 tilicem.
2165 2879 2306 2919 novo
2347 2864 2641 2919 schismate
2678 2861 2929 2926 conﬂato,
2979 2861 3245 2917 Cadalous
3271 2865 3484 2932 episco-

1892 2972 1994 3028 pus
2034 2955 2343 3010 Parmensis
2387 2954 2456 3009 28
2501 2953 2694 3009 Octob.
2753 2954 3093 3024 Dsetu'0papa
3154 2955 3486 3010 constitutus

1893 3058 1998 3110 est.
2020 3055 2297 3118 assumpto
2319 3045 2540 3102 Honorii
2565 3047 2606 3102 il
2633 3050 2852 3104 nomine
2875 3065 2889 3103 :
2920 3065 3078 3118 quem
3103 3051 3242 3105 binis
3264 3052 3330 3104 ad
3357 3065 3483 3106 cum

1895 3141 2111 3212 scriptis
2131 3126 2327 3194 litteris
2357 3138 2420 3192 Β.
2445 3138 2639 3193 Petrus
2675 3140 2916 3205 monuit,
2967 3139 3186 3196 sceleris
3217 3142 3487 3213 magnitu-

200 3236 276 3289 mi
306 3251 435 3288 Cum
482 3233 606 3286 aliis
651 3240 886 3300 (Ιυθίυοτ
933 3229 1202 3298 episcopis
1256 3226 1550 3282 subscribit
1599 3223 1790 3279 Ρειηιε
1819 3204 1864 3265 C
1895 3204 2020 3289 dine
2049 3241 2174 3288 ante
2200 3231 2387 3286 oculos
2407 3231 2706 3302 proposita,
2739 3239 2794 3285 et
2821 3231 2924 3287 nisi
2951 3233 3256 3304 resipiscat,
3289 3204 3486 3289 divina:

198 3337 433 3396 perculor
458 3323 772 3388 monachus,
814 3323 864 3378 is
891 3331 996 3386 est,
1046 3321 1114 3377 de
1153 3335 1261 3391 quo
1309 3320 1542 3390 agimus,
1574 3318 1792 3372 Damia-

200 3432 316 3471 (113$.

929 3483 1043 3556 §V

208 3577 441 3635 Schisma
485 3577 712 3632 (ἐθόαιοὶ
748 3577 1102 3648 pseudopgpte
1133 3591 1225 3648 per
1259 3573 1330 3648 B_._
1363 3573 1579 3648 Petrum
1611 3583 1798 3648 resign-

280 3661 410 3703 ctum
433 3667 450 3704 :
484 3649 601 3718 ejus
623 3649 693 3702 ad
717 3643 959 3702 erernunr
977 3643 1165 3718 Fontis
1188 3644 1422 3718 Avellani
1450 3647 1665 3718 reditus.
1699 3643 1798 3698 Le-

273 3721 410 3788 ραιξο
438 3713 521 3774 (ια’
553 3719 924 3772 Cluniacenses
950 3758 987 3788 ,_
1016 3717 1434 3788 archiepiscopus
1488 3713 1700 3781 Gallina,
1747 3724 1796 3768 et

275 3785 566 3846 Ileuriwnt
595 3793 768 3858 regem
798 3789 892 3842 sub
922 3786 1227 3841 Alexandro
1266 3785 1326 3838 ll
1353 3801 1511 3855 papa.

264 3884 357 3939 28.
384 3883 548 3946 Cum,
573 3880 799 3936 Nicolao
824 3879 867 3933 ll
897 3876 1375 3935 orliisvtllbristiani
1401 3876 1644 3932 habenas
1685 3891 1798 3930 mo-

203 3976 440 4038 derante,
470 3972 716 4027 Ecclesia
754 3971 848 4026 Dei
881 3967 1070 4038 majori
1117 3966 1512 4037 tranquillitate
1538 3975 1593 4021 et
1628 3965 1801 4021 felici-

206 4077 306 4121 tate
327 4066 435 4120 frui
467 4063 749 4135 coepisset,
783 4061 959 4116 eidem
985 4058 1290 4130 gratulatur
1318 4057 1380 4111 Β.
1408 4056 1601 4128 Petrus
1635 4056 1795 4127 epist.

207 4159 251 4222 '4',
291 4160 382 4214 lib.
415 4175 462 4221 ι,
489 4166 657 4226 atque
683 4169 789 4209 una
816 4169 913 4224 pro
941 4149 1316 4215 Anconitanis,
1356 4151 1447 4220 qui
1479 4164 1508 4203 a
1532 4148 1800 4204 catholica

205 4251 581 4307 communione
598 4245 864 4302 summoti
900 4243 1138 4307 fuerant,
1169 4251 1309 4308 orat,
1352 4250 1410 4295 ut
1438 4239 1682 4295 infelices
1705 4239 1802 4293 ho-

210 4348 370 4402 mines
395 4363 430 4401 a
461 4344 662 4401 mortis
697 4352 918 4396 aeterna:
949 4339 1190 4410 periculo
1233 4338 1553 4408 eripiantur.
1611 4336 1800 4396 Eidem

209 4435 418 4491 Nicoiao
447 4432 696 4506 pontiﬁci
729 4430 1006 4500 inscripsit
1046 4428 1362 4499 opusculum
1394 4443 1503 4482 xm
1553 4426 1627 4482 De
1651 4427 1803 4482 coali-

1894 3323 2116 3378 ultionis
2145 3322 2504 3392 propinqnum
2545 3322 2744 3377 fulmen
2774 3322 3075 3377 minitatur.
3119 3320 3256 3378 Sunt
3285 3339 3362 3379 ea:
3392 3340 3483 3395 ep.

1896 3418 1964 3473 20
1986 3427 2040 3473 et
2063 3417 2124 3472 2|
2156 3415 2193 3468 l.
2228 3415 2407 3487 primi.
2438 3414 2706 3482 Quoniam
2731 3431 2861 3471 vero
2890 3423 3234 3486 cognoverat,
3263 3431 3488 3472 causam

1896 3509 2113 3566 Cadaloi
2169 3508 2237 3562 ab
2273 3507 2495 3562 asscclis
2553 3506 2768 3562 Henrici
2806 3507 2950 3576 regis
2983 3507 3326 3570 Germaniae,
3373 3517 3489 3561 tum

1898 3601 2075 3656 adhuc
2099 3599 2486 3660 adolescentis.
2539 3607 2593 3652 et
2624 3599 2850 3654 necdum
2883 3598 2935 3652 in
2971 3599 3351 3668 imperatorem
3395 3614 3488 3654 as-

1897 3691 2117 3763 sumpti,
2142 3690 2306 3762 impie
2336 3688 2568 3751 defendi,
2606 3689 2764 3757 epist.
2797 3690 2850 3750 5,
2901 3687 2937 3741 l.
2970 3704 3066 3749 vn,
3097 3687 3214 3756 ejus
3247 3688 3488 3743 animum

1897 3783 2221 3856 quibusdam
2249 3781 2403 3851 quasi
2428 3778 2661 3834 stimulis
2689 3779 2963 3850 impellere
2986 3789 3215 3834 conatur
3233 3778 3298 3833 ad
3329 3793 3490 3848 opeut

1899 3875 2155 3932 Ecclesiae
2189 3872 2466 3927 ferendam
2488 3912 2503 3931 .
2564 3887 2692 3942 erga
2722 3888 2883 3942 quam
2912 3873 3143 3927 eximius
3188 3871 3305 3940 ejus
3340 3872 3491 3928 zelus

1901 3983 1967 4023 ac
2001 3966 2234 4022 studium
2275 3963 2493 4019 elucet:
2524 3965 2665 4033 quod
2697 3964 2881 4033 paucis
2909 3963 3060 4019 hisce
3081 3964 3261 4019 verbis
3282 3979 3347 4020 ex
3378 3965 3493 4035 epi-

1900 4059 2023 4128 lego
2073 4055 2344 4126 decerptis
2391 4056 2658 4111 ostendo:
2703 4057 2796 4112 «0
2849 4056 3078 4122 utinam,
3137 4056 3330 4127 inquit,
3389 4072 3494 4128 ego

1903 4159 2031 4205 ante
2086 4148 2319 4203 tribunal
2371 4157 2523 4203 tuum
2568 4147 2848 4219 adjudicer
2905 4165 3031 4204 reus
3086 4149 3490 4221 perduellionis,

1902 4244 2030 4299 dum
2058 4252 2112 4298 tu
2146 4253 2324 4298 tamen
2355 4242 2407 4296 in
2433 4241 2775 4298 adversarios
2798 4243 3110 4312 apostolica:
3141 4245 3287 4298 sedis
3311 4243 3493 4298 vindio

1904 4350 1998 4390 ces
2018 4333 2222 4388 arbiter
2246 4333 2519 4402 tequitatis
2549 4334 2562 4387 !
2616 4331 2672 4387 ln
2714 4334 2946 4389 cervicis
2977 4349 3109 4388 mea:
3131 4332 3378 4404 jugulum
3407 4349 3496 4388 se-
3553 4355 3557 4358 ·

1906 4427 2052 4482 curis
2081 4427 2289 4481 vibrata
2314 4425 2590 4491 desmviat,
2622 4427 2998 4481 tantummodo
3025 4425 3268 4480 Romana
3308 4425 3496 4480 Eccle-

207 4525 325 4582 batu
354 4526 730 4587 sacerdotum,
771 4521 1056 4592 ipsumque
1084 4519 1356 4582 hortatur,
1389 4526 1468 4582 ut,
1499 4516 1801 4588 postposito
1833 4555 1882 4614 ο
1908 4518 1984 4574 sia
2014 4517 2247 4588 propriae
2292 4515 2570 4589 dignitatis
2601 4517 2810 4587 apicem
2855 4533 2951 4588 per
2995 4527 3046 4571 te
3076 4528 3327 4587 reparata
3357 4533 3493 4574 con—

207 4621 343 4674 omni
374 4621 618 4674 humano
661 4622 936 4684 respectu,
992 4611 1254 4666 adversus
1287 4607 1614 4677 huiusmodi,
1663 4624 1795 4678 apo-

205 4710 388 4766 stolico
416 4709 533 4764 zelo
560 4719 885 4766 succensus,
914 4703 1180 4772 insurgat,
1211 4716 1385 4771 neque
1413 4710 1677 4771 potentes,
1703 4699 1795 4770 qui

211 4803 500 4858 Ecclesium
527 4796 873 4870 turpitudine
915 4795 1287 4865 coinquinent,
1331 4805 1664 4849 revereatur.
1691 4792 1798 4848 Sed

211 4894 292 4949 vel
317 4894 656 4965 potissimum
689 4888 836 4959 apud
868 4888 1013 4942 hunc
1043 4886 1355 4957 pontiﬁcem
1383 4885 1438 4940 id
1475 4888 1585 4958 egit
1607 4883 1671 4940 Β.
1698 4884 1800 4941 Pe-

213 4996 344 5049 trus,
373 4994 429 5037 ut
455 4984 557 5038 sibi
608 4995 756 5036 onus
785 4977 1088 5048 episcopale
1134 4977 1405 5047 deponere
1436 4979 1798 5049 permitteret.

210 5075 393 5129 Exstat
417 5090 479 5130 ea
501 5074 569 5129 de
607 5086 669 5126 re
697 5069 859 5138 epist.
884 5067 938 5130 8,
964 5066 998 5118 Ι.
1035 5083 1050 5120 l
1078 5107 1092 5130 ,
1122 5068 1187 5123 ad
1210 5065 1466 5122 eumdem
1516 5067 1798 5124 Nicolaum

213 5181 396 5192 ..-πιηκ
449 5173 496 5192 ιιι
535 5157 965 5192 ιῙΖΙιΙοΙηιαηιΙηηι
998 5157 1035 5192 ς
1096 5158 1134 5192 lt
1195 5159 1238 5192 Ia‘
1292 5157 1620 5192 navalis-ulnas
1694 5158 1799 5192 ις’-ρ-

1905 4611 2148 4668 scendat.
2191 4608 2360 4665 ."Jrro
2398 4610 2442 4665 si
2468 4609 2766 4665 Cadaloum
2795 4611 2903 4666 cito
2927 4652 2942 4674 ,
2975 4603 3124 4665 velut
3163 4611 3302 4665 alter
3347 4609 3494 4666 Con-

1903 4705 2175 4760 stantinus
2225 4702 2449 4766 Arium,
2505 4703 2776 4766 destruis»,
2820 4713 2875 4758 et
2905 4703 3184 4768 Ecclesiae,
3238 4718 3340 4773 pro
3385 4718 3492 4773 qua

1903 4795 2151 4852 Christus
2196 4803 2441 4849 mortuus
2466 4805 2572 4861 est,
2610 4809 2802 4865 pacem
2834 4795 3133 4849 reformare
3175 4796 3494 4858 contendis;

1907 4887 2067 4944 faciat
2094 4895 2146 4942 te
2169 4886 2311 4942 Deus
2359 4887 2411 4940 in
2446 4888 2695 4955 proximo
2739 4886 2805 4942 de
2839 4901 3004 4958 regno
3031 4884 3314 4956 imperiale
3342 4883 3495 4941 lasti-

1907 4978 2054 5049 gium
2105 4977 2372 5032 scandere
2423 4985 2480 5030 et
2514 4994 2545 5032 a
2580 4975 2793 5034 eunetis
2824 4978 3067 5032 hostibus
3119 4976 3228 5030 tuis
3271 4976 3500 5046 insignis-

1907 5070 2093 5140 gloria:
2123 5068 2308 5122 titulos
2339 5081 2625 5136 reportare
2656 5082 2671 5120 :
2705 5065 2946 5138 alioquin
2972 5068 3017 5124 si
3052 5066 3226 5121 adhuc
3253 5067 3505 5122 dissimu-

1908 5163 1986 5192 1η..
2043 5164 2084 5192 ιιζ
2117 5160 2298 5192 ηιη-ιιιῖ
2346 5157 2705 5192 ηοιοῖηῐιίαηοῖο
2732 5169 2978 5192 (ηψπ-οιη
3031 5172 3154 5192 num
3182 5157 3354 5192 nncéic
3385 5159 3507 5192 olm-
