3982 5350
477 225 574 280 107

1361 200 1740 262 8.·ΡΕΤΒυ5
1788 194 2144 254 DAMIANUS
2194 193 2251 250 S.
2295 195 2338 248 Β
2379 191 2441 248 Ε.
2483 190 2921 249 CARDINALIS.

3652 186 3758 243 108

461 348 681 399 turum,
728 333 775 388 si
811 329 930 398 ejus
967 338 1128 396 opera
1159 318 1428 394 generalis
1485 316 1708 370 Patrum
1762 319 2062 368 conventus
2088 310 2137 374 Α
2166 308 2280 364 cies
2308 308 2518 373 ducas,
2546 307 2659 362 sive
2685 307 2877 379 viginti
2907 303 3229 376 quinquies,
3275 311 3493 360 centum
3523 301 3758 360 faciunt.

454 436 721 500 rcogatur.
780 420 930 489 Quod
977 428 1034 472 et
1076 415 1280 474 factum
1320 419 1426 467 est.
1485 409 1618 463 Nam
1670 408 1722 461 in
1767 404 2060 461 Germania

481 497 807 577 Osboriense
851 510 1139 568 concilium
1170 501 1755 581 tradituranctoritate
1791 498 1850 552 S.
1877 497 2054 552 Anno-

477 614 561 668 nis
599 614 985 680 congregatum
1007 642 1023 667 ,
1077 600 1131 654 in
1168 613 1298 669 quo,
1337 610 1463 666 rege
1508 592 1743 648 Henrico
1773 597 2060 680 praesente,

478 679 725 758 recitata,
757 706 840 752 est
889 691 1163 767 synodalis
1189 686 1533 755 disceptatio,
1580 697 1742 754 quam
1777 681 1839 735 Β.
1870 679 2066 736 Petrus

471 793 806 857 Damianus,
870 796 1126 856 tauquam
1181 782 1324 837 inter
1377 778 1698 834 advocatum
1751 773 1957 844 regium
2009 777 2066 826 et

476 886 816 942 defensorem
849 880 1108 935 Romamn
1143 869 1397 928 Ecclesia:
1434 867 1620 924 habita
1663 864 1880 929 fuisset,
1917 877 2068 918 com-

479 980 737 1046 posuerat
767 988 780 1024 :
815 970 903 1025 ubi
946 966 1198 1022 omnium
1235 974 1509 1017 consensu
1559 953 1895 1011 conclamata
1926 949 2064 1046 dicis

479 1044 566 1123 tur
611 1063 887 1120 damnatio
933 1054 1411 1130 pseudupontilicis
1463 1049 1724 1114 Cadaloi,
1772 1044 2068 1103 Alexandri

477 1173 608 1213 vero
630 1155 824 1210 electio
851 1149 1223 1220 comprobata.
1267 1142 1502 1201 Consule
1538 1139 1830 1195 Baroniutn
1861 1136 1929 1192 ad
1975 1151 2068 1190 an.

481 1248 640 1313 1061,
686 1264 739 1301 n.
793 1244 899 1309 9.1,
951 1241 1039 1296 ubi
1065 1241 1132 1294 27
1188 1237 1310 1294 Oct.
1351 1234 1484 1306 ipsis
1515 1231 1715 1302 vigiliis
1759 1236 2069 1284 sanctorum

479 1339 848 1411 apostolorum
889 1333 1137 1390 Simonis
1156 1340 1209 1387 et
1231 1329 1403 1392 Judae,
1461 1327 1576 1382 haec
1603 1332 1822 1394 peracta
1857 1319 2068 1377 scribit.

481 1428 812 1500 Disceptatio
863 1425 954 1480 illa
1011 1420 1287 1496 synodalis
1345 1417 1656 1474 continetur
1712 1414 1878 1468 etiam
1929 1411 2072 1500 inter

481 1536 644 1590 opera
691 1519 751 1572 fi.
802 1516 948 1570 Petri
1000 1523 1143 1570 tomo
1194 1509 1281 1575 Ill,
1317 1523 1505 1580 opusc.
1556 1522 1642 1570 tv,
1675 1513 1729 1559 et
1763 1512 1894 1558 tom.
1927 1499 2071 1554 XXV

482 1610 846 1667 Conciliorum
901 1604 1158 1661 editionis
1210 1601 1372 1673 regite
1411 1615 1441 1653 a
1493 1613 1619 1668 pag.
1672 1595 1799 1649 658.
1843 1591 2073 1646 Hortatu

2171 398 2537 468 Consequitur
2563 413 2692 468 ergo
2711 438 2725 463 ,
2777 407 2836 452 ut
2879 396 2975 467 qui
3004 396 3193 468 viginti
3236 396 3492 466 psalteria
3521 411 3649 452 cum
3678 397 3762 452 di-

2164 489 2393 560 sciplina
2419 489 2694 554 decantat,
2751 496 2967 544 centum
2997 503 3264 544 annorum
3294 488 3675 558 pmnitentiam
3701 503 3764 544 se

2164 581 2439 652 peregisse
2484 579 2739 637 confidat.
2770 597 2792 634 ι
2811 581 2892 635 'At
2915 596 3020 652 qua
3049 589 3207 636 actate
3235 596 3354 635 eam
3380 581 3766 650 paenitentiam

2165 674 2467 744 susceperit
2499 673 2560 728 Β.
2589 672 2805 738 Petrus,
2838 673 2890 728 in
2922 673 3066 730 dicto
3093 673 3355 744 opusculo
3381 690 3475 739 xv,
3501 688 3554 729 c.
3595 672 3654 737 5,
3684 673 3769 727 iu-

2167 768 2349 826 dicat:
2384 785 2402 819 ι
2431 767 2572 823 Ecce
2614 767 2730 837 jam
2755 765 2922 832 oculi,
2979 766 3184 836 inquit,
3213 766 3471 838 caligant,
3509 773 3567 821 et
3600 763 3771 821 solito

2168 858 2402 930 amplius
2447 857 2774 929 phlegmatis
2821 858 3079 914 humores
3106 857 3406 914 abundant.
3431 857 3605 928 Ruga!
3631 856 3770 913 sub-

2167 959 2329 1016 eunt,
2383 958 2438 1005 et
2466 949 2707 1005 dentium
2748 948 2960 1004 ruinam
2991 949 3217 1019 gingivae
3255 949 3556 1007 minantur.
3586 948 3772 1018 Caput

2171 1039 2420 1110 denique.
2460 1040 2603 1110 quod
2630 1039 2781 1094 canis
2813 1040 3078 1096 hactenus
3108 1039 3486 1112 spargebatur,
3539 1055 3772 1112 cygnteo

2163 1131 2276 1202 jam
2305 1132 2488 1188 albore
2521 1131 2784 1186 nivescit:
2811 1146 2912 1186 vox
2945 1132 3140 1196 raucit,
3172 1131 3344 1188 virtus
3378 1131 3601 1196 deficit;
3645 1149 3666 1184 ι
3709 1139 3771 1186 et

2171 1241 2290 1293 cap.
2341 1224 2372 1277 7
2413 1223 2560 1278 inter
2612 1221 3009 1293 pero-randum,
3054 1223 3276 1288 addicit,
3327 1237 3422 1288 se,
3473 1231 3535 1278 ut
3584 1221 3776 1290 iussus

2173 1324 2324 1381 erat,
2379 1333 2398 1367 ι
2438 1329 2638 1385 cupere
2689 1316 3000 1386 apostolicae
3051 1317 3195 1372 sedis
3242 1316 3553 1386 pontificem
3619 1315 3774 1372 ordi-

2173 1421 2327 1470 nare,
2369 1425 2387 1458 ι
2419 1421 2513 1460 seu
2542 1420 2887 1472 consecrare,
2923 1425 2942 1459 ι
2975 1423 3040 1462 ac
3063 1407 3311 1478 protinus
3333 1421 3362 1460 a
3390 1405 3598 1478 proprii
3639 1422 3775 1476 pono

2177 1498 2410 1554 tificatus
2441 1498 2708 1554 Ostiensis
2743 1513 2871 1554 arce
2900 1499 3177 1554 recedere.
3215 1518 3235 1550 ι

2244 1588 2334 1643 52.
2387 1588 2588 1644 Verum
2643 1589 2746 1644 etsi
2805 1589 2870 1643 Β.
2912 1587 3074 1643 Petro
3117 1602 3435 1643 concessum
3487 1587 3670 1643 fuerat
3715 1587 3776 1643 in

483 1704 612 1756 item
669 1701 728 1755 S.
764 1697 1029 1761 Annonis,
1083 1711 1111 1748 a
1141 1691 1458 1764 proceribus
1509 1685 1815 1744 Germaniae
1839 1683 2068 1739 Romam
2099 1684 2144 1744 Β
2172 1693 2353 1734 eremo
2382 1677 2572 1733 Fontis
2595 1677 2838 1732 Avellani
2867 1679 3216 1743 commorari,
3249 1694 3355 1735 non
3384 1678 3556 1734 fuisse
3586 1686 3779 1734 tamen

480 1794 663 1866 legati,
697 1790 986 1848 concilium
1009 1787 1360 1842 Mantuanum
1389 1798 1480 1836 an.
1525 1779 1664 1835 1064
1698 1776 1942 1832 habitum
1964 1781 2069 1838 est,

481 1886 567 1942 cui
593 1883 898 1940 Alexander
926 1895 1064 1952 papa
1095 1893 1219 1934 cum
1254 1873 1620 1934 cardinalibus
1657 1868 1864 1932 adfuit;
1897 1881 2072 1936 eoque

481 1982 698 2046 petente
721 1971 785 2026 B.
816 1971 1012 2026 Petrus
1036 1969 1332 2023 Damianus
1354 1974 1409 2020 et
1439 1963 1499 2018 S.
1525 1963 1682 2017 Anno
1705 1958 2071 2029 archiepisco-

482 2081 584 2136 pus
626 2061 1036 2118 interfuerunt:
1093 2059 1182 2115 ubi
1211 2056 1447 2113 Cadaloo
1497 2053 1842 2124 pseudopapa
1897 2051 2072 2105 denuo

483 2153 864 2215 condemnato,
916 2147 1170 2204 Ecclesia:
1199 2154 1255 2201 et
1294 2145 1502 2216 imperii
1537 2142 1850 2198 scandalum
1894 2140 2073 2196 subla-

485 2255 599 2301 tum
629 2252 732 2300 est.
765 2241 932 2296 Multa
958 2238 1176 2294 interim
1209 2237 1315 2292 illis
1351 2235 1510 2290 annis
1540 2233 1706 2288 subiit
1729 2232 1852 2287 vita:
1889 2231 2076 2286 discri-

486 2334 634 2387 mina
663 2333 724 2386 Β.
759 2329 973 2397 Pctrus,
1020 2343 1139 2398 qua:
1164 2327 1326 2399 epist.
1356 2324 1413 2391 5,
1446 2324 1540 2378 lib.
1574 2339 1650 2388 γι,
1683 2322 1750 2376 ad
1779 2321 2074 2377 monachos

481 2425 872 2482 Cluuiacenses
905 2421 1142 2492 appellat
1195 2437 1212 2470 ι
1247 2417 1602 2490 conglobatas
1630 2413 1904 2471 Cadaloici
1929 2413 2075 2468 furo-

486 2519 562 2574 ris
603 2516 850 2572 insidias.
881 2531 901 2567 ι
955 2512 1109 2579 Quod
1162 2509 1456 2567 Cadalont-n
1488 2507 1727 2578 hospitio
1775 2505 2076 2576 accepisset

484 2609 836 2667 Gothifredus
865 2606 972 2662 dux
1005 2615 1056 2660 et
1091 2619 1276 2661 comes
1301 2602 1537 2668 Tusciae,
1569 2601 1636 2656 ab
1667 2600 1856 2656 eodem
1883 2600 1942 2654 Β.
1974 2598 2075 2655 Pe-

485 2715 570 2760 tro
601 2701 827 2774 epistola
854 2699 942 2765 10,
968 2699 1004 2752 1.
1034 2714 1128 2760 vtt,
1165 2697 1401 2753 monitus
1421 2706 1525 2752 est.

554 2795 642 2850 51.
671 2792 980 2848 Alexander
1002 2789 1041 2844 ll
1081 2804 1226 2854 cum,
1256 2795 1316 2842 ut
1361 2802 1523 2858 supra
1555 2786 1763 2842 dictum
1797 2795 1904 2852 est,
1931 2785 2078 2840 circa

484 2885 604 2941 Kal.
635 2883 755 2941 Oct.
797 2882 921 2938 anni
969 2879 1102 2936 lt)6l
1157 2887 1302 2934 esset
1330 2877 1554 2943 electus,
1608 2877 2076 2932 consecrationem

485 2973 715 3039 dis'tulit,
749 2984 1030 3044 quousque
1059 2967 1302 3042 synodali
1339 2967 1556 3023 decreto
1579 2981 1675 3022 sua
1700 2965 1890 3020 electio
1914 2978 2077 3020 cano-

2173 1787 2295 1828 eum
2325 1771 2615 1842 episcopali
2646 1786 2814 1828 onere
2844 1785 3067 1843 prorsus
3103 1771 3388 1826 liberatum
3417 1772 3598 1826 innuit
3636 1773 3778 1841 ipse-

2173 1872 2286 1918 met
2330 1862 2560 1933 cpistola
2593 1861 2682 1928 15,
2721 1861 2758 1916 l.
2801 1878 2842 1927 I,
2892 1863 2959 1918 ad
2988 1862 3348 1918 Alexandrum
3379 1879 3600 1918 summa
3629 1863 3776 1918 sedis

2172 1953 2480 2018 antistitem,
2515 1960 2624 2005 tum
2661 1960 3039 2008 consecratum
3074 1969 3088 2006 :
3128 1952 3183 2008 in
3214 1968 3317 2022 qua
3340 1953 3442 2008 sub
3470 1953 3634 2008 finem
3667 1952 3777 2008 ista

2175 2045 2372 2100 habet:
2413 2063 2431 2097 ι
2469 2044 2514 2100 (ι
2539 2058 2700 2114 quam
2733 2044 3070 2113 jucundum,
3100 2061 3262 2115 quam
3290 2060 3458 2101 suave
3494 2047 3751 2102 nuntium

2174 2153 2335 2207 quam
2366 2138 2598 2208 denique
2627 2139 2800 2194 dulcis
2829 2139 2897 2193 ad
2935 2154 3095 2195 aures
3125 2155 3278 2195 meas
3311 2154 3485 2208 nuper
3510 2139 3657 2194 fama
3681 2140 3781 2194 de-

2173 2229 2343 2292 venit,
2379 2245 2500 2299 qua:
2521 2244 2614 2285 vos
2649 2229 2899 2285 Ostiense
2929 2231 3248 2286 comitatum
3272 2231 3402 2286 mihi
3432 2232 3779 2287 subtraxisse

2174 2332 2230 2378 et
2264 2321 2356 2377 alii
2407 2321 2694 2378 tradidisse
2724 2323 3070 2392 perhibuit...
3116 2321 3272 2379 Ultro
3313 2323 3478 2378 etiam
3529 2323 3777 2378 divinam

2176 2414 2405 2485 imploro
2432 2413 2796 2480 clementiam,
2829 2424 2885 2468 ut
2910 2415 3277 2486 episcopatum
3301 2428 3516 2486 quoque
3541 2423 3779 2486 quanto-

2177 2509 2292 2563 cius
2321 2505 2575 2562 ordinare
2619 2522 2726 2561 non
2759 2505 2999 2573 differas,
3043 2516 3098 2562 et
3123 2507 3308 2564 sterile
3327 2507 3545 2564 arenosi
3575 2508 3783 2564 littoris

2178 2606 2423 2652 aratrum
2445 2596 2575 2652 mihi
2603 2595 2671 2652 dc
2701 2598 2949 2653 manibus
2977 2597 3153 2653 tollas.
3182 2616 3202 2650 ι
3248 2596 3402 2665 Quod
3425 2612 3533 2653 non
3559 2597 3781 2652 videtur

2179 2689 2523 2759 impetrasse.
2572 2687 2708 2743 Nam
2769 2697 2968 2759 prmtcr
3006 2688 3126 2753 illa,
3177 2705 3298 2760 quae
3360 2696 3556 2745 contra
3604 2687 3780 2744 Cada-

2179 2780 2326 2834 loum
2355 2779 2664 2849 antipapam
2687 2779 2820 2849 egit,
2867 2779 3039 2834 variis
3056 2780 3333 2835 adhibitus
3357 2787 3442 2835 est
3488 2780 3781 2852 legationi-

2179 2869 2281 2925 bus
2301 2884 2531 2939 quarom
2555 2867 2739 2923 forsan
2775 2869 2926 2940 prior
2951 2868 3054 2925 fuit
3080 2869 3149 2924 ad
3192 2868 3552 2926 Cluuiacense
3580 2883 3780 2926 mona-

2181 2959 2428 3024 sterium,
2455 2973 2579 3014 cum
2613 2959 2772 3030 hujus
2802 2959 2970 3016 abbas
2996 2960 3053 3016 S.
3078 2959 3252 3032 Hugo,
3293 2971 3356 3016 ut
3381 2977 3543 3032 supra
3567 2977 3636 3019 ex
3660 2961 3787 3032 ejus

485 3069 610 3123 uice
658 3036 799 3120 facta
847 3036 1293 3135 cognosceretur,
1328 3070 1491 3130 atque
1520 3068 1635 3114 rata
1669 3059 1874 3129 pariter
1905 3059 2074 3113 habe-
2098 3036 2146 3101 C
2176 3049 2297 3106 Vita
2323 3049 2584 3119 diximus,
2615 3068 2634 3102 ι
2658 3050 2912 3107 Romanae
2925 3053 3068 3108 sedis
3081 3053 3438 3123 patrocinium
3458 3056 3784 3124 advocaret,

489 3171 658 3216 retur.
689 3159 801 3215 lmo
827 3173 948 3212 cum
976 3155 1211 3211 schisma
1239 3152 1455 3209 Cadalui
1482 3152 1820 3214 accessisset,
1840 3149 1908 3205 ab
1930 3149 2076 3207 Urbe

484 3250 670 3325 fugam
701 3247 946 3320 arripuit,
982 3261 1051 3302 ne
1077 3261 1107 3300 a
1144 3243 1418 3300 nonnullis
1447 3242 1706 3298 [tertianis
1732 3241 1967 3297 Cadaloo
1997 3241 2076 3294 fa-

485 3343 741 3400 ventibus
795 3339 1242 3410 opprimeretur:
1289 3351 1321 3390 a
1368 3349 1476 3406 quo
1531 3334 1594 3387 B.
1628 3333 1824 3388 Petrus
1874 3341 1986 3386 tum
2018 3346 2076 3387 se

487 3446 652 3488 onere
677 3427 970 3501 episcopali
1003 3427 1288 3483 liberatum
1317 3424 1509 3481 scribit
1533 3422 1793 3494 opusculo
1816 3437 1911 3488 xx,
1934 3420 2077 3492 quod

485 3525 666 3580 eidem
703 3540 724 3576 ι
749 3520 1082 3586 Alexandro,
1141 3517 1449 3589 apostolica:
1487 3518 1632 3580 sedis
1660 3515 1833 3571 electo
1868 3522 1923 3568 et
1958 3512 2078 3567 Hil-

493 3616 774 3672 dcbrando
808 3632 828 3667 ι
866 3613 1142 3682 inscripsit
1173 3629 1185 3665 :
1219 3619 1384 3680 atque
1414 3610 1487 3664 ita
1515 3618 1678 3679 caput
1708 3608 1732 3661 l
1761 3605 2074 3662 exorditur:

492 3727 512 3760 ι
539 3707 832 3764 Benedicta
860 3704 1250 3776 omnipotentis
1265 3701 1594 3774 dispensatio
1607 3698 2078 3768 Conditoris,quia

489 3803 556 3855 ad
582 3817 675 3856 vos
700 3798 1446 3870 noperascendens,duorom
1471 3793 2082 3867 episcopatuum,unius

488 3892 733 3962 regendi,
759 3906 953 3960 nempe
982 3889 1270 3952 Ostiensis,
1307 3889 1532 3945 alterius
1560 3887 1840 3954 visitandi,
1873 3885 2083 3942 scilicet

491 3983 781 4055 Eugubiui,
835 3982 976 4038 mole
1012 3971 1628 4052 depressus.przerupta
1684 3979 1900 4050 Alpium
1952 3980 2083 4050 juga.

492 4073 715 4128 transivi
749 4091 763 4126 :
795 4087 1028 4142 moxque
1056 4072 1272 4126 sarcina
1321 4070 1684 4126 tribulationis
1727 4067 1961 4137 abjecta,
1992 4083 2083 4122 ex-

488 4174 747 4221 oneratus
768 4203 783 4228 ,
813 4172 869 4228 et
895 4161 1032 4218 liber
1053 4161 1121 4216 ad
1143 4161 1395 4216 dilectam
1432 4159 1777 4220 solitudinem
1820 4166 2080 4228 tanquam

491 4255 748 4326 fugitivus
799 4253 1130 4324 postliminio
1182 4251 1529 4322 repedavi....
1594 4249 1748 4306 Unde
1803 4265 1902 4321 ego
1957 4265 2080 4304 cum

490 4347 917 4404 ecclesiasticum
971 4345 1122 4400 vobis
1170 4347 1409 4416 regimen
1456 4344 1770 4399 renuntiare
1811 4343 2073 4414 disposui,

489 4457 595 4496 non
627 4441 828 4504 erravi,
854 4439 979 4510 quia
1009 4438 1290 4503 Romamn,
1337 4452 1457 4507 qua:
1480 4452 1574 4492 vos
1596 4436 1746 4500 estis,
1796 4435 2071 4500 Ecclesiae,

489 4532 631 4601 quod
661 4547 817 4586 suum
845 4536 981 4592 erat,
1011 4529 1171 4599 digne
1200 4528 1432 4591 restitui,
1469 4536 1525 4583 et
1552 4535 1607 4581 ut
1647 4526 1800 4583 vobis
1827 4541 1914 4582 me
1951 4541 2076 4581 cen~

490 4623 693 4679 fessum
734 4638 854 4677 esse
890 4619 1180 4691 profitear,
1212 4637 1308 4690 pro
1332 4621 1433 4675 hac
1486 4618 1808 4674 refutatione
1857 4628 2073 4674 centum

491 4704 754 4770 annorum
781 4713 1098 4785 pcenitentia
1121 4721 1202 4768 est
1226 4712 1358 4766 mihi
1391 4719 1787 4780 consequenter
1813 4710 2074 4781 iujuucta,

491 4821 589 4874 per
617 4803 703 4858 illa
731 4804 986 4857 nimirum
1021 4802 1257 4856 remedia
1277 4842 1292 4865 ,
1326 4816 1446 4871 quae
1478 4801 1795 4856 monasticis
1841 4808 1968 4855 sunt
1993 4816 2078 4853 re-

490 4893 629 4964 gulis
657 4893 920 4948 instituta.
958 4911 977 4943 »
1011 4891 1293 4959 Quomodo
1341 4890 1540 4945 autem'
1568 4895 1787 4945 centum
1817 4906 2081 4946 annorum

491 4983 809 5055 pmnitentia
839 4981 1142 5051 expleatur,
1173 4982 1394 5051 exponit
1425 4983 1482 5036 Β.
1531 4980 1724 5037 Petrus
1752 4982 1806 5036 in
1839 4982 1956 5037 Vita
1981 4983 2086 5038 Do-

493 5072 678 5129 minici
725 5071 965 5126 Loricati
999 5072 1082 5126 his
1127 5071 1311 5127 verbis
1344 5090 1357 5126 :
1421 5091 1438 5124 ι
1471 5073 1638 5128 Porro
1669 5088 1790 5128 cum
1834 5074 1935 5128 tria
1967 5089 2088 5129 sco-

492 5178 683 5235 parum
713 5161 879 5216 millia
927 5176 1130 5216 annum
1165 5163 1500 5231 ptenitentize
1532 5165 1670 5233 apud
1701 5177 1800 5218 nos
1823 5162 2083 5234 regulari-

494 5266 576 5310 ter
624 5252 896 5323 expleant,
941 5253 1127 5307 decem
1171 5261 1353 5308 autem
1404 5254 1734 5324 psalmorum
1789 5255 2086 5311 modulatio

2177 3145 2394 3214 quando
2420 3158 2613 3215 magno
2629 3143 2812 3200 labore
2835 3153 2891 3200 et
2919 3145 3229 3202 difﬁcultate
3252 3162 3284 3201 a
3305 3147 3476 3204 latere
3496 3149 3779 3219 pontificis

2177 3235 2422 3290 avulsum
2451 3235 2707 3306 domuum
2730 3234 2950 3291 Petrum
2974 3275 2990 3300 ,
3021 3235 3361 3293 Hostiensem
3392 3237 3647 3296 videlicet
3663 3243 3784 3312 epi-

2178 3342 2424 3397 scopum,
2466 3335 2825 3396 cognomento
2868 3327 3209 3394 Damianum,
3261 3329 3558 3385 obtinuit.)
3595 3327 3781 3388 Labo-

2181 3435 2293 3474 rem
2317 3428 2426 3473 tum
2445 3435 2475 3473 a
2502 3433 2561 3474 se
2589 3419 2891 3490 impensum
2926 3431 3194 3476 memorat
3216 3421 3278 3476 B.
3303 3422 3498 3480 Petrus
3525 3424 3688 3495 epist.
3719 3428 3782 3492 Ξ,

2181 3509 2214 3563 l.
2243 3525 2314 3574 vt,
2339 3508 2403 3564 ad
2421 3507 2480 3564 S.
2505 3507 2782 3580 Hugonem
2809 3499 3090 3568 abbatem:
3121 3532 3140 3566 ι
3163 3512 3296 3570 Cum
3315 3514 3427 3586 jam
3450 3531 3559 3584 me,
3578 3515 3782 3589 inquit,

2181 3611 2430 3657 senectus
2453 3599 2672 3655 incurva
2688 3599 3035 3672 deprimeret,
3058 3613 3114 3660 et
3133 3603 3293 3662 effeto
3321 3606 3528 3663 viribus
3549 3622 3787 3679 corpore

2181 3692 2496 3746 nutabunda
2529 3691 2826 3762 gradientis
2853 3694 3081 3766 vestigia
3110 3695 3211 3752 sub
3244 3696 3471 3754 incertis
3497 3700 3786 3770 gressibus

2182 3780 2535 3846 vacillarent;
2563 3795 2664 3851 ego
2686 3781 2752 3836 ad
2783 3783 3164 3854 tttzejussionis
3189 3786 3502 3858 imperium,
3533 3791 3782 3847 animam

2184 3888 2378 3939 meam,
2406 3882 2466 3928 ut
2493 3873 2565 3928 ita
2589 3873 2804 3944 loquar,
2829 3876 2880 3930 iu
2913 3877 3166 3934 manibus
3196 3880 3332 3936 meis
3359 3881 3539 3952 posui,
3569 3885 3788 3942 aestivis

2183 3963 2438 4032 adoperta
2467 3963 2681 4018 nivibus
2707 3965 2922 4036 Alpium
2952 3977 3222 4041 praerupta
3255 3974 3568 4042 conscendi,
3595 3984 3656 4030 et
3682 3992 3790 4048 pro

2187 4055 2424 4111 utilitate
2450 4057 2774 4113 venerabilis
2827 4062 3147 4117 monasterii
3180 4063 3254 4118 tui
3306 4065 3614 4136 propinqua
3644 4071 3786 4126 satis

2181 4161 2386 4202 oceano
2421 4145 2718 4202 Halliarum
2744 4149 2932 4204 intima
2959 4155 3264 4221 penetravi.
3303 4175 3326 4208 ι
3355 4157 3454 4212 Diu
3492 4173 3552 4214 se
3575 4160 3783 4217 ibidem

2184 4245 2452 4292 moratum
2498 4240 2850 4308 consequitur
2896 4243 2948 4295 in
2996 4244 3155 4314 epist.
3187 4245 3222 4301 5
3265 4245 3506 4316 ejusdem
3543 4250 3580 4304 l.
3614 4267 3669 4307 vt
3713 4253 3788 4309 ad

2185 4328 2479 4384 monachos
2541 4326 2925 4387 Cluniacenses
2954 4332 3042 4389 bis
3101 4336 3330 4394 verbis:
3387 4359 3406 4390 ι
3440 4339 3788 4400 Promissum

2181 4417 2311 4471 mibi
2336 4416 2532 4482 fuerat,
2551 4420 2693 4488 quod
2717 4420 2768 4474 in
2811 4422 3082 4480 Kalendas
3108 4427 3336 4498 Augusti
3365 4429 3537 4486 forem
3567 4449 3787 4505 regres-

2182 4525 2276 4566 sus
2316 4510 2385 4566 ad
2418 4512 2672 4582 propria:
2708 4515 2802 4569 sed
2833 4515 3116 4588 profligato
3138 4521 3481 4590 postmodum
3514 4525 3787 4582 trimestri

2183 4601 2544 4668 curriculo,et
2569 4613 2769 4672 quanta
2791 4606 2940 4676 potui
2973 4607 3252 4664 celeritate
3272 4611 3485 4678 curavi,
3510 4621 3566 4669 et
3597 4624 3792 4674 tamen

2187 4695 2276 4748 vix
2315 4703 2439 4750 ante
2467 4695 2714 4764 quintum
2745 4695 2863 4749 Kal.
2894 4695 3159 4754 Novemb.
3185 4701 3353 4769 diem,
3394 4702 3590 4760 Fontis
3617 4707 3794 4762 Avelo

2187 4787 2317 4852 lani,
2359 4787 2502 4843 unde
2531 4802 2926 4856 processeram,
2976 4804 3239 4846 cacumen
3267 4794 3509 4849 ascendi.
3542 4815 3562 4847 ι
3595 4795 3787 4852 Menti-

2188 4880 2267 4932 nit
2293 4881 2457 4934 etiam
2484 4878 2546 4934 Β.
2594 4879 2789 4934 Petrus
2818 4881 2977 4952 hujus
3002 4883 3085 4938 sui
3134 4884 3346 4942 itineris
3373 4903 3562 4957 opusc.
3615 4905 3786 4947 xutv

2188 4989 2236 5026 c.
2275 4971 2333 5036 6,
2361 4981 2416 5028 et
2440 4986 2628 5042 opusc.
2653 4988 2842 5027 χχιιι.

2258 5064 2347 5119 55.
2372 5063 2610 5119 Alteram
2653 5064 2714 5118 Β.
2760 5064 2902 5120 Petri
2935 5065 2990 5121 in
3030 5067 3232 5126 Gallias
3272 5070 3621 5142 legationem,
3654 5091 3790 5131 cum

2189 5158 2387 5212 eximia
2415 5157 2532 5229 ejus
2561 5159 3028 5216 commendatione
3050 5164 3295 5220 continet
3327 5179 3415 5234 ep.
3447 5166 3512 5219 21
3545 5168 3786 5226 Alexan-

2190 5258 2274 5350 dri
2306 5273 2462 5350 papa:
2491 5257 2558 5312 ad
2595 5258 2836 5350 quinque
2885 5259 3322 5350 arc‘biepiscopos
3351 5261 3565 5330 Galliae,
3615 5281 3784 5335 quam
