3982 5350
195 367 295 425 109
664 360 1197 420 PROLEGOMENA.
1234 393 1305 403 —
1342 360 1429 417 υΕ
1467 361 1524 417 S.
1568 357 1798 413 PETllU
1839 354 2147 411 DAMIANO
2188 354 2603 413 HENSCllENll
2643 359 2930 417 COMMn'a
2949 371 3000 416 ι’.
3368 364 3474 423 HO

199 489 405 553 ignorat
436 489 634 537 sancta
679 487 857 535 vestra
888 478 1220 544 fraternitas,
1254 475 1613 538 dilectissimi,
1641 474 1784 545 quod
1816 483 1855 539 Α
1889 470 2128 527 consiliis
2165 481 2469 543 superatus,
2503 488 2571 529 ne
2602 473 2873 545 principes
2912 475 3063 549 regni
3095 481 3449 535 trustrarctur

194 594 255 631 ex
309 574 641 629 auctoritate
688 571 833 627 sedis
880 569 1211 640 apostolicx,
1259 569 1347 624 cui
1394 583 1495 622 nos
1543 566 1789 634 indignos
1888 576 2026 631 quos
2074 578 2282 617 summa
2342 561 2645 634 frequentia
2698 566 2799 621 sibi
2852 566 3141 639 Moguntia:
3190 585 3477 625 occurrere

194 667 485 723 clementia
518 665 700 720 divina
738 662 1000 735 praefecit.
1046 662 1210 717 totius
1258 658 1577 714 universalis
1606 657 1789 712 Eccle-
1883 653 2166 724 iussisset;
2211 654 2626 710 Francot‘urtum
2678 658 2829 723 abiit,
2864 657 3046 729 ibique
3089 675 3182 715 eos
3222 662 3313 731 qui
3361 662 3474 717 Mo-

195 762 285 815 sia:
322 758 617 827 regendus,
658 770 721 811 ac
751 754 1116 825 disponendus
1149 752 1302 807 nobis
1353 760 1528 807 status
1576 750 1786 805 incum-

196 850 290 905 bit.
338 846 614 914 Quoniam
659 845 826 917 igitur
868 842 1116 915 pluribus
1152 840 1515 897 Ecclesiarum
1556 841 1789 909 negotiis

193 940 462 1011 occupati,
514 938 585 993 ad
631 953 727 993 vos
760 936 861 1007 ipsi
910 936 1097 991 venire
1135 952 1242 991 non
1282 949 1591 1005 possumus,
1627 935 1787 988 talem

195 1033 342 1087 vobis
370 1032 554 1085 virum
584 1029 860 1085 destinare
881 1028 1221 1091 curavimus,
1248 1042 1356 1097 quo
1385 1026 1640 1081 nimirum
1670 1035 1793 1096 post

197 1140 287 1180 nos
316 1122 503 1192 major
531 1122 583 1176 in
611 1122 854 1176 Romana
880 1120 1121 1175 Ecclesia
1153 1134 1258 1174 non
1292 1118 1540 1182 habetur,
1566 1116 1788 1173 Petrum

197 1213 445 1269 videlicet
482 1213 811 1269 Damianum
855 1211 1165 1269 Ostiensem
1212 1212 1547 1282 episcopum,
1579 1210 1787 1279 quiui-

199 1305 414 1369 mirum,
468 1314 526 1359 et
580 1314 766 1360 noster
810 1314 897 1360 est
942 1305 1236 1369 oculus,et
1292 1303 1601 1374 apostolicae
1646 1302 1792 1356 sedis

198 1396 469 1451 immobile
501 1397 926 1452 ﬁrmamentum.
956 1394 1094 1451 Huic
1129 1395 1313 1465 itaque
1344 1396 1514 1449 vicem
1544 1404 1789 1449 nostram

198 1487 351 1557 pleno
393 1488 523 1559 jure
564 1489 962 1555 commisimus,
1013 1497 1075 1542 ut
1120 1486 1382 1559 quidquid
1429 1487 1483 1541 in
1533 1484 1641 1539 illis
1680 1484 1791 1539 Deo

199 1582 497 1637 auxiliante
551 1582 824 1645 statuerit,
857 1581 932 1635 ita
970 1588 1149 1635 ratum
1197 1588 1449 1633 teneatur
1487 1586 1541 1631 et
1574 1577 1791 1637 tinuum

196 1676 307 1730 sesi
341 1674 566 1745 speciali
606 1675 776 1729 nostri
820 1672 1086 1729 examinis
1142 1670 1307 1727 fuerit
1357 1672 1626 1728 sententia
1666 1685 1791 1740 pro-

204 1766 518 1837 mulgatum.
599 1765 939 1837 Quapropter
1002 1763 1369 1820 venerabilem
1444 1763 1790 1819 sanctitatem

1886 746 2088 817 guntia:
2130 756 2496 802 convenerant
2523 788 2536 809 ,
2581 750 2771 804 adesse
2803 749 2983 817 jussit.
3033 752 3151 818 Quo
3198 754 3324 807 dum
3368 753 3475 811 fre-

1889 845 2120 907 quentes
2154 838 2449 904 venissent,
2482 838 2672 894 Petrus
2702 841 2992 895 Damianus
3018 842 3089 912 (is
3116 842 3324 914 legatus
3356 856 3477 900 erat

1890 931 2033 986 sedis
2061 930 2387 1000 apostolicae,
2421 933 2504 986 vir
2554 941 2712 987 astate
2749 943 2804 987 et
2853 934 2979 989 vita:
3024 935 3331 991 innocentia
3379 939 3478 991 ad-

1892 1024 2112 1077 modum
2142 1023 2493 1095 reverendus)
2527 1024 2775 1078 mandata
2800 1027 3050 1095 exposuit
3078 1027 3303 1081 Romani
3339 1043 3475 1098 pon-

1892 1112 2076 1179 tificis,
2123 1114 2415 1183 pes-.imam
2474 1130 2626 1179 rem,
2678 1125 2734 1170 et
2783 1132 2812 1169 a
2862 1118 3085 1173 nomine
3139 1119 3478 1181 Christiano.

1892 1207 2088 1262 nedum
2118 1207 2187 1263 ab
2228 1208 2399 1278 regio,
2452 1207 2680 1263 multum
2727 1209 3108 1266 abhorrentem
3147 1226 3267 1268 esse
3310 1227 3474 1282 quam

1892 1296 2165 1351 moliatur.
2208 1296 2273 1352 Si
2324 1298 2503 1353 minus
2541 1299 2795 1354 humanis
2820 1298 3050 1371 legibus,
3099 1303 3181 1357 vel
3209 1319 3480 1358 canonum

1891 1388 2269 1443 sanctionibus
2312 1398 2642 1455 terreretur,
2690 1399 2939 1461 parceret
2986 1393 3176 1447 saltem
3222 1393 3396 1456 ΐεηιιαι,
3429 1404 3485 1447 et

1891 1480 2280 1535 existimationi
2313 1484 2562 1552 propriae,
2597 1496 2665 1536 ne
2694 1483 2906 1538 scilicet
2942 1494 3051 1539 tam
3091 1483 3219 1541 fmdi
3253 1486 3484 1556 exempli

1893 1583 2189 1635 venenum,
2218 1572 2287 1625 ab
2313 1586 2439 1641 rege
2477 1579 2690 1641 sumpto
2717 1572 2892 1641 initio,
2921 1582 3092 1629 totum
3121 1574 3485 1629 commacula-

1892 1671 1977 1716 ret
2005 1663 2258 1733 populum
2281 1664 2680 1730 Christianum,
2707 1674 2760 1719 et
2787 1666 2878 1736 qui
2906 1666 3052 1722 ultor
3105 1682 3228 1722 esse
3268 1668 3487 1721 t'ebuis-

1892 1768 1976 1811 set
2033 1758 2356 1823 criminum,
2423 1758 2539 1827 ipse
2594 1769 2784 1813 auctor
2833 1767 2889 1813 et
2945 1758 3170 1828 signifer
3216 1758 3371 1813 ﬁeret
3414 1758 3485 1811 ad

205 1872 433 1918 vestram
482 1860 730 1916 fraterna
783 1860 1050 1915 charitate
1099 1849 1382 1914 monemus
1409 1900 1424 1924 ,
1466 1866 1520 1913 et
1569 1858 1788 1927 insuper
1815 1851 1868 1914 Β
1893 1850 2174 1921 ﬂagitium.
2202 1849 2491 1905 Postremo
2538 1851 2583 1905 si
2629 1865 2735 1904 non
2766 1850 3080 1906 flecteretur
3122 1851 3388 1916 conciiis,
3422 1866 3481 1904 se

206 1953 493 2023 apostolica
536 1953 695 2008 vobis
749 1952 1074 2007 auctoritate
1104 1951 1482 2024 pracipimus,
1533 1957 1591 2003 ut
1626 1949 1785 2003 talem

202 2055 514 2116 tantumque
538 2045 742 2109 virum,
791 2055 1045 2114 tanquam
1094 2053 1336 2102 nostram
1367 2057 1676 2113 personam,
1708 2042 1789 2097 di-

204 2152 300 2205 gna
338 2138 609 2192 studentis
635 2138 918 2193 devotione
966 2138 1265 2208 suscipere,
1311 2136 1540 2207 ejusque
1574 2147 1789 2189 senten-

211 2227 293 2281 tiis
340 2238 501 2297 atque
557 2227 785 2297 judiciis
828 2238 1048 2300 propter
1092 2229 1151 2283 B.
1222 2228 1367 2284 Petri
1422 2226 1788 2298 apostolorum

205 2320 457 2389 principis
510 2322 880 2375 reverentiam
933 2320 1211 2376 humiliter
1253 2321 1491 2375 obedire.
1534 2319 1788 2389 Quisquis

202 2413 343 2465 enim
393 2411 536 2467 fastu
586 2414 859 2483 superbia:
901 2413 1075 2485 (quod
1128 2412 1299 2485 absit)
1360 2412 1598 2478 inflatus,
1647 2410 1791 2467 illius

206 2501 396 2571 judicio
420 2503 796 2557 contradictor
826 2503 912 2558 vel
942 2505 1257 2559 adversator
1289 2505 1583 2570 exstiterit,
1620 2520 1791 2574 usque

214 2594 271 2647 ad
329 2595 543 2664 dignam
604 2595 1057 2660 satisfactionem,
1110 2606 1353 2651 nostram
1396 2597 1479 2651 vel
1532 2596 1791 2651 Romana:

213 2685 455 2742 Ecclesia:
475 2689 713 2759 gratiam
762 2702 868 2743 non
918 2689 1155 2744 habebit.
1188 2689 1324 2756 Quia
1367 2703 1519 2754 vero,
1557 2702 1678 2744 cum
1724 2689 1792 2744 ad

211 2792 304 2833 vos
352 2778 653 2835 Girelmum
700 2780 973 2847 misimus,
1023 2782 1199 2836 adhuc
1236 2782 1536 2837 adventum
1582 2780 1793 2851 prmfati

146 2922 169 2945 .
212 2868 405 2925 domini
432 2869 576 2926 Petri
604 2888 704 2928 nos
737 2872 1029 2943 impetrare
1070 2888 1229 2944 posse
1278 2872 1580 2927 nullatenus
1610 2887 1794 2941 spera-

206 2974 408 3025 remus,
436 2961 684 3017 volumus
711 2971 791 3028 ut,
822 2963 869 3017 si
895 2964 1025 3032 quid
1071 2963 1212 3033 apud
1243 2978 1339 3017 vos
1381 2962 1651 3018 Girehnus
1679 2977 1792 3017 cm-

210 3052 302 3120 pit,
346 3053 414 3107 ad
464 3054 670 3109 domini
718 3054 875 3111 Petri
925 3056 1293 3124 magisterium
1341 3056 1541 3119 veniat,
1591 3064 1648 3109 et
1699 3070 1795 3124 per

210 3141 322 3210 ejus
346 3161 567 3201 manum
595 3147 858 3218 quidquid
897 3149 1161 3220 agendum
1190 3157 1296 3215 est,
1322 3148 1434 3203 fiat.
1467 3168 1485 3200 ι
1518 3147 1791 3203 Hactenus

1896 1944 2203 2013 necessario
2228 1945 2335 1997 vim
2358 1943 2785 1999 ecclesiasticam
2811 1943 3203 2006 adhibiturum,
3229 1956 3284 1996 et
3311 1958 3449 1997 cauo
3466 1973 3481 1981 -

1894 2050 2019 2088 num
2056 2035 2173 2105 lege
2208 2035 2386 2090 scelus
2412 2034 2833 2105 prohibiturum.
2872 2034 2953 2088 Ad
2994 2034 3109 2088 hsce
3151 2035 3265 2088 suis
3312 2033 3485 2086 mani-

1894 2126 1996 2179 bus
2027 2140 2304 2194 nunquam
2336 2125 2716 2195 imperatorem
2749 2125 3174 2179 consecrandum
3222 2124 3361 2185 fore,
3392 2125 3483 2192 qui

1895 2227 2002 2271 tam
2030 2217 2303 2288 pestilenti
2333 2216 2601 2286 exemplo,
2629 2224 2892 2286 quantmn
2940 2218 2992 2270 in
3034 2230 3094 2270 se
3130 2224 3294 2279 esset,
3326 2215 3483 2269 [idem

1892 2310 2256 2364 Christianam
2306 2309 2653 2380 prodidisset.
2708 2328 2727 2359 ι
2774 2309 2896 2363 [hec
2942 2324 3152 2363 summa
3198 2307 3485 2377 legationis

1892 2401 1954 2455 Β.
1998 2400 2162 2464 Petri,
2189 2416 2351 2471 quam
2382 2400 2653 2471 principes
2692 2414 2901 2469 mquam
2948 2415 3231 2466 censuere,
3282 2414 3347 2453 ac
3392 2414 3488 2452 rex

1893 2494 2007 2564 ipse
2039 2494 2254 2547 tandem
2303 2492 2530 2557 fraetus,
2569 2493 2623 2547 in
2675 2492 2829 2564 regni
2866 2507 2932 2547 ac
2974 2492 3116 2547 thori
3155 2492 3487 2546 consortium

1885 2586 2139 2655 reginam
2165 2584 2408 2651 admisit,
2441 2600 2504 2641 ex
2539 2599 2714 2655 eaque
2763 2584 2909 2655 regni
2959 2584 3226 2639 hmredcm
3271 2596 3328 2638 et
3363 2597 3484 2637 suc-

1895 2693 2169 2733 cessorem
2194 2662 2405 2747 genuit.

1964 2795 2053 2850 55.
2086 2793 2302 2848 llenrici
2347 2792 2506 2862 hujus
2545 2793 2690 2864 regis
2739 2802 2913 2847 mater
2938 2801 3058 2848 erat
3102 2792 3309 2861 Agnes,
3336 2792 3487 2848 Guil-

1896 2886 2041 2940 lelmi
2076 2886 2163 2951 IV,
2194 2885 2348 2940 ducis
2369 2884 2694 2953 Aquitauize,
2721 2883 2853 2947 filia,
2873 2898 2994 2936 cum
3024 2884 3221 2939 marito
3253 2882 3487 2937 Henrico

1895 2980 2129 3035 Conradi
2174 2976 2337 3033 Salici
2386 2976 2516 3044 lilio,
2560 2991 2590 3030 a
2639 2975 2918 3031 Clemente
2958 2975 2977 3029 Ι
3014 2991 3176 3046 papa,
3233 2985 3291 3029 ut
3324 2990 3487 3045 supra

1896 3070 2154 3131 diximus,
2183 3086 2274 3123 an.
2313 3066 2449 3122 1046
2477 3067 2793 3139 imperati-ix
2821 3076 3077 3121 coronata
3104 3082 3117 3119 :
3155 3082 3275 3136 quae
3306 3067 3488 3137 inin

1895 3161 2064 3215 etiam
2107 3159 2305 3213 tulerat
2342 3160 2548 3228 absque
2589 3158 2804 3213 licentia
2842 3174 2960 3222 sua,
3007 3166 3062 3211 et
3107 3156 3199 3210 lilii
3244 3169 3489 3212 creatura

210 3248 292 3303 ep.
319 3236 613 3292 Alexandri
656 3237 719 3293 ll.
764 3239 909 3295 Inter
952 3238 1057 3293 alia
1098 3251 1211 3295 tum
1233 3239 1499 3311 praeclare
1527 3240 1578 3293 in
1606 3238 1797 3295 Galliis
1825 3233 1866 3296 C
1903 3249 2069 3305 fuisse
2105 3265 2299 3320 papam
2324 3248 2693 3304 Alexandrum
2742 3246 2807 3308 ll.
2838 3257 2893 3301 et
2927 3256 3115 3301 contra
3158 3261 3280 3301 eum
3318 3246 3495 3299 adlue-

214 3339 244 3377 a
268 3324 323 3380 Β.
352 3325 519 3383 Petro
541 3337 780 3399 patrata,
812 3331 1079 3386 sententia
1102 3331 1469 3385 exsecutiouis
1507 3345 1633 3385 cum
1678 3330 1798 3386 aliis

215 3418 472 3489 episcopis
500 3420 936 3493 intteginaldum
984 3423 1297 3478 monasterii
1341 3421 1398 3475 S.
1444 3421 1681 3476 Medardi
1715 3422 1796 3475 in-

214 3525 451 3568 vasorem
496 3514 609 3570 lata
638 3524 745 3581 est,
776 3530 942 3586 quam
978 3515 1288 3571 Alexander
1329 3514 1392 3583 ιι,
1440 3514 1667 3585 epistola
1704 3514 1796 3581 2’2,

216 3603 283 3656 ad
308 3602 622 3661 Cervasium
663 3607 1131 3678 archiepiscopum
1160 3607 1385 3678 ejusque
1429 3605 1800 3677 sutfraganeos

214 3694 337 3750 data
372 3698 681 3763 conﬁrmat,
726 3714 956 3769 eamque
1002 3700 1336 3755 exsecutioni
1383 3699 1627 3755 mandari
1655 3714 1799 3770 pra:-

207 3788 355 3859 cipit.
388 3790 692 3860 Epistolam
720 3793 1008 3848 brevitatis
1031 3809 1194 3848 causa
1224 3794 1438 3849 omitto.

272 3882 361 3937 54.
394 3883 603 3939 lterum
643 3895 798 3941 trans
838 3885 1000 3956 Alpes
1028 3886 1245 3956 legatus
1291 3896 1375 3941 est
1414 3885 1477 3940 Β.
1510 3885 1706 3942 Petrus
1733 3887 1802 3942 ad

206 3972 522 4032 Heinricum
554 3994 758 4047 regem,
788 3994 910 4033 cum
949 3978 994 4033 is
1031 3977 1254 4047 juvenili
1299 3977 1481 4034 furore
1519 3978 1794 4048 abreptus.

208 4064 421 4122 Bertam
454 4067 771 4139 conjugem,
797 4084 958 4139 quam
1002 4079 1128 4125 ante
1173 4070 1447 4124 biennium
1481 4069 1533 4123 in
1574 4085 1799 4123 uxorem

203 4157 456 4222 duxerat,
490 4160 779 4215 statuisset
817 4161 1122 4230 repudiare.
1166 4160 1490 4215 Lambertus
1536 4159 1801 4215 Schafua-

207 4250 633 4323 bnrgensis,qui
660 4262 771 4307 tum
801 4253 1037 4320 vivebat,
1068 4271 1179 4310 rem
1210 4263 1416 4325 gestam
1450 4253 1503 4307 in
1530 4252 1801 4308 Chronico

211 4339 269 4392 ad
322 4355 536 4395 annum
595 4340 732 4397 1069
781 4357 889 4411 quo
933 4344 1177 4413 contigit,
1230 4344 1302 4398 ita
1351 4353 1580 4397 narrat:
1620 4361 1638 4395 ι
1673 4342 1803 4397 l‘ost

211 4427 567 4488 Pentecostcn
604 4448 696 4487 rex
739 4433 1058 4490 Wormatia:
1096 4451 1219 4491 cum
1257 4436 1599 4506 principibus
1644 4436 1799 4506 regni

208 4522 537 4594 colloquium
584 4523 791 4579 habuit.
824 4525 907 4580 "lbi
945 4526 1176 4595 primum
1220 4541 1344 4581 cum
1381 4528 1637 4597 episcopo
1683 4526 1799 4582 Mo-

1899 3351 2052 3396 serat
2102 3340 2420 3409 faveralque
2475 3338 2709 3393 Cadaloo
2762 3337 3119 3408 pscudopapze
3174 3354 3187 3389 :
3238 3352 3341 3406 pro
3386 3352 3494 3405 quo

1902 3430 2098 3486 delicto
2127 3430 2396 3499 expiaudo
2426 3429 2652 3483 Romam
2685 3428 2833 3483 venit
2877 3426 2943 3481 ad
2989 3428 3174 3481 limina
3218 3426 3490 3497 apostolu-

1894 3522 2164 3585 -rum,.uiii
2196 3538 2288 3576 usa
2330 3530 2409 3575 cst
2435 3519 2660 3575 consilio
2707 3519 2767 3572 Β.
2799 3518 2944 3573 Petri
2990 3520 3141 3574 llam.
3186 3519 3239 3572 in
3271 3528 3495 3588 patrem

1901 3613 2239 3683 spiritualem
2299 3612 2606 3681 assumpti,
2659 3611 2745 3665 cui
2803 3610 2987 3666 omnia
3051 3627 3146 3664 sua
3196 3620 3414 3680 peccata
3465 3627 3494 3661 a

1896 3706 2076 3776 prima
2124 3706 2352 3760 infantia
2399 3714 2611 3775 patrata
2651 3702 2898 3758 confessa
2941 3711 3042 3757 est.
3090 3702 3219 3769 Quae
3267 3702 3495 3771 ipsemet

1901 3799 1963 3854 B.
1992 3799 2187 3855 Petrus
2214 3808 2445 3853 testatur
2470 3798 2730 3868 opusculo
2760 3812 2844 3849 Lvt
2879 3797 2952 3849 De
2990 3794 3138 3848 ﬂuxa
3172 3794 3352 3847 nmudi
3381 3792 3495 3860 glo-

1904 3893 1981 3947 ria
2021 3902 2075 3949 et
2122 3891 2304 3946 saeculi
2348 3890 2708 3960 despectiune.
2745 3887 2817 3941 illi
2862 3887 3120 3955 inscripto
3143 3900 3261 3955 cap.
3291 3884 3345 3939 5.
3380 3884 3489 3939 Ex-

1904 3994 2049 4039 stant
2099 3994 2154 4038 et
2203 3997 2437 4052 quatuor
2480 3979 2720 4049 ejusdem
2765 3981 2831 4033 ad
2895 3980 3034 4035 hanc.
3092 3978 3493 4050 imperatricem

1903 4072 2143 4143 epistola:
2173 4073 2209 4128 Ι.
2241 4088 2336 4137 vn,
2381 4072 2435 4127 in
2466 4088 2694 4142 quarum
2734 4070 2920 4125 ultima
2965 4072 3211 4126 eamdem
3254 4070 3308 4124 in
3356 4069 3496 4126 Ger-

1904 4166 2140 4221 maniam
2192 4166 2490 4238 profectam
2544 4166 2816 4232 hortatur,
2871 4174 2930 4219 ut
2984 4165 3211 4220 Romam
3269 4165 3494 4221 redeat:

1905 4258 2047 4329 quod
2079 4267 2133 4313 et
2157 4257 2302 4319 fecit.
2328 4270 2393 4313 ae
2435 4257 2620 4313 Roma:
2650 4272 3001 4327 permanens,
3039 4257 3328 4314 sanctitate
3366 4274 3496 4314 cou-

1905 4351 2093 4424 Spicua
2121 4368 2151 4409 e
2177 4351 2287 4406 vita
2318 4350 2550 4407 decessit
2576 4366 2719 4405 anno
2751 4350 2916 4405 l077.

2626 4487 2656 4560 ς
2698 4486 2782 4542 vr.

210 4618 428 4687 guntino
472 4632 592 4675 rem
633 4630 847 4676 secreto
879 4593 1012 4691 agit,
1044 4620 1269 4692 ejusque
1312 4593 1469 4692 opem
1514 4593 1587 4678 ad
1638 4624 1801 4695 perfi-
1832 4593 1880 4653 θ
1909 4608 2127 4679 ιεθαίῖο
2167 4605 2327 4695 Βθαίξ
2344 4599 2975 4695 θεῖίξέξρξ⁸¹ζ¹ξξξ9ξ
3010 4610 3076 4695 ,ἕξ
3139 4598 3495 4663 ηαυθηηαίίτο

210 4710 482 4778 ciendum,
505 4712 652 4783 quod
678 4721 859 4767 mente
887 4713 1245 4778 machiuetur,
1263 4715 1458 4769 obnixe
1477 4715 1797 4785 implorat...

214 4799 487 4873 Synodum
556 4804 899 4860 conficiendo
967 4808 1181 4877 negotio
1248 4805 1441 4860 indixit
1511 4806 1803 4877 Maguntia‘:

210 4894 452 4961 proxima
498 4904 624 4965 post
672 4895 872 4950 festum
931 4895 989 4951 S.
1046 4896 1320 4954 Michaelis
1372 4899 1799 4954 hebdomada....

216 4982 527 5042 lmminente
562 4985 678 5054 jam
730 4986 841 5052 die,
892 4987 981 5057 qui
1030 4989 1321 5045 scindendo
1366 4990 1507 5061 regis
1551 4988 1804 5060 coniugio

218 5076 385 5133 dictus
424 5080 631 5146 fuerat,
676 5093 775 5134 rex
821 5078 1144 5150 Moguntiam
1186 5081 1431 5138 concitus
1455 5081 1803 5152 properabat.

2271 4675 2461 4738 obitus,
2494 4672 2784 4744 sepultura,
2818 4672 3098 4725 veneratio.

1979 4794 2071 4849 56.
2107 4792 2163 4846 lu
2210 4789 2361 4844 Italia
2392 4786 2598 4842 ultimis
2628 4785 2751 4838 vita:
2798 4799 2909 4837 suae
2955 4782 3109 4837 annis
3151 4779 3317 4834 multa
3358 4795 3501 4850 prae.

1911 4884 2058 4939 clara
2088 4883 2197 4954 egit
2224 4881 2283 4935 Β,
2313 4880 2529 4943 Petrus,
2559 4890 2788 4947 quorum
2820 4872 2922 4927 alia
2972 4886 3091 4940 cap.
3121 4868 3154 4924 8
3194 4877 3249 4923 ct
3283 4868 3317 4925 9
3365 4868 3501 4923 Vitae

1913 4987 2229 5037 narrantur,
2261 4974 2367 5027 alia
2410 4970 2518 5030 illic
2564 4969 2759 5026 omissa
2797 4967 2988 5036 paucis
3030 4964 3117 5019 hic
3167 4962 3506 5032 attingimus.

1913 5068 2164 5142 Magnum
2201 5066 2344 5120 circa
2372 5078 2575 5117 annmu
2618 5058 2754 5114 1065
2789 5055 3081 5111 εοιιίιτιιιιη
3110 5062 3191 5109 est
3226 5053 3279 5106 in
3321 5053 3508 5108 Eccle-

216 5169 281 5226 Ει
309 5188 432 5231 ecce
468 5176 619 5231 inter
652 5173 892 5229 eundum
914 5146 1191 5245 'compem
1241 5146 1474 5246 legam“;
1510 5146 1656 5232 εέιιίε
1678 5192 1808 5247 θρο-
1904 5162 1989 5216 sia
2037 5160 2347 5217 Florentina
2393 5155 2657 5220 srhisma,
2708 5149 3098 5206 dissidentibus
3145 5146 3212 5203 ab
3258 5146 3513 5247 episcopo

222 5264 406 5296 ..Λυδαί-ι
443 5284 607 5296 uos-Im
660 5264 877 5296 “An-Iul

890 5266 952 5296 i-n
1006 5267 1295 5296 ηιΙι-Λκιιιηη
1339 5266 1640 5296 νει-ιι-ιρΙΑΙ.ιιιῖ

2278 5254 2423 5296 inter
2472 5266 2610 5296 anns
2645 5247 2875 5296 nrimmn
2929 5246 3111 5296 lamun
3169 5240 3403 5294 tenuisse
3453 5238 3510 5291 S.

1911 5257 2192 5296 mrumst-Isi:
2215 5293 2225 5296 -
