  <div class='ocr_page' id='page_1' title='image "/cluster/home/n/w/nwhite01/storage/ocr_20150623/144/hvd.32044010574010/061.png"; bbox 0 0 3982 5350; ppageno 0'>
   <div class='ocr_carea' id='block_1_1' title="bbox 533 340 648 396">
    <p class='ocr_par' dir='ltr' id='par_1_1' title="bbox 533 340 648 396">
     <span class='ocr_line' id='line_1_1' title="bbox 533 340 648 396; baseline 0.07 -8"><span class='ocrx_word' id='word_1_1' title='bbox 533 340 648 396; x_wconf 75' lang='grc' dir='ltr'>,ιιι</span> 
     </span>
    </p>
   </div>
   <div class='ocr_carea' id='block_1_2' title="bbox 1435 325 2953 387">
    <p class='ocr_par' dir='ltr' id='par_1_2' title="bbox 1435 325 2953 387">
     <span class='ocr_line' id='line_1_2' title="bbox 1435 325 2953 387; baseline -0.003 -1"><span class='ocrx_word' id='word_1_2' title='bbox 1435 331 1494 387; x_wconf 90' lang='lat' dir='ltr'><strong>S.</strong></span> <span class='ocrx_word' id='word_1_3' title='bbox 1525 328 1800 386; x_wconf 81' lang='lat' dir='ltr'><strong>PETRUS</strong></span> <span class='ocrx_word' id='word_1_4' title='bbox 1835 325 2186 382; x_wconf 67' lang='lat' dir='ltr'><strong>DA-‘lIANlJ-S</strong></span> <span class='ocrx_word' id='word_1_5' title='bbox 2227 326 2282 381; x_wconf 89' lang='lat' dir='ltr'><strong>S.</strong></span> <span class='ocrx_word' id='word_1_6' title='bbox 2329 325 2391 380; x_wconf 78' lang='lat' dir='ltr'><strong>ll.</strong></span> <span class='ocrx_word' id='word_1_7' title='bbox 2431 327 2494 382; x_wconf 85' lang='grc' dir='ltr'><strong>Ε.</strong></span> <span class='ocrx_word' id='word_1_8' title='bbox 2525 325 2953 383; x_wconf 76' lang='lat' dir='ltr'><strong>CARDINALIS.</strong></span> 
     </span>
    </p>
   </div>
   <div class='ocr_carea' id='block_1_3' title="bbox 3679 334 3768 389">
    <p class='ocr_par' dir='ltr' id='par_1_3' title="bbox 3679 334 3768 389">
     <span class='ocr_line' id='line_1_3' title="bbox 3679 334 3768 389; baseline 0.022 -2"><span class='ocrx_word' id='word_1_9' title='bbox 3679 334 3768 389; x_wconf 66' lang='grc' dir='ltr'>ιη</span> 
     </span>
    </p>
   </div>
   <div class='ocr_carea' id='block_1_4' title="bbox 547 441 3768 521">
    <p class='ocr_par' dir='ltr' id='par_1_4' title="bbox 547 441 3768 521">
     <span class='ocr_line' id='line_1_4' title="bbox 547 441 3768 521; baseline -0.002 -12"><span class='ocrx_word' id='word_1_10' title='bbox 547 473 615 509; x_wconf 82' lang='lat' dir='ltr'><strong>eo</strong></span> <span class='ocrx_word' id='word_1_11' title='bbox 635 460 973 510; x_wconf 88' lang='lat' dir='ltr'><strong>sacramenta</strong></span> <span class='ocrx_word' id='word_1_12' title='bbox 998 447 1338 521; x_wconf 89' lang='lat' dir='ltr'><strong>percipienda</strong></span> <span class='ocrx_word' id='word_1_13' title='bbox 1370 445 1626 502; x_wconf 75' lang='lat' dir='ltr'><strong>dictabat.</strong></span> <span class='ocrx_word' id='word_1_14' title='bbox 1653 445 1779 499; x_wconf 91' lang='lat' dir='ltr'><strong>Inde</strong></span> <span class='ocrx_word' id='word_1_15' title='bbox 1804 458 1933 498; x_wconf 88' lang='lat' dir='ltr'><strong>vero</strong></span> <span class='ocrx_word' id='word_1_16' title='bbox 1956 442 2117 496; x_wconf 86' lang='lat' dir='ltr'><strong>vehc-</strong></span> <span class='ocrx_word' id='word_1_17' title='bbox 2143 453 2190 509; x_wconf 74' lang='grc' dir='ltr'><strong>Α</strong></span> <span class='ocrx_word' id='word_1_18' title='bbox 2221 442 2516 497; x_wconf 90' lang='lat' dir='ltr'><strong>lianensem</strong></span> <span class='ocrx_word' id='word_1_19' title='bbox 2548 443 2598 496; x_wconf 90' lang='lat' dir='ltr'><strong>in</strong></span> <span class='ocrx_word' id='word_1_20' title='bbox 2625 442 2814 497; x_wconf 87' lang='lat' dir='ltr'><strong>Galliis</strong></span> <span class='ocrx_word' id='word_1_21' title='bbox 2845 443 3012 512; x_wconf 86' lang='lat' dir='ltr'><strong>cpisc.</strong></span> <span class='ocrx_word' id='word_1_22' title='bbox 3043 441 3192 514; x_wconf 72' lang='lat' dir='ltr'><strong>cujus</strong></span> <span class='ocrx_word' id='word_1_23' title='bbox 3222 443 3460 501; x_wconf 79' lang='lat' dir='ltr'><strong>Ecclesia</strong></span> <span class='ocrx_word' id='word_1_24' title='bbox 3490 446 3556 502; x_wconf 85' lang='lat' dir='ltr'><strong>ab</strong></span> <span class='ocrx_word' id='word_1_25' title='bbox 3584 447 3768 518; x_wconf 84' lang='lat' dir='ltr'><strong>impro-</strong></span> 
     </span>
    </p>
   </div>
   <div class='ocr_carea' id='block_1_5' title="bbox 553 531 2120 605">
    <p class='ocr_par' dir='ltr' id='par_1_5' title="bbox 553 531 2120 605">
     <span class='ocr_line' id='line_1_5' title="bbox 553 531 2120 605; baseline -0.01 -4"><span class='ocrx_word' id='word_1_26' title='bbox 553 561 704 601; x_wconf 89' lang='lat' dir='ltr'><strong>mens</strong></span> <span class='ocrx_word' id='word_1_27' title='bbox 731 554 848 600; x_wconf 92' lang='lat' dir='ltr'><strong>orta</strong></span> <span class='ocrx_word' id='word_1_28' title='bbox 899 551 983 598; x_wconf 90' lang='lat' dir='ltr'><strong>est</strong></span> <span class='ocrx_word' id='word_1_29' title='bbox 1024 539 1299 597; x_wconf 74' lang='lat' dir='ltr'><strong>contentio</strong></span> <span class='ocrx_word' id='word_1_30' title='bbox 1339 537 1392 591; x_wconf 84' lang='lat' dir='ltr'><strong>in</strong></span> <span class='ocrx_word' id='word_1_31' title='bbox 1422 536 1566 590; x_wconf 91' lang='lat' dir='ltr'><strong>clero</strong></span> <span class='ocrx_word' id='word_1_32' title='bbox 1594 543 1649 590; x_wconf 88' lang='lat' dir='ltr'><strong>et</strong></span> <span class='ocrx_word' id='word_1_33' title='bbox 1681 533 1874 605; x_wconf 91' lang='lat' dir='ltr'><strong>populo</strong></span> <span class='ocrx_word' id='word_1_34' title='bbox 1901 531 2120 586; x_wconf 86' lang='lat' dir='ltr'><strong>Floren-</strong></span> 
     </span>
    </p>
   </div>
   <div class='ocr_carea' id='block_1_6' title="bbox 521 620 2122 702">
    <p class='ocr_par' dir='ltr' id='par_1_6' title="bbox 521 620 2122 702">
     <span class='ocr_line' id='line_1_6' title="bbox 521 620 2122 702; baseline -0.011 -11"><span class='ocrx_word' id='word_1_35' title='bbox 521 662 534 670; x_wconf 60' lang='grc' dir='ltr'><strong>-ε</strong></span> <span class='ocrx_word' id='word_1_36' title='bbox 553 639 686 700; x_wconf 89' lang='lat' dir='ltr'><strong>tiuo,</strong></span> <span class='ocrx_word' id='word_1_37' title='bbox 715 635 834 689; x_wconf 84' lang='lat' dir='ltr'><strong>aliis</strong></span> <span class='ocrx_word' id='word_1_38' title='bbox 863 633 1170 702; x_wconf 85' lang='lat' dir='ltr'><strong>episcopum</strong></span> <span class='ocrx_word' id='word_1_39' title='bbox 1213 625 1646 689; x_wconf 77' lang='lat' dir='ltr'><strong>defendentibus,</strong></span> <span class='ocrx_word' id='word_1_40' title='bbox 1681 624 1800 678; x_wconf 88' lang='lat' dir='ltr'><strong>aliis</strong></span> <span class='ocrx_word' id='word_1_41' title='bbox 1828 620 2122 676; x_wconf 86' lang='lat' dir='ltr'><strong>monachos</strong></span> 
     </span>
    </p>
   </div>
   <div class='ocr_carea' id='block_1_7' title="bbox 547 715 2119 792">
    <p class='ocr_par' dir='ltr' id='par_1_7' title="bbox 547 715 2119 792">
     <span class='ocr_line' id='line_1_7' title="bbox 547 715 2119 792; baseline -0.008 -12"><span class='ocrx_word' id='word_1_42' title='bbox 547 716 913 789; x_wconf 84' lang='lat' dir='ltr'><strong>laudantibus,</strong></span> <span class='ocrx_word' id='word_1_43' title='bbox 942 723 1084 792; x_wconf 93' lang='lat' dir='ltr'><strong>quod</strong></span> <span class='ocrx_word' id='word_1_44' title='bbox 1129 728 1273 776; x_wconf 90' lang='lat' dir='ltr'><strong>tanta</strong></span> <span class='ocrx_word' id='word_1_45' title='bbox 1303 720 1552 774; x_wconf 83' lang='lat' dir='ltr'><strong>libertate</strong></span> <span class='ocrx_word' id='word_1_46' title='bbox 1586 718 1712 771; x_wconf 90' lang='lat' dir='ltr'><strong>illud</strong></span> <span class='ocrx_word' id='word_1_47' title='bbox 1740 717 1928 770; x_wconf 83' lang='lat' dir='ltr'><strong>vitium</strong></span> <span class='ocrx_word' id='word_1_48' title='bbox 1967 715 2119 768; x_wconf 87' lang='lat' dir='ltr'><strong>dete-</strong></span> 
     </span>
    </p>
   </div>
   <div class='ocr_carea' id='block_1_8' title="bbox 533 806 2115 884">
    <p class='ocr_par' dir='ltr' id='par_1_8' title="bbox 533 806 2115 884">
     <span class='ocr_line' id='line_1_8' title="bbox 533 806 2115 884; baseline -0.009 -11"><span class='ocrx_word' id='word_1_49' title='bbox 533 826 838 873; x_wconf 28' lang='lat' dir='ltr'><strong>‘starentur.</strong></span> <span class='ocrx_word' id='word_1_50' title='bbox 873 836 890 867; x_wconf 82' lang='grc' dir='ltr'><strong>ι</strong></span> <span class='ocrx_word' id='word_1_51' title='bbox 921 816 988 870; x_wconf 83' lang='grc' dir='ltr'>Ει</span> <span class='ocrx_word' id='word_1_52' title='bbox 1009 814 1244 884; x_wconf 79' lang='lat' dir='ltr'><strong>episcopi</strong></span> <span class='ocrx_word' id='word_1_53' title='bbox 1284 826 1498 882; x_wconf 86' lang='lat' dir='ltr'><strong>parens,</strong></span> <span class='ocrx_word' id='word_1_54' title='bbox 1531 817 1715 879; x_wconf 83' lang='lat' dir='ltr'><strong>utpote</strong></span> <span class='ocrx_word' id='word_1_55' title='bbox 1742 813 1894 861; x_wconf 80' lang='lat' dir='ltr'><strong>homo</strong></span> <span class='ocrx_word' id='word_1_56' title='bbox 1923 806 2115 875; x_wconf 74' lang='lat' dir='ltr'><strong>simpli-</strong></span> 
     </span>
    </p>
   </div>
   <div class='ocr_carea' id='block_1_9' title="bbox 547 895 2120 969">
    <p class='ocr_par' dir='ltr' id='par_1_9' title="bbox 547 895 2120 969">
     <span class='ocr_line' id='line_1_9' title="bbox 547 895 2120 969; baseline -0.008 -9"><span class='ocrx_word' id='word_1_57' title='bbox 547 907 809 967; x_wconf 78' lang='lat' dir='ltr'><strong>cissimus,</strong></span> <span class='ocrx_word' id='word_1_58' title='bbox 839 904 1006 958; x_wconf 83' lang='lat' dir='ltr'><strong>falsus</strong></span> <span class='ocrx_word' id='word_1_59' title='bbox 1031 903 1227 957; x_wconf 86' lang='lat' dir='ltr'><strong>dicitur</strong></span> <span class='ocrx_word' id='word_1_60' title='bbox 1274 915 1332 954; x_wconf 87' lang='lat' dir='ltr'><strong>se</strong></span> <span class='ocrx_word' id='word_1_61' title='bbox 1361 900 1468 969; x_wconf 79' lang='lat' dir='ltr'><strong>regi</strong></span> <span class='ocrx_word' id='word_1_62' title='bbox 1527 908 1605 952; x_wconf 84' lang='lat' dir='ltr'><strong>ter</strong></span> <span class='ocrx_word' id='word_1_63' title='bbox 1654 896 1792 950; x_wconf 84' lang='lat' dir='ltr'><strong>mille</strong></span> <span class='ocrx_word' id='word_1_64' title='bbox 1835 896 1995 950; x_wconf 76' lang='lat' dir='ltr'><strong>libras</strong></span> <span class='ocrx_word' id='word_1_65' title='bbox 2029 895 2120 948; x_wconf 83' lang='lat' dir='ltr'><strong>de-</strong></span> 
     </span>
    </p>
   </div>
   <div class='ocr_carea' id='block_1_10' title="bbox 547 987 2119 1057">
    <p class='ocr_par' dir='ltr' id='par_1_10' title="bbox 547 987 2119 1057">
     <span class='ocr_line' id='line_1_10' title="bbox 547 987 2119 1057; baseline -0.006 -8"><span class='ocrx_word' id='word_1_66' title='bbox 547 997 700 1051; x_wconf 76' lang='lat' dir='ltr'><strong>disse.</strong></span> <span class='ocrx_word' id='word_1_67' title='bbox 745 993 1135 1057; x_wconf 65' lang='lat' dir='ltr'><strong>Alexander“,</strong></span> <span class='ocrx_word' id='word_1_68' title='bbox 1165 991 1329 1046; x_wconf 89' lang='lat' dir='ltr'><strong>misso</strong></span> <span class='ocrx_word' id='word_1_69' title='bbox 1357 991 1417 1044; x_wconf 92' lang='lat' dir='ltr'><strong>B.</strong></span> <span class='ocrx_word' id='word_1_70' title='bbox 1441 989 1604 1044; x_wconf 86' lang='lat' dir='ltr'><strong>Petro</strong></span> <span class='ocrx_word' id='word_1_71' title='bbox 1631 987 1914 1053; x_wconf 84' lang='lat' dir='ltr'><strong>Damiano,</strong></span> <span class='ocrx_word' id='word_1_72' title='bbox 1959 1000 2119 1042; x_wconf 88' lang='lat' dir='ltr'><strong>cona-</strong></span> 
     </span>
    </p>
   </div>
   <div class='ocr_carea' id='block_1_11' title="bbox 548 1076 2118 1156">
    <p class='ocr_par' dir='ltr' id='par_1_11' title="bbox 548 1076 2118 1156">
     <span class='ocr_line' id='line_1_11' title="bbox 548 1076 2118 1156; baseline -0.007 -15"><span class='ocrx_word' id='word_1_73' title='bbox 548 1098 636 1142; x_wconf 87' lang='lat' dir='ltr'><strong>tus</strong></span> <span class='ocrx_word' id='word_1_74' title='bbox 654 1095 737 1142; x_wconf 92' lang='lat' dir='ltr'><strong>est</strong></span> <span class='ocrx_word' id='word_1_75' title='bbox 755 1095 944 1156; x_wconf 85' lang='lat' dir='ltr'><strong>partes</strong></span> <span class='ocrx_word' id='word_1_76' title='bbox 968 1084 1293 1139; x_wconf 88' lang='lat' dir='ltr'><strong>dissidentes</strong></span> <span class='ocrx_word' id='word_1_77' title='bbox 1329 1080 1635 1142; x_wconf 89' lang='lat' dir='ltr'><strong>conciliare,</strong></span> <span class='ocrx_word' id='word_1_78' title='bbox 1683 1078 1777 1133; x_wconf 90' lang='lat' dir='ltr'><strong>sed</strong></span> <span class='ocrx_word' id='word_1_79' title='bbox 1816 1092 1876 1134; x_wconf 90' lang='lat' dir='ltr'><strong>re</strong></span> <span class='ocrx_word' id='word_1_80' title='bbox 1920 1076 2118 1132; x_wconf 88' lang='lat' dir='ltr'><strong>infecta</strong></span> 
     </span>
    </p>
   </div>
   <div class='ocr_carea' id='block_1_12' title="bbox 513 1165 2117 1237">
    <p class='ocr_par' dir='ltr' id='par_1_12' title="bbox 513 1165 2117 1237">
     <span class='ocr_line' id='line_1_12' title="bbox 513 1165 2117 1237; baseline -0.009 -5"><span class='ocrx_word' id='word_1_81' title='bbox 513 1217 516 1220; x_wconf 87' lang='grc'><strong>-</strong></span> <span class='ocrx_word' id='word_1_82' title='bbox 545 1186 770 1232; x_wconf 91' lang='lat' dir='ltr'><strong>coactus</strong></span> <span class='ocrx_word' id='word_1_83' title='bbox 795 1184 880 1230; x_wconf 90' lang='lat' dir='ltr'><strong>est</strong></span> <span class='ocrx_word' id='word_1_84' title='bbox 910 1174 1106 1228; x_wconf 89' lang='lat' dir='ltr'><strong>redire.</strong></span> <span class='ocrx_word' id='word_1_85' title='bbox 1134 1171 1406 1226; x_wconf 85' lang='lat' dir='ltr'><strong>Adversus</strong></span> <span class='ocrx_word' id='word_1_86' title='bbox 1440 1168 1734 1224; x_wconf 86' lang='lat' dir='ltr'><strong>monachos</strong></span> <span class='ocrx_word' id='word_1_87' title='bbox 1782 1167 1992 1237; x_wconf 82' lang='lat' dir='ltr'><strong>agebat,</strong></span> <span class='ocrx_word' id='word_1_88' title='bbox 2025 1165 2117 1234; x_wconf 86' lang='lat' dir='ltr'><strong>qui</strong></span> 
     </span>
    </p>
   </div>
   <div class='ocr_carea' id='block_1_13' title="bbox 547 1255 2116 1338">
    <p class='ocr_par' dir='ltr' id='par_1_13' title="bbox 547 1255 2116 1338">
     <span class='ocr_line' id='line_1_13' title="bbox 547 1255 2116 1338; baseline -0.01 -16"><span class='ocrx_word' id='word_1_89' title='bbox 547 1267 858 1338; x_wconf 89' lang='lat' dir='ltr'><strong>episcopum</strong></span> <span class='ocrx_word' id='word_1_90' title='bbox 911 1278 1108 1328; x_wconf 91' lang='lat' dir='ltr'><strong>suum,</strong></span> <span class='ocrx_word' id='word_1_91' title='bbox 1166 1261 1396 1316; x_wconf 89' lang='lat' dir='ltr'><strong>necdum</strong></span> <span class='ocrx_word' id='word_1_92' title='bbox 1443 1258 1512 1313; x_wconf 90' lang='lat' dir='ltr'><strong>ab</strong></span> <span class='ocrx_word' id='word_1_93' title='bbox 1559 1257 1797 1312; x_wconf 86' lang='lat' dir='ltr'><strong>Ecclesia</strong></span> <span class='ocrx_word' id='word_1_94' title='bbox 1851 1255 2116 1310; x_wconf 88' lang='lat' dir='ltr'><strong>catholica</strong></span> 
     </span>
    </p>
   </div>
   <div class='ocr_carea' id='block_1_14' title="bbox 505 1348 2117 1422">
    <p class='ocr_par' dir='ltr' id='par_1_14' title="bbox 505 1348 2117 1422">
     <span class='ocr_line' id='line_1_14' title="bbox 505 1348 2117 1422; baseline -0.008 -8"><span class='ocrx_word' id='word_1_95' title='bbox 505 1399 508 1403; x_wconf 69' lang='lat'><strong>.</strong></span> <span class='ocrx_word' id='word_1_96' title='bbox 546 1360 982 1422; x_wconf 90' lang='lat' dir='ltr'><strong>condemnatum,</strong></span> <span class='ocrx_word' id='word_1_97' title='bbox 1030 1355 1329 1409; x_wconf 88' lang='lat' dir='ltr'><strong>clamarent</strong></span> <span class='ocrx_word' id='word_1_98' title='bbox 1365 1367 1485 1406; x_wconf 84' lang='lat' dir='ltr'><strong>esse</strong></span> <span class='ocrx_word' id='word_1_99' title='bbox 1524 1350 1799 1406; x_wconf 87' lang='lat' dir='ltr'><strong>vitandum</strong></span> <span class='ocrx_word' id='word_1_100' title='bbox 1827 1388 1842 1413; x_wconf 91' lang='lat'><strong>,</strong></span> <span class='ocrx_word' id='word_1_101' title='bbox 1897 1348 2117 1402; x_wconf 75' lang='lat' dir='ltr'><strong>benedi-</strong></span> 
     </span>
    </p>
   </div>
   <div class='ocr_carea' id='block_1_15' title="bbox 500 1441 2119 1504">
    <p class='ocr_par' dir='ltr' id='par_1_15' title="bbox 500 1441 2119 1504">
     <span class='ocr_line' id='line_1_15' title="bbox 500 1441 2119 1504; baseline -0.006 0"><span class='ocrx_word' id='word_1_102' title='bbox 500 1488 503 1491; x_wconf 89' lang='grc'><strong>-</strong></span> <span class='ocrx_word' id='word_1_103' title='bbox 546 1450 752 1504; x_wconf 91' lang='lat' dir='ltr'><strong>ctiones</strong></span> <span class='ocrx_word' id='word_1_104' title='bbox 793 1448 1034 1503; x_wconf 87' lang='lat' dir='ltr'><strong>illiuset</strong></span> <span class='ocrx_word' id='word_1_105' title='bbox 1074 1453 1413 1502; x_wconf 88' lang='lat' dir='ltr'><strong>sacramenta</strong></span> <span class='ocrx_word' id='word_1_106' title='bbox 1459 1457 1580 1498; x_wconf 85' lang='lat' dir='ltr'><strong>esse</strong></span> <span class='ocrx_word' id='word_1_107' title='bbox 1617 1441 2019 1496; x_wconf 87' lang='lat' dir='ltr'><strong>maledictiones</strong></span> <span class='ocrx_word' id='word_1_108' title='bbox 2063 1447 2119 1494; x_wconf 79' lang='lat' dir='ltr'><strong>et</strong></span> 
     </span>
    </p>
   </div>
   <div class='ocr_carea' id='block_1_16' title="bbox 545 1529 2115 1610">
    <p class='ocr_par' dir='ltr' id='par_1_16' title="bbox 545 1529 2115 1610">
     <span class='ocr_line' id='line_1_16' title="bbox 545 1529 2115 1610; baseline -0.007 -16"><span class='ocrx_word' id='word_1_109' title='bbox 545 1539 826 1610; x_wconf 84' lang='lat' dir='ltr'><strong>sacrilegia</strong></span> <span class='ocrx_word' id='word_1_110' title='bbox 857 1555 871 1594; x_wconf 91' lang='lat'><strong>:</strong></span> <span class='ocrx_word' id='word_1_111' title='bbox 902 1553 965 1593; x_wconf 89' lang='lat' dir='ltr'><strong>ac</strong></span> <span class='ocrx_word' id='word_1_112' title='bbox 993 1545 1277 1607; x_wconf 83' lang='lat' dir='ltr'><strong>propterea</strong></span> <span class='ocrx_word' id='word_1_113' title='bbox 1311 1533 1660 1604; x_wconf 88' lang='lat' dir='ltr'><strong>prohiberent</strong></span> <span class='ocrx_word' id='word_1_114' title='bbox 1687 1530 1939 1603; x_wconf 92' lang='lat' dir='ltr'><strong>populum</strong></span> <span class='ocrx_word' id='word_1_115' title='bbox 1967 1529 2115 1584; x_wconf 72' lang='grc' dir='ltr'>ιιροί-</span> 
     </span>
    </p>
   </div>
   <div class='ocr_carea' id='block_1_17' title="bbox 544 1621 2111 1701">
    <p class='ocr_par' dir='ltr' id='par_1_17' title="bbox 544 1621 2111 1701">
     <span class='ocr_line' id='line_1_17' title="bbox 544 1621 2111 1701; baseline -0.008 -15"><span class='ocrx_word' id='word_1_116' title='bbox 544 1647 672 1701; x_wconf 89' lang='lat' dir='ltr'><strong>pere</strong></span> <span class='ocrx_word' id='word_1_117' title='bbox 717 1639 1048 1686; x_wconf 87' lang='lat' dir='ltr'><strong>sacramenta</strong></span> <span class='ocrx_word' id='word_1_118' title='bbox 1089 1626 1458 1696; x_wconf 86' lang='lat' dir='ltr'><strong>ab-episcopo,</strong></span> <span class='ocrx_word' id='word_1_119' title='bbox 1497 1633 1590 1678; x_wconf 84' lang='lat' dir='ltr'><strong>aut</strong></span> <span class='ocrx_word' id='word_1_120' title='bbox 1631 1621 1894 1677; x_wconf 86' lang='lat' dir='ltr'><strong>ordinatis</strong></span> <span class='ocrx_word' id='word_1_121' title='bbox 1939 1621 2111 1676; x_wconf 90' lang='lat' dir='ltr'><strong>abeo.</strong></span> 
     </span>
    </p>
   </div>
   <div class='ocr_carea' id='block_1_18' title="bbox 507 1709 2114 1790">
    <p class='ocr_par' dir='ltr' id='par_1_18' title="bbox 507 1709 2114 1790">
     <span class='ocr_line' id='line_1_18' title="bbox 507 1709 2114 1790; baseline -0.008 -14"><span class='ocrx_word' id='word_1_122' title='bbox 507 1749 524 1769; x_wconf 78' lang='lat'><strong>-.</strong></span> <span class='ocrx_word' id='word_1_123' title='bbox 544 1722 681 1777; x_wconf 88' lang='lat' dir='ltr'><strong>Hinc</strong></span> <span class='ocrx_word' id='word_1_124' title='bbox 709 1719 924 1790; x_wconf 86' lang='lat' dir='ltr'><strong>plurimi</strong></span> <span class='ocrx_word' id='word_1_125' title='bbox 954 1719 1156 1788; x_wconf 81' lang='lat' dir='ltr'><strong>absque</strong></span> <span class='ocrx_word' id='word_1_126' title='bbox 1183 1723 1523 1770; x_wconf 80' lang='lat' dir='ltr'><strong>sacramento</strong></span> <span class='ocrx_word' id='word_1_127' title='bbox 1545 1712 1883 1768; x_wconf 79' lang='lat' dir='ltr'><strong>cucharistiae</strong></span> <span class='ocrx_word' id='word_1_128' title='bbox 1917 1709 2114 1766; x_wconf 86' lang='lat' dir='ltr'><strong>morie-</strong></span> 
     </span>
    </p>
   </div>
   <div class='ocr_carea' id='block_1_19' title="bbox 2223 530 3770 604">
    <p class='ocr_par' dir='ltr' id='par_1_19' title="bbox 2223 530 3770 604">
     <span class='ocr_line' id='line_1_19' title="bbox 2223 530 3770 604; baseline 0.006 -19"><span class='ocrx_word' id='word_1_129' title='bbox 2223 530 2304 585; x_wconf 89' lang='lat' dir='ltr'><strong>bis</strong></span> <span class='ocrx_word' id='word_1_130' title='bbox 2332 540 2542 596; x_wconf 80' lang='lat' dir='ltr'><strong>vexata,</strong></span> <span class='ocrx_word' id='word_1_131' title='bbox 2568 532 2751 586; x_wconf 91' lang='lat' dir='ltr'><strong>multis</strong></span> <span class='ocrx_word' id='word_1_132' title='bbox 2789 533 3151 587; x_wconf 84' lang='lat' dir='ltr'><strong>calamitatum</strong></span> <span class='ocrx_word' id='word_1_133' title='bbox 3181 535 3431 604; x_wconf 85' lang='lat' dir='ltr'><strong>procellis</strong></span> <span class='ocrx_word' id='word_1_134' title='bbox 3475 545 3530 591; x_wconf 90' lang='lat' dir='ltr'><strong>et</strong></span> <span class='ocrx_word' id='word_1_135' title='bbox 3567 539 3770 594; x_wconf 82' lang='lat' dir='ltr'><strong>turbini-</strong></span> 
     </span>
    </p>
   </div>
   <div class='ocr_carea' id='block_1_20' title="bbox 2220 618 3771 689">
    <p class='ocr_par' dir='ltr' id='par_1_20' title="bbox 2220 618 3771 689">
     <span class='ocr_line' id='line_1_20' title="bbox 2220 618 3771 689; baseline 0.008 -17"><span class='ocrx_word' id='word_1_136' title='bbox 2220 618 2322 675; x_wconf 87' lang='lat' dir='ltr'><strong>bus</strong></span> <span class='ocrx_word' id='word_1_137' title='bbox 2348 622 2671 689; x_wconf 84' lang='lat' dir='ltr'><strong>agitabatur,</strong></span> <span class='ocrx_word' id='word_1_138' title='bbox 2715 623 2888 677; x_wconf 90' lang='lat' dir='ltr'><strong>eidem</strong></span> <span class='ocrx_word' id='word_1_139' title='bbox 2925 633 3176 680; x_wconf 87' lang='lat' dir='ltr'><strong>accurate</strong></span> <span class='ocrx_word' id='word_1_140' title='bbox 3222 627 3562 681; x_wconf 88' lang='lat' dir='ltr'><strong>commendat</strong></span> <span class='ocrx_word' id='word_1_141' title='bbox 3591 631 3771 685; x_wconf 88' lang='lat' dir='ltr'><strong>:modo</strong></span> 
     </span>
    </p>
   </div>
   <div class='ocr_carea' id='block_1_21' title="bbox 2221 710 3772 785">
    <p class='ocr_par' dir='ltr' id='par_1_21' title="bbox 2221 710 3772 785">
     <span class='ocr_line' id='line_1_21' title="bbox 2221 710 3772 785; baseline 0.008 -22"><span class='ocrx_word' id='word_1_142' title='bbox 2221 710 2543 780; x_wconf 87' lang='lat' dir='ltr'><strong>deprecatur</strong></span> <span class='ocrx_word' id='word_1_143' title='bbox 2571 727 2670 780; x_wconf 91' lang='lat' dir='ltr'><strong>pro</strong></span> <span class='ocrx_word' id='word_1_144' title='bbox 2699 711 3012 768; x_wconf 76' lang='lat' dir='ltr'><strong>Ravennate</strong></span> <span class='ocrx_word' id='word_1_145' title='bbox 3046 713 3214 785; x_wconf 81' lang='lat' dir='ltr'><strong>cpisc.</strong></span> <span class='ocrx_word' id='word_1_146' title='bbox 3242 723 3302 769; x_wconf 87' lang='lat' dir='ltr'><strong>ut</strong></span> <span class='ocrx_word' id='word_1_147' title='bbox 3339 717 3408 772; x_wconf 90' lang='lat' dir='ltr'><strong>ab</strong></span> <span class='ocrx_word' id='word_1_148' title='bbox 3436 718 3772 776; x_wconf 86' lang='lat' dir='ltr'><strong>anathematis</strong></span> 
     </span>
    </p>
   </div>
   <div class='ocr_carea' id='block_1_22' title="bbox 2221 801 3772 878">
    <p class='ocr_par' dir='ltr' id='par_1_22' title="bbox 2221 801 3772 878">
     <span class='ocr_line' id='line_1_22' title="bbox 2221 801 3772 878; baseline 0.008 -24"><span class='ocrx_word' id='word_1_149' title='bbox 2221 801 2434 858; x_wconf 78' lang='lat' dir='ltr'><strong>vinculo</strong></span> <span class='ocrx_word' id='word_1_150' title='bbox 2482 803 2739 858; x_wconf 86' lang='lat' dir='ltr'><strong>solvatur.</strong></span> <span class='ocrx_word' id='word_1_151' title='bbox 2786 825 2805 857; x_wconf 76' lang='grc' dir='ltr'><strong>ι</strong></span> <span class='ocrx_word' id='word_1_152' title='bbox 2858 805 3138 875; x_wconf 85' lang='lat' dir='ltr'><strong>Indignum</strong></span> <span class='ocrx_word' id='word_1_153' title='bbox 3191 807 3389 878; x_wconf 84' lang='lat' dir='ltr'><strong>quippe</strong></span> <span class='ocrx_word' id='word_1_154' title='bbox 3431 817 3532 874; x_wconf 85' lang='lat' dir='ltr'><strong>est,</strong></span> <span class='ocrx_word' id='word_1_155' title='bbox 3585 811 3676 878; x_wconf 87' lang='lat' dir='ltr'><strong>ait,</strong></span> <span class='ocrx_word' id='word_1_156' title='bbox 3720 824 3772 868; x_wconf 88' lang='lat' dir='ltr'><strong>ut</strong></span> 
     </span>
    </p>
   </div>
   <div class='ocr_carea' id='block_1_23' title="bbox 2219 893 3774 962">
    <p class='ocr_par' dir='ltr' id='par_1_23' title="bbox 2219 893 3774 962">
     <span class='ocr_line' id='line_1_23' title="bbox 2219 893 3774 962; baseline 0.008 -17"><span class='ocrx_word' id='word_1_157' title='bbox 2219 901 2436 961; x_wconf 86' lang='lat' dir='ltr'><strong>propter</strong></span> <span class='ocrx_word' id='word_1_158' title='bbox 2460 893 2619 948; x_wconf 89' lang='lat' dir='ltr'><strong>unius</strong></span> <span class='ocrx_word' id='word_1_159' title='bbox 2646 895 3021 950; x_wconf 90' lang='lat' dir='ltr'><strong>homuncionis</strong></span> <span class='ocrx_word' id='word_1_160' title='bbox 3044 894 3324 962; x_wconf 83' lang='lat' dir='ltr'><strong>oﬂ&#39;ensam,</strong></span> <span class='ocrx_word' id='word_1_161' title='bbox 3350 906 3466 954; x_wconf 89' lang='lat' dir='ltr'><strong>tam</strong></span> <span class='ocrx_word' id='word_1_162' title='bbox 3491 899 3774 957; x_wconf 76' lang='lat' dir='ltr'><strong>innumera—</strong></span> 
     </span>
    </p>
   </div>
   <div class='ocr_carea' id='block_1_24' title="bbox 2218 980 3770 1056">
    <p class='ocr_par' dir='ltr' id='par_1_24' title="bbox 2218 980 3770 1056">
     <span class='ocr_line' id='line_1_24' title="bbox 2218 980 3770 1056; baseline 0.007 -20"><span class='ocrx_word' id='word_1_163' title='bbox 2218 980 2340 1036; x_wconf 85' lang='lat' dir='ltr'><strong>bilis</strong></span> <span class='ocrx_word' id='word_1_164' title='bbox 2367 981 2648 1038; x_wconf 85' lang='lat' dir='ltr'><strong>multitudo</strong></span> <span class='ocrx_word' id='word_1_165' title='bbox 2677 983 2954 1040; x_wconf 89' lang='lat' dir='ltr'><strong>hominum</strong></span> <span class='ocrx_word' id='word_1_166' title='bbox 2983 985 3253 1056; x_wconf 84' lang='lat' dir='ltr'><strong>depereat,</strong></span> <span class='ocrx_word' id='word_1_167' title='bbox 3285 995 3340 1042; x_wconf 86' lang='lat' dir='ltr'><strong>et</strong></span> <span class='ocrx_word' id='word_1_168' title='bbox 3361 996 3567 1043; x_wconf 83' lang='lat' dir='ltr'><strong>tantum</strong></span> <span class='ocrx_word' id='word_1_169' title='bbox 3593 989 3770 1047; x_wconf 72' lang='lat' dir='ltr'><strong>Christi</strong></span> 
     </span>
    </p>
   </div>
   <div class='ocr_carea' id='block_1_25' title="bbox 2217 1074 3774 1150">
    <p class='ocr_par' dir='ltr' id='par_1_25' title="bbox 2217 1074 3774 1150">
     <span class='ocr_line' id='line_1_25' title="bbox 2217 1074 3774 1150; baseline 0.007 -22"><span class='ocrx_word' id='word_1_170' title='bbox 2217 1074 2476 1138; x_wconf 88' lang='lat' dir='ltr'><strong>laborem,</strong></span> <span class='ocrx_word' id='word_1_171' title='bbox 2501 1090 2599 1145; x_wconf 90' lang='lat' dir='ltr'><strong>pro</strong></span> <span class='ocrx_word' id='word_1_172' title='bbox 2622 1091 2730 1146; x_wconf 93' lang='lat' dir='ltr'><strong>quo</strong></span> <span class='ocrx_word' id='word_1_173' title='bbox 2753 1078 3044 1147; x_wconf 90' lang='lat' dir='ltr'><strong>pretiosum</strong></span> <span class='ocrx_word' id='word_1_174' title='bbox 3083 1079 3401 1150; x_wconf 86' lang='lat' dir='ltr'><strong>sanguinem</strong></span> <span class='ocrx_word' id='word_1_175' title='bbox 3429 1079 3587 1146; x_wconf 79' lang='lat' dir='ltr'><strong>fudit,</strong></span> <span class='ocrx_word' id='word_1_176' title='bbox 3620 1096 3678 1137; x_wconf 84' lang='lat' dir='ltr'><strong>ac</strong></span> <span class='ocrx_word' id='word_1_177' title='bbox 3705 1091 3774 1138; x_wconf 86' lang='lat' dir='ltr'><strong>tot</strong></span> 
     </span>
    </p>
   </div>
   <div class='ocr_carea' id='block_1_26' title="bbox 2219 1167 3774 1242">
    <p class='ocr_par' dir='ltr' id='par_1_26' title="bbox 2219 1167 3774 1242">
     <span class='ocr_line' id='line_1_26' title="bbox 2219 1167 3774 1242; baseline 0.006 -23"><span class='ocrx_word' id='word_1_178' title='bbox 2219 1167 2583 1221; x_wconf 90' lang='lat' dir='ltr'><strong>innocentium</strong></span> <span class='ocrx_word' id='word_1_179' title='bbox 2647 1169 2858 1223; x_wconf 88' lang='lat' dir='ltr'><strong>animas</strong></span> <span class='ocrx_word' id='word_1_180' title='bbox 2937 1171 3256 1225; x_wconf 67' lang='lat' dir='ltr'><strong>miserandas</strong></span> <span class='ocrx_word' id='word_1_181' title='bbox 3329 1171 3490 1227; x_wconf 86' lang='lat' dir='ltr'><strong>unius</strong></span> <span class='ocrx_word' id='word_1_182' title='bbox 3553 1187 3774 1242; x_wconf 78' lang='lat' dir='ltr'><strong>persona:</strong></span> 
     </span>
    </p>
   </div>
   <div class='ocr_carea' id='block_1_27' title="bbox 2215 1243 3810 1329">
    <p class='ocr_par' dir='ltr' id='par_1_27' title="bbox 2215 1243 3810 1329">
     <span class='ocr_line' id='line_1_27' title="bbox 2215 1243 3810 1329; baseline 0.004 -16"><span class='ocrx_word' id='word_1_183' title='bbox 2215 1265 2370 1329; x_wconf 86' lang='lat' dir='ltr'><strong>culpa</strong></span> <span class='ocrx_word' id='word_1_184' title='bbox 2416 1259 2713 1314; x_wconf 86' lang='lat' dir='ltr'><strong>subvertat.</strong></span> <span class='ocrx_word' id='word_1_185' title='bbox 2752 1278 2772 1310; x_wconf 79' lang='grc' dir='ltr'><strong>ι</strong></span> <span class='ocrx_word' id='word_1_186' title='bbox 2804 1261 2933 1315; x_wconf 89' lang='lat' dir='ltr'><strong>Erat</strong></span> <span class='ocrx_word' id='word_1_187' title='bbox 2977 1261 3022 1315; x_wconf 92' lang='lat' dir='ltr'><strong>is</strong></span> <span class='ocrx_word' id='word_1_188' title='bbox 3069 1262 3330 1317; x_wconf 91' lang='lat' dir='ltr'><strong>Henricus</strong></span> <span class='ocrx_word' id='word_1_189' title='bbox 3363 1272 3585 1319; x_wconf 84' lang='lat' dir='ltr'><strong>creatus</strong></span> <span class='ocrx_word' id='word_1_190' title='bbox 3617 1243 3810 1322; x_wconf 50' lang='grc' dir='ltr'><strong>πρωί</strong></span> 
     </span>
    </p>
   </div>
   <div class='ocr_carea' id='block_1_28' title="bbox 2211 1351 3775 1420">
    <p class='ocr_par' dir='ltr' id='par_1_28' title="bbox 2211 1351 3775 1420">
     <span class='ocr_line' id='line_1_28' title="bbox 2211 1351 3775 1420; baseline 0.005 -15"><span class='ocrx_word' id='word_1_191' title='bbox 2211 1351 2384 1420; x_wconf 78' lang='lat' dir='ltr'><strong>cpisc.</strong></span> <span class='ocrx_word' id='word_1_192' title='bbox 2423 1366 2552 1404; x_wconf 91' lang='lat' dir='ltr'><strong>ann.</strong></span> <span class='ocrx_word' id='word_1_193' title='bbox 2588 1351 2744 1417; x_wconf 79' lang='grc'>1051,</span> <span class='ocrx_word' id='word_1_194' title='bbox 2798 1362 3042 1408; x_wconf 89' lang='lat' dir='ltr'><strong>mortuus</strong></span> <span class='ocrx_word' id='word_1_195' title='bbox 3095 1355 3236 1408; x_wconf 91' lang='lat' dir='ltr'><strong>circa</strong></span> <span class='ocrx_word' id='word_1_196' title='bbox 3284 1369 3370 1408; x_wconf 89' lang='lat' dir='ltr'><strong>an.</strong></span> <span class='ocrx_word' id='word_1_197' title='bbox 3417 1355 3571 1409; x_wconf 82' lang='grc'>1070.</span> <span class='ocrx_word' id='word_1_198' title='bbox 3612 1357 3682 1412; x_wconf 75' lang='lat' dir='ltr'><strong>De</strong></span> <span class='ocrx_word' id='word_1_199' title='bbox 3718 1373 3775 1412; x_wconf 82' lang='lat' dir='ltr'><strong>eo</strong></span> 
     </span>
    </p>
   </div>
   <div class='ocr_carea' id='block_1_29' title="bbox 2214 1440 3772 1515">
    <p class='ocr_par' dir='ltr' id='par_1_29' title="bbox 2214 1440 3772 1515">
     <span class='ocr_line' id='line_1_29' title="bbox 2214 1440 3772 1515; baseline 0.004 -20"><span class='ocrx_word' id='word_1_200' title='bbox 2214 1440 2523 1497; x_wconf 81' lang='lat' dir='ltr'><strong>Alexander</strong></span> <span class='ocrx_word' id='word_1_201' title='bbox 2546 1443 2784 1511; x_wconf 77' lang='lat' dir='ltr'><strong>pontifex</strong></span> <span class='ocrx_word' id='word_1_202' title='bbox 2811 1443 3052 1499; x_wconf 87' lang='lat' dir='ltr'><strong>scribens</strong></span> <span class='ocrx_word' id='word_1_203' title='bbox 3095 1445 3160 1499; x_wconf 91' lang='lat' dir='ltr'><strong>ad</strong></span> <span class='ocrx_word' id='word_1_204' title='bbox 3197 1441 3539 1498; x_wconf 84' lang='lat' dir='ltr'><strong>Valerianum</strong></span> <span class='ocrx_word' id='word_1_205' title='bbox 3583 1446 3772 1515; x_wconf 81' lang='lat' dir='ltr'><strong>episco-</strong></span> 
     </span>
    </p>
   </div>
   <div class='ocr_carea' id='block_1_30' title="bbox 2216 1533 3774 1604">
    <p class='ocr_par' dir='ltr' id='par_1_30' title="bbox 2216 1533 3774 1604">
     <span class='ocr_line' id='line_1_30' title="bbox 2216 1533 3774 1604; baseline 0.004 -18"><span class='ocrx_word' id='word_1_206' title='bbox 2216 1548 2343 1604; x_wconf 90' lang='lat' dir='ltr'><strong>pum</strong></span> <span class='ocrx_word' id='word_1_207' title='bbox 2370 1551 2382 1588; x_wconf 90' lang='lat'>:</span> <span class='ocrx_word' id='word_1_208' title='bbox 2408 1551 2439 1584; x_wconf 85' lang='grc'><strong>-‹</strong></span> <span class='ocrx_word' id='word_1_209' title='bbox 2471 1533 2804 1603; x_wconf 86' lang='lat' dir='ltr'><strong>Stupuimus,</strong></span> <span class='ocrx_word' id='word_1_210' title='bbox 2850 1535 3039 1604; x_wconf 87' lang='lat' dir='ltr'><strong>inquit,</strong></span> <span class='ocrx_word' id='word_1_211' title='bbox 3088 1535 3230 1604; x_wconf 91' lang='lat' dir='ltr'><strong>quod</strong></span> <span class='ocrx_word' id='word_1_212' title='bbox 3273 1534 3541 1591; x_wconf 73' lang='lat' dir='ltr'><strong>Henricus</strong></span> <span class='ocrx_word' id='word_1_213' title='bbox 3583 1536 3774 1593; x_wconf 87' lang='lat' dir='ltr'><strong>Raven-</strong></span> 
     </span>
    </p>
   </div>
   <div class='ocr_carea' id='block_1_31' title="bbox 2207 1625 3773 1695">
    <p class='ocr_par' dir='ltr' id='par_1_31' title="bbox 2207 1625 3773 1695">
     <span class='ocr_line' id='line_1_31' title="bbox 2207 1625 3773 1695; baseline 0.003 -17"><span class='ocrx_word' id='word_1_214' title='bbox 2207 1639 2316 1678; x_wconf 84' lang='lat' dir='ltr'><strong>nas</strong></span> <span class='ocrx_word' id='word_1_215' title='bbox 2351 1625 2526 1679; x_wconf 90' lang='lat' dir='ltr'><strong>dictus</strong></span> <span class='ocrx_word' id='word_1_216' title='bbox 2568 1625 3025 1695; x_wconf 89' lang='lat' dir='ltr'><strong>archiepiscopus,</strong></span> <span class='ocrx_word' id='word_1_217' title='bbox 3064 1626 3224 1680; x_wconf 78' lang='lat' dir='ltr'><strong>nixus</strong></span> <span class='ocrx_word' id='word_1_218' title='bbox 3249 1626 3321 1681; x_wconf 89' lang='lat' dir='ltr'><strong>sit</strong></span> <span class='ocrx_word' id='word_1_219' title='bbox 3349 1635 3399 1680; x_wconf 91' lang='lat' dir='ltr'><strong>te</strong></span> <span class='ocrx_word' id='word_1_220' title='bbox 3423 1629 3773 1682; x_wconf 80' lang='lat' dir='ltr'><strong>excommuni-</strong></span> 
     </span>
    </p>
   </div>
   <div class='ocr_carea' id='block_1_32' title="bbox 2216 1717 3776 1788">
    <p class='ocr_par' dir='ltr' id='par_1_32' title="bbox 2216 1717 3776 1788">
     <span class='ocr_line' id='line_1_32' title="bbox 2216 1717 3776 1788; baseline -0.001 -15"><span class='ocrx_word' id='word_1_221' title='bbox 2216 1733 2360 1773; x_wconf 83' lang='lat' dir='ltr'><strong>Care.</strong></span> <span class='ocrx_word' id='word_1_222' title='bbox 2391 1717 2589 1772; x_wconf 82' lang='lat' dir='ltr'><strong>Verum</strong></span> <span class='ocrx_word' id='word_1_223' title='bbox 2630 1718 2756 1788; x_wconf 89' lang='lat' dir='ltr'><strong>quia</strong></span> <span class='ocrx_word' id='word_1_224' title='bbox 2798 1719 3296 1773; x_wconf 76' lang='lat' dir='ltr'><strong>excommunicatus</strong></span> <span class='ocrx_word' id='word_1_225' title='bbox 3342 1725 3394 1772; x_wconf 81' lang='lat' dir='ltr'><strong>te</strong></span> <span class='ocrx_word' id='word_1_226' title='bbox 3431 1719 3776 1773; x_wconf 63' lang='lat' dir='ltr'><strong>excommunio</strong></span> 
     </span>
    </p>
   </div>
   <div class='ocr_carea' id='block_1_33' title="bbox 516 1800 3774 1879">
    <p class='ocr_par' dir='ltr' id='par_1_33' title="bbox 516 1800 3774 1879">
     <span class='ocr_line' id='line_1_33' title="bbox 516 1800 3774 1879; baseline -0.002 -20"><span class='ocrx_word' id='word_1_227' title='bbox 516 1815 759 1877; x_wconf 65' lang='lat' dir='ltr'><strong>.bantur,</strong></span> <span class='ocrx_word' id='word_1_228' title='bbox 791 1825 964 1879; x_wconf 89' lang='lat' dir='ltr'><strong>neque</strong></span> <span class='ocrx_word' id='word_1_229' title='bbox 989 1807 1241 1878; x_wconf 83' lang='lat' dir='ltr'><strong>baptizatl</strong></span> <span class='ocrx_word' id='word_1_230' title='bbox 1279 1805 1569 1860; x_wconf 83' lang='lat' dir='ltr'><strong>chrismate</strong></span> <span class='ocrx_word' id='word_1_231' title='bbox 1603 1803 1956 1873; x_wconf 87' lang='lat' dir='ltr'><strong>ungebantur.</strong></span> <span class='ocrx_word' id='word_1_232' title='bbox 1987 1800 2114 1856; x_wconf 68' lang='lat' dir='ltr'><strong>Haec</strong></span> <span class='ocrx_word' id='word_1_233' title='bbox 2147 1818 2188 1876; x_wconf 71' lang='grc' dir='ltr'><strong>Β</strong></span> <span class='ocrx_word' id='word_1_234' title='bbox 2217 1823 2344 1862; x_wconf 81' lang='lat' dir='ltr'><strong>care</strong></span> <span class='ocrx_word' id='word_1_235' title='bbox 2369 1823 2472 1862; x_wconf 92' lang='lat' dir='ltr'><strong>non</strong></span> <span class='ocrx_word' id='word_1_236' title='bbox 2503 1809 2696 1878; x_wconf 82' lang='lat' dir='ltr'><strong>potuit,</strong></span> <span class='ocrx_word' id='word_1_237' title='bbox 2745 1807 3034 1877; x_wconf 39' lang='lat' dir='ltr'><strong>apostolica</strong></span> <span class='ocrx_word' id='word_1_238' title='bbox 3071 1809 3398 1863; x_wconf 75' lang='lat' dir='ltr'><strong>auctoritate</strong></span> <span class='ocrx_word' id='word_1_239' title='bbox 3451 1819 3524 1872; x_wconf 69' lang='lat' dir='ltr'><strong>te,</strong></span> <span class='ocrx_word' id='word_1_240' title='bbox 3571 1818 3774 1878; x_wconf 76' lang='lat' dir='ltr'><strong>mosque</strong></span> 
     </span>
    </p>
   </div>
   <div class='ocr_carea' id='block_1_34' title="bbox 532 1893 2118 1970">
    <p class='ocr_par' dir='ltr' id='par_1_34' title="bbox 532 1893 2118 1970">
     <span class='ocr_line' id='line_1_34' title="bbox 532 1893 2118 1970; baseline -0.006 -14"><span class='ocrx_word' id='word_1_241' title='bbox 532 1903 602 1956; x_wconf 82' lang='grc' dir='ltr'><strong>Β.</strong></span> <span class='ocrx_word' id='word_1_242' title='bbox 631 1902 826 1957; x_wconf 86' lang='lat' dir='ltr'><strong>Petrus</strong></span> <span class='ocrx_word' id='word_1_243' title='bbox 850 1899 1107 1970; x_wconf 88' lang='lat' dir='ltr'><strong>opusculo</strong></span> <span class='ocrx_word' id='word_1_244' title='bbox 1132 1913 1240 1951; x_wconf 73' lang='lat' dir='ltr'><strong>xxx</strong></span> <span class='ocrx_word' id='word_1_245' title='bbox 1271 1899 1343 1950; x_wconf 85' lang='lat' dir='ltr'><strong>De</strong></span> <span class='ocrx_word' id='word_1_246' title='bbox 1385 1895 1739 1950; x_wconf 84' lang='lat' dir='ltr'><strong>sacramentis</strong></span> <span class='ocrx_word' id='word_1_247' title='bbox 1783 1907 1877 1962; x_wconf 92' lang='lat' dir='ltr'><strong>per</strong></span> <span class='ocrx_word' id='word_1_248' title='bbox 1918 1893 2118 1961; x_wconf 89' lang='lat' dir='ltr'><strong>impro-</strong></span> 
     </span>
    </p>
   </div>
   <div class='ocr_carea' id='block_1_35' title="bbox 541 1981 2118 2054">
    <p class='ocr_par' dir='ltr' id='par_1_35' title="bbox 541 1981 2118 2054">
     <span class='ocr_line' id='line_1_35' title="bbox 541 1981 2118 2054; baseline -0.011 -4"><span class='ocrx_word' id='word_1_249' title='bbox 541 1996 640 2050; x_wconf 88' lang='lat' dir='ltr'><strong>bos</strong></span> <span class='ocrx_word' id='word_1_250' title='bbox 670 1991 1056 2048; x_wconf 87' lang='lat' dir='ltr'><strong>administratis</strong></span> <span class='ocrx_word' id='word_1_251' title='bbox 1081 1989 1186 2044; x_wconf 90' lang='lat' dir='ltr'><strong>late</strong></span> <span class='ocrx_word' id='word_1_252' title='bbox 1211 1987 1447 2049; x_wconf 88' lang='lat' dir='ltr'><strong>deducit,</strong></span> <span class='ocrx_word' id='word_1_253' title='bbox 1489 1986 1628 2054; x_wconf 91' lang='lat' dir='ltr'><strong>quod</strong></span> <span class='ocrx_word' id='word_1_254' title='bbox 1657 1983 1981 2038; x_wconf 85' lang='lat' dir='ltr'><strong>Florentinis</strong></span> <span class='ocrx_word' id='word_1_255' title='bbox 2019 1981 2118 2035; x_wconf 90' lang='lat' dir='ltr'><strong>mi-</strong></span> 
     </span>
    </p>
   </div>
   <div class='ocr_carea' id='block_1_36' title="bbox 543 2071 2112 2151">
    <p class='ocr_par' dir='ltr' id='par_1_36' title="bbox 543 2071 2112 2151">
     <span class='ocr_line' id='line_1_36' title="bbox 543 2071 2112 2151; baseline -0.01 -12"><span class='ocrx_word' id='word_1_256' title='bbox 543 2085 634 2138; x_wconf 88' lang='lat' dir='ltr'><strong>sit.</strong></span> <span class='ocrx_word' id='word_1_257' title='bbox 666 2081 910 2151; x_wconf 88' lang='lat' dir='ltr'><strong>Correpti</strong></span> <span class='ocrx_word' id='word_1_258' title='bbox 949 2077 1197 2133; x_wconf 91' lang='lat' dir='ltr'><strong>monachi</strong></span> <span class='ocrx_word' id='word_1_259' title='bbox 1219 2075 1362 2144; x_wconf 89' lang='lat' dir='ltr'><strong>justa</strong></span> <span class='ocrx_word' id='word_1_260' title='bbox 1393 2075 1450 2128; x_wconf 90' lang='grc' dir='ltr'><strong>Β.</strong></span> <span class='ocrx_word' id='word_1_261' title='bbox 1489 2075 1633 2128; x_wconf 81' lang='lat' dir='ltr'><strong>Petri</strong></span> <span class='ocrx_word' id='word_1_262' title='bbox 1677 2071 2112 2142; x_wconf 82' lang='lat' dir='ltr'><strong>reprehensione,</strong></span> 
     </span>
    </p>
   </div>
   <div class='ocr_carea' id='block_1_37' title="bbox 543 2166 2116 2246">
    <p class='ocr_par' dir='ltr' id='par_1_37' title="bbox 543 2166 2116 2246">
     <span class='ocr_line' id='line_1_37' title="bbox 543 2166 2116 2246; baseline -0.008 -15"><span class='ocrx_word' id='word_1_263' title='bbox 543 2177 686 2246; x_wconf 92' lang='lat' dir='ltr'><strong>quod</strong></span> <span class='ocrx_word' id='word_1_264' title='bbox 732 2176 848 2230; x_wconf 83' lang='lat' dir='ltr'><strong>zelo</strong></span> <span class='ocrx_word' id='word_1_265' title='bbox 884 2189 990 2228; x_wconf 90' lang='lat' dir='ltr'><strong>non</strong></span> <span class='ocrx_word' id='word_1_266' title='bbox 1020 2180 1162 2227; x_wconf 89' lang='lat' dir='ltr'><strong>recte</strong></span> <span class='ocrx_word' id='word_1_267' title='bbox 1199 2170 1445 2225; x_wconf 89' lang='lat' dir='ltr'><strong>ordinato</strong></span> <span class='ocrx_word' id='word_1_268' title='bbox 1475 2167 1741 2237; x_wconf 87' lang='lat' dir='ltr'><strong>prosecuti</strong></span> <span class='ocrx_word' id='word_1_269' title='bbox 1767 2181 1979 2220; x_wconf 72' lang='lat' dir='ltr'><strong>causam</strong></span> <span class='ocrx_word' id='word_1_270' title='bbox 2005 2166 2116 2234; x_wconf 86' lang='lat' dir='ltr'><strong>epi-</strong></span> 
     </span>
    </p>
   </div>
   <div class='ocr_carea' id='block_1_38' title="bbox 545 2257 2120 2342">
    <p class='ocr_par' dir='ltr' id='par_1_38' title="bbox 545 2257 2120 2342">
     <span class='ocr_line' id='line_1_38' title="bbox 545 2257 2120 2342; baseline -0.01 -16"><span class='ocrx_word' id='word_1_271' title='bbox 545 2272 692 2342; x_wconf 80' lang='lat' dir='ltr'><strong>scapi</strong></span> <span class='ocrx_word' id='word_1_272' title='bbox 717 2278 918 2334; x_wconf 90' lang='lat' dir='ltr'><strong>essent,</strong></span> <span class='ocrx_word' id='word_1_273' title='bbox 962 2267 1185 2322; x_wconf 81' lang='lat' dir='ltr'><strong>Romam</strong></span> <span class='ocrx_word' id='word_1_274' title='bbox 1227 2263 1475 2335; x_wconf 87' lang='lat' dir='ltr'><strong>profecti,</strong></span> <span class='ocrx_word' id='word_1_275' title='bbox 1503 2277 1685 2316; x_wconf 88' lang='lat' dir='ltr'><strong>coram</strong></span> <span class='ocrx_word' id='word_1_276' title='bbox 1711 2260 1960 2330; x_wconf 87' lang='lat' dir='ltr'><strong>pontiﬁce</strong></span> <span class='ocrx_word' id='word_1_277' title='bbox 2006 2257 2120 2329; x_wconf 85' lang='lat' dir='ltr'><strong>epi-</strong></span> 
     </span>
    </p>
   </div>
   <div class='ocr_carea' id='block_1_39' title="bbox 545 2349 2118 2431">
    <p class='ocr_par' dir='ltr' id='par_1_39' title="bbox 545 2349 2118 2431">
     <span class='ocr_line' id='line_1_39' title="bbox 545 2349 2118 2431; baseline -0.007 -14"><span class='ocrx_word' id='word_1_278' title='bbox 545 2377 768 2431; x_wconf 78' lang='lat' dir='ltr'><strong>scapum</strong></span> <span class='ocrx_word' id='word_1_279' title='bbox 819 2365 1181 2422; x_wconf 87' lang='lat' dir='ltr'><strong>accusarunt,</strong></span> <span class='ocrx_word' id='word_1_280' title='bbox 1212 2365 1300 2411; x_wconf 77' lang='lat' dir='ltr'><strong>~et</strong></span> <span class='ocrx_word' id='word_1_281' title='bbox 1351 2353 1542 2408; x_wconf 84' lang='lat' dir='ltr'><strong>Petrus</strong></span> <span class='ocrx_word' id='word_1_282' title='bbox 1595 2355 1895 2408; x_wconf 86' lang='lat' dir='ltr'><strong>monachus</strong></span> <span class='ocrx_word' id='word_1_283' title='bbox 1951 2349 2118 2406; x_wconf 80' lang='lat' dir='ltr'><strong>Vallis</strong></span> 
     </span>
    </p>
   </div>
   <div class='ocr_carea' id='block_1_40' title="bbox 538 2440 2117 2518">
    <p class='ocr_par' dir='ltr' id='par_1_40' title="bbox 538 2440 2117 2518">
     <span class='ocr_line' id='line_1_40' title="bbox 538 2440 2117 2518; baseline -0.005 -14"><span class='ocrx_word' id='word_1_284' title='bbox 538 2450 845 2512; x_wconf 71' lang='lat' dir='ltr'><strong>.Umbroste,</strong></span> <span class='ocrx_word' id='word_1_285' title='bbox 885 2455 1014 2518; x_wconf 87' lang='lat' dir='ltr'><strong>post</strong></span> <span class='ocrx_word' id='word_1_286' title='bbox 1065 2444 1387 2501; x_wconf 89' lang='lat' dir='ltr'><strong>sacriﬁcium</strong></span> <span class='ocrx_word' id='word_1_287' title='bbox 1432 2443 1629 2507; x_wconf 64' lang='lat' dir='ltr'><strong>missae,</strong></span> <span class='ocrx_word' id='word_1_288' title='bbox 1677 2441 1898 2496; x_wconf 89' lang='lat' dir='ltr'><strong>indutus</strong></span> <span class='ocrx_word' id='word_1_289' title='bbox 1941 2440 2117 2496; x_wconf 84' lang='lat' dir='ltr'><strong>adhuc</strong></span> 
     </span>
    </p>
   </div>
   <div class='ocr_carea' id='block_1_41' title="bbox 533 2532 2116 2604">
    <p class='ocr_par' dir='ltr' id='par_1_41' title="bbox 533 2532 2116 2604">
     <span class='ocr_line' id='line_1_41' title="bbox 533 2532 2116 2604; baseline -0.005 -10"><span class='ocrx_word' id='word_1_290' title='bbox 533 2540 781 2594; x_wconf 67' lang='lat' dir='ltr'><strong>vestibus</strong></span> <span class='ocrx_word' id='word_1_291' title='bbox 809 2538 996 2602; x_wconf 86' lang='lat' dir='ltr'><strong>sacris,</strong></span> <span class='ocrx_word' id='word_1_292' title='bbox 1041 2535 1210 2592; x_wconf 90' lang='lat' dir='ltr'><strong>solum</strong></span> <span class='ocrx_word' id='word_1_293' title='bbox 1255 2533 1437 2590; x_wconf 88' lang='lat' dir='ltr'><strong>casula</strong></span> <span class='ocrx_word' id='word_1_294' title='bbox 1484 2533 1747 2604; x_wconf 90' lang='lat' dir='ltr'><strong>deposita,</strong></span> <span class='ocrx_word' id='word_1_295' title='bbox 1794 2547 1892 2603; x_wconf 89' lang='lat' dir='ltr'><strong>per</strong></span> <span class='ocrx_word' id='word_1_296' title='bbox 1936 2532 2116 2602; x_wconf 86' lang='lat' dir='ltr'><strong>ignem</strong></span> 
     </span>
    </p>
   </div>
   <div class='ocr_carea' id='block_1_42' title="bbox 541 2624 2116 2698">
    <p class='ocr_par' dir='ltr' id='par_1_42' title="bbox 541 2624 2116 2698">
     <span class='ocr_line' id='line_1_42' title="bbox 541 2624 2116 2698; baseline -0.005 -10"><span class='ocrx_word' id='word_1_297' title='bbox 541 2633 740 2689; x_wconf 64' lang='lat' dir='ltr'><strong>illiesus</strong></span> <span class='ocrx_word' id='word_1_298' title='bbox 791 2630 1002 2686; x_wconf 90' lang='lat' dir='ltr'><strong>transiit</strong></span> <span class='ocrx_word' id='word_1_299' title='bbox 1047 2646 1061 2684; x_wconf 90' lang='lat'><strong>:</strong></span> <span class='ocrx_word' id='word_1_300' title='bbox 1110 2629 1185 2683; x_wconf 92' lang='lat' dir='ltr'><strong>uti</strong></span> <span class='ocrx_word' id='word_1_301' title='bbox 1231 2627 1472 2698; x_wconf 89' lang='lat' dir='ltr'><strong>pluribus</strong></span> <span class='ocrx_word' id='word_1_302' title='bbox 1520 2627 1778 2682; x_wconf 89' lang='lat' dir='ltr'><strong>describit</strong></span> <span class='ocrx_word' id='word_1_303' title='bbox 1809 2624 2116 2681; x_wconf 80' lang='lat' dir='ltr'><strong>Desiderius</strong></span> 
     </span>
    </p>
   </div>
   <div class='ocr_carea' id='block_1_43' title="bbox 535 2714 2115 2790">
    <p class='ocr_par' dir='ltr' id='par_1_43' title="bbox 535 2714 2115 2790">
     <span class='ocr_line' id='line_1_43' title="bbox 535 2714 2115 2790; baseline -0.006 -12"><span class='ocrx_word' id='word_1_304' title='bbox 535 2726 710 2780; x_wconf 83' lang='lat' dir='ltr'><strong>abbas</strong></span> <span class='ocrx_word' id='word_1_305' title='bbox 731 2721 1059 2787; x_wconf 83' lang='lat' dir='ltr'><strong>Casinensis,</strong></span> <span class='ocrx_word' id='word_1_306' title='bbox 1105 2720 1194 2790; x_wconf 91' lang='lat' dir='ltr'><strong>qui</strong></span> <span class='ocrx_word' id='word_1_307' title='bbox 1237 2717 1483 2774; x_wconf 89' lang='lat' dir='ltr'><strong>eumdem</strong></span> <span class='ocrx_word' id='word_1_308' title='bbox 1507 2717 1727 2774; x_wconf 87' lang='lat' dir='ltr'><strong>Petrum</strong></span> <span class='ocrx_word' id='word_1_309' title='bbox 1753 2718 1921 2788; x_wconf 90' lang='lat' dir='ltr'><strong>cpisc.</strong></span> <span class='ocrx_word' id='word_1_310' title='bbox 1952 2714 2115 2770; x_wconf 86' lang='lat' dir='ltr'><strong>Alba-</strong></span> 
     </span>
    </p>
   </div>
   <div class='ocr_carea' id='block_1_44' title="bbox 541 2805 2111 2881">
    <p class='ocr_par' dir='ltr' id='par_1_44' title="bbox 541 2805 2111 2881">
     <span class='ocr_line' id='line_1_44' title="bbox 541 2805 2111 2881; baseline -0.007 -12"><span class='ocrx_word' id='word_1_311' title='bbox 541 2830 786 2879; x_wconf 92' lang='lat' dir='ltr'><strong>nensem,</strong></span> <span class='ocrx_word' id='word_1_312' title='bbox 817 2814 942 2868; x_wconf 88' lang='lat' dir='ltr'><strong>dum</strong></span> <span class='ocrx_word' id='word_1_313' title='bbox 965 2811 1244 2875; x_wconf 88' lang='lat' dir='ltr'><strong>scriberet,</strong></span> <span class='ocrx_word' id='word_1_314' title='bbox 1275 2810 1450 2864; x_wconf 92' lang='lat' dir='ltr'><strong>adhuc</strong></span> <span class='ocrx_word' id='word_1_315' title='bbox 1492 2809 1821 2881; x_wconf 81' lang='lat' dir='ltr'><strong>superfuisse</strong></span> <span class='ocrx_word' id='word_1_316' title='bbox 1859 2805 2111 2860; x_wconf 81' lang='lat' dir='ltr'><strong>afﬁrmat.</strong></span> 
     </span>
    </p>
   </div>
   <div class='ocr_carea' id='block_1_45' title="bbox 539 2897 2113 2966">
    <p class='ocr_par' dir='ltr' id='par_1_45' title="bbox 539 2897 2113 2966">
     <span class='ocr_line' id='line_1_45' title="bbox 539 2897 2113 2966; baseline -0.006 -7"><span class='ocrx_word' id='word_1_317' title='bbox 539 2906 738 2960; x_wconf 92' lang='lat' dir='ltr'><strong>Baron.</strong></span> <span class='ocrx_word' id='word_1_318' title='bbox 779 2907 844 2958; x_wconf 89' lang='lat' dir='ltr'><strong>ad</strong></span> <span class='ocrx_word' id='word_1_319' title='bbox 881 2919 970 2957; x_wconf 91' lang='lat' dir='ltr'><strong>an.</strong></span> <span class='ocrx_word' id='word_1_320' title='bbox 1023 2903 1178 2966; x_wconf 81' lang='grc'>1065,</span> <span class='ocrx_word' id='word_1_321' title='bbox 1211 2917 1356 2955; x_wconf 84' lang='grc' dir='ltr'><strong>ηυιη.</strong></span> <span class='ocrx_word' id='word_1_322' title='bbox 1411 2901 1500 2966; x_wconf 81' lang='lat'><strong>58,</strong></span> <span class='ocrx_word' id='word_1_323' title='bbox 1547 2900 1762 2963; x_wconf 87' lang='lat' dir='ltr'><strong>asserit,</strong></span> <span class='ocrx_word' id='word_1_324' title='bbox 1813 2916 1830 2948; x_wconf 80' lang='grc' dir='ltr'><strong>ι</strong></span> <span class='ocrx_word' id='word_1_325' title='bbox 1893 2897 2113 2953; x_wconf 90' lang='lat' dir='ltr'><strong>Petrum</strong></span> 
     </span>
    </p>
   </div>
   <div class='ocr_carea' id='block_1_46' title="bbox 540 2989 2114 3064">
    <p class='ocr_par' dir='ltr' id='par_1_46' title="bbox 540 2989 2114 3064">
     <span class='ocr_line' id='line_1_46' title="bbox 540 2989 2114 3064; baseline -0.007 -10"><span class='ocrx_word' id='word_1_326' title='bbox 540 2998 912 3055; x_wconf 84' lang='lat' dir='ltr'><strong>Florentinum</strong></span> <span class='ocrx_word' id='word_1_327' title='bbox 962 2997 1294 3064; x_wconf 87' lang='lat' dir='ltr'><strong>episcopmu,</strong></span> <span class='ocrx_word' id='word_1_328' title='bbox 1353 3013 1371 3045; x_wconf 81' lang='grc' dir='ltr'><strong>ι</strong></span> <span class='ocrx_word' id='word_1_329' title='bbox 1417 3009 1578 3063; x_wconf 84' lang='lat' dir='ltr'><strong>quem</strong></span> <span class='ocrx_word' id='word_1_330' title='bbox 1625 2993 1758 3046; x_wconf 84' lang='lat' dir='ltr'><strong>Acta</strong></span> <span class='ocrx_word' id='word_1_331' title='bbox 1803 2989 1860 3045; x_wconf 83' lang='lat' dir='ltr'><strong>S.</strong></span> <span class='ocrx_word' id='word_1_332' title='bbox 1891 2989 2114 3045; x_wconf 86' lang='lat' dir='ltr'><strong>Joannis</strong></span> 
     </span>
    </p>
   </div>
   <div class='ocr_carea' id='block_1_47' title="bbox 541 3081 2110 3154">
    <p class='ocr_par' dir='ltr' id='par_1_47' title="bbox 541 3081 2110 3154">
     <span class='ocr_line' id='line_1_47' title="bbox 541 3081 2110 3154; baseline -0.006 -8"><span class='ocrx_word' id='word_1_333' title='bbox 541 3090 818 3148; x_wconf 87' lang='lat' dir='ltr'><strong>Gualberti</strong></span> <span class='ocrx_word' id='word_1_334' title='bbox 853 3088 1072 3142; x_wconf 88' lang='lat' dir='ltr'><strong>tradunt</strong></span> <span class='ocrx_word' id='word_1_335' title='bbox 1097 3087 1165 3140; x_wconf 90' lang='lat' dir='ltr'><strong>ab</strong></span> <span class='ocrx_word' id='word_1_336' title='bbox 1197 3105 1214 3137; x_wconf 81' lang='grc' dir='ltr'><strong>ι</strong></span> <span class='ocrx_word' id='word_1_337' title='bbox 1250 3085 1556 3140; x_wconf 80' lang='lat' dir='ltr'><strong>Alexandro</strong></span> <span class='ocrx_word' id='word_1_338' title='bbox 1584 3083 1835 3154; x_wconf 86' lang='lat' dir='ltr'><strong>pontiﬁce</strong></span> <span class='ocrx_word' id='word_1_339' title='bbox 1872 3083 1938 3138; x_wconf 94' lang='lat' dir='ltr'><strong>de</strong></span> <span class='ocrx_word' id='word_1_340' title='bbox 1963 3081 2110 3138; x_wconf 91' lang='lat' dir='ltr'><strong>omni</strong></span> 
     </span>
    </p>
   </div>
   <div class='ocr_carea' id='block_1_48' title="bbox 2219 1886 3775 1965">
    <p class='ocr_par' dir='ltr' id='par_1_48' title="bbox 2219 1886 3775 1965">
     <span class='ocr_line' id='line_1_48' title="bbox 2219 1886 3775 1965; baseline -0.001 -11"><span class='ocrx_word' id='word_1_341' title='bbox 2219 1900 2575 1965; x_wconf 84' lang='lat' dir='ltr'><strong>absolvendo,</strong></span> <span class='ocrx_word' id='word_1_342' title='bbox 2620 1900 2938 1955; x_wconf 86' lang='lat' dir='ltr'><strong>mandamus</strong></span> <span class='ocrx_word' id='word_1_343' title='bbox 3000 1886 3194 1954; x_wconf 75' lang='lat' dir='ltr'><strong>exinde</strong></span> <span class='ocrx_word' id='word_1_344' title='bbox 3246 1913 3353 1953; x_wconf 91' lang='lat' dir='ltr'><strong>non</strong></span> <span class='ocrx_word' id='word_1_345' title='bbox 3406 1913 3615 1953; x_wconf 89' lang='lat' dir='ltr'><strong>curare.</strong></span> <span class='ocrx_word' id='word_1_346' title='bbox 3661 1918 3678 1950; x_wconf 84' lang='grc' dir='ltr'><strong>ι</strong></span> <span class='ocrx_word' id='word_1_347' title='bbox 3709 1898 3775 1952; x_wconf 81' lang='lat' dir='ltr'><strong>lu</strong></span> 
     </span>
    </p>
   </div>
   <div class='ocr_carea' id='block_1_49' title="bbox 2213 1988 3774 2060">
    <p class='ocr_par' dir='ltr' id='par_1_49' title="bbox 2213 1988 3774 2060">
     <span class='ocr_line' id='line_1_49' title="bbox 2213 1988 3774 2060; baseline -0.003 -14"><span class='ocrx_word' id='word_1_348' title='bbox 2213 2006 2283 2046; x_wconf 81' lang='lat' dir='ltr'><strong>ex</strong></span> <span class='ocrx_word' id='word_1_349' title='bbox 2330 1991 2523 2055; x_wconf 88' lang='lat' dir='ltr'><strong>lvone,</strong></span> <span class='ocrx_word' id='word_1_350' title='bbox 2559 2001 2626 2045; x_wconf 86' lang='lat' dir='ltr'><strong>et</strong></span> <span class='ocrx_word' id='word_1_351' title='bbox 2671 1991 2928 2047; x_wconf 88' lang='lat' dir='ltr'><strong>Gratiano</strong></span> <span class='ocrx_word' id='word_1_352' title='bbox 2975 1991 3228 2053; x_wconf 71' lang='lat' dir='ltr'><strong>Rubaaus,</strong></span> <span class='ocrx_word' id='word_1_353' title='bbox 3257 1999 3311 2044; x_wconf 91' lang='lat' dir='ltr'><strong>et</strong></span> <span class='ocrx_word' id='word_1_354' title='bbox 3345 1988 3562 2060; x_wconf 74' lang='lat' dir='ltr'><strong>Ughel.«</strong></span> <span class='ocrx_word' id='word_1_355' title='bbox 3605 1989 3774 2044; x_wconf 77' lang='lat' dir='ltr'><strong>Prefa-</strong></span> 
     </span>
    </p>
   </div>
   <div class='ocr_carea' id='block_1_50' title="bbox 2216 2081 3774 2146">
    <p class='ocr_par' dir='ltr' id='par_1_50' title="bbox 2216 2081 3774 2146">
     <span class='ocr_line' id='line_1_50' title="bbox 2216 2081 3774 2146; baseline 0 -11"><span class='ocrx_word' id='word_1_356' title='bbox 2216 2090 2408 2136; x_wconf 84' lang='lat' dir='ltr'><strong>natore</strong></span> <span class='ocrx_word' id='word_1_357' title='bbox 2458 2081 2702 2146; x_wconf 89' lang='lat' dir='ltr'><strong>sublato,</strong></span> <span class='ocrx_word' id='word_1_358' title='bbox 2733 2099 2752 2132; x_wconf 84' lang='grc' dir='ltr'><strong>ι</strong></span> <span class='ocrx_word' id='word_1_359' title='bbox 2779 2083 2852 2136; x_wconf 85' lang='lat' dir='ltr'><strong>uti</strong></span> <span class='ocrx_word' id='word_1_360' title='bbox 2898 2082 3032 2136; x_wconf 83' lang='lat' dir='ltr'><strong>Acta</strong></span> <span class='ocrx_word' id='word_1_361' title='bbox 3077 2081 3216 2135; x_wconf 89' lang='lat' dir='ltr'><strong>infra</strong></span> <span class='ocrx_word' id='word_1_362' title='bbox 3258 2082 3478 2146; x_wconf 88' lang='lat' dir='ltr'><strong>habent,</strong></span> <span class='ocrx_word' id='word_1_363' title='bbox 3519 2097 3660 2135; x_wconf 88' lang='lat' dir='ltr'><strong>num.</strong></span> <span class='ocrx_word' id='word_1_364' title='bbox 3697 2081 3774 2142; x_wconf 70' lang='lat'><strong>49,</strong></span> 
     </span>
    </p>
   </div>
   <div class='ocr_carea' id='block_1_51' title="bbox 2224 2174 3777 2246">
    <p class='ocr_par' dir='ltr' id='par_1_51' title="bbox 2224 2174 3777 2246">
     <span class='ocr_line' id='line_1_51' title="bbox 2224 2174 3777 2246; baseline 0 -19"><span class='ocrx_word' id='word_1_365' title='bbox 2224 2196 2241 2227; x_wconf 81' lang='grc' dir='ltr'><strong>ι</strong></span> <span class='ocrx_word' id='word_1_366' title='bbox 2270 2175 2425 2244; x_wconf 83' lang='lat' dir='ltr'><strong>jussu</strong></span> <span class='ocrx_word' id='word_1_367' title='bbox 2474 2177 2765 2231; x_wconf 69' lang='lat' dir='ltr'><strong>Alexandri</strong></span> <span class='ocrx_word' id='word_1_368' title='bbox 2808 2175 2849 2229; x_wconf 94' lang='lat' dir='ltr'><strong>ll</strong></span> <span class='ocrx_word' id='word_1_369' title='bbox 2888 2175 3195 2231; x_wconf 85' lang='lat' dir='ltr'><strong>Ravennam</strong></span> <span class='ocrx_word' id='word_1_370' title='bbox 3257 2174 3525 2245; x_wconf 89' lang='lat' dir='ltr'><strong>proﬁcisci</strong></span> <span class='ocrx_word' id='word_1_371' title='bbox 3563 2175 3777 2246; x_wconf 65' lang='lat' dir='ltr'><strong>praecipi-</strong></span> 
     </span>
    </p>
   </div>
   <div class='ocr_carea' id='block_1_52' title="bbox 2220 2263 3774 2334">
    <p class='ocr_par' dir='ltr' id='par_1_52' title="bbox 2220 2263 3774 2334">
     <span class='ocr_line' id='line_1_52' title="bbox 2220 2263 3774 2334; baseline -0.001 -16"><span class='ocrx_word' id='word_1_372' title='bbox 2220 2276 2325 2320; x_wconf 92' lang='lat' dir='ltr'><strong>tur.</strong></span> <span class='ocrx_word' id='word_1_373' title='bbox 2371 2265 2543 2332; x_wconf 87' lang='lat' dir='ltr'><strong>Quam</strong></span> <span class='ocrx_word' id='word_1_374' title='bbox 2585 2265 2926 2334; x_wconf 83' lang='lat' dir='ltr'><strong>legationem,</strong></span> <span class='ocrx_word' id='word_1_375' title='bbox 2980 2264 3104 2320; x_wconf 90' lang='lat' dir='ltr'><strong>licet</strong></span> <span class='ocrx_word' id='word_1_376' title='bbox 3142 2264 3252 2334; x_wconf 87' lang='lat' dir='ltr'><strong>jam</strong></span> <span class='ocrx_word' id='word_1_377' title='bbox 3298 2272 3459 2318; x_wconf 66' lang='lat' dir='ltr'><strong>aetate</strong></span> <span class='ocrx_word' id='word_1_378' title='bbox 3501 2263 3774 2327; x_wconf 82' lang='lat' dir='ltr'><strong>confectus,</strong></span> 
     </span>
    </p>
   </div>
   <div class='ocr_carea' id='block_1_53' title="bbox 2215 2357 2522 2427">
    <p class='ocr_par' dir='ltr' id='par_1_53' title="bbox 2215 2357 2522 2427">
     <span class='ocr_line' id='line_1_53' title="bbox 2215 2357 2522 2427; baseline -0.007 -15"><span class='ocrx_word' id='word_1_379' title='bbox 2215 2357 2470 2427; x_wconf 88' lang='lat' dir='ltr'><strong>suscepit.</strong></span> <span class='ocrx_word' id='word_1_380' title='bbox 2503 2376 2522 2410; x_wconf 77' lang='grc' dir='ltr'><strong>ι</strong></span> 
     </span>
    </p>
   </div>
   <div class='ocr_carea' id='block_1_54' title="bbox 2285 2447 3776 2518">
    <p class='ocr_par' dir='ltr' id='par_1_54' title="bbox 2285 2447 3776 2518">
     <span class='ocr_line' id='line_1_54' title="bbox 2285 2447 3776 2518; baseline 0.001 -17"><span class='ocrx_word' id='word_1_381' title='bbox 2285 2447 2374 2503; x_wconf 80' lang='grc'><strong>58.</strong></span> <span class='ocrx_word' id='word_1_382' title='bbox 2413 2465 2432 2499; x_wconf 81' lang='grc' dir='ltr'><strong>ι</strong></span> <span class='ocrx_word' id='word_1_383' title='bbox 2464 2447 2584 2504; x_wconf 82' lang='lat' dir='ltr'><strong>Istis</strong></span> <span class='ocrx_word' id='word_1_384' title='bbox 2613 2462 2760 2513; x_wconf 90' lang='lat' dir='ltr'><strong>vero,</strong></span> <span class='ocrx_word' id='word_1_385' title='bbox 2795 2467 2814 2501; x_wconf 74' lang='grc' dir='ltr'><strong>ι</strong></span> <span class='ocrx_word' id='word_1_386' title='bbox 2844 2459 2901 2504; x_wconf 90' lang='lat' dir='ltr'><strong>ut</strong></span> <span class='ocrx_word' id='word_1_387' title='bbox 2939 2463 3088 2504; x_wconf 81' lang='lat' dir='ltr'><strong>num.</strong></span> <span class='ocrx_word' id='word_1_388' title='bbox 3133 2447 3205 2502; x_wconf 70' lang='lat'><strong>49</strong></span> <span class='ocrx_word' id='word_1_389' title='bbox 3244 2449 3485 2514; x_wconf 72' lang='lat' dir='ltr'><strong>addit-ur,</strong></span> <span class='ocrx_word' id='word_1_390' title='bbox 3519 2466 3539 2502; x_wconf 80' lang='grc' dir='ltr'><strong>ι</strong></span> <span class='ocrx_word' id='word_1_391' title='bbox 3568 2447 3776 2518; x_wconf 82' lang='lat' dir='ltr'><strong>aliisque</strong></span> 
     </span>
    </p>
   </div>
   <div class='ocr_carea' id='block_1_55' title="bbox 2215 2539 3774 2614">
    <p class='ocr_par' dir='ltr' id='par_1_55' title="bbox 2215 2539 3774 2614">
     <span class='ocr_line' id='line_1_55' title="bbox 2215 2539 3774 2614; baseline -0.003 -18"><span class='ocrx_word' id='word_1_392' title='bbox 2215 2539 2486 2597; x_wconf 84' lang='lat' dir='ltr'><strong>nonnullis</strong></span> <span class='ocrx_word' id='word_1_393' title='bbox 2534 2542 2764 2614; x_wconf 87' lang='lat' dir='ltr'><strong>negotiis</strong></span> <span class='ocrx_word' id='word_1_394' title='bbox 2811 2542 3060 2613; x_wconf 88' lang='lat' dir='ltr'><strong>patratis,</strong></span> <span class='ocrx_word' id='word_1_395' title='bbox 3117 2557 3240 2596; x_wconf 89' lang='lat' dir='ltr'><strong>cum</strong></span> <span class='ocrx_word' id='word_1_396' title='bbox 3295 2557 3472 2611; x_wconf 79' lang='lat' dir='ltr'><strong>prima</strong></span> <span class='ocrx_word' id='word_1_397' title='bbox 3517 2541 3774 2596; x_wconf 82' lang='lat' dir='ltr'><strong>mansione</strong></span> 
     </span>
    </p>
   </div>
   <div class='ocr_carea' id='block_1_56' title="bbox 2216 2631 3775 2702">
    <p class='ocr_par' dir='ltr' id='par_1_56' title="bbox 2216 2631 3775 2702">
     <span class='ocr_line' id='line_1_56' title="bbox 2216 2631 3775 2702; baseline -0.001 -18"><span class='ocrx_word' id='word_1_398' title='bbox 2216 2631 2526 2686; x_wconf 83' lang='lat' dir='ltr'><strong>Faventiam</strong></span> <span class='ocrx_word' id='word_1_399' title='bbox 2564 2633 2844 2698; x_wconf 86' lang='lat' dir='ltr'><strong>tenuisset,</strong></span> <span class='ocrx_word' id='word_1_400' title='bbox 2893 2631 3043 2688; x_wconf 86' lang='lat' dir='ltr'><strong>febre</strong></span> <span class='ocrx_word' id='word_1_401' title='bbox 3090 2640 3373 2702; x_wconf 91' lang='lat' dir='ltr'><strong>correptus</strong></span> <span class='ocrx_word' id='word_1_402' title='bbox 3420 2631 3687 2696; x_wconf 86' lang='lat' dir='ltr'><strong>decubuit,</strong></span> <span class='ocrx_word' id='word_1_403' title='bbox 3727 2638 3775 2683; x_wconf 86' lang='lat' dir='ltr'><strong>et</strong></span> 
     </span>
    </p>
   </div>
   <div class='ocr_carea' id='block_1_57' title="bbox 2215 2720 3773 2792">
    <p class='ocr_par' dir='ltr' id='par_1_57' title="bbox 2215 2720 3773 2792">
     <span class='ocr_line' id='line_1_57' title="bbox 2215 2720 3773 2792; baseline -0.003 -14"><span class='ocrx_word' id='word_1_404' title='bbox 2215 2723 2301 2778; x_wconf 92' lang='lat' dir='ltr'><strong>die</strong></span> <span class='ocrx_word' id='word_1_405' title='bbox 2353 2724 2720 2780; x_wconf 87' lang='lat' dir='ltr'><strong>anniversaria</strong></span> <span class='ocrx_word' id='word_1_406' title='bbox 2767 2724 3039 2780; x_wconf 48' lang='lat' dir='ltr'><strong>cathedra)</strong></span> <span class='ocrx_word' id='word_1_407' title='bbox 3081 2723 3137 2778; x_wconf 91' lang='lat' dir='ltr'><strong>S.</strong></span> <span class='ocrx_word' id='word_1_408' title='bbox 3180 2723 3348 2787; x_wconf 89' lang='lat' dir='ltr'><strong>Petri,</strong></span> <span class='ocrx_word' id='word_1_409' title='bbox 3403 2722 3644 2792; x_wconf 89' lang='lat' dir='ltr'><strong>spiritum</strong></span> <span class='ocrx_word' id='word_1_410' title='bbox 3680 2720 3773 2774; x_wconf 88' lang='lat' dir='ltr'><strong>Deo</strong></span> 
     </span>
    </p>
   </div>
   <div class='ocr_carea' id='block_1_58' title="bbox 2215 2811 3836 2888">
    <p class='ocr_par' dir='ltr' id='par_1_58' title="bbox 2215 2811 3836 2888">
     <span class='ocr_line' id='line_1_58' title="bbox 2215 2811 3836 2888; baseline -0.006 -18"><span class='ocrx_word' id='word_1_411' title='bbox 2215 2816 2467 2872; x_wconf 86' lang='lat' dir='ltr'><strong>reddidit.</strong></span> <span class='ocrx_word' id='word_1_412' title='bbox 2503 2835 2521 2868; x_wconf 80' lang='grc' dir='ltr'><strong>ι</strong></span> <span class='ocrx_word' id='word_1_413' title='bbox 2551 2816 2765 2871; x_wconf 83' lang='grc' dir='ltr'>Αιιιιιιιιι</span> <span class='ocrx_word' id='word_1_414' title='bbox 2806 2816 2986 2872; x_wconf 90' lang='lat' dir='ltr'><strong>obitus</strong></span> <span class='ocrx_word' id='word_1_415' title='bbox 3012 2815 3278 2885; x_wconf 75' lang='lat' dir='ltr'><strong>expressit</strong></span> <span class='ocrx_word' id='word_1_416' title='bbox 3307 2813 3629 2869; x_wconf 89' lang='lat' dir='ltr'><strong>Bertholdus</strong></span> <span class='ocrx_word' id='word_1_417' title='bbox 3653 2811 3774 2867; x_wconf 87' lang='lat' dir='ltr'><strong>Cou-</strong></span> <span class='ocrx_word' id='word_1_418' title='bbox 3819 2869 3836 2888; x_wconf 55' lang='grc'><em>,</em></span> 
     </span>
    </p>
   </div>
   <div class='ocr_carea' id='block_1_59' title="bbox 2217 2904 3772 2975">
    <p class='ocr_par' dir='ltr' id='par_1_59' title="bbox 2217 2904 3772 2975">
     <span class='ocr_line' id='line_1_59' title="bbox 2217 2904 3772 2975; baseline -0.007 -12"><span class='ocrx_word' id='word_1_419' title='bbox 2217 2906 2550 2973; x_wconf 88' lang='lat' dir='ltr'><strong>stantiensis,</strong></span> <span class='ocrx_word' id='word_1_420' title='bbox 2593 2917 2800 2970; x_wconf 89' lang='lat' dir='ltr'><strong>auctor,</strong></span> <span class='ocrx_word' id='word_1_421' title='bbox 2848 2915 2904 2960; x_wconf 94' lang='lat' dir='ltr'><strong>ut</strong></span> <span class='ocrx_word' id='word_1_422' title='bbox 2947 2920 3110 2975; x_wconf 87' lang='lat' dir='ltr'><strong>supra</strong></span> <span class='ocrx_word' id='word_1_423' title='bbox 3161 2904 3519 2966; x_wconf 87' lang='lat' dir='ltr'><strong>ostendimus,</strong></span> <span class='ocrx_word' id='word_1_424' title='bbox 3561 2915 3772 2961; x_wconf 65' lang='lat' dir='ltr'><strong>coaevus,</strong></span> 
     </span>
    </p>
   </div>
   <div class='ocr_carea' id='block_1_60' title="bbox 2212 2994 3771 3068">
    <p class='ocr_par' dir='ltr' id='par_1_60' title="bbox 2212 2994 3771 3068">
     <span class='ocr_line' id='line_1_60' title="bbox 2212 2994 3771 3068; baseline -0.004 -19"><span class='ocrx_word' id='word_1_425' title='bbox 2212 2997 2301 3068; x_wconf 90' lang='lat' dir='ltr'><strong>qui</strong></span> <span class='ocrx_word' id='word_1_426' title='bbox 2358 2997 2411 3052; x_wconf 92' lang='lat' dir='ltr'><strong>in</strong></span> <span class='ocrx_word' id='word_1_427' title='bbox 2458 3006 2666 3052; x_wconf 89' lang='lat' dir='ltr'><strong>auctar.</strong></span> <span class='ocrx_word' id='word_1_428' title='bbox 2715 2998 2781 3052; x_wconf 89' lang='lat' dir='ltr'><strong>ad</strong></span> <span class='ocrx_word' id='word_1_429' title='bbox 2829 2995 3120 3051; x_wconf 91' lang='lat' dir='ltr'><strong>Hermann.</strong></span> <span class='ocrx_word' id='word_1_430' title='bbox 3167 2994 3522 3055; x_wconf 87' lang='lat' dir='ltr'><strong>Contractum</strong></span> <span class='ocrx_word' id='word_1_431' title='bbox 3561 3000 3626 3047; x_wconf 85' lang='lat' dir='ltr'><strong>ad</strong></span> <span class='ocrx_word' id='word_1_432' title='bbox 3661 3005 3771 3044; x_wconf 87' lang='lat' dir='ltr'><strong>anu.</strong></span> 
     </span>
    </p>
   </div>
   <div class='ocr_carea' id='block_1_61' title="bbox 2214 3081 3776 3154">
    <p class='ocr_par' dir='ltr' id='par_1_61' title="bbox 2214 3081 3776 3154">
     <span class='ocr_line' id='line_1_61' title="bbox 2214 3081 3776 3154; baseline -0.005 -12"><span class='ocrx_word' id='word_1_433' title='bbox 2214 3089 2351 3143; x_wconf 75' lang='grc'>1072</span> <span class='ocrx_word' id='word_1_434' title='bbox 2392 3089 2494 3143; x_wconf 91' lang='lat' dir='ltr'><strong>ista</strong></span> <span class='ocrx_word' id='word_1_435' title='bbox 2525 3088 2715 3144; x_wconf 91' lang='lat' dir='ltr'><strong>scribit</strong></span> <span class='ocrx_word' id='word_1_436' title='bbox 2744 3107 2756 3140; x_wconf 93' lang='lat'>:</span> <span class='ocrx_word' id='word_1_437' title='bbox 2791 3106 2809 3137; x_wconf 72' lang='grc' dir='ltr'><strong>ι</strong></span> <span class='ocrx_word' id='word_1_438' title='bbox 2847 3087 3038 3142; x_wconf 86' lang='lat' dir='ltr'><strong>Petrus</strong></span> <span class='ocrx_word' id='word_1_439' title='bbox 3079 3085 3346 3149; x_wconf 90' lang='lat' dir='ltr'><strong>Damiani,</strong></span> <span class='ocrx_word' id='word_1_440' title='bbox 3393 3085 3498 3154; x_wconf 68' lang='lat' dir='ltr'><strong>piae</strong></span> <span class='ocrx_word' id='word_1_441' title='bbox 3527 3081 3776 3139; x_wconf 72' lang='lat' dir='ltr'><strong>memoria:</strong></span> 
     </span>
    </p>
   </div>
   <div class='ocr_carea' id='block_1_62' title="bbox 539 3175 2131 3254">
    <p class='ocr_par' dir='ltr' id='par_1_62' title="bbox 539 3175 2110 3254">
     <span class='ocr_line' id='line_1_62' title="bbox 539 3175 2110 3254; baseline -0.007 -14"><span class='ocrx_word' id='word_1_442' title='bbox 539 3179 836 3254; x_wconf 78' lang='lat' dir='ltr'><strong>episcopali</strong></span> <span class='ocrx_word' id='word_1_443' title='bbox 877 3177 1399 3248; x_wconf 77' lang='lat' dir='ltr'><strong>oﬂicio....dcpositum</strong></span> <span class='ocrx_word' id='word_1_444' title='bbox 1441 3175 1630 3243; x_wconf 85' lang='lat' dir='ltr'><strong>fuisse,</strong></span> <span class='ocrx_word' id='word_1_445' title='bbox 1691 3195 1710 3228; x_wconf 82' lang='grc' dir='ltr'><strong>ι</strong></span> <span class='ocrx_word' id='word_1_446' title='bbox 1768 3175 2110 3247; x_wconf 88' lang='lat' dir='ltr'><strong>postmodum</strong></span> 
     </span>
    </p>
   </div>
   <div class='ocr_carea' id='block_1_63' title="bbox 2216 3175 3773 3254">
    <p class='ocr_par' dir='ltr' id='par_1_63' title="bbox 2216 3175 3773 3250">
     <span class='ocr_line' id='line_1_63' title="bbox 2216 3175 3773 3250; baseline -0.007 -13"><span class='ocrx_word' id='word_1_447' title='bbox 2216 3181 2508 3237; x_wconf 88' lang='lat' dir='ltr'><strong>cardinalis</strong></span> <span class='ocrx_word' id='word_1_448' title='bbox 2535 3182 2838 3250; x_wconf 89' lang='lat' dir='ltr'><strong>episcopus,</strong></span> <span class='ocrx_word' id='word_1_449' title='bbox 2883 3179 3198 3250; x_wconf 83' lang='lat' dir='ltr'><strong>jamdudum</strong></span> <span class='ocrx_word' id='word_1_450' title='bbox 3243 3178 3446 3233; x_wconf 91' lang='lat' dir='ltr'><strong>mundo</strong></span> <span class='ocrx_word' id='word_1_451' title='bbox 3482 3175 3773 3233; x_wconf 78' lang='lat' dir='ltr'><strong>cruciﬁxus.</strong></span> 
     </span>
    </p>
   </div>
   <div class='ocr_carea' id='block_1_64' title="bbox 531 3265 2113 3335">
    <p class='ocr_par' dir='ltr' id='par_1_64' title="bbox 531 3265 2113 3335">
     <span class='ocr_line' id='line_1_64' title="bbox 531 3265 2113 3335; baseline -0.006 -8"><span class='ocrx_word' id='word_1_452' title='bbox 531 3295 563 3327; x_wconf 76' lang='grc' dir='ltr'>-ι</span> <span class='ocrx_word' id='word_1_453' title='bbox 604 3271 1005 3330; x_wconf 86' lang='lat' dir='ltr'><strong>reconciliatum</strong></span> <span class='ocrx_word' id='word_1_454' title='bbox 1037 3269 1220 3335; x_wconf 86' lang='lat' dir='ltr'><strong>fuisse,</strong></span> <span class='ocrx_word' id='word_1_455' title='bbox 1263 3278 1318 3324; x_wconf 89' lang='lat' dir='ltr'><strong>et</strong></span> <span class='ocrx_word' id='word_1_456' title='bbox 1354 3269 1406 3323; x_wconf 86' lang='lat' dir='ltr'><strong>in</strong></span> <span class='ocrx_word' id='word_1_457' title='bbox 1441 3268 1869 3323; x_wconf 88' lang='lat' dir='ltr'><strong>communionem</strong></span> <span class='ocrx_word' id='word_1_458' title='bbox 1915 3266 1982 3320; x_wconf 91' lang='lat' dir='ltr'><strong>ab</strong></span> <span class='ocrx_word' id='word_1_459' title='bbox 2021 3265 2113 3319; x_wconf 89' lang='lat' dir='ltr'><strong>iis-</strong></span> 
     </span>
    </p>
   </div>
   <div class='ocr_carea' id='block_1_65' title="bbox 547 3354 2110 3429">
    <p class='ocr_par' dir='ltr' id='par_1_65' title="bbox 547 3354 2110 3429">
     <span class='ocr_line' id='line_1_65' title="bbox 547 3354 2110 3429; baseline -0.005 -10"><span class='ocrx_word' id='word_1_460' title='bbox 547 3367 668 3419; x_wconf 91' lang='lat' dir='ltr'><strong>dem</strong></span> <span class='ocrx_word' id='word_1_461' title='bbox 697 3362 973 3417; x_wconf 88' lang='lat' dir='ltr'><strong>monachis</strong></span> <span class='ocrx_word' id='word_1_462' title='bbox 999 3368 1306 3429; x_wconf 90' lang='lat' dir='ltr'><strong>receptum;</strong></span> <span class='ocrx_word' id='word_1_463' title='bbox 1346 3377 1365 3411; x_wconf 74' lang='grc' dir='ltr'><strong>ι</strong></span> <span class='ocrx_word' id='word_1_464' title='bbox 1399 3359 1542 3428; x_wconf 92' lang='lat' dir='ltr'><strong>quod</strong></span> <span class='ocrx_word' id='word_1_465' title='bbox 1603 3357 1792 3427; x_wconf 85' lang='lat' dir='ltr'><strong>Ughel.</strong></span> <span class='ocrx_word' id='word_1_466' title='bbox 1845 3356 1899 3410; x_wconf 91' lang='lat' dir='ltr'><strong>in</strong></span> <span class='ocrx_word' id='word_1_467' title='bbox 1927 3354 2110 3426; x_wconf 82' lang='lat' dir='ltr'><strong>Episc.</strong></span> 
     </span>
    </p>
   </div>
   <div class='ocr_carea' id='block_1_66' title="bbox 535 3445 2115 3518">
    <p class='ocr_par' dir='ltr' id='par_1_66' title="bbox 535 3445 2115 3518">
     <span class='ocr_line' id='line_1_66' title="bbox 535 3445 2115 3518; baseline -0.006 -10"><span class='ocrx_word' id='word_1_468' title='bbox 535 3451 864 3508; x_wconf 87' lang='lat' dir='ltr'><strong>Florentinis</strong></span> <span class='ocrx_word' id='word_1_469' title='bbox 890 3460 1019 3505; x_wconf 93' lang='lat' dir='ltr'><strong>tom.</strong></span> <span class='ocrx_word' id='word_1_470' title='bbox 1042 3449 1105 3504; x_wconf 91' lang='lat' dir='ltr'><strong>lll</strong></span> <span class='ocrx_word' id='word_1_471' title='bbox 1134 3448 1245 3503; x_wconf 86' lang='lat' dir='ltr'><strong>Ital.</strong></span> <span class='ocrx_word' id='word_1_472' title='bbox 1270 3463 1440 3502; x_wconf 58' lang='lat' dir='ltr'><strong>sacra}</strong></span> <span class='ocrx_word' id='word_1_473' title='bbox 1460 3456 1636 3518; x_wconf 87' lang='lat' dir='ltr'><strong>negat,</strong></span> <span class='ocrx_word' id='word_1_474' title='bbox 1668 3447 1762 3502; x_wconf 89' lang='lat' dir='ltr'><strong>sed</strong></span> <span class='ocrx_word' id='word_1_475' title='bbox 1800 3445 1962 3501; x_wconf 90' lang='lat' dir='ltr'><strong>alium</strong></span> <span class='ocrx_word' id='word_1_476' title='bbox 1991 3459 2115 3500; x_wconf 79' lang='lat' dir='ltr'><strong>mox</strong></span> 
     </span>
    </p>
   </div>
   <div class='ocr_carea' id='block_1_67' title="bbox 539 3537 2116 3610">
    <p class='ocr_par' dir='ltr' id='par_1_67' title="bbox 539 3537 2116 3610">
     <span class='ocr_line' id='line_1_67' title="bbox 539 3537 2116 3610; baseline -0.006 -11"><span class='ocrx_word' id='word_1_477' title='bbox 539 3543 886 3599; x_wconf 89' lang='lat' dir='ltr'><strong>substitutum</strong></span> <span class='ocrx_word' id='word_1_478' title='bbox 930 3541 1099 3610; x_wconf 83' lang='lat' dir='ltr'><strong>cpisc.</strong></span> <span class='ocrx_word' id='word_1_479' title='bbox 1138 3539 1300 3595; x_wconf 88' lang='lat' dir='ltr'><strong>etiam</strong></span> <span class='ocrx_word' id='word_1_480' title='bbox 1348 3537 1565 3592; x_wconf 77' lang='lat' dir='ltr'><strong>Petrum</strong></span> <span class='ocrx_word' id='word_1_481' title='bbox 1612 3537 1849 3604; x_wconf 88' lang='lat' dir='ltr'><strong>nomine,</strong></span> <span class='ocrx_word' id='word_1_482' title='bbox 1894 3545 2116 3592; x_wconf 86' lang='lat' dir='ltr'><strong>conten-</strong></span> 
     </span>
    </p>
   </div>
   <div class='ocr_carea' id='block_1_68' title="bbox 526 3634 636 3689">
    <p class='ocr_par' dir='ltr' id='par_1_68' title="bbox 526 3634 636 3689">
     <span class='ocr_line' id='line_1_68' title="bbox 526 3634 636 3689; baseline -0.009 0"><span class='ocrx_word' id='word_1_483' title='bbox 526 3634 636 3689; x_wconf 68' lang='lat' dir='ltr'><strong>dit.</strong></span> 
     </span>
    </p>
   </div>
   <div class='ocr_carea' id='block_1_69' title="bbox 608 3718 2116 3791">
    <p class='ocr_par' dir='ltr' id='par_1_69' title="bbox 608 3718 2116 3791">
     <span class='ocr_line' id='line_1_69' title="bbox 608 3718 2116 3791; baseline -0.005 -12"><span class='ocrx_word' id='word_1_484' title='bbox 608 3724 699 3779; x_wconf 76' lang='lat'><strong>57.</strong></span> <span class='ocrx_word' id='word_1_485' title='bbox 729 3721 1026 3778; x_wconf 88' lang='lat' dir='ltr'><strong>Occasione</strong></span> <span class='ocrx_word' id='word_1_486' title='bbox 1071 3718 1231 3790; x_wconf 87' lang='lat' dir='ltr'><strong>hujus</strong></span> <span class='ocrx_word' id='word_1_487' title='bbox 1254 3719 1491 3791; x_wconf 90' lang='lat' dir='ltr'><strong>episcopi</strong></span> <span class='ocrx_word' id='word_1_488' title='bbox 1522 3718 1831 3775; x_wconf 86' lang='lat' dir='ltr'><strong>&#39;Florentiui</strong></span> <span class='ocrx_word' id='word_1_489' title='bbox 1871 3718 2116 3774; x_wconf 86' lang='lat' dir='ltr'><strong>celebra-</strong></span> 
     </span>
    </p>
   </div>
   <div class='ocr_carea' id='block_1_70' title="bbox 537 3809 2116 3880">
    <p class='ocr_par' dir='ltr' id='par_1_70' title="bbox 537 3809 2116 3880">
     <span class='ocr_line' id='line_1_70' title="bbox 537 3809 2116 3880; baseline -0.005 -10"><span class='ocrx_word' id='word_1_490' title='bbox 537 3827 650 3870; x_wconf 84' lang='lat' dir='ltr'><strong>tum</strong></span> <span class='ocrx_word' id='word_1_491' title='bbox 681 3823 764 3870; x_wconf 92' lang='lat' dir='ltr'><strong>est</strong></span> <span class='ocrx_word' id='word_1_492' title='bbox 790 3813 971 3868; x_wconf 65' lang='lat' dir='ltr'><strong>Romae</strong></span> <span class='ocrx_word' id='word_1_493' title='bbox 997 3811 1282 3867; x_wconf 92' lang='lat' dir='ltr'><strong>concilium</strong></span> <span class='ocrx_word' id='word_1_494' title='bbox 1310 3819 1543 3874; x_wconf 90' lang='lat' dir='ltr'><strong>centum,</strong></span> <span class='ocrx_word' id='word_1_495' title='bbox 1570 3819 1626 3866; x_wconf 86' lang='lat' dir='ltr'><strong>et</strong></span> <span class='ocrx_word' id='word_1_496' title='bbox 1654 3810 1881 3880; x_wconf 88' lang='lat' dir='ltr'><strong>amplius</strong></span> <span class='ocrx_word' id='word_1_497' title='bbox 1907 3809 2116 3878; x_wconf 88' lang='lat' dir='ltr'><strong>episco-</strong></span> 
     </span>
    </p>
   </div>
   <div class='ocr_carea' id='block_1_71' title="bbox 523 3899 2118 3977">
    <p class='ocr_par' dir='ltr' id='par_1_71' title="bbox 523 3899 2118 3977">
     <span class='ocr_line' id='line_1_71' title="bbox 523 3899 2118 3977; baseline -0.005 -16"><span class='ocrx_word' id='word_1_498' title='bbox 523 3921 727 3977; x_wconf 78' lang='lat' dir='ltr'><strong>porum</strong></span> <span class='ocrx_word' id='word_1_499' title='bbox 756 3905 1014 3958; x_wconf 87' lang='lat' dir='ltr'><strong>adversus</strong></span> <span class='ocrx_word' id='word_1_500' title='bbox 1049 3901 1384 3958; x_wconf 87' lang='lat' dir='ltr'><strong>Simoniacos</strong></span> <span class='ocrx_word' id='word_1_501' title='bbox 1425 3919 1439 3955; x_wconf 86' lang='lat'><strong>:</strong></span> <span class='ocrx_word' id='word_1_502' title='bbox 1471 3901 1559 3955; x_wconf 92' lang='lat' dir='ltr'><strong>ubi</strong></span> <span class='ocrx_word' id='word_1_503' title='bbox 1586 3910 1866 3956; x_wconf 86' lang='lat' dir='ltr'><strong>etcanoue</strong></span> <span class='ocrx_word' id='word_1_504' title='bbox 1891 3899 1924 3953; x_wconf 75' lang='grc'><strong>4</strong></span> <span class='ocrx_word' id='word_1_505' title='bbox 1949 3907 2118 3954; x_wconf 83' lang='lat' dir='ltr'><strong>statu-</strong></span> 
     </span>
    </p>
   </div>
   <div class='ocr_carea' id='block_1_72' title="bbox 545 3990 2112 4059">
    <p class='ocr_par' dir='ltr' id='par_1_72' title="bbox 545 3990 2112 4059">
     <span class='ocr_line' id='line_1_72' title="bbox 545 3990 2112 4059; baseline -0.003 -11"><span class='ocrx_word' id='word_1_506' title='bbox 545 4009 656 4048; x_wconf 87' lang='lat' dir='ltr'><strong>tum</strong></span> <span class='ocrx_word' id='word_1_507' title='bbox 685 4002 786 4059; x_wconf 91' lang='lat' dir='ltr'><strong>est,</strong></span> <span class='ocrx_word' id='word_1_508' title='bbox 817 4003 876 4047; x_wconf 94' lang='lat' dir='ltr'><strong>ut</strong></span> <span class='ocrx_word' id='word_1_509' title='bbox 909 3992 1090 4048; x_wconf 89' lang='lat' dir='ltr'><strong>clerici</strong></span> <span class='ocrx_word' id='word_1_510' title='bbox 1121 3991 1279 4046; x_wconf 91' lang='lat' dir='ltr'><strong>simul</strong></span> <span class='ocrx_word' id='word_1_511' title='bbox 1303 3993 1688 4046; x_wconf 89' lang='lat' dir='ltr'><strong>manducarent</strong></span> <span class='ocrx_word' id='word_1_512' title='bbox 1719 4000 1773 4044; x_wconf 93' lang='lat' dir='ltr'><strong>et</strong></span> <span class='ocrx_word' id='word_1_513' title='bbox 1794 3990 2112 4054; x_wconf 87' lang='lat' dir='ltr'><strong>dormirent,</strong></span> 
     </span>
    </p>
   </div>
   <div class='ocr_carea' id='block_1_73' title="bbox 538 4081 2113 4156">
    <p class='ocr_par' dir='ltr' id='par_1_73' title="bbox 538 4081 2113 4156">
     <span class='ocr_line' id='line_1_73' title="bbox 538 4081 2113 4156; baseline -0.006 -12"><span class='ocrx_word' id='word_1_514' title='bbox 538 4091 788 4156; x_wconf 85' lang='lat' dir='ltr'><strong>bonaque</strong></span> <span class='ocrx_word' id='word_1_515' title='bbox 817 4085 871 4140; x_wconf 89' lang='lat' dir='ltr'><strong>in</strong></span> <span class='ocrx_word' id='word_1_516' title='bbox 900 4085 1169 4140; x_wconf 84' lang='lat' dir='ltr'><strong>communi</strong></span> <span class='ocrx_word' id='word_1_517' title='bbox 1208 4084 1544 4153; x_wconf 88' lang='lat' dir='ltr'><strong>possiderent</strong></span> <span class='ocrx_word' id='word_1_518' title='bbox 1570 4101 1581 4135; x_wconf 94' lang='lat'><strong>:</strong></span> <span class='ocrx_word' id='word_1_519' title='bbox 1614 4084 1755 4151; x_wconf 89' lang='lat' dir='ltr'><strong>quod</strong></span> <span class='ocrx_word' id='word_1_520' title='bbox 1801 4081 1997 4136; x_wconf 89' lang='lat' dir='ltr'><strong>Baron.</strong></span> <span class='ocrx_word' id='word_1_521' title='bbox 2025 4096 2113 4135; x_wconf 89' lang='lat' dir='ltr'><strong>an.</strong></span> 
     </span>
    </p>
   </div>
   <div class='ocr_carea' id='block_1_74' title="bbox 541 4170 2114 4242">
    <p class='ocr_par' dir='ltr' id='par_1_74' title="bbox 541 4170 2114 4242">
     <span class='ocr_line' id='line_1_74' title="bbox 541 4170 2114 4242; baseline -0.003 -12"><span class='ocrx_word' id='word_1_522' title='bbox 541 4176 698 4238; x_wconf 75' lang='grc'>1065,</span> <span class='ocrx_word' id='word_1_523' title='bbox 730 4190 878 4229; x_wconf 89' lang='lat' dir='ltr'><strong>num.</strong></span> <span class='ocrx_word' id='word_1_524' title='bbox 927 4174 1017 4238; x_wconf 77' lang='lat'><strong>37,</strong></span> <span class='ocrx_word' id='word_1_525' title='bbox 1060 4175 1254 4228; x_wconf 89' lang='lat' dir='ltr'><strong>asserit</strong></span> <span class='ocrx_word' id='word_1_526' title='bbox 1281 4191 1299 4224; x_wconf 85' lang='grc'>‹</span> <span class='ocrx_word' id='word_1_527' title='bbox 1346 4171 1545 4226; x_wconf 85' lang='lat' dir='ltr'><strong>factum</strong></span> <span class='ocrx_word' id='word_1_528' title='bbox 1587 4173 1927 4242; x_wconf 79' lang='lat' dir='ltr'><strong>suggestione</strong></span> <span class='ocrx_word' id='word_1_529' title='bbox 1969 4170 2114 4226; x_wconf 90' lang='lat' dir='ltr'><strong>Petri</strong></span> 
     </span>
    </p>
   </div>
   <div class='ocr_carea' id='block_1_75' title="bbox 541 4261 2115 4334">
    <p class='ocr_par' dir='ltr' id='par_1_75' title="bbox 541 4261 2115 4334">
     <span class='ocr_line' id='line_1_75' title="bbox 541 4261 2115 4334; baseline -0.004 -13"><span class='ocrx_word' id='word_1_530' title='bbox 541 4265 820 4330; x_wconf 89' lang='lat' dir='ltr'><strong>Damiani,</strong></span> <span class='ocrx_word' id='word_1_531' title='bbox 864 4264 1080 4334; x_wconf 87' lang='lat' dir='ltr'><strong>scriptis</strong></span> <span class='ocrx_word' id='word_1_532' title='bbox 1133 4264 1245 4318; x_wconf 90' lang='lat' dir='ltr'><strong>suis</strong></span> <span class='ocrx_word' id='word_1_533' title='bbox 1284 4262 1647 4317; x_wconf 83' lang='lat' dir='ltr'><strong>Alexandrum</strong></span> <span class='ocrx_word' id='word_1_534' title='bbox 1696 4261 2004 4332; x_wconf 77' lang='lat' dir='ltr'><strong>pontificem</strong></span> <span class='ocrx_word' id='word_1_535' title='bbox 2046 4261 2115 4315; x_wconf 86' lang='lat' dir='ltr'><strong>ad</strong></span> 
     </span>
    </p>
   </div>
   <div class='ocr_carea' id='block_1_76' title="bbox 541 4353 2116 4425">
    <p class='ocr_par' dir='ltr' id='par_1_76' title="bbox 541 4353 2116 4425">
     <span class='ocr_line' id='line_1_76' title="bbox 541 4353 2116 4425; baseline -0.005 -13"><span class='ocrx_word' id='word_1_536' title='bbox 541 4360 656 4412; x_wconf 63' lang='lat' dir='ltr'><strong>huic</strong></span> <span class='ocrx_word' id='word_1_537' title='bbox 681 4354 971 4411; x_wconf 85' lang='lat' dir='ltr'><strong>sancienda</strong></span> <span class='ocrx_word' id='word_1_538' title='bbox 1004 4354 1274 4425; x_wconf 74' lang='lat' dir='ltr'><strong>rogantis;</strong></span> <span class='ocrx_word' id='word_1_539' title='bbox 1307 4373 1324 4404; x_wconf 79' lang='grc' dir='ltr'><strong>ι</strong></span> <span class='ocrx_word' id='word_1_540' title='bbox 1358 4353 1564 4407; x_wconf 91' lang='lat' dir='ltr'><strong>scilicet</strong></span> <span class='ocrx_word' id='word_1_541' title='bbox 1603 4368 1788 4422; x_wconf 91' lang='lat' dir='ltr'><strong>opusc.</strong></span> <span class='ocrx_word' id='word_1_542' title='bbox 1834 4366 1958 4405; x_wconf 74' lang='lat' dir='ltr'><strong>xxrv</strong></span> <span class='ocrx_word' id='word_1_543' title='bbox 1989 4365 2116 4406; x_wconf 86' lang='lat' dir='ltr'><strong>con-</strong></span> 
     </span>
    </p>
   </div>
   <div class='ocr_carea' id='block_1_77' title="bbox 541 4441 2110 4514">
    <p class='ocr_par' dir='ltr' id='par_1_77' title="bbox 541 4441 2110 4514">
     <span class='ocr_line' id='line_1_77' title="bbox 541 4441 2110 4514; baseline -0.004 -14"><span class='ocrx_word' id='word_1_544' title='bbox 541 4460 622 4500; x_wconf 89' lang='lat' dir='ltr'><strong>tra</strong></span> <span class='ocrx_word' id='word_1_545' title='bbox 671 4445 898 4501; x_wconf 87' lang='lat' dir='ltr'><strong>clericos</strong></span> <span class='ocrx_word' id='word_1_546' title='bbox 943 4442 1347 4514; x_wconf 90' lang='lat' dir='ltr'><strong>pr0prietarios.</strong></span> <span class='ocrx_word' id='word_1_547' title='bbox 1383 4442 1570 4496; x_wconf 87' lang='lat' dir='ltr'><strong>Eidem</strong></span> <span class='ocrx_word' id='word_1_548' title='bbox 1611 4441 1881 4511; x_wconf 85' lang='lat' dir='ltr'><strong>inscripsit</strong></span> <span class='ocrx_word' id='word_1_549' title='bbox 1925 4455 2110 4510; x_wconf 87' lang='lat' dir='ltr'><strong>opusc.</strong></span> 
     </span>
    </p>
   </div>
   <div class='ocr_carea' id='block_1_78' title="bbox 2217 3267 3776 3344">
    <p class='ocr_par' dir='ltr' id='par_1_78' title="bbox 2217 3267 3776 3344">
     <span class='ocr_line' id='line_1_78' title="bbox 2217 3267 3776 3344; baseline -0.007 -16"><span class='ocrx_word' id='word_1_550' title='bbox 2217 3273 2467 3344; x_wconf 76' lang='lat' dir='ltr'><strong>migravit</strong></span> <span class='ocrx_word' id='word_1_551' title='bbox 2490 3273 2558 3328; x_wconf 89' lang='lat' dir='ltr'><strong>ad</strong></span> <span class='ocrx_word' id='word_1_552' title='bbox 2585 3272 2866 3328; x_wconf 89' lang='lat' dir='ltr'><strong>Dominum</strong></span> <span class='ocrx_word' id='word_1_553' title='bbox 2895 3289 2969 3327; x_wconf 85' lang='lat' dir='ltr'><strong>vn</strong></span> <span class='ocrx_word' id='word_1_554' title='bbox 2993 3271 3216 3326; x_wconf 82' lang='lat' dir='ltr'><strong>Kalend.</strong></span> <span class='ocrx_word' id='word_1_555' title='bbox 3238 3269 3422 3334; x_wconf 83' lang='lat' dir='ltr'><strong>Mart.,</strong></span> <span class='ocrx_word' id='word_1_556' title='bbox 3444 3267 3776 3325; x_wconf 71' lang='lat' dir='ltr'><strong>cui-dominus</strong></span> 
     </span>
    </p>
   </div>
   <div class='ocr_carea' id='block_1_79' title="bbox 2215 3359 3774 3428">
    <p class='ocr_par' dir='ltr' id='par_1_79' title="bbox 2215 3359 3774 3428">
     <span class='ocr_line' id='line_1_79' title="bbox 2215 3359 3774 3428; baseline -0.008 -10"><span class='ocrx_word' id='word_1_557' title='bbox 2215 3362 2495 3427; x_wconf 86' lang='lat' dir='ltr'><strong>Geroldus,</strong></span> <span class='ocrx_word' id='word_1_558' title='bbox 2535 3377 2719 3417; x_wconf 90' lang='lat' dir='ltr'><strong>revera</strong></span> <span class='ocrx_word' id='word_1_559' title='bbox 2762 3361 3078 3426; x_wconf 89' lang='lat' dir='ltr'><strong>monachus,</strong></span> <span class='ocrx_word' id='word_1_560' title='bbox 3125 3359 3350 3415; x_wconf 90' lang='lat' dir='ltr'><strong>scientia</strong></span> <span class='ocrx_word' id='word_1_561' title='bbox 3392 3359 3774 3428; x_wconf 89' lang='lat' dir='ltr'><strong>Scripturarum</strong></span> 
     </span>
    </p>
   </div>
   <div class='ocr_carea' id='block_1_80' title="bbox 2217 3448 3773 3525">
    <p class='ocr_par' dir='ltr' id='par_1_80' title="bbox 2217 3448 3773 3525">
     <span class='ocr_line' id='line_1_80' title="bbox 2217 3448 3773 3525; baseline -0.003 -15"><span class='ocrx_word' id='word_1_562' title='bbox 2217 3455 2464 3525; x_wconf 83' lang='lat' dir='ltr'><strong>insignis,</strong></span> <span class='ocrx_word' id='word_1_563' title='bbox 2503 3463 2558 3510; x_wconf 91' lang='lat' dir='ltr'><strong>et</strong></span> <span class='ocrx_word' id='word_1_564' title='bbox 2583 3453 2824 3509; x_wconf 89' lang='lat' dir='ltr'><strong>moribus</strong></span> <span class='ocrx_word' id='word_1_565' title='bbox 2868 3469 2966 3509; x_wconf 92' lang='lat' dir='ltr'><strong>suo</strong></span> <span class='ocrx_word' id='word_1_566' title='bbox 3016 3451 3404 3522; x_wconf 68' lang='lat' dir='ltr'><strong>praedecessori</strong></span> <span class='ocrx_word' id='word_1_567' title='bbox 3449 3465 3554 3506; x_wconf 91' lang='lat' dir='ltr'><strong>non</strong></span> <span class='ocrx_word' id='word_1_568' title='bbox 3601 3448 3773 3517; x_wconf 77' lang='lat' dir='ltr'><strong>impar.</strong></span> 
     </span>
    </p>
   </div>
   <div class='ocr_carea' id='block_1_81' title="bbox 2218 3539 3776 3617">
    <p class='ocr_par' dir='ltr' id='par_1_81' title="bbox 2218 3539 3776 3617">
     <span class='ocr_line' id='line_1_81' title="bbox 2218 3539 3776 3617; baseline -0.004 -17"><span class='ocrx_word' id='word_1_569' title='bbox 2218 3546 2272 3600; x_wconf 84' lang='lat' dir='ltr'><strong>in</strong></span> <span class='ocrx_word' id='word_1_570' title='bbox 2328 3547 2636 3617; x_wconf 76' lang='lat' dir='ltr'><strong>episcopatu</strong></span> <span class='ocrx_word' id='word_1_571' title='bbox 2680 3545 2964 3601; x_wconf 88' lang='lat' dir='ltr'><strong>successit.</strong></span> <span class='ocrx_word' id='word_1_572' title='bbox 3021 3565 3041 3597; x_wconf 76' lang='grc' dir='ltr'><strong>ι</strong></span> <span class='ocrx_word' id='word_1_573' title='bbox 3095 3543 3220 3599; x_wconf 65' lang='lat' dir='ltr'><strong>Hazc</strong></span> <span class='ocrx_word' id='word_1_574' title='bbox 3273 3541 3615 3598; x_wconf 87' lang='lat' dir='ltr'><strong>Bertholdus.</strong></span> <span class='ocrx_word' id='word_1_575' title='bbox 3661 3539 3776 3604; x_wconf 62' lang='lat' dir='ltr'><strong>Quae</strong></span> 
     </span>
    </p>
   </div>
   <div class='ocr_carea' id='block_1_82' title="bbox 2217 3632 3774 3706">
    <p class='ocr_par' dir='ltr' id='par_1_82' title="bbox 2217 3632 3774 3706">
     <span class='ocr_line' id='line_1_82' title="bbox 2217 3632 3774 3706; baseline -0.006 -14"><span class='ocrx_word' id='word_1_576' title='bbox 2217 3637 2475 3706; x_wconf 69' lang='lat' dir='ltr'><strong>prmelare</strong></span> <span class='ocrx_word' id='word_1_577' title='bbox 2513 3653 2636 3694; x_wconf 89' lang='lat' dir='ltr'><strong>cum</strong></span> <span class='ocrx_word' id='word_1_578' title='bbox 2671 3637 2789 3692; x_wconf 82' lang='lat' dir='ltr'><strong>Vita</strong></span> <span class='ocrx_word' id='word_1_579' title='bbox 2820 3637 2880 3693; x_wconf 85' lang='grc' dir='ltr'><strong>Β.</strong></span> <span class='ocrx_word' id='word_1_580' title='bbox 2911 3637 3054 3692; x_wconf 87' lang='lat' dir='ltr'><strong>Petri</strong></span> <span class='ocrx_word' id='word_1_581' title='bbox 3088 3635 3458 3701; x_wconf 85' lang='lat' dir='ltr'><strong>consentiunt,</strong></span> <span class='ocrx_word' id='word_1_582' title='bbox 3493 3642 3552 3688; x_wconf 91' lang='lat' dir='ltr'><strong>ut</strong></span> <span class='ocrx_word' id='word_1_583' title='bbox 3598 3632 3774 3688; x_wconf 89' lang='lat' dir='ltr'><strong>mirum</strong></span> 
     </span>
    </p>
   </div>
   <div class='ocr_carea' id='block_1_83' title="bbox 2217 3723 3777 3802">
    <p class='ocr_par' dir='ltr' id='par_1_83' title="bbox 2217 3723 3777 3802">
     <span class='ocr_line' id='line_1_83' title="bbox 2217 3723 3777 3802; baseline -0.009 -16"><span class='ocrx_word' id='word_1_584' title='bbox 2217 3730 2311 3795; x_wconf 91' lang='lat' dir='ltr'><strong>sit,</strong></span> <span class='ocrx_word' id='word_1_585' title='bbox 2357 3743 2389 3782; x_wconf 90' lang='lat' dir='ltr'><strong>a</strong></span> <span class='ocrx_word' id='word_1_586' title='bbox 2418 3727 2694 3794; x_wconf 87' lang='lat' dir='ltr'><strong>Fortunio,</strong></span> <span class='ocrx_word' id='word_1_587' title='bbox 2721 3727 2927 3794; x_wconf 90' lang='lat' dir='ltr'><strong>Rubeo,</strong></span> <span class='ocrx_word' id='word_1_588' title='bbox 2972 3726 3284 3793; x_wconf 89' lang='lat' dir='ltr'><strong>Ricordato,</strong></span> <span class='ocrx_word' id='word_1_589' title='bbox 3332 3725 3528 3780; x_wconf 87' lang='lat' dir='ltr'><strong>Wione</strong></span> <span class='ocrx_word' id='word_1_590' title='bbox 3562 3723 3777 3802; x_wconf 82' lang='lat' dir='ltr'><strong>aliisque</strong></span> 
     </span>
    </p>
   </div>
   <div class='ocr_carea' id='block_1_84' title="bbox 2216 3810 3772 3891">
    <p class='ocr_par' dir='ltr' id='par_1_84' title="bbox 2216 3810 3772 3891">
     <span class='ocr_line' id='line_1_84' title="bbox 2216 3810 3772 3891; baseline -0.006 -17"><span class='ocrx_word' id='word_1_591' title='bbox 2216 3818 2648 3891; x_wconf 87' lang='lat' dir='ltr'><strong>quampluribus,</strong></span> <span class='ocrx_word' id='word_1_592' title='bbox 2696 3819 2901 3874; x_wconf 92' lang='lat' dir='ltr'><strong>obitum</strong></span> <span class='ocrx_word' id='word_1_593' title='bbox 2948 3817 3066 3886; x_wconf 89' lang='lat' dir='ltr'><strong>ejus</strong></span> <span class='ocrx_word' id='word_1_594' title='bbox 3111 3817 3310 3873; x_wconf 80' lang='lat' dir='ltr'><strong>diﬁ&#39;erri</strong></span> <span class='ocrx_word' id='word_1_595' title='bbox 3355 3817 3408 3870; x_wconf 90' lang='lat' dir='ltr'><strong>in</strong></span> <span class='ocrx_word' id='word_1_596' title='bbox 3458 3831 3597 3871; x_wconf 90' lang='lat' dir='ltr'><strong>anno</strong></span> <span class='ocrx_word' id='word_1_597' title='bbox 3634 3810 3772 3874; x_wconf 89' lang='grc'>1080.</span> 
     </span>
    </p>
   </div>
   <div class='ocr_carea' id='block_1_85' title="bbox 2217 3902 3773 3981">
    <p class='ocr_par' dir='ltr' id='par_1_85' title="bbox 2217 3902 3773 3981">
     <span class='ocr_line' id='line_1_85' title="bbox 2217 3902 3773 3981; baseline -0.008 -15"><span class='ocrx_word' id='word_1_598' title='bbox 2217 3915 2495 3981; x_wconf 85' lang='lat' dir='ltr'><strong>asserique</strong></span> <span class='ocrx_word' id='word_1_599' title='bbox 2539 3925 2662 3966; x_wconf 88' lang='lat' dir='ltr'><strong>eum</strong></span> <span class='ocrx_word' id='word_1_600' title='bbox 2708 3909 3019 3965; x_wconf 87' lang='lat' dir='ltr'><strong>Ravennam</strong></span> <span class='ocrx_word' id='word_1_601' title='bbox 3061 3908 3228 3964; x_wconf 89' lang='lat' dir='ltr'><strong>fuisse</strong></span> <span class='ocrx_word' id='word_1_602' title='bbox 3270 3908 3338 3964; x_wconf 89' lang='lat' dir='ltr'><strong>ab</strong></span> <span class='ocrx_word' id='word_1_603' title='bbox 3384 3906 3642 3979; x_wconf 76' lang='lat' dir='ltr'><strong>Gregorio</strong></span> <span class='ocrx_word' id='word_1_604' title='bbox 3681 3902 3773 3964; x_wconf 80' lang='lat' dir='ltr'><strong>VII,</strong></span> 
     </span>
    </p>
   </div>
   <div class='ocr_carea' id='block_1_86' title="bbox 2216 3995 3773 4069">
    <p class='ocr_par' dir='ltr' id='par_1_86' title="bbox 2216 3995 3773 4069">
     <span class='ocr_line' id='line_1_86' title="bbox 2216 3995 3773 4069; baseline -0.006 -13"><span class='ocrx_word' id='word_1_605' title='bbox 2216 4001 2511 4057; x_wconf 81' lang='lat' dir='ltr'><strong>Alexandri</strong></span> <span class='ocrx_word' id='word_1_606' title='bbox 2543 4016 2879 4066; x_wconf 87' lang='lat' dir='ltr'><strong>successore,</strong></span> <span class='ocrx_word' id='word_1_607' title='bbox 2929 4002 3150 4055; x_wconf 89' lang='lat' dir='ltr'><strong>missum</strong></span> <span class='ocrx_word' id='word_1_608' title='bbox 3175 4008 3298 4069; x_wconf 92' lang='lat' dir='ltr'><strong>post</strong></span> <span class='ocrx_word' id='word_1_609' title='bbox 3333 3999 3536 4054; x_wconf 89' lang='lat' dir='ltr'><strong>obitum</strong></span> <span class='ocrx_word' id='word_1_610' title='bbox 3565 3995 3773 4052; x_wconf 83' lang='lat' dir='ltr'><strong>Wiberti</strong></span> 
     </span>
    </p>
   </div>
   <div class='ocr_carea' id='block_1_87' title="bbox 2217 4090 3774 4164">
    <p class='ocr_par' dir='ltr' id='par_1_87' title="bbox 2217 4090 3774 4164">
     <span class='ocr_line' id='line_1_87' title="bbox 2217 4090 3774 4164; baseline -0.005 -18"><span class='ocrx_word' id='word_1_611' title='bbox 2217 4093 2630 4164; x_wconf 81' lang='lat' dir='ltr'><strong>archiepisCOpi.</strong></span> <span class='ocrx_word' id='word_1_612' title='bbox 2655 4091 2784 4159; x_wconf 71' lang='lat' dir='ltr'><strong>Qua:</strong></span> <span class='ocrx_word' id='word_1_613' title='bbox 2820 4092 2895 4147; x_wconf 81' lang='lat' dir='ltr'><strong>uti</strong></span> <span class='ocrx_word' id='word_1_614' title='bbox 2932 4091 3076 4146; x_wconf 91' lang='lat' dir='ltr'><strong>nullo</strong></span> <span class='ocrx_word' id='word_1_615' title='bbox 3103 4094 3229 4146; x_wconf 82' lang='lat' dir='ltr'><strong>nixa</strong></span> <span class='ocrx_word' id='word_1_616' title='bbox 3259 4101 3385 4146; x_wconf 92' lang='lat' dir='ltr'><strong>sunt</strong></span> <span class='ocrx_word' id='word_1_617' title='bbox 3421 4090 3774 4148; x_wconf 86' lang='lat' dir='ltr'><strong>fundamento,</strong></span> 
     </span>
    </p>
   </div>
   <div class='ocr_carea' id='block_1_88' title="bbox 2216 4181 3776 4254">
    <p class='ocr_par' dir='ltr' id='par_1_88' title="bbox 2216 4181 3776 4254">
     <span class='ocr_line' id='line_1_88' title="bbox 2216 4181 3776 4254; baseline -0.008 -14"><span class='ocrx_word' id='word_1_618' title='bbox 2216 4185 2292 4240; x_wconf 89' lang='lat' dir='ltr'><strong>ita</strong></span> <span class='ocrx_word' id='word_1_619' title='bbox 2339 4184 2593 4239; x_wconf 88' lang='lat' dir='ltr'><strong>ulteriore</strong></span> <span class='ocrx_word' id='word_1_620' title='bbox 2637 4199 2744 4239; x_wconf 93' lang='lat' dir='ltr'><strong>non</strong></span> <span class='ocrx_word' id='word_1_621' title='bbox 2789 4183 3032 4254; x_wconf 88' lang='lat' dir='ltr'><strong>indigent</strong></span> <span class='ocrx_word' id='word_1_622' title='bbox 3084 4182 3428 4239; x_wconf 88' lang='lat' dir='ltr'><strong>refutatione.</strong></span> <span class='ocrx_word' id='word_1_623' title='bbox 3466 4181 3632 4248; x_wconf 86' lang='lat' dir='ltr'><strong>Quem</strong></span> <span class='ocrx_word' id='word_1_624' title='bbox 3661 4189 3776 4244; x_wconf 85' lang='lat' dir='ltr'><strong>ergo</strong></span> 
     </span>
    </p>
   </div>
   <div class='ocr_carea' id='block_1_89' title="bbox 2214 4269 3773 4344">
    <p class='ocr_par' dir='ltr' id='par_1_89' title="bbox 2214 4269 3773 4344">
     <span class='ocr_line' id='line_1_89' title="bbox 2214 4269 3773 4344; baseline -0.006 -17"><span class='ocrx_word' id='word_1_625' title='bbox 2214 4273 2402 4330; x_wconf 80' lang='lat' dir='ltr'><strong>vivens</strong></span> <span class='ocrx_word' id='word_1_626' title='bbox 2423 4273 2535 4339; x_wconf 93' lang='lat' dir='ltr'><strong>diu,</strong></span> <span class='ocrx_word' id='word_1_627' title='bbox 2565 4273 2898 4343; x_wconf 92' lang='lat' dir='ltr'><strong>multumque</strong></span> <span class='ocrx_word' id='word_1_628' title='bbox 2919 4288 3287 4329; x_wconf 90' lang='lat' dir='ltr'><strong>successorem</strong></span> <span class='ocrx_word' id='word_1_629' title='bbox 3311 4273 3462 4344; x_wconf 91' lang='lat' dir='ltr'><strong>petiit</strong></span> <span class='ocrx_word' id='word_1_630' title='bbox 3489 4271 3550 4325; x_wconf 89' lang='grc' dir='ltr'><strong>Β.</strong></span> <span class='ocrx_word' id='word_1_631' title='bbox 3577 4269 3773 4328; x_wconf 88' lang='lat' dir='ltr'><strong>Petrus,</strong></span> 
     </span>
    </p>
   </div>
   <div class='ocr_carea' id='block_1_90' title="bbox 2213 4364 3778 4435">
    <p class='ocr_par' dir='ltr' id='par_1_90' title="bbox 2213 4364 3778 4435">
     <span class='ocr_line' id='line_1_90' title="bbox 2213 4364 3778 4435; baseline -0.006 -14"><span class='ocrx_word' id='word_1_632' title='bbox 2213 4374 2269 4421; x_wconf 88' lang='lat' dir='ltr'><strong>et</strong></span> <span class='ocrx_word' id='word_1_633' title='bbox 2299 4380 2570 4433; x_wconf 80' lang='lat' dir='ltr'><strong>nunquam</strong></span> <span class='ocrx_word' id='word_1_634' title='bbox 2601 4364 2772 4435; x_wconf 91' lang='lat' dir='ltr'><strong>potuit</strong></span> <span class='ocrx_word' id='word_1_635' title='bbox 2804 4366 3081 4434; x_wconf 86' lang='lat' dir='ltr'><strong>consequi,</strong></span> <span class='ocrx_word' id='word_1_636' title='bbox 3111 4364 3325 4419; x_wconf 89' lang='lat' dir='ltr'><strong>tandem</strong></span> <span class='ocrx_word' id='word_1_637' title='bbox 3361 4379 3392 4418; x_wconf 84' lang='lat' dir='ltr'><strong>a</strong></span> <span class='ocrx_word' id='word_1_638' title='bbox 3426 4373 3600 4418; x_wconf 91' lang='lat' dir='ltr'><strong>morte</strong></span> <span class='ocrx_word' id='word_1_639' title='bbox 3635 4372 3778 4414; x_wconf 85' lang='lat' dir='ltr'><strong>acce-</strong></span> 
     </span>
    </p>
   </div>
   <div class='ocr_carea' id='block_1_91' title="bbox 2215 4449 3772 4525">
    <p class='ocr_par' dir='ltr' id='par_1_91' title="bbox 2215 4449 3772 4525">
     <span class='ocr_line' id='line_1_91' title="bbox 2215 4449 3772 4525; baseline -0.001 -17"><span class='ocrx_word' id='word_1_640' title='bbox 2215 4455 2314 4525; x_wconf 87' lang='lat' dir='ltr'><strong>pit.</strong></span> <span class='ocrx_word' id='word_1_641' title='bbox 2360 4453 2483 4509; x_wconf 86' lang='lat' dir='ltr'><strong>Fuit</strong></span> <span class='ocrx_word' id='word_1_642' title='bbox 2525 4455 2571 4510; x_wconf 91' lang='lat' dir='ltr'><strong>is</strong></span> <span class='ocrx_word' id='word_1_643' title='bbox 2613 4453 2904 4519; x_wconf 86' lang='lat' dir='ltr'><strong>Gerardus,</strong></span> <span class='ocrx_word' id='word_1_644' title='bbox 2949 4455 3072 4509; x_wconf 90' lang='lat' dir='ltr'><strong>aliis</strong></span> <span class='ocrx_word' id='word_1_645' title='bbox 3112 4451 3368 4508; x_wconf 75' lang='lat' dir='ltr'><strong>Ceraldus</strong></span> <span class='ocrx_word' id='word_1_646' title='bbox 3409 4462 3463 4508; x_wconf 89' lang='lat' dir='ltr'><strong>et</strong></span> <span class='ocrx_word' id='word_1_647' title='bbox 3512 4449 3772 4506; x_wconf 74' lang='lat' dir='ltr'><strong>Geroldus.</strong></span> 
     </span>
    </p>
   </div>
   <div class='ocr_carea' id='block_1_92' title="bbox 541 4526 3776 4613">
    <p class='ocr_par' dir='ltr' id='par_1_92' title="bbox 541 4526 3776 4613">
     <span class='ocr_line' id='line_1_92' title="bbox 541 4526 3776 4613; baseline -0.006 -3"><span class='ocrx_word' id='word_1_648' title='bbox 541 4554 676 4593; x_wconf 69' lang='lat'><strong>“&quot;1</strong></span> <span class='ocrx_word' id='word_1_649' title='bbox 723 4538 797 4592; x_wconf 71' lang='lat' dir='ltr'><strong>De</strong></span> <span class='ocrx_word' id='word_1_650' title='bbox 841 4536 1105 4591; x_wconf 66' lang='grc' dir='ltr'><strong>δι’θνίίθιθ</strong></span> <span class='ocrx_word' id='word_1_651' title='bbox 1152 4535 1273 4589; x_wconf 55' lang='lat' dir='ltr'><strong>&quot;iw-</strong></span> <span class='ocrx_word' id='word_1_652' title='bbox 1319 4534 1630 4606; x_wconf 71' lang='lat' dir='ltr'><strong>Pomiﬁcum</strong></span> <span class='ocrx_word' id='word_1_653' title='bbox 1695 4534 2013 4600; x_wconf 63' lang='lat' dir='ltr'><strong>“umnam</strong></span> <span class='ocrx_word' id='word_1_654' title='bbox 2055 4542 2113 4588; x_wconf 74' lang='lat' dir='ltr'><strong>el</strong></span> <span class='ocrx_word' id='word_1_655' title='bbox 2144 4526 2190 4584; x_wconf 75' lang='grc' dir='ltr'><strong>ί)</strong></span> <span class='ocrx_word' id='word_1_656' title='bbox 2223 4545 2490 4598; x_wconf 74' lang='lat' dir='ltr'><strong>«natione</strong></span> <span class='ocrx_word' id='word_1_657' title='bbox 2538 4543 2862 4606; x_wconf 87' lang='lat' dir='ltr'><strong>Germanus,</strong></span> <span class='ocrx_word' id='word_1_658' title='bbox 2909 4544 3083 4613; x_wconf 88' lang='lat' dir='ltr'><strong>patria</strong></span> <span class='ocrx_word' id='word_1_659' title='bbox 3135 4541 3560 4604; x_wconf 91' lang='lat' dir='ltr'><strong>Ratisbonensis,</strong></span> <span class='ocrx_word' id='word_1_660' title='bbox 3608 4552 3776 4594; x_wconf 88' lang='lat' dir='ltr'><strong>mona-</strong></span> 
     </span>
    </p>
   </div>
   <div class='ocr_carea' id='block_1_93' title="bbox 541 4615 2112 4698">
    <p class='ocr_par' dir='ltr' id='par_1_93' title="bbox 541 4615 2112 4698">
     <span class='ocr_line' id='line_1_93' title="bbox 541 4615 2112 4698; baseline -0.001 -16"><span class='ocrx_word' id='word_1_661' title='bbox 541 4629 720 4683; x_wconf 85' lang='lat' dir='ltr'><strong>divina</strong></span> <span class='ocrx_word' id='word_1_662' title='bbox 773 4627 1104 4698; x_wconf 85' lang='lat' dir='ltr'><strong>providentia</strong></span> <span class='ocrx_word' id='word_1_663' title='bbox 1134 4645 1146 4680; x_wconf 85' lang='lat'>:</span> <span class='ocrx_word' id='word_1_664' title='bbox 1176 4641 1240 4680; x_wconf 87' lang='lat' dir='ltr'><strong>ac</strong></span> <span class='ocrx_word' id='word_1_665' title='bbox 1287 4641 1386 4696; x_wconf 91' lang='lat' dir='ltr'><strong>pro</strong></span> <span class='ocrx_word' id='word_1_666' title='bbox 1423 4627 1610 4682; x_wconf 90' lang='lat' dir='ltr'><strong>eodem</strong></span> <span class='ocrx_word' id='word_1_667' title='bbox 1659 4615 1730 4681; x_wconf 89' lang='lat' dir='ltr'><strong>ad</strong></span> <span class='ocrx_word' id='word_1_668' title='bbox 1764 4627 2112 4696; x_wconf 70' lang='lat' dir='ltr'><strong>quaastionem</strong></span> 
     </span>
    </p>
   </div>
   <div class='ocr_carea' id='block_1_94' title="bbox 540 4719 2113 4790">
    <p class='ocr_par' dir='ltr' id='par_1_94' title="bbox 540 4719 2113 4790">
     <span class='ocr_line' id='line_1_94' title="bbox 540 4719 2113 4790; baseline -0.003 -13"><span class='ocrx_word' id='word_1_669' title='bbox 540 4721 816 4790; x_wconf 75' lang='lat' dir='ltr'><strong>cujusdam</strong></span> <span class='ocrx_word' id='word_1_670' title='bbox 862 4720 1181 4790; x_wconf 81' lang='lat' dir='ltr'><strong>patriarchae</strong></span> <span class='ocrx_word' id='word_1_671' title='bbox 1224 4719 1390 4775; x_wconf 89' lang='lat' dir='ltr'><strong>edidit</strong></span> <span class='ocrx_word' id='word_1_672' title='bbox 1439 4735 1622 4789; x_wconf 91' lang='lat' dir='ltr'><strong>opusc.</strong></span> <span class='ocrx_word' id='word_1_673' title='bbox 1671 4735 1872 4774; x_wconf 78' lang='lat' dir='ltr'><strong>xxxviii</strong></span> <span class='ocrx_word' id='word_1_674' title='bbox 1922 4729 2113 4775; x_wconf 88' lang='lat' dir='ltr'><strong>contra</strong></span> 
     </span>
    </p>
   </div>
   <div class='ocr_carea' id='block_1_95' title="bbox 539 4810 2111 4880">
    <p class='ocr_par' dir='ltr' id='par_1_95' title="bbox 539 4810 2111 4880">
     <span class='ocr_line' id='line_1_95' title="bbox 539 4810 2111 4880; baseline -0.001 -17"><span class='ocrx_word' id='word_1_675' title='bbox 539 4827 781 4866; x_wconf 86' lang='lat' dir='ltr'><strong>errorem</strong></span> <span class='ocrx_word' id='word_1_676' title='bbox 821 4811 1132 4866; x_wconf 57' lang='lat' dir='ltr'><strong>Graecorum</strong></span> <span class='ocrx_word' id='word_1_677' title='bbox 1162 4810 1228 4866; x_wconf 87' lang='lat' dir='ltr'><strong>de</strong></span> <span class='ocrx_word' id='word_1_678' title='bbox 1251 4810 1594 4880; x_wconf 88' lang='lat' dir='ltr'><strong>processione</strong></span> <span class='ocrx_word' id='word_1_679' title='bbox 1645 4810 1878 4879; x_wconf 85' lang='lat' dir='ltr'><strong>Spiritus</strong></span> <span class='ocrx_word' id='word_1_680' title='bbox 1920 4811 2111 4865; x_wconf 90' lang='lat' dir='ltr'><strong>sancti.</strong></span> 
     </span>
    </p>
   </div>
   <div class='ocr_carea' id='block_1_96' title="bbox 541 4900 2113 4972">
    <p class='ocr_par' dir='ltr' id='par_1_96' title="bbox 541 4900 2113 4972">
     <span class='ocr_line' id='line_1_96' title="bbox 541 4900 2113 4972; baseline -0.001 -15"><span class='ocrx_word' id='word_1_681' title='bbox 541 4901 791 4970; x_wconf 84' lang='lat' dir='ltr'><strong>Ejusdem</strong></span> <span class='ocrx_word' id='word_1_682' title='bbox 824 4903 1088 4972; x_wconf 80' lang='lat' dir='ltr'><strong>pontificis</strong></span> <span class='ocrx_word' id='word_1_683' title='bbox 1123 4903 1341 4956; x_wconf 91' lang='lat' dir='ltr'><strong>nomine</strong></span> <span class='ocrx_word' id='word_1_684' title='bbox 1374 4909 1571 4966; x_wconf 77' lang='lat' dir='ltr'><strong>exstat,</strong></span> <span class='ocrx_word' id='word_1_685' title='bbox 1622 4903 1778 4970; x_wconf 84' lang='lat' dir='ltr'><strong>epist.</strong></span> <span class='ocrx_word' id='word_1_686' title='bbox 1835 4901 1865 4953; x_wconf 90' lang='lat'><strong>7</strong></span> <span class='ocrx_word' id='word_1_687' title='bbox 1907 4900 2028 4955; x_wconf 91' lang='lat' dir='ltr'><strong>libri</strong></span> <span class='ocrx_word' id='word_1_688' title='bbox 2059 4916 2113 4967; x_wconf 91' lang='lat' dir='ltr'><strong>v,</strong></span> 
     </span>
    </p>
   </div>
   <div class='ocr_carea' id='block_1_97' title="bbox 541 4981 2111 5064">
    <p class='ocr_par' dir='ltr' id='par_1_97' title="bbox 541 4981 2111 5064">
     <span class='ocr_line' id='line_1_97' title="bbox 541 4981 2111 5064; baseline -0.001 -16"><span class='ocrx_word' id='word_1_689' title='bbox 541 4996 609 5048; x_wconf 88' lang='lat' dir='ltr'><strong>ad</strong></span> <span class='ocrx_word' id='word_1_690' title='bbox 663 4993 866 5048; x_wconf 90' lang='lat' dir='ltr'><strong>clerum</strong></span> <span class='ocrx_word' id='word_1_691' title='bbox 926 5005 978 5049; x_wconf 91' lang='lat' dir='ltr'><strong>et</strong></span> <span class='ocrx_word' id='word_1_692' title='bbox 1036 4995 1288 5064; x_wconf 90' lang='lat' dir='ltr'><strong>populum</strong></span> <span class='ocrx_word' id='word_1_693' title='bbox 1343 4981 1791 5048; x_wconf 83' lang='lat' dir='ltr'><strong>Mediolanenscm</strong></span> <span class='ocrx_word' id='word_1_694' title='bbox 1826 5032 1840 5057; x_wconf 92' lang='lat'><strong>,</strong></span> <span class='ocrx_word' id='word_1_695' title='bbox 1895 4991 1947 5046; x_wconf 90' lang='lat' dir='ltr'><strong>in</strong></span> <span class='ocrx_word' id='word_1_696' title='bbox 2007 5007 2111 5062; x_wconf 86' lang='lat' dir='ltr'><strong>qua</strong></span> 
     </span>
    </p>
   </div>
   <div class='ocr_carea' id='block_1_98' title="bbox 540 5083 2113 5155">
    <p class='ocr_par' dir='ltr' id='par_1_98' title="bbox 540 5083 2113 5155">
     <span class='ocr_line' id='line_1_98' title="bbox 540 5083 2113 5155; baseline -0.001 -16"><span class='ocrx_word' id='word_1_697' title='bbox 540 5093 830 5155; x_wconf 87' lang='lat' dir='ltr'><strong>postquam</strong></span> <span class='ocrx_word' id='word_1_698' title='bbox 870 5095 1170 5154; x_wconf 89' lang='lat' dir='ltr'><strong>paternam,</strong></span> <span class='ocrx_word' id='word_1_699' title='bbox 1207 5099 1367 5153; x_wconf 89' lang='lat' dir='ltr'><strong>quam</strong></span> <span class='ocrx_word' id='word_1_700' title='bbox 1419 5085 1483 5138; x_wconf 90' lang='lat' dir='ltr'><strong>de</strong></span> <span class='ocrx_word' id='word_1_701' title='bbox 1530 5098 1716 5140; x_wconf 89' lang='lat' dir='ltr'><strong>eorum</strong></span> <span class='ocrx_word' id='word_1_702' title='bbox 1767 5083 1938 5138; x_wconf 87' lang='lat' dir='ltr'><strong>salute</strong></span> <span class='ocrx_word' id='word_1_703' title='bbox 1982 5099 2113 5154; x_wconf 88' lang='lat' dir='ltr'><strong>pon-</strong></span> 
     </span>
    </p>
   </div>
   <div class='ocr_carea' id='block_1_99' title="bbox 545 5177 2113 5249">
    <p class='ocr_par' dir='ltr' id='par_1_99' title="bbox 545 5177 2113 5249">
     <span class='ocr_line' id='line_1_99' title="bbox 545 5177 2113 5249; baseline -0.003 -15"><span class='ocrx_word' id='word_1_704' title='bbox 545 5180 714 5245; x_wconf 82' lang='lat' dir='ltr'><strong>tifex,</strong></span> <span class='ocrx_word' id='word_1_705' title='bbox 771 5180 942 5249; x_wconf 83' lang='lat' dir='ltr'><strong>patria</strong></span> <span class='ocrx_word' id='word_1_706' title='bbox 1009 5179 1463 5244; x_wconf 84' lang='lat' dir='ltr'><strong>Mediolanensis,</strong></span> <span class='ocrx_word' id='word_1_707' title='bbox 1521 5179 1740 5249; x_wconf 86' lang='lat' dir='ltr'><strong>gerebat</strong></span> <span class='ocrx_word' id='word_1_708' title='bbox 1796 5177 2113 5231; x_wconf 87' lang='lat' dir='ltr'><strong>sollicitudi-</strong></span> 
     </span>
    </p>
   </div>
   <div class='ocr_carea' id='block_1_100' title="bbox 545 5269 2113 5337">
    <p class='ocr_par' dir='ltr' id='par_1_100' title="bbox 545 5269 2113 5337">
     <span class='ocr_line' id='line_1_100' title="bbox 545 5269 2113 5337; baseline -0.005 -9"><span class='ocrx_word' id='word_1_709' title='bbox 545 5289 688 5337; x_wconf 91' lang='lat' dir='ltr'><strong>nem,</strong></span> <span class='ocrx_word' id='word_1_710' title='bbox 743 5270 1147 5327; x_wconf 81' lang='lat' dir='ltr'><strong>humauissiruis</strong></span> <span class='ocrx_word' id='word_1_711' title='bbox 1181 5270 1371 5324; x_wconf 80' lang='lat' dir='ltr'><strong>verbis</strong></span> <span class='ocrx_word' id='word_1_712' title='bbox 1422 5271 1678 5334; x_wconf 87' lang='lat' dir='ltr'><strong>ostendit,</strong></span> <span class='ocrx_word' id='word_1_713' title='bbox 1743 5269 1992 5323; x_wconf 81' lang='lat' dir='ltr'><strong>hortatur</strong></span> <span class='ocrx_word' id='word_1_714' title='bbox 2057 5277 2113 5320; x_wconf 90' lang='lat' dir='ltr'><strong>ut</strong></span> 
     </span>
    </p>
   </div>
   <div class='ocr_carea' id='block_1_101' title="bbox 2217 4633 3775 4706">
    <p class='ocr_par' dir='ltr' id='par_1_101' title="bbox 2217 4633 3775 4706">
     <span class='ocr_line' id='line_1_101' title="bbox 2217 4633 3775 4706; baseline -0.007 -13"><span class='ocrx_word' id='word_1_715' title='bbox 2217 4638 2352 4694; x_wconf 92' lang='lat' dir='ltr'><strong>chus</strong></span> <span class='ocrx_word' id='word_1_716' title='bbox 2379 4652 2443 4692; x_wconf 89' lang='lat' dir='ltr'><strong>ac</strong></span> <span class='ocrx_word' id='word_1_717' title='bbox 2469 4639 2616 4706; x_wconf 92' lang='lat' dir='ltr'><strong>prior</strong></span> <span class='ocrx_word' id='word_1_718' title='bbox 2653 4635 2821 4706; x_wconf 87' lang='lat' dir='ltr'><strong>major</strong></span> <span class='ocrx_word' id='word_1_719' title='bbox 2846 4637 3237 4703; x_wconf 87' lang='lat' dir='ltr'><strong>Cluniacensis,</strong></span> <span class='ocrx_word' id='word_1_720' title='bbox 3273 4656 3291 4688; x_wconf 79' lang='grc' dir='ltr'><strong>ι</strong></span> <span class='ocrx_word' id='word_1_721' title='bbox 3318 4637 3409 4706; x_wconf 88' lang='lat' dir='ltr'><strong>qui</strong></span> <span class='ocrx_word' id='word_1_722' title='bbox 3455 4635 3524 4689; x_wconf 88' lang='lat' dir='ltr'><strong>ab</strong></span> <span class='ocrx_word' id='word_1_723' title='bbox 3563 4633 3775 4689; x_wconf 77' lang='lat' dir='ltr'><strong>Alexan-</strong></span> 
     </span>
    </p>
   </div>
   <div class='ocr_carea' id='block_1_102' title="bbox 2219 4723 3774 4800">
    <p class='ocr_par' dir='ltr' id='par_1_102' title="bbox 2219 4723 3774 4800">
     <span class='ocr_line' id='line_1_102' title="bbox 2219 4723 3774 4800; baseline -0.005 -17"><span class='ocrx_word' id='word_1_724' title='bbox 2219 4729 2316 4783; x_wconf 93' lang='lat' dir='ltr'><strong>dro</strong></span> <span class='ocrx_word' id='word_1_725' title='bbox 2354 4743 2486 4798; x_wconf 92' lang='lat' dir='ltr'><strong>papa</strong></span> <span class='ocrx_word' id='word_1_726' title='bbox 2519 4729 2570 4782; x_wconf 91' lang='lat' dir='ltr'><strong>in</strong></span> <span class='ocrx_word' id='word_1_727' title='bbox 2597 4726 2798 4782; x_wconf 80' lang='lat' dir='ltr'><strong>Gallias</strong></span> <span class='ocrx_word' id='word_1_728' title='bbox 2828 4728 3122 4782; x_wconf 86' lang='lat' dir='ltr'><strong>destinatus</strong></span> <span class='ocrx_word' id='word_1_729' title='bbox 3152 4738 3233 4783; x_wconf 91' lang='lat' dir='ltr'><strong>est</strong></span> <span class='ocrx_word' id='word_1_730' title='bbox 3262 4728 3491 4800; x_wconf 86' lang='lat' dir='ltr'><strong>legatus,</strong></span> <span class='ocrx_word' id='word_1_731' title='bbox 3521 4740 3551 4780; x_wconf 84' lang='lat' dir='ltr'><strong>a</strong></span> <span class='ocrx_word' id='word_1_732' title='bbox 3589 4723 3774 4790; x_wconf 75' lang='lat' dir='ltr'><strong>Grego-</strong></span> 
     </span>
    </p>
   </div>
   <div class='ocr_carea' id='block_1_103' title="bbox 2219 4813 3771 4888">
    <p class='ocr_par' dir='ltr' id='par_1_103' title="bbox 2219 4813 3771 4888">
     <span class='ocr_line' id='line_1_103' title="bbox 2219 4813 3771 4888; baseline -0.005 -16"><span class='ocrx_word' id='word_1_733' title='bbox 2219 4819 2299 4873; x_wconf 90' lang='lat' dir='ltr'><strong>rio</strong></span> <span class='ocrx_word' id='word_1_734' title='bbox 2341 4817 2430 4872; x_wconf 73' lang='lat' dir='ltr'><strong>Vll</strong></span> <span class='ocrx_word' id='word_1_735' title='bbox 2476 4819 2525 4872; x_wconf 93' lang='lat' dir='ltr'><strong>in</strong></span> <span class='ocrx_word' id='word_1_736' title='bbox 2571 4818 2856 4887; x_wconf 88' lang='lat' dir='ltr'><strong>Hispanias</strong></span> <span class='ocrx_word' id='word_1_737' title='bbox 2893 4832 2956 4871; x_wconf 90' lang='lat' dir='ltr'><strong>ac</strong></span> <span class='ocrx_word' id='word_1_738' title='bbox 2995 4817 3336 4884; x_wconf 86' lang='lat' dir='ltr'><strong>Germanias,</strong></span> <span class='ocrx_word' id='word_1_739' title='bbox 3377 4828 3555 4888; x_wconf 89' lang='lat' dir='ltr'><strong>atque,</strong></span> <span class='ocrx_word' id='word_1_740' title='bbox 3597 4813 3771 4868; x_wconf 86' lang='lat' dir='ltr'><strong>eodem</strong></span> 
     </span>
    </p>
   </div>
   <div class='ocr_carea' id='block_1_104' title="bbox 2218 4903 3771 4973">
    <p class='ocr_par' dir='ltr' id='par_1_104' title="bbox 2218 4903 3771 4973">
     <span class='ocr_line' id='line_1_104' title="bbox 2218 4903 3771 4973; baseline -0.005 -11"><span class='ocrx_word' id='word_1_741' title='bbox 2218 4906 2506 4963; x_wconf 86' lang='lat' dir='ltr'><strong>Bertholdo</strong></span> <span class='ocrx_word' id='word_1_742' title='bbox 2551 4919 2702 4973; x_wconf 89' lang='lat' dir='ltr'><strong>teste,</strong></span> <span class='ocrx_word' id='word_1_743' title='bbox 2745 4923 2797 4961; x_wconf 79' lang='lat' dir='ltr'><strong>ix</strong></span> <span class='ocrx_word' id='word_1_744' title='bbox 2841 4909 2963 4963; x_wconf 87' lang='lat' dir='ltr'><strong>ldus</strong></span> <span class='ocrx_word' id='word_1_745' title='bbox 2994 4909 3306 4964; x_wconf 89' lang='lat' dir='ltr'><strong>Decembris</strong></span> <span class='ocrx_word' id='word_1_746' title='bbox 3343 4910 3465 4964; x_wconf 89' lang='lat' dir='ltr'><strong>anni</strong></span> <span class='ocrx_word' id='word_1_747' title='bbox 3509 4907 3640 4962; x_wconf 82' lang='grc'>1077</span> <span class='ocrx_word' id='word_1_748' title='bbox 3673 4903 3771 4956; x_wconf 86' lang='lat' dir='ltr'><strong>vita</strong></span> 
     </span>
    </p>
   </div>
   <div class='ocr_carea' id='block_1_105' title="bbox 2211 4994 3772 5075">
    <p class='ocr_par' dir='ltr' id='par_1_105' title="bbox 2211 4994 3772 5075">
     <span class='ocr_line' id='line_1_105' title="bbox 2211 4994 3772 5075; baseline -0.006 -19"><span class='ocrx_word' id='word_1_749' title='bbox 2211 5002 2449 5056; x_wconf 85' lang='lat' dir='ltr'><strong>functus.</strong></span> <span class='ocrx_word' id='word_1_750' title='bbox 2501 4999 2734 5054; x_wconf 83' lang='lat' dir='ltr'><strong>Consule</strong></span> <span class='ocrx_word' id='word_1_751' title='bbox 2784 4999 2972 5070; x_wconf 86' lang='lat' dir='ltr'><strong>Ughel.</strong></span> <span class='ocrx_word' id='word_1_752' title='bbox 3020 5001 3072 5054; x_wconf 91' lang='lat' dir='ltr'><strong>in</strong></span> <span class='ocrx_word' id='word_1_753' title='bbox 3120 5001 3234 5054; x_wconf 86' lang='lat' dir='ltr'><strong>ltal.</strong></span> <span class='ocrx_word' id='word_1_754' title='bbox 3265 5015 3440 5075; x_wconf 86' lang='lat' dir='ltr'><strong>sacra,</strong></span> <span class='ocrx_word' id='word_1_755' title='bbox 3468 5007 3524 5052; x_wconf 92' lang='lat' dir='ltr'><strong>et</strong></span> <span class='ocrx_word' id='word_1_756' title='bbox 3562 4994 3772 5050; x_wconf 88' lang='lat' dir='ltr'><strong>additio-</strong></span> 
     </span>
    </p>
   </div>
   <div class='ocr_carea' id='block_1_106' title="bbox 2215 5084 3768 5160">
    <p class='ocr_par' dir='ltr' id='par_1_106' title="bbox 2215 5084 3768 5160">
     <span class='ocr_line' id='line_1_106' title="bbox 2215 5084 3768 5160; baseline -0.006 -16"><span class='ocrx_word' id='word_1_757' title='bbox 2215 5091 2376 5146; x_wconf 90' lang='lat' dir='ltr'><strong>nibus</strong></span> <span class='ocrx_word' id='word_1_758' title='bbox 2410 5090 2477 5145; x_wconf 87' lang='lat' dir='ltr'><strong>ad</strong></span> <span class='ocrx_word' id='word_1_759' title='bbox 2507 5089 2818 5146; x_wconf 88' lang='lat' dir='ltr'><strong>Ciaconium</strong></span> <span class='ocrx_word' id='word_1_760' title='bbox 2859 5091 2926 5146; x_wconf 87' lang='lat' dir='ltr'><strong>de</strong></span> <span class='ocrx_word' id='word_1_761' title='bbox 2968 5089 3099 5145; x_wconf 74' lang='lat' dir='ltr'><strong>Vitis</strong></span> <span class='ocrx_word' id='word_1_762' title='bbox 3141 5093 3451 5160; x_wconf 81' lang='lat' dir='ltr'><strong>pontiﬁcum</strong></span> <span class='ocrx_word' id='word_1_763' title='bbox 3503 5096 3557 5142; x_wconf 90' lang='lat' dir='ltr'><strong>et</strong></span> <span class='ocrx_word' id='word_1_764' title='bbox 3602 5084 3768 5141; x_wconf 89' lang='lat' dir='ltr'><strong>cardi-</strong></span> 
     </span>
    </p>
   </div>
   <div class='ocr_carea' id='block_1_107' title="bbox 2257 5180 2441 5232">
    <p class='ocr_par' dir='ltr' id='par_1_107' title="bbox 2257 5180 2441 5232">
     <span class='ocr_line' id='line_1_107' title="bbox 2257 5180 2441 5232; baseline 0 0"><span class='ocrx_word' id='word_1_765' title='bbox 2257 5180 2441 5232; x_wconf 81' lang='lat' dir='ltr'><strong>alium.</strong></span> 
     </span>
    </p>
   </div>
   <div class='ocr_carea' id='block_1_108' title="bbox 2219 5196 3770 5344">
    <p class='ocr_par' dir='ltr' id='par_1_108' title="bbox 2219 5196 3770 5344">
     <span class='ocr_line' id='line_1_108' title="bbox 2258 5196 2441 5232; baseline 0.005 -1"><span class='ocrx_word' id='word_1_766' title='bbox 2258 5199 2267 5211; x_wconf 88' lang='lat'><strong><em>‘</em></strong></span> <span class='ocrx_word' id='word_1_767' title='bbox 2293 5196 2305 5231; x_wconf 93' lang='lat' dir='ltr'><strong>l</strong></span> <span class='ocrx_word' id='word_1_768' title='bbox 2428 5219 2441 5232; x_wconf 90' lang='lat'><strong>.</strong></span> 
     </span>
     <span class='ocr_line' id='line_1_109' title="bbox 2219 5196 3770 5344; baseline -0.005 -22"><span class='ocrx_word' id='word_1_769' title='bbox 2219 5196 2614 5324; x_wconf 48' lang='lat' dir='ltr'><strong>&quot;dggjnllaron.</strong></span> <span class='ocrx_word' id='word_1_770' title='bbox 2642 5283 2729 5322; x_wconf 89' lang='lat' dir='ltr'><strong>an.</strong></span> <span class='ocrx_word' id='word_1_771' title='bbox 2759 5268 2915 5332; x_wconf 72' lang='lat'><strong>1072,</strong></span> <span class='ocrx_word' id='word_1_772' title='bbox 2954 5283 3102 5323; x_wconf 89' lang='lat' dir='ltr'><strong>num.</strong></span> <span class='ocrx_word' id='word_1_773' title='bbox 3164 5269 3254 5344; x_wconf 71' lang='grc'><strong>54,</strong></span> <span class='ocrx_word' id='word_1_774' title='bbox 3299 5268 3491 5324; x_wconf 86' lang='lat' dir='ltr'><strong>asserit</strong></span> <span class='ocrx_word' id='word_1_775' title='bbox 3522 5283 3539 5316; x_wconf 76' lang='grc' dir='ltr'><strong>ι</strong></span> <span class='ocrx_word' id='word_1_776' title='bbox 3576 5263 3635 5318; x_wconf 87' lang='grc' dir='ltr'><strong>Β.</strong></span> <span class='ocrx_word' id='word_1_777' title='bbox 3680 5260 3770 5334; x_wconf 65' lang='grc' dir='ltr'><strong>Ρθτ</strong></span> 
     </span>
    </p>
   </div>
  </div>
