3982 5350
209 367 301 421 ίῐδ
567 357 570 360 ’
1059 364 1592 425 PROLEGOMENA.
1636 399 1705 408 —
1747 366 1904 422 VITA
1949 366 2006 423 S.
2049 366 2252 423 PETRI
2296 367 2604 424 DAMIANI.

3361 369 3480 425 114·

210 477 353 532 randi
381 487 510 547 post
533 476 872 532 millesimum
899 477 1129 544 obiisse,
1155 481 1401 552 superius
1433 492 1516 536 est
1551 483 1776 536 demon-
1803 487 1852 545 Α
1880 495 2050 550 quens
2081 481 2390 550 inscriptio,
2415 481 2678 536 luminum
2702 496 2800 536 usu
2825 482 3022 538 abolita
3042 523 3056 545 ,
3089 483 3330 552 corporis
3350 482 3502 552 eius»

209 577 447 624 stratum.
489 586 510 620 ι
547 565 740 622 Verum
771 567 911 623 hanc
933 568 1096 639 epist.
1134 569 1194 625 Β.
1244 569 1390 626 Petri
1429 573 1497 627 ad
1534 583 1782 628 senatum

207 676 462 730 nusquam
495 659 552 714 in
589 669 870 716 accurrata
913 677 1139 730 operum
1185 668 1243 716 et
1283 663 1633 732 epistularum
1662 666 1782 720 edi-

211 753 345 805 tione
393 749 638 818 reperire
672 751 962 821 potuimus.
1018 751 1089 806 At
1141 761 1328 808 contra
1378 754 1441 809 Β.
1489 754 1685 810 Petrus
1714 757 1781 811 ad

207 839 558 896 Alexandrum
599 840 644 894 ll
687 841 954 907 electum,
983 857 1114 914 ergo
1144 845 1244 899 sub
1282 844 1447 901 ﬁnem
1487 848 1614 902 anni
1643 847 1778 904 1061

208 940 291 985 aut
333 930 551 984 initium
594 932 905 1000 sequentis,
951 933 1208 988 describit
1245 950 1396 990 suam
1428 947 1780 1000 senectutem.

206 1031 253 1077 et
280 1039 298 1074 ι
335 1028 532 1091 caput,
582 1023 729 1092 quod
776 1024 928 1078 canis
977 1025 1237 1081 hactenus
1273 1027 1664 1098 spargebatur,
1691 1043 1787 1100 cy-

206 1129 338 1186 gnzeo
378 1112 496 1182 iam
553 1115 740 1171 albore
790 1116 1097 1182 nivescere;
1147 1137 1165 1170 ι
1201 1127 1258 1174 et
1293 1129 1472 1176 tamen
1521 1137 1626 1177 non
1678 1123 1782 1177 nisi

210 1206 706 1277 quinquagesimum
731 1208 977 1278 quintum
997 1211 1173 1266 aetatis
1209 1226 1408 1267 annum
1431 1214 1662 1284 egisset,
1690 1224 1786 1270 aut

208 1313 484 1353 summanr
516 1299 859 1357 absolvisset.
901 1301 1040 1370 Quid
1071 1304 1116 1358 si
1160 1312 1284 1374 post
1337 1305 1579 1377 quinque
1612 1321 1786 1362 annos

210 1389 268 1442 ab
292 1386 433 1444 obitu
465 1387 818 1458 imperatoris
857 1391 1072 1449 Ottonis
1102 1396 1322 1450 secundi
1353 1411 1412 1451 se
1441 1407 1626 1451 natum
1663 1412 1785 1454 esse

208 1477 480 1534 indicarit?
523 1477 579 1534 ls
629 1491 775 1538 esset
816 1496 993 1538 annus
1041 1487 1484 1556 nongentesimus
1518 1489 1788 1560 octogesi-

213 1585 317 1623 mus
354 1577 586 1624 octavus
607 1611 623 1635 ,
669 1581 725 1627 et
768 1573 994 1644 capillos
1021 1591 1268 1646 cygnzeos
1313 1593 1435 1632 cum
1465 1578 1668 1649 reliqua
1700 1595 1785 1635 se-

209 1673 405 1720 nectute
450 1681 620 1736 supra
669 1668 905 1724 indicata
961 1670 1242 1727 habuisset
1297 1687 1438 1729 anno
1470 1675 1645 1731 aetatis
1681 1675 1782 1740 73,

210 1766 539 1830 mortuusque
569 1759 718 1816 eSset
761 1775 903 1815 anno
942 1763 1116 1818 aetatis
1160 1762 1256 1827 84,
1293 1774 1446 1820 artare
1491 1766 1780 1836 confectus,

1888 572 2292 628 translationem
2323 573 2377 627 in
2405 572 2720 628 memoriam
2747 582 2984 628 revocat.
3024 593 3042 620 ο

2098 663 2164 718 A.
2204 663 2267 717 D.
2311 659 2626 719 MCCCLIV.
2668 663 2778 718 DIE
2812 663 2944 718 XIII.
2987 663 3256 720 APRILIS

2191 752 2660 810 TRANSLATUM
2700 753 2859 809 FUIT
2897 752 3168 810 COBPL‘S

2130 843 2187 899 S.
2229 842 2433 898 PETRI
2477 844 2758 899 DAMIANI
2797 844 3238 900 RAVENNATIS

2247 935 2312 990 IN
2351 935 2738 993 SCRIPTURA
2780 935 3119 993 DOCTORIS

2291 1017 2378 1072 ET
2417 1016 2686 1074 OSTIEN.
2730 1019 3033 1074 EPISCOPI
3053 1060 3068 1082 ,

2217 1097 2304 1153 AC
2342 1097 2588 1154 APOST.
2629 1098 2823 1154 SEDIS
2860 1098 3145 1162 LEGATI,

2031 1189 2189 1246 0RD.
2234 1191 2290 1245 S.
2333 1190 2583 1246 CRUCIS
2615 1190 3330 1256 FONTlS-AVELLANJE,

2034 1268 2101 1324 IN
2139 1269 2575 1325 PRESENTEM
2615 1270 2852 1326 ARCAM
2892 1273 2933 1326 A
2966 1271 3126 1327 BEV.
3169 1270 3226 1327 P.
3266 1272 3330 1325 D.

2125 1347 2483 1406 ΜΑΤΤΙΙᾹΞΟ
2522 1351 2610 1406 DE
2647 1349 2893 1406 GALLIO
2931 1350 3042 1405 HIC
3081 1349 3243 1404 ABB-

1889 1440 2188 1512 Sequentes
2241 1456 2429 1496 versus
2481 1443 2580 1497 sub
2619 1442 2806 1498 eadem
2859 1458 2986 1498 arca
3031 1451 3272 1498 exstant.

1868 1551 1870 1553 ν
1951 1533 2343 1598 Quinque‘denis
2366 1533 2502 1582 mille
2526 1536 2763 1598 trecentis
2784 1542 2838 1598 et
2860 1543 3069 1598 quatuor
3095 1536 3256 1590 armis,

1951 1595 2152 1645 Tertius
2174 1595 2355 1653 Aprilis
2377 1607 2485 1643 cum
2511 1608 2542 1657 a
2561 1595 2755 1645 decimo
2776 1595 2987 1646 ﬂuxerat
3012 1606 3172 1657 ortus,

1950 1657 2221 1707 Transtulit
2256 1664 2306 1705 te
2330 1657 2496 1706 clerus
2517 1656 2712 1706 doctum
2738 1661 2786 1706 in
2815 1661 2988 1718 pagina
3007 1672 3161 1716 sacra,

1950 1718 2209 1780 Ostiensis
2221 1719 2419 1777 praesul,
2445 1732 2594 1780 quem
2626 1725 2761 1768 dotat
2784 1720 3126 1769 cardinalatus.

1953 1783 1995 1831 Ο
2023 1781 2171 1830 Petre
2194 1779 2450 1841 Damiane,
2468 1779 2523 1841 te
2547 1779 2674 1830 Crux
2697 1785 2744 1830 tn
2767 1780 2952 1831 Ordine
2973 1781 3136 1829 Fontis

209 1849 273 1902 uti
311 1863 374 1903 ex
417 1849 580 1906 Actis
608 1850 722 1921 iam
774 1852 1032 1906 diximus.
1078 1853 1222 1909 Idem
1277 1854 1474 1910 Baron.
1527 1857 1600 1910 ita
1641 1857 1784 1912 dicto

1949 1842 2201 1921 (Avellanai
2210 1843 2356 1921 boat,
2392 1840 2442 1890 tu
2467 1840 2662 1921 legatus
2678 1854 2882 1921 quoque
2900 1845 3098 1921 tandem

210 1959 254 1996 it.
295 1942 359 1997 51
402 1943 645 1999 illustria
697 1945 760 1999 Β.
810 1944 954 2000 Petri
986 1961 1148 2015 opera
1192 1963 1221 2000 a
1260 1961 1320 2002 se
1365 1958 1787 2004 commemorata

212 2031 460 2089 concludit
491 2051 504 2088 :
541 2053 566 2086 ι
605 2033 697 2089 Sic
725 2035 865 2090 Deus
893 2038 945 2090 in
976 2037 1077 2090 hoc
1108 2035 1541 2106 deploratissimo
1568 2040 1785 2104 sarculo,

213 2138 316 2177 cum
356 2124 696 2179 excrevisset
739 2125 808 2180 ad
837 2125 1136 2180 Ecclesiam
1163 2127 1496 2183 obruendam
1527 2129 1784 2184 diluvium

213 2215 399 2279 carnis,
446 2213 606 2269 dedit
639 2216 840 2271 mundo
885 2225 1096 2271 tantum
1139 2218 1345 2284 virum,
1391 2221 1484 2289 qui
1529 2221 1789 2276 austeris-

212 2307 338 2359 simre
362 2306 484 2360 vitae
517 2307 806 2377 exemplo,
835 2309 1093 2378 verbique
1120 2311 1532 2379 praedicatione,
1563 2323 1619 2368 et
1650 2314 1785 2369 scri-

214 2399 300 2465 [itis
343 2401 654 2454 exsiccaret
701 2408 905 2455 tantam
936 2402 1277 2470 putredincm
1299 2444 1312 2470 ,
1348 2405 1659 2476 pariterque
1688 2423 1788 2476 [ιιι.

215 2495 376 2555 gnaret
419 2489 690 2544 adversus
728 2489 1095 2548 Sinioniacam
1135 2493 1407 2560 haeresim,
1438 2512 1558 2567 qua:
1585 2496 1785 2568 ubique

217 2578 424 2633 locorum
451 2581 816 2652 grassabatur
849 2583 1086 2654 impune.
1127 2603 1146 2636 ι
1181 2584 1306 2641 Haec
1337 2585 1535 2642 Baron.

272 2671 350 2725 40.
389 2673 463 2728 De
534 2675 687 2729 sacri
755 2676 1000 2746 corporis
1060 2679 1413 2735 translatione
1467 2681 1569 2736 ista
1620 2683 1786 2739 tradit

221 2759 397 2830 Ughell.
428 2765 493 2818 ad
526 2765 853 2820 Ciaconium
885 2782 900 2822 :
937 2784 956 2818 ι
999 2765 1274 2824 Faventiae
1299 2771 1366 2826 ad
1412 2771 1575 2842 hujus
1604 2775 1780 2829 sancti

219 2851 300 2904 viri
353 2855 622 2909 tumulum
670 2856 865 2911 ardent
909 2855 1056 2913 faces
1081 2899 1097 2924 ,
1142 2860 1373 2930 populus
1402 2865 1624 2920 conﬂuit
1656 2883 1667 2918 :
1699 2880 1786 2921 se-

1949 1905 2094 1954 Sedis
2116 1904 2412 1965 apostolicm,
2439 1909 2576 1965 petra
2597 1902 2722 1952 nunc
2745 1902 2990 1965 clauderis
3012 1908 3120 1952 ista.

1952 1967 2100 2016 Instat
2125 1963 2253 2013 nunc
2273 1965 2422 2013 abbas
2449 1963 2703 2014 ﬂatthzeus
2724 1965 2788 2013 de
2806 1963 2958 2016 Callio
2983 1975 3138 2015 natus.

1957 2049 2045 2103 41.
2088 2047 2328 2101 Alteram
2371 2046 2424 2100 in
2454 2047 2685 2117 quadam
2713 2046 2965 2102 columna
2995 2048 3239 2116 primarii
3272 2049 3477 2104 Faven-

1888 2139 1985 2192 tiui
2028 2135 2211 2205 templi
2243 2149 2537 2205 appensam
2567 2134 2783 2204 subiicit
2814 2137 2952 2192 idem
2990 2137 3205 2210 Ugellus
3225 2179 3240 2204 ,
3272 2155 3377 2208 qua
3411 2138 3472 2192 Β.

1886 2231 2106 2285 Petrum
2145 2228 2286 2282 inter
2324 2227 2474 2283 urbis
2526 2242 2636 2282 sua:
2671 2236 2931 2298 patronos
2977 2231 3206 2286 relatum
3237 2246 3358 2286 esse
3391 2240 3470 2284 te-

1885 2329 2101 2375 stantur
2122 2317 2440 2380 Faventini;
2473 2328 2662 2388 eStque
2706 2318 3007 2388 huiusmodi
3037 2337 3050 2374 :

1958 2410 2274 2466 lmminente
2302 2409 2500 2464 civitati
2521 2426 2586 2464 ex
2614 2408 2782 2464 Callia
2823 2411 3052 2481 periculo
3083 2413 3264 2476 crudis,
3298 2413 3441 2466 exilii
3459 2453 3474 2477 ,

1887 2513 1932 2557 et
1964 2503 2194 2572 ﬂammae
2213 2541 2228 2566 ,
2257 2501 2387 2555 vovit
2416 2501 2688 2556 universus
2718 2502 2940 2572 populus
2971 2501 3294 2557 Faventinus
3326 2518 3477 2572 agere

1888 2609 1992 2648 non
2041 2595 2216 2646 minus
2267 2591 2567 2646 solenmiter
2611 2592 2666 2647 in
2711 2593 2890 2647 diebus
2935 2594 3082 2664 [estis
3117 2594 3221 2650 SS.
3264 2594 3476 2659 Savini,

1891 2683 2211 2748 xEmiliaui,
2257 2682 2549 2736 Tereutt't’et
2593 2683 2736 2738 Petri
2779 2685 3056 2748 Dnmiani,
3093 2703 3250 2758 quam
3297 2685 3477 2739 diebus

1890 2772 2181 2828 Dominicis
2228 2777 2314 2842 agi
2355 2771 2564 2825 solitum
2607 2772 2935 2846 debitumque
2970 2777 3058 2840 sit,
3084 2778 3128 2830 si
3171 2777 3326 2830 modo
3367 2791 3481 2829 om-

1893 2867 2131 2936 nipotens
2162 2865 2304 2921 Deus
2333 2865 2543 2919 ruinam
2571 2873 2842 2921 averteret.
2874 2867 3028 2921 1512.

227 3050 3426 3109 Wa,
3478 3077 3482 3080 .

945 3248 1300 3366 VlTA
1384 3251 1513 3364 B.
1611 3257 2038 3370 PETRI
2123 3260 2728 3380 DAMIANI

1520 3511 1573 3558 s.
1625 3515 1685 3557 ιι.
1737 3516 1795 3557 ε.
1843 3517 2243 3577 CARDINALIS,

441 3683 677 3787 Per
755 3683 1316 3790 Joannem
1395 3669 2067 3798 monachum
2143 3695 2392 3833 eius
2471 3699 3190 3860 discipulum,
3301 3791 3306 3797 .

925 3912 931 3918 ’
991 3989 993 3991 ,
1083 3931 1170 3992 Bx
1202 3932 1458 3996 duobus
1495 3952 1648 3996 mss.
1687 3939 2054 4002 Ravennate
2087 3950 2148 4002 et
2181 3941 2557 4004 Faventino.

284 4320 474 4378 Damno
529 4324 827 4379 LIPBANDO‘
875 4320 1064 4392 priori,
1111 4329 1168 4375 et
1224 4321 1436 4377 exteris
1485 4321 1792 4380 senioribus
1821 4303 1868 4366 (ἶ
1900 4325 2143 4380 notitiam
2196 4324 2496 4381 futurorum
2548 4335 2766 4397 possent
2813 4326 3093 4397 profutura
3149 4331 3476 4402 pertingere,

232 4420 368 4473 eremi
395 4420 576 4477 Fontis
601 4419 906 4478 Avellanze.
939 4417 1192 4472 Joannes.

288 4509 418 4579 Opus
468 4513 742 4574 mirabile,
803 4511 1023 4573 Patres,
1069 4510 1211 4579 quod
1265 4512 1540 4567 sanctitati
1598 4521 1793 4570 vestra:

234 4597 406 4666 placuit
484 4619 617 4657 mea:
702 4601 983 4671 iniungere
1056 4601 1307 4668 parvitati
1338 4643 1353 4667 ,
1429 4617 1593 4671 quam
1659 4605 1795 4658 meis

235 4687 293 4741 sit
327 4693 640 4759 perarduum
691 4691 902 4746 viribus
947 4699 1004 4745 et
1053 4691 1228 4760 impar
1285 4692 1524 4763 ingenio,
1571 4695 1797 4763 ipsemet

238 4777 411 4849 liquido
455 4785 757 4856 perpendo.
808 4785 897 4849 At,
952 4784 1076 4853 quia
1137 4800 1241 4838 non
1294 4800 1564 4855 prmsumo
1593 4795 1796 4861 ‘vestro

239 4873 498 4943 quidquam
532 4877 814 4947 alinegare
843 4877 1088 4947 imperio,
1130 4877 1258 4932 licet
1301 4892 1493 4933 sensus
1527 4878 1796 4935 hebetuilo

243 4959 449 5022 illustres
486 4978 622 5022 tanti
656 4969 761 5022 viri
799 4956 952 5022 actus
991 4969 1153 5023 inerti
1201 4969 1405 5024 devitet
1453 4979 1796 5026 committere

241 5052 374 5122 stylo,
417 5073 482 5112 ne
519 5060 650 5114 dum
709 5059 989 5128 superiora
1031 5060 1136 5114 sibi
1173 5061 1503 5130 aggreditur,
1538 5061 1794 5117 lectorem

245 5148 389 5217 magis
407 5150 469 5202 ad
498 5166 764 5205 nauseam
781 5167 942 5221 quam
966 5151 1034 5206 ad
1049 5153 1345 5224 legendum
1363 5154 1601 5210 excitare
1616 5154 1799 5210 videa-

246 5243 316 5272 ...Γ
357 5242 624 5272 ΑΛΠΩιΙΛηη
662 5253 840 5272 Ili-“nn
872 5245 934 5272 ’.Α
967 5247 1158 5272 ιφΑηΙ-ιεο
1189 5257 1388 5272 οισι-ιιι...-
1441 5247 1772 5272 -..-ιξΑ-;21.....

1898 4420 2368 4490 quamimperitize
2401 4429 2582 4474 notam
2633 4421 2858 4475 nimium
2904 4421 3224 4475 declinando
3273 4423 3473 4477 intacta

1897 4527 2119 4580 prorsus
2149 4511 2473 4580 relinquere,
2511 4526 2577 4566 ne
2607 4511 2767 4573 forte,
2803 4521 2923 4580 post
2947 4511 3211 4566 modicum
3245 4511 3478 4581 caligine

1895 4603 2182 4662 oblivionis
2225 4605 2482 4669 obducta,
2519 4620 2622 4657 non
2679 4620 2845 4674 parvo
2893 4605 3003 4660 mei‘
3048 4604 3364 4659 discrimine
3409 4603 3477 4658 de

1896 4703 2216 4747 cunctorum
2248 4694 2467 4747 omnino
2501 4693 2812 4747 laberentur
2842 4693 3122 4748 memoria.
3171 4692 3306 4747 Nam
3351 4707 3476 4748 cum

1896 4783 2146 4841 omnibus
2175 4791 2356 4852 pateat
2395 4783 2686 4847 neminem,
2710 4791 2980 4854 gestorum
3013 4784 3300 4837 illustrium
3327 4783 3476 4837 viro-

1900 4893 2018 4931 rum
2053 4877 2354 4942 conscium,
2380 4877 2582 4945 absque
2609 4875 2778 4946 culpae
2809 4875 3016 4931 macula
3054 4874 3248 4944 ignavo
3269 4874 3483 4930 silentio

1904 4975 2120 5037 tegere;
2154 4977 2354 5037 quanto
2385 4969 2557 5036 magis
2582 4966 2853 5022 constabit
2885 4982 2989 5022 non
3015 4981 3180 5035 parvo
3212 4981 3296 5021 me
3313 4967 3483 5022 obno-

1901 5060 2048 5114 xium
2077 5040 2193 5112 iore
2222 5057 2438 5122 delicto,
2471 5059 2561 5127 qui
2598 5065 2745 5111 tanto
2777 5060 2943 5127 patri,
2985 5056 3110 5111 licet
3139 5056 3193 5110 in
3224 5055 3486 5112 extremis

1900 5167 2037 5223 pene
2077 5150 2429 5219 temporibus,
2464 5149 2772 5204 individuus
2827 5165 3014 5206 comes
3071 5148 3396 5210 inhaeserim,
3439 5145 3482 5199 si

1937 5246 2013 5272 :sgn
2048 5241 2310 5270 ns:-l\.\:':al
2343 5255 2488 5270 ..Α-⁸1η
2529 5243 2744 5270 ηίΙΛιὶΙΞΛ
2791 5243 3075 5270 ιι-.-.ιΑ..ξ-,Α
3124 5255 3280 5270 "llo-‘1
3317 5236 3488 5268 Azl'll'-
