3982 5350
380 215 383 218 ’
450 251 547 305 tis

1333 251 1392 303 s.
1432 248 1710 304 vernus
1741 246 2094 302 uiuimus
2137 223 2194 302 ὲ.
2236 249 2300 303 n.
2335 251 2396 311 Ε.
2437 250 2869 306 (nummus.

3583 256 3692 315 Ιὶβ

446 375 589 428 rant.
613 366 824 421 audivi'
855 374 1050 422 cietera
1072 367 1287 436 quidem
1316 368 1528 438 propria
1561 368 1842 436 praisentia
1875 364 2014 432 ipse-
2041 366 2092 424 Α
2116 363 2220 418 viis
2260 367 2508 434 expedit;
2542 369 2817 424 substrata
2856 367 2993 438 pelle
3036 368 3188 439 juxta
3235 370 3410 439 ignem
3461 375 3690 442 pueritia

450 472 558 514 met
581 458 849 513 adnotavi.
881 459 1081 512 Verum
1107 460 1218 528 jam
1265 459 1435 514 nostri
1465 459 1732 514 sermonis
1760 455 2019 512 articulus

446 551 513 606 ad
539 551 777 608 historiae
799 550 966 620 ipsius
989 558 1232 605 vertatur
1256 551 1555 605 exordium.

955 640 1181 696 CAPUT
1218 639 1504 696 PRIMUM.

708 732 786 788 De
815 735 1112 794 parentibus
1139 750 1199 786 ac
1214 733 1440 804 pueritia
1466 733 1598 787 beati

514 823 609 878 Vir
651 825 834 892 itaque
880 824 968 878 Dei
1021 824 1231 882 Petrus.
1261 826 1678 894 prmnominatus
1709 825 2014 891 Damtanus,

445 915 816 971 lamosissima:
868 916 1139 971 Ravennae
1184 917 1333 972 urbis
1375 917 1510 972 civis
1575 916 1718 972 haud
1783 918 2015 988 ignotus,

445 1005 756 1061 liberalibus
785 1007 1034 1075 apprime
1051 1005 1352 1076 disciplinis
1382 1007 1638 1071 imbutus,
1662 1022 1784 1062 cum
1819 1007 2017 1078 Pytha-

446 1097 609 1166 gorici
632 1097 808 1166 apicis
826 1098 1028 1152 bivium
1048 1097 1318 1166 paululum
1341 1099 1783 1164 transcendisset,
1799 1099 2013 1166 laevum,

445 1203 604 1257 quem
627 1197 888 1256 ceperat,
912 1187 1155 1242 consulte
1181 1188 1514 1258 relinquens,
1541 1190 1790 1244 dextrum
1823 1191 2013 1246 callent

449 1279 745 1347 prudenter
774 1279 1039 1348 arripuit;
1067 1279 1289 1348 ipsoque
1335 1277 1638 1348 iuventutis
1675 1279 1886 1338 fervore
1931 1282 2015 1336 di-

445 1373 570 1426 vina
600 1370 810 1426 afﬂatus
838 1373 1030 1443 gratia,
1064 1372 1308 1433 szeculttri
1337 1387 1545 1444 pompae
1576 1373 2014 1442 renuutians,_ad

445 1463 826 1531 perfectionem
879 1463 1257 1518 monachicam
1306 1463 1463 1519 avide
1510 1463 1833 1522 convolavit.
1888 1465 2026 1532 Qui,

447 1555 699 1610 nimirqu
721 1553 966 1612 honestis
997 1554 1311 1625 parentilms
1334 1554 1532 1619 editus,
1566 1554 1636 1608 ab
1665 1563 1820 1610 ortus
1847 1554 2016 1626 ipsius

444 1645 754 1716 crepundiis
809 1646 969 1700 rebus
1017 1645 1293 1715 perurgeri
1343 1645 1510 1715 coepit
1558 1646 1821 1702 adversis.
1876 1645 2008 1701 Cum

442 1739 562 1806 ejus
584 1750 774 1807 nempe
797 1745 990 1799 mater,
1005 1734 1118 1804 jam
1151 1735 1382 1790 filiorum
1407 1743 1654 1805 pertzesa,
1677 1735 1838 1790 domo
1862 1736 2014 1790 vide-
2046 1723 2091 1784 Β
2120 1727 2223 1784 hac
2263 1726 2565 1798 diligentia,
2607 1728 2780 1784 donec
2819 1727 3147 1793 ablactatur,
3184 1728 3482 1799 perit-uitur
3524 1748 3540 1785 :

447 1828 571 1882 licet
591 1827 897 1882 haeredibus
913 1825 1104 1882 referta
1123 1827 1220 1899 (l),
1244 1828 1383 1881 lmuc
1401 1827 1669 1896 genuisset
1691 1836 2019 1895 extremum,

446 1934 585 1974 unus
615 1919 928 1984 liberorum,
969 1919 1060 1990 qui
1089 1928 1215 1975 tunc
1238 1917 1352 1985 jam
1387 1918 1797 1990 grandiusculus
1839 1919 2027 1974 adole-7

440 2018 619 2082 verat,
656 2019 985 2080 conquestus
1007 2010 1274 2066 exclamat
1300 2028 1329 2065 ει
1355 2008 1500 2064 Proh
1527 2009 1738 2079 pudor!
1764 2010 2018 2081 eccejam

444 2100 578 2156 tanti
605 2116 789 2155 sumus
811 2101 954 2168 quod
983 2101 1036 2154 in
1059 2100 1163 2154 hac
1187 2098 1347 2154 domo
1375 2099 1461 2153 vix
1484 2099 1750 2168 capimur,
1778 2109 1834 2155 et
1855 2116 2017 2171 quant

449 2191 588 2246 male
628 2191 729 2246 sibi
782 2199 1087 2262 congruunt
1128 2191 1404 2247 haeredum
1447 2191 1600 2248 turba
1638 2199 1694 2244 et
1730 2191 2022 2249 haereditas

439 2286 702 2360 angusta!
756 2283 837 2338 Ad
885 2282 1041 2352 cujus
1079 2283 1245 2338 verba
1279 2290 1454 2336 mater
1475 2282 1849 2338 vehementius
1883 2283 2022 2339 indi-

438 2382 609 2442 gnata
643 2381 697 2426 et
741 2371 960 2427 feminei
999 2370 1185 2427 livoris
1229 2372 1347 2427 zelo
1393 2386 1678 2434 succensa.
1726 2372 2022 2443 complexis

448 2462 723 2526 manibus,
764 2477 822 2516 se
848 2464 1098 2520 miseram
1145 2476 1308 2533 seque
1339 2462 1563 2519 ulterius
1608 2465 1793 2518 vivere
1821 2462 2018 2520 vocife-

438 2559 598 2626 ratur
630 2550 922 2622 indignam.
951 2550 1100 2607 lllico
1125 2568 1269 2616 eum,
1295 2562 1354 2607 ut
1386 2553 1460 2608 ita
1495 2553 1709 2624 loquar,
1733 2563 1864 2609 ante
1886 2567 2020 2624 pene

441 2655 608 2710 quam
639 2640 897 2707 laetaret,
933 2641 1188 2711 ablactat,
1234 2653 1288 2698 et
1322 2645 1476 2715 quasi
1520 2660 1793 2715 nunquam
1844 2646 2019 2717 ipsum

446 2732 512 2786 de
541 2740 736 2786 caetero
759 2731 872 2789 suis
901 2733 1152 2793 manibus
1178 2737 1594 2803 attrectandtun,
1619 2737 1851 2802 infausta
1869 2755 2021 2811 quat-

446 2822 568 2875 dam
599 2824 813 2878 sibimet
843 2826 1167 2895 imprecaris,
1222 2843 1253 2883 a
1283 2845 1342 2884 se
1392 2845 1615 2899 prorsus
1655 2830 1900 2900 ablegat;
1943 2833 2021 2888 sic

452 2913 643 2980 tilium,
683 2923 973 2984 antequam
996 2916 1180 2972 vivere
1207 2917 1400 2985 discat,
1427 2921 1754 2990 emancipat,
1795 2929 1851 2976 et
1880 2921 2034 2991 quod"

455 2995 736 3072 pessidere
764 3006 933 3062 solum
979 3017 1182 3078 posset,
1223 3025 1252 3064 a
1286 3011 1624 3080 possessione
1668 3013 1898 3068 materni
1931 3029 2036 3084 pe-_

2118 457 2359 513 membra
2395 459 2685 526 distendit;
2731 468 2786 516 et
2829 460 3064 530 undique
3102 463 3446 533 perungeudo
3493 479 3693 533 corpu-

2117 547 2324 604 sculum
2351 565 2457 607 non
2487 551 2711 608 modicas
2729 567 2955 610 summat
2983 552 3227 622 songiam
3257 553 3346 623 (ὅ).
3364 553 3691 624 proﬂigavit.

2119 637 2352 700 Videres
2374 639 2557 709 itaque
2608 640 2834 695 tenellos
2891 651 3044 696 artus
3085 641 3444 712 liquescentis
3487 643 3696 704 arvina:

2115 727 2355 790 fomenta
2399 731 2734 798 combibere,
2775 740 2831 788 et
2867 743 3142 804 resumpto
3173 733 3324 789 vitali
3371 734 3552 790 calore
3601 751 3703 789 ru-

2115 819 2359 886 bescere,
2389 829 2445 878 et
2487 822 2568 877 sic
2599 823 2651 876 in
2682 838 2748 878 eo
2778 824 3007 878 nitorem
3045 824 3196 881 rudis
3231 824 3471 881 infantiae
3509 826 3700 881 subito

2117 908 2390 966 rellarere.
2438 909 2541 968 Ubi
2582 911 2879 967 notandum
2917 914 3042 982 quia
3071 923 3124 970 et
3167 923 3344 970 mater
3383 916 3503 986 ejus
3548 915 3698 972 facta

2116 999 2292 1057 fuerat
2330 989 2613 1066 Herodias,
2642 1010 2698 1057 et
2728 1001 2819 1058 illa
2862 1003 3004 1058 facta
3044 1013 3126 1059 est
3153 1004 3329 1073 ﬁlias;
3378 1007 3570 1076 sicque
3598 1023 3716 1078 per

2112 1091 2436 1161 peccatricis
2484 1092 2815 1148 mulierculas
2859 1093 3123 1158 studium,
3159 1103 3215 1148 et
3256 1095 3591 1166 desperatus
3629 1098 3704 1152 de

2114 1183 2306 1238 mortis
2331 1181 2914 1249 faucibusretrabitur,
2939 1195 2996 1243 et
3022 1195 3200 1249 mater.
3218 1187 3286 1242 de
3313 1187 3534 1244 lllicidio
3561 1188 3718 1244 libe-.

2114 1280 2286 1325 ratur.
2319 1271 2449 1339 Quae
2492 1273 2746 1328 nimirum
2783 1273 2897 1342 jam
2947 1290 3070 1330 sese
3116 1277 3700 1342 matremadvertcns,

2113 1377 2273 1435 quem
2316 1363 2462 1418 velut
2511 1363 2750 1442 alienum
2796 1365 3020 1421 immitis
3078 1367 3405 1436 exploserat,
3461 1368 3530 1422 ad
3589 1369 3705 1438 pia:

2113 1468 2238 1508 mox
2277 1453 2593 1509 dilectionis.
2624 1455 2932 1526 amplexum
2992 1466 3362 1513 maternorum
3419 1458 3702 1514 viscerqu

2113 1541 2399 1600 affectibus
2433 1555 2677 1610 revocat,
2705 1559 3028 1615 omnemque
3061 1547 3134 1610 illi
3171 1549 3412 1614 nutritiae
3437 1564 3585 1605 cura;
3622 1550 3706 1612 di:

2113 1635 2389 1707 ligentiam
2419 1636 2681 1691 instanter
2709 1637 2967 1693 exhibere
2990 1652 3098 1694 non
3125 1648 3320 1701 cessat.
3338 1639 3480 1701 Puer
3505 1650 3714 1698 autem.

3589 1747 3704 1798 qua

2121 1835 2248 1876 sane
2276 1829 2397 1891 post
2423 1820 2690 1876 modicum
2733 1828 2966 1891 utroque
3010 1821 3234 1876 orbatus
3277 1831 3501 1891 parente
3555 1821 3706 1877 infra

2121 1915 2357 1986 pueriles
2398 1916 2577 1970 adhuc
2601 1931 2774 1972 annos
2809 1916 3102 1972 immature
3128 1918 3394 1987 privatur.
3423 1917 3500 1972 Eo
3531 1916 3708 1987 igitur

2119 2005 2369 2062 fraterna:
2396 2021 2539 2065 curre
2568 2006 2786 2073 relicto;
2831 2022 2880 2066 ο.
2905 2007 3446 2081 incorriprebeusibile
3493 2007 3705 2062 divinae

2119 2097 2535 2165 dispensationis
2579 2099 2873 2154 arcanum!
2913 2113 3054 2154 unus
3096 2100 3356 2168 ipsorum,
3402 2097 3494 2168 qui
3537 2107 3714 2156 atrox.

2119 2189 2261 2244 inter
2289 2197 2514 2245 caeteros
2543 2189 2788 2246 honestis
2814 2189 3052 2246 moribus
3088 2189 3364 2260 praeditos,
3405 2188 3508 2245 sub
3531 2187 3704 2244 ovina

2116 2280 2256 2352 pelle
2278 2280 2502 2349 latebat,
2541 2280 2883 2348 fraudulenta
2925 2295 3069 2336 nunc
3098 2282 3298 2351 pietate
3341 2295 3440 2350 pro
3468 2289 3717 2348 paterna.

2117 2373 2603 2439 vice-educandum
2634 2373 2908 2445 suscepit;
2937 2382 3100 2443 atque
3137 2373 3264 2429 dum
3308 2371 3410 2429 sibi
3459 2373 3707 2429 cobare-

2119 2464 2240 2520 dem
2278 2464 2535 2534 adoptare
2566 2479 2626 2520 se
2651 2465 2824 2540 fingit,
2863 2465 2998 2520 dira:
3022 2464 3170 2519 velut
3193 2464 3497 2544 emptitium
3527 2463 3706 2524 servi-

2121 2560 2217 2615 tuti
2248 2559 2452 2630 adjicit.
2485 2559 2586 2615 Cui
2634 2559 2782 2616 socia
2833 2559 3038 2629 coniux,
3079 2559 3495 2627 haerebat,qu:e
3536 2556 3719 2618 nullis,

2119 2649 2337 2723 pietatis
2360 2649 2660 2706 visceribus
2690 2649 2758 2707 ab
2787 2648 2927 2706 illius
2949 2648 3156 2706 secvitia
3191 2646 3494 2704 dill‘ere'bat.
3531 2645 3704 2704 Uter-

2121 2755 2226 2812 que
2243 2741 2406 2812 igitur
2427 2755 2590 2813 super
2611 2744 2951 2798 innocentem
2967 2756 3194 2812 puerum
3209 2740 3447 2796 unanimi
3476 2738 3713 2794 feritate-

2121 2843 2450 2904 grassantes,
2498 2844 2652 2890 torvo
2697 2849 2761 2888 ac
2809 2833 3080 2890 novercali
3129 2848 3253 2888 eum
3285 2841 3504 2902 aspectu
3538 2841 3688 2891 trac-

2123 2921 2497 2989 tautes,_duris
2523 2921 3156 2994 alllictionibuspendula;
3171 2921 3290 2993 (sic)
3320 2920 3721 2978 illiusviribus.

2121 3011 2438 3073 obiciebant,
2455 3027 2480 3072 ε,
2508 3028 2788 3068 servorum
2816 3028 3009 3083 nempe
3036 3013 3276 3078 cibariis,
3300 3021 3355 3066 et
3374 3026 3494 3082 qua:
3523 3011 3718 3081 magis

448 3101 616 3154 eloris
639 3099 964 3155 ethredat.
993 3102 1124 3157 Cum
1159 3103 1323 3175 igitur
1361 3105 1596 3174 pereine
1623 3104 1752 3158 illud
1789 3105 2020 3178 plasna,
2049 3086 2096 3149 (ἶ
2125 3112 2485 3171 congruerent
2510 3103 2691 3173 porcis
2714 3102 3054 3174 maligneque
3083 3117 3257 3174 vappa
3291 3117 3390 3157 usu
3419 3109 3703 3156 sustenta-

448 3191 591 3260 quod
616 3201 734 3246 erat
766 3193 914 3247 omni
955 3195 1192 3249 nutritire
1235 3195 1540 3251 sedulitatis
1584 3195 1764 3252 ofﬁcio
1797 3198 2024 3253 destitu-

451 3290 587 3345 tum,
614 3280 756 3336 fame
801 3282 969 3338 simul.
1003 3293 1055 3338 et
1085 3285 1269 3354 algore
1307 3287 1675 3356 nigresceret;
1715 3298 1780 3343 et
1823 3289 2035 3359 tenuis,

453 3387 558 3424 non
588 3372 761 3426 dicam
807 3388 937 3438 vox,
968 3373 1061 3428 sed
1096 3375 1248 3443 quasi
1276 3375 1466 3430 sibilus
1493 3377 1560 3430 de
1601 3377 1908 3444 pectusculo
1932 3379 2024 3433 vix

447 3462 624 3516 adhuc
651 3462 946 3532 palpitante
975 3465 1228 3528 rauciret.
1275 3465 1550 3538 cujusdam
1598 3468 1897 3536 presbyteri
1940 3465 2022 3522 fe-

451 3554 618 3616 mina,
652 3569 771 3623 quae
810 3555 969 3623 patrii
998 3555 1128 3612 laris
1155 3564 1271 3612 erat
1298 3559 1452 3627 quasi
1485 3559 1792 3622 vernacula,
1835 3576 2032 3630 super-.

446 3644 706 3710 venit,.et
749 3644 1091 3699 inhumanam
1132 3647 1323 3702 matris
1359 3663 1471 3703 suae
1499 3649 1754 3704 duritiam
1808 3665 2019 3718 severa,

449 3736 768 3805 inquantum
823 3734 1007 3798 licuit,
1063 3736 1366 3795 iuvectione
1415 3739 1698 3808 corripuit.
1746 3739 2020 3812 Nunquid,

448 3829 698 3892 domina,
731 3828 924 3897 inquit,
976 3827 1078 3884 hoc
1121 3838 1205 3884 est
1253 3830 1446 3886 matris
1493 3831 1836 3897 Christianze,
1879 3834 2020 3902 quod

451 3933 556 3971 non
578 3916 842 3985 probatur
865 3932 987 3972 esse
1018 3919 1248 3990 tigridis,
1273 3919 1358 3974 vel
1390 3920 1610 3978 leaenae?
1634 3921 1740 3977 llla:
1767 3933 2024 3992 parentes

450 4005 1074 4080 [parienteslienutriunt
1115 4010 1346 4074 catulos,
1390 4019 1446 4065 et
1493 4027 1591 4066 nos
1621 4013 1686 4066 ad
1732 4013 2020 4084 imaginem

454 4097 559 4152 Dei.
585 4097 830 4154 conditos
861 4099 1143 4168 abjieimus
1171 4116 1200 4155 c
1229 4103 1427 4158 nostris
1446 4102 1747 4160 visceribus
1776 4122 2022 4174 procrea-

454 4188 581 4243 tos?
607 4188 672 4242 Et
700 4189 787 4245 hic
817 4189 1088 4260 forte,_qui
1121 4207 1262 4246 nunc
1291 4193 1363 4246 ita
1396 4192 1694 4262 projicitur,
1722 4195 1767 4249 si
1796 4196 1864 4248 ad
1889 4206 2018 4252 aeta-

451 4279 521 4336 tis
569 4279 902 4336 incrementa
947 4283 1273 4351 pervenerit,
1322 4283 1498 4337 locum
1553 4285 1695 4339 inter
1746 4299 1872 4340 suos
1915 4301 2021 4342 non

449 4369 693 4427 infimum
719 4371 1012 4438 obtinebit;
1045 4374 1342 4429 cavendum
1367 4375 1552 4439 etiam,
1575 4390 1643 4430 ne
1665 4374 1819 4444 enjns
1849 4387 2022 4434 mater

450 4476 568 4516 esse
599 4462 922 4527 contemnis,
952 4461 1150 4522 filicida
1178 4463 1371 4521 merito
1389 4463 1670 4531 judiceris.
1701 4465 2013 4535 Huiusmodi

446 4551 606 4624 plane
634 4551 814 4607 verbis
853 4567 988 4608 uxor
1028 4554 1329 4625 presbyteri
1383 4555 1460 4627 (2)
1490 4554 1677 4627 oﬂicio,
1702 4550 1887 4613 functa
1935 4568 2020 4615 est

449 4643 770 4708 sacerdotis,
801 4644 926 4699 dum
967 4654 1018 4700 et
1047 4655 1348 4700 maternum
1397 4650 1463 4702 ad
1494 4648 1746 4718 pietatem
1793 4651 2018 4708 mollivit

449 4730 718 4800 allectum,
750 4745 804 4793 ct
838 4736 1156 4792 morientem
1203 4737 1271 4792 ad
1314 4737 1478 4794 vitam
1528 4739 1767 4793 restituit
1824 4741 2014 4796 lilium.

452 4824 566 4881 Mox
599 4827 777 4902 itaque.
804 4845 908 4883 non
935 4829 1123 4904 ignava
1157 4828 1343 4900 virago
1365 4829 1518 4891 ulnas
1539 4829 1825 4892 fluentibus
1857 4833 2012 4887 indua-

2043 4426 2098 4491 ι)

2125 3195 2256 3250 bant
2283 3195 2546 3262 assiduo;
2565 3194 2793 3264 pedibus
2817 3195 2997 3262 nudis,
3028 3195 3267 3251 vestibus
3293 3194 3405 3249 ibat
3432 3192 3698 3256 incultus;

2123 3285 2442 3348 verberibus
2467 3287 2792 3358 vapulabat;
2819 3303 3119 3358 pugnorum
3153 3301 3215 3342 ac
3241 3286 3468 3342 calcium
3489 3285 3712 3354 crebris

2122 3377 2321 3434 ictibus
2344 3379 2687 3449 subiacebat.
2721 3377 2911 3442 Porro,
2955 3393 3077 3438 cum
3121 3376 3235 3445 jam
3281 3374 3713 3447 grandiuscula:

2121 3471 2222 3526 sub
2252 3479 2358 3525 tam
2407 3470 2606 3540 iniquis
2653 3471 2776 3526 licet
2803 3471 3059 3526 oneribus
3103 3469 3294 3524 fuisset
3334 3466 3578 3532 affectus,
3627 3467 3700 3521 ad

2122 3575 2315 3630 porcos
2334 3562 2632 3631 pascendos
2667 3559 2913 3630 eiicitur,
2943 3559 3262 3628 caeterisque
3300 3557 3713 3625 mancipiorum.

2122 3651 2520 3707 conditionibus
2548 3649 2918 3706 indill'erenter
2966 3649 3270 3720 subjicitur.
3326 3645 3465 3714 Quid
3505 3647 3560 3701 in
3609 3646 3700 3701 bis

2121 3758 2254 3799 vero
2280 3741 2754 3806 considerandum,
2787 3741 2889 3796 nisi
2922 3741 3064 3810 quod
3108 3740 3325 3795 idcirco.
3351 3740 3494 3794 hunc
3535 3753 3711 3796 suum,

2121 3835 2380 3889 Dominus
2434 3833 2658 3888 militem
2707 3832 3057 3903 permittebat.
3092 3830 3291 3886 acriter
3331 3828 3491 3897 allici,
3517 3829 3711 3898 quoad».

2120 3923 2417 3994 spiritualis
2436 3921 2772 3993 procinctum
2800 3919 3005 3977 militia:
3031 3919 3262 3976 disceret
3290 3919 3492 3974 arctius
3522 3919 3698 3973 infor-

2120 4015 2278 4080 mari,
2308 4023 2574 4085 quatenus
2599 4012 2718 4083 ejus
2747 4012 2918 4067 virtus
2944 4026 3009 4066 eo
3031 4010 3304 4066 robustius
3331 4009 3502 4063 ardua
3545 4017 3696 4079 post-

2121 4105 2340 4160 modum
2374 4118 2600 4175 quaeque
2625 4102 2890 4172 perferret
2914 4117 3022 4171 quo
3046 4101 3160 4171 ipse
3182 4119 3214 4155 a
3237 4114 3405 4170 puero
3433 4110 3703 4170 expertus

2120 4198 2425 4268 huiusmodi
2441 4199 2552 4270 jam
2580 4196 2812 4252 fuisset?
2843 4195 2940 4252 llic
2964 4195 3127 4250 etiam
3159 4194 3434 4250 succincte
3461 4193 3698 4248 notabile

2120 4289 2390 4358 quoddam
2424 4287 2637 4344 referre.
2656 4301 2760 4344 non
2781 4287 3012 4341 otiosum
3037 4294 3284 4355 putamur

2741 4396 2965 4453 CAPUT
3004 4397 3068 4452 ﬂ.

2119 4492 2277 4547 [ilius
2299 4492 2464 4562 pietas
2507 4492 2561 4544 in
2603 4499 2803 4562 patrem
2855 4488 3186 4562 defunctum.
3224 4489 3283 4562 in
3305 4487 3492 4542 litteris
3518 4487 3702 4558 ρωίὴ

2466 4572 2598 4623 ctus,
2626 4571 2675 4614 et
2704 4561 2759 4612 in
2789 4558 3018 4628 “ipsum
3052 4559 3339 4628 aﬂlictatio.

2190 4655 2434 4726 Quadam
2462 4653 2568 4714 die,
2601 4651 2727 4710 dum
2771 4650 2910 4706 idem
2943 4649 3163 4720 praefata
3206 4650 3382 4705 adhuc
3424 4648 3696 4704 laboraret

2119 4745 2316 4807 inedia,
2362 4758 2488 4798 casu
2519 4756 2796 4796 nummum
2839 4740 3072 4809 reperit;
3125 4748 3182 4794 et
3228 4747 3484 4810 tanquam
3516 4739 3696 4794 subito

2119 4836 2270 4890 dives
2295 4833 2537 4897 ellectus,
2560 4830 3010 4904 gratulabundus,
3031 4830 3159 4902 quid
3188 4830 3493 4886 eomercari
3516 4830 3696 4899 aptius

1586 4963 1954 5021 CODEFBIDI
1995 4964 2400 5023 HENSCHENII
2438 4961 2668 5018 NOTAE.

457 5081 594 5158 mil)
638 5079 802 5133 Domo
834 5081 1060 5133 ridelicct
1093 5081 1379 5158 ureredjbus
1408 5080 1616 5158 referta.
1669 5079 1745 5132 Ex
1782 5080 1868 5134 bis
1903 5079 2010 5133 duo

2117 5079 2249 5158 lices
2275 5080 2419 5158 velut
2448 5094 2641 5158 uxores
2661 5078 3053 5158 detinentium,
3091 5067 3466 5158 infranagitnr.‘
3486 5077 3528 5158 l_\
3564 5078 3692 5158 For-
