3982 5350
174 357 280 446 fl?
670 404 700 421 κ

1063 357 1600 415 PROLEGO‘MENA.
1631 389 1699 399 —-
1733 357 1887 412 VITA
1927 358 1984 414 S.
2015 357 2218 414 PETRI
2250 357 2553 415 DAMIA‘NI.

3343 359 3447 414 {18

188 477 378 540 posset,
412 470 503 526 diu
549 483 730 526 mente
773 470 1050 527 revnlvere
1096 473 1284 541 coepit,
1329 473 1583 528 nimirum
1637 472 1762 527 dum
1791 471 1840 532 Α
1868 471 2101 527 cilicium
2140 473 2313 528 induit
2339 513 2354 538 ,
2393 471 2614 542 jejuniis
2645 513 2658 535 ,
2711 471 2906 540 vigiliis
2932 511 2945 533 .
2997 479 3054 525 et
3111 469 3452 525 orationibus

185 561 433 615 suavibus
455 563 670 617 cunctis
706 571 911 633 egeret,
941 561 1116 618 dulcis
1150 564 1420 634 appetitus
1449 578 1545 634 per
1584 561 1764 616 mollia

187 667 404 722 quaeque
431 654 694 722 puerilem
718 665 953 710 mentem
982 655 1250 710 trahebat.
1282 653 1437 722 Quod
1475 655 1602 708 dum
1644 668 1768 723 pro-

190 742 338 798 lixius
368 742 547 807 fieret,
587 759 898 816 ancepsque
933 747 1076 816 quod
1099 755 1248 800 esset
1267 745 1571 814 eligendum
1595 744 1769 799 ambi-

190 843 352 901 geret,
401 833 672 891 divinitus
723 837 939 892 tandem
985 837 1298 905 inspiratus,
1351 836 1427 890 ait
1466 854 1480 890 :
1521 835 1661 902 Quid
1687 844 1773 890 est

189 928 322 998 quod
352 927 616 983 revolvo?
653 929 912 998 quidquid
941 929 1134 983 horum
1166 937 1314 983 certe
1337 941 1634 992 assumam,
1663 941 1771 981 non

190 1020 287 1074 erit
321 1018 441 1090 ejus
463 1020 722 1076 diuturna
750 1021 1032 1092 voluptas;
1060 1020 1250 1074 melius
1270 1034 1402 1089 ergo
1430 1027 1515 1075 est
1556 1027 1614 1073 ut
1656 1027 1769 1073 tra-

190 1113 304 1165 dam
329 1112 674 1183 presbytero,
701 1113 790 1182 qui
822 1113 932 1166 Deo
961 1110 1301 1167 Sacrificium
1332 1109 1524 1165 offerat
1548 1125 1646 1180 pro
1673 1123 1772 1180 pa-

192 1211 268 1257 tre
305 1217 450 1258 meo.
492 1203 635 1270 Quid
671 1203 828 1273 hujus
854 1203 1009 1272 pueri
1039 1202 1390 1273 simplicitate
1417 1201 1776 1272 prudentius?

189 1295 308 1366 quid
335 1295 441 1350 hoc
470 1305 669 1367 egente
707 1295 908 1367 pupillo
941 1295 1242 1367 frugalius?
1289 1295 1358 1350 Et
1396 1295 1595 1367 spretis
1643 1310 1780 1350 cun-

191 1385 305 1446 ciis,
327 1398 452 1454 quae
483 1386 726 1454 peritura
749 1385 1023 1452 cognovit.
1053 1384 1184 1439 illud
1216 1385 1388 1440 solum
1419 1384 1599 1454 elegit,
1635 1385 1779 1455 quod

192 1492 504 1531 mansurum
554 1477 608 1531 in
647 1488 910 1532 aeternum
960 1476 1218 1546 speravit.
1268 1475 1438 1531 Porro
1482 1475 1614 1546 quid
1677 1475 1780 1530 hoc.

193 1567 348 1622 fuisse
376 1575 654 1638 putemus,
677 1567 780 1622 nisi
809 1567 1074 1638 quoddam
1101 1565 1406 1621 futurorum
1428 1566 1776 1637 priesagium,

195 1659 327 1729 quod
351 1659 597 1729 appetitu
627 1659 879 1714 videlicet
899 1667 1224 1714 aeternorum
1250 1668 1624 1714 contemneret
1645 1667 1779 1714 tem-

198 1748 446 1818 puraliter
475 1749 845 1804 blandientia?
876 1747 945 1804 Ut
993 1757 1176 1804 autem
1218 1749 1288 1804 ad
1312 1748 1559 1805 ordinem
1588 1749 1779 1805 redea-

1870 563 2098 619 solerter
2140 563 2359 618 insistit.
2409 563 2476 618 Et
2511 562 2637 633 quia
2669 562 2880 618 calente
2917 559 3161 630 juventa,
3216 559 3453 615 stimulis

1869 654 2068 709 acriter
2089 655 2377 726 urgebatur
2396 654 2728 720 carnalibus,
2745 653 2936 708 mediis
2961 653 3209 709 noctibus
3227 667 3259 708 e
3281 661 3472 708 strato

1868 759 2201 816 consurgens
2230 745 2387 814 aquis
2411 759 2469 799 se
2492 742 2798 799 ﬂuvialibus
2829 743 3208 814 immergebat,
3241 743 3294 798 in
3328 743 3455 812 qui-

1870 835 1972 889 bus
1995 834 2181 889 tandiu
2216 834 2362 890 nudo
2397 835 2652 890 manebat
2689 849 2940 905 corpore,
2996 835 3169 889 donec
3221 833 3456 904 algentia

1873 927 2116 982 membra
2157 926 2420 998 rigerent,
2476 926 2637 983 noxio
2684 925 2971 981 recedente
2999 925 3199 982 calore.
3251 926 3462 982 Exinde

1871 1034 2006 1075 vero
2030 1018 2363 1091 regrediens,
2409 1033 2636 1090 quaeque
2664 1019 2997 1075 venerabilia
3026 1018 3144 1074 loca
3185 1017 3462 1088 psallendo

1875 1110 2166 1176 circuiens,
2221 1119 2392 1166 totum
2434 1119 2560 1165 ante
2608 1109 2857 1181 synaxim
2907 1108 3217 1179 complebat
3250 1106 3455 1163 Psalte-

1876 1203 2038 1258 rium.
2072 1203 2442 1275 Eleemosynis
2476 1217 2691 1273 quoque
2735 1216 3033 1272 pauperum
3064 1201 3298 1256 assiduis
3328 1201 3459 1255 insi-

1878 1306 2049 1363 stens,
2090 1312 2154 1352 ac
2198 1295 2574 1368 frequentibus
2612 1310 2706 1350 eos
2743 1293 3008 1349 conviviis
3055 1307 3306 1363 pascens,
3352 1291 3467 1346 suis

1879 1387 2163 1444 laetabatur
2192 1389 2441 1444 manibus
2470 1387 2550 1442 eis
2586 1396 2842 1458 tanquam
2888 1385 3110 1442 Christo
3156 1384 3467 1440 ministrare

1881 1478 2123 1536 devotus.

2403 1611 2408 1618 .
2489 1565 2719 1623 CAPUT
2757 1565 2844 1622 ΙΙΙ.

1957 1654 2063 1711 Per
2083 1673 2164 1712 sui
2191 1658 2462 1712 victoriam
2493 1656 2746 1711 liberatur
2773 1672 2806 1708 a
2828 1655 2974 1725 gravi
2999 1646 3119 1710 viii:
3142 1655 3398 1723 periculo.

1955 1748 2101 1806 Inter
2147 1749 2262 1804 haec
2308 1764 2442 1804 sane
2489 1764 2594 1804 non
2643 1748 3078 1819 prietereundum
3120 1757 3290 1820 puto,
3331 1747 3474 1817 quod

202 1856 326 1905 mus,
382 1850 676 1911 postquam
734 1841 991 1908 Domino,
1028 1841 1120 1911 qui
1173 1857 1395 1896 suorum
1442 1857 1631 1897 curam
1675 1857 1781 1897 non
1810 1830 1860 1891 Β
1884 1841 2228 1896 zediticationi
2250 1840 2540 1896 multorum
2569 1838 2909 1910 profuturum
2939 1855 3046 1894 non
3070 1839 3304 1910 ambigo.
3327 1839 3475 1906 Qua-

202 1933 416 2000 deserit,
463 1949 532 1989 ex
585 1932 828 2004 praefatis
883 1933 1048 1988 etiam
1093 1933 1494 1990 calamitatibus
1543 1944 1781 1999 erueret,

201 2024 412 2092 placuit,
437 2025 617 2094 ipsum
645 2038 784 2094 pene
811 2033 1189 2095 consumptum
1210 2039 1278 2079 ex
1297 2024 1587 2096 impiorum
1611 2024 1780 2078 lania-

207 2120 332 2173 tibus
355 2118 788 2174 misericorditer
805 2119 1094 2183 abstraxit,
1120 2127 1176 2174 et
1202 2119 1254 2173 in
1278 2118 1522 2189 germani
1552 2117 1778 2172 alterius

204 2207 308 2262 sinu
331 2248 345 2270 ,
372 2208 627 2262 Damiani
661 2207 879 2262 nomine
905 2207 982 2278 (ι)
1003 2249 1018 2273 ,
1043 2209 1155 2278 jam
1199 2207 1539 2263 mulcendum
1567 2204 1783 2261 tandem

208 2298 595 2369 fovendumque
638 2297 856 2354 locavit.
891 2297 990 2353 Hic
1033 2314 1156 2354 eum
1192 2299 1374 2369 itaque
1433 2299 1598 2352 chara
1653 2296 1788 2353 satis

213 2391 486 2447 dilectione
535 2391 944 2461 complectens,
988 2399 1196 2446 tantam
1251 2391 1420 2460 ipsius
1472 2407 1618 2446 eum
1667 2390 1791 2446 dili-

208 2481 429 2552 gentiam
452 2481 804 2551 impendebat
831 2493 890 2535 ut
915 2491 1200 2552 paternum
1219 2482 1485 2537 excedere
1515 2482 1791 2537 videretur

211 2572 465 2629 adecuim.
491 2573 668 2641 Quem
701 2590 864 2644 porro
882 2573 997 2643 jam
1026 2575 1154 2631 licet
1177 2576 1622 2646 grandiusculum
1645 2575 1789 2632 litte-

209 2681 378 2722 rarum
408 2667 656 2737 apicibus
678 2667 900 2722 tradidit
930 2667 1008 2738 (5)
1053 2667 1426 2733 imbuendum,
1465 2682 1566 2723 nec
1595 2683 1706 2722 non
1737 2675 1794 2724 et

211 2757 391 2811 studiis
413 2757 645 2812 subinde
676 2756 1021 2824 liberalibus;
1085 2757 1136 2811 in
1181 2759 1378 2827 quibus
1422 2758 1628 2812 scilicet
1681 2766 1791 2813 tam

213 2849 390 2905 docilis
429 2858 653 2921 tamque
693 2851 995 2906 industrius
1022 2860 1105 2906 est
1133 2852 1382 2922 agnitus,
1424 2860 1485 2905 ut
1512 2851 1643 2921 ipsis
1681 2851 1794 2906 suis

215 2940 519 2997 doctoribus
562 2941 829 2997 mirabilis
873 2941 1189 2997 haberetur.
1249 2940 1494 3012 Cumque
1552 2941 1793 2997 discendi

216 3032 368 3088 linem
395 3049 466 3089 ex
497 3033 648 3089 omni
679 3032 889 3088 liberali
919 3033 1145 3089 scientia
1175 3033 1382 3102 peritus
1405 3033 1643 3095 fecisset,
1671 3047 1796 3086 mox

1886 1934 2008 1989 dam
2049 1935 2134 1990 die
2176 1935 2422 2004 privatus
2456 1931 2772 2004 prandebat,
2816 1948 2915 1988 nec
2959 1933 3244 2002 quisquam
3290 1948 3477 1988 secum

1883 2038 2080 2098 praeter
2105 2029 2278 2083 solum
2327 2044 2530 2084 caecum
2561 2026 2847 2097 quemdam
2887 2027 3321 2097 priebendarium
3366 2025 3481 2080 disi

1891 2122 2207 2187 cumbebat,
2264 2121 2358 2192 qui
2406 2119 2756 2192 quotidianus
2802 2119 3028 2174 conviva
3068 2132 3136 2172 ex
3184 2133 3334 2172 more
3374 2116 3479 2172 sibi

1889 2212 2132 2268 assidere
2158 2212 2349 2268 solitus
2379 2219 2516 2267 crat.
2545 2209 2760 2285 Accidit
2782 2219 2963 2264 autem
2988 2218 3046 2262 ut
3073 2217 3200 2263 tunc
3228 2222 3333 2265 non
3363 2223 3480 2262 am-

1887 2305 2030 2376 plius
2080 2320 2241 2375 quam
2271 2321 2410 2360 unus
2456 2303 2688 2359 triticea
2712 2300 3038 2372 similaginis
3064 2300 3221 2372 panis
3250 2301 3480 2356 adesset.

1891 2399 1991 2454 llic
2016 2399 2201 2469 itaque
2231 2397 2305 2452 illi
2335 2397 2482 2453 solus
2507 2395 2830 2466 apponitur;
2859 2393 2986 2463 quid
3017 2407 3147 2448 vero
3172 2391 3290 2448 dari
3315 2392 3488 2462 possit

1892 2505 2078 2546 mense
2120 2489 2312 2552 sodali,
2361 2488 2453 2559 qui
2501 2501 2609 2541 non
2653 2485 2886 2540 diversis
2915 2500 2944 2538 a
2981 2499 3041 2538 se
3081 2483 3215 2538 cibis
3250 2481 3320 2537 ali
3359 2497 3488 2536 con-

1890 2587 2176 2644 sueverat,
2209 2595 2316 2634 non
2352 2578 2601 2634 habetur.
2633 2574 2926 2646 Appositus
2956 2583 3041 2630 est
3069 2589 3197 2646 ergo
3227 2572 3303 2628 illi
3337 2572 3489 2628 ciba-

1895 2673 2008 2728 rius
2034 2671 2211 2742 panis,
2248 2685 2449 2741 suppar
2477 2667 2755 2732 videlicet,
2784 2675 2839 2721 et
2868 2665 3118 2721 secunda:
3149 2663 3491 2732 conspersio-

1896 2764 1980 2818 nis
2024 2762 2167 2832 quod
2213 2762 2302 2817 hic
2348 2774 2541 2831 nempe
2588 2775 2695 2814 non
2737 2758 2906 2828 inquis
2943 2756 3156 2826 aspexit
3199 2755 3394 2818 oculis,
3440 2765 3494 2808 et

1898 2857 2139 2929 graviter
2185 2853 2342 2921 tulit;
2403 2852 2665 2924 paulatim
2706 2866 2837 2906 vero
2879 2850 2928 2905 ei
2973 2863 3144 2918 pavor
3186 2847 3396 2912 incidit,
3440 2855 3498 2902 et

1897 2951 2041 3006 intra
2062 2948 2409 3018 semetipsum
2430 2945 2674 3016 cogitare
2693 2943 2858 3013 cmpit
2881 2959 2894 2996 :
2917 2940 3188 3004 Christus,
3209 2939 3404 3009 inquit,
3427 2939 3496 2994 ad

1900 3055 2143 3095 mensam
2175 3053 2351 3094 meam
2391 3035 2620 3092 inferior
2646 3033 2779 3090 mihi
2825 3032 2946 3087 est?
2976 3031 3090 3101 Ego
3117 3044 3185 3084 ne
3209 3027 3499 3083 comedam

217 3126 341 3180 alios
380 3124 624 3188 erudire,
655 3123 933 3179 clientium
979 3123 1140 3177 turba
1198 3123 1266 3176 ad
1317 3122 1578 3176 doctrina:
1631 3121 1799 3192 ipsius
1833 3187 1872 3202 Α
1901 3134 2050 3190 velut
2094 3133 2318 3189 herilem
2363 3145 2584 3202 panem,
2630 3136 2685 3183 ει
2710 3126 3072 3189 deliciosum;
3117 3132 3172 3178 οι
3199 3121 3287 3176 me
3306 3135 3502 3192 puero.

218 3223 409 3276 famam
471 3221 714 3290 undique
766 3219 1094 3281 conﬂuente,
1153 3210 1546 3272 studiosissime
1612 3187 1795 3285 cuipit.

1906 3243 2024 3281 rum
2068 3240 2312 3280 nieorum
2353 3237 2491 3294 pane
2544 3218 2834 3274 vescetur?
2876 3217 3024 3280 Hice,
3063 3223 3120 3270 et
3162 3213 3249 3268 bis
3299 3209 3498 3266 similia

220 3316 352 3369 Inter
380 3315 483 3370 ista
524 3314 782 3369 nimirum
812 3311 938 3368 dum
981 3309 1172 3366 favore
1202 3308 1448 3380 populari
1497 3305 1801 3372 ell‘erretur,

221 3405 336 3460 dum
358 3405 672 3460 divitiarum
705 3404 859 3474 copia
884 3401 1280 3468 cumularetur,
1311 3401 1425 3472 jam
1455 3414 1592 3470 pene
1625 3399 1803 3470 potuit

223 3497 403 3553 borum
457 3497 736 3553 lenocinio
782 3495 1030 3552 sieculari
1084 3507 1296 3564 pompa:
1337 3492 1678 3557 subtrahere,
1714 3503 1808 3547 aut

231 3587 488 3644 illecebris
519 3586 772 3641 venereis
813 3585 1026 3640 illectus
1063 3584 1352 3656 implicari.
1391 3582 1498 3638 Sed
1547 3583 1805 3653 quoniam

232 3689 290 3729 ex
333 3676 628 3730 electorum
674 3689 906 3730 numero
948 3674 1134 3744 nequit
1166 3673 1305 3728 ullus
1343 3687 1566 3742 prorsus
1614 3672 1806 3736 minui,

230 3778 464 3837 respectu
519 3766 663 3822 illico
701 3766 884 3820 divino
935 3775 1259 3835 przeventus,
1311 3764 1384 3818 ita
1417 3778 1600 3818 secum
1651 3776 1811 3830 agere

226 3863 378 3932 cepit
403 3881 416 3914 :
448 3862 517 3916 Et
546 3877 645 3916 cur
665 3860 906 3916 delecter
925 3861 1304 3930 pra-sentibus,
1328 3869 1387 3914 ut
1414 3875 1544 3916 caro
1575 3861 1813 3930 suggerit

227 3962 343 4008 clas
362 3954 652 4025 exposcit?
677 3953 774 4008 sed
801 3953 1040 4022 nunquid
1068 3952 1151 4007 his
1173 3953 1430 4022 perituris
1452 3939 1624 4008 debeo
1647 3952 1813 4007 inhie-

229 4057 358 4106 rere,
389 4053 449 4098 et
479 4057 588 4097 non
639 4041 817 4113 magis
869 4041 989 4096 istis
1017 4042 1337 4096 renuutians
1375 4042 1582 4111 potiora
1634 4057 1814 4111 provi-

225 4134 380 4190 dere?
409 4137 483 4190 At
509 4135 554 4190 si
588 4134 728 4188 forte
754 4132 1092 4204 postmodum
1129 4134 1232 4188 hoc
1262 4147 1347 4186 me
1383 4131 1654 4188 facturum
1685 4147 1812 4202 pro-

233 4225 399 4291 mitto,
437 4225 568 4294 quia
599 4240 706 4278 non
744 4223 912 4278 multo
937 4222 1154 4278 charius
1197 4222 1474 4293 multoque
1525 4224 1631 4277 Deo
1660 4236 1815 4276 acce-

234 4317 369 4384 ptius
416 4316 582 4370 modo
627 4330 792 4386 agere
834 4325 1056 4386 satago,
1105 4315 1232 4368 dum
1278 4323 1412 4370 aetas
1462 4315 1625 4386 viget,
1689 4314 1815 4368 dum

236 4424 486 4478 prospera
537 4409 826 4464 mulcent?
874 4407 993 4462 Jam
1053 4423 1179 4462 vero
1223 4416 1346 4478 post
1399 4407 1513 4462 haec
1559 4407 1817 4476 paulatim

240 4502 479 4557 inchoata
508 4503 798 4558 umndanis
829 4491 1020 4556 studiis
1045 4503 1333 4566 removeri,
1359 4517 1422 4556 ac
1446 4501 1644 4559 divinis
1663 4503 1820 4557 obse-

1902 3332 2027 3372 cum
2055 3316 2110 3370 in
2150 3324 2371 3385 pectore
2405 3327 2506 3368 suo
2528 3309 2694 3365 multa
2724 3316 3001 3370 versaret,
3032 3305 3220 3360 incidit
3243 3301 3502 3374 cogitatio

1907 3419 1967 3463 ut
1993 3423 2185 3478 panem
2236 3405 2380 3460 illius
2425 3417 2547 3468 suo,
2577 3414 2842 3470 suumque
2883 3398 3027 3454 illius
3063 3411 3203 3468 pane
3243 3401 3500 3450 mutaret.

1909 3500 2048 3568 Quid
2092 3499 2258 3569 igitur
2288 3495 2520 3567 ageret?
2558 3508 2665 3564 quo
2691 3507 2751 3547 se
2798 3489 3070 3546 verteret?
3121 3487 3334 3543 tolleret
3359 3485 3506 3540 illius

1909 3588 2144 3660 panem?
2174 3587 2270 3642 sed
2301 3587 2474 3657 pudor
2500 3582 2754 3639 obstabat
2798 3595 2958 3636 suum
3004 3576 3316 3633 comederet
3340 3616 3355 3638 ,
3402 3574 3495 3630 sed

1920 3677 2257 3736 conscientia
2289 3675 2657 3731 remordebat.
2689 3670 2828 3738 Quid
2851 3669 3039 3740 plura?
3061 3666 3304 3722 Tandem
3333 3664 3503 3717 vincit

1913 3784 2065 3832 caro,
2102 3777 2157 3820 et
2186 3781 2340 3822 mens
2377 3763 2650 3820 enerviter
2686 3759 2960 3816 obluctata
3005 3755 3329 3814 succumbit.
3367 3751 3506 3807 Inci-

1913 3859 2069 3929 piunt
2097 3857 2263 3928 igitur
2305 3863 2533 3924 uterque
2572 3851 2893 3907 comedere:
2941 3848 3030 3903 hic
3077 3845 3305 3907 scilicet,
3351 3843 3506 3912 quasi

1914 3947 2162 4004 dominus
2209 3953 2265 4000 et
2315 3944 2568 4027 princeps
2620 3955 2862 4006 mensas,
2913 3937 3178 4002 nitidum;
3223 3934 3310 3990 ille
3354 3949 3508 4000 vero,

1915 4037 2220 4098 clientium.
2281 4035 2364 4091 vel
2395 4024 2788 4104 mancipiorum
2844 4045 3017 4094 more,
3067 4025 3354 4084 cibarium.
3407 4024 3512 4080 Sed

1915 4145 2039 4186 cum
2069 4126 2399 4190 comederet,
2436 4123 2638 4179 sensim
2665 4135 2836 4194 pavor
2862 4119 3081 4184 accidit,
3109 4126 3166 4174 et
3200 4117 3398 4172 horror
3423 4115 3509 4169 ni-

1917 4221 2060 4276 mius
2103 4218 2346 4274 omnium
2377 4215 2649 4270 viscerum
2682 4226 2904 4267 suorum
2951 4210 3168 4266 interna
3201 4206 3511 4270 concussit;

1920 4312 2211 4368 verebatur
2237 4309 2385 4365 enim
2409 4307 2577 4362 divini
2610 4317 2772 4374 super
2797 4318 2856 4358 se
2881 4310 3062 4357 motus
3093 4299 3352 4371 evigilare
3386 4312 3511 4353 sen-

1921 4404 2179 4468 tentiam,
2223 4399 2608 4471 suspicabatur
2653 4404 2807 4451 certe
2852 4394 3193 4465 repentinam
3230 4392 3395 4462 justze
3430 4405 3518 4444 se-

1923 4494 2172 4550 veritatis
2212 4492 2496 4547 imminere
2542 4488 2860 4552 vindictam,
2888 4487 3032 4557 quod
3059 4495 3116 4540 et
3144 4485 3346 4539 factum
3395 4491 3501 4537 est.

240 4594 369 4662 quiis
394 4595 606 4663 accingi
635 4603 689 4649 et
718 4594 849 4648 licet
882 4593 1172 4647 exterioris
1205 4593 1388 4672 cultus
1426 4594 1605 4663 specie
1645 4592 1823 4645 adhuc
1851 4561 1899 4618 Β
1927 4584 2000 4641 Os
2027 4583 2170 4639 enim
2198 4583 2362 4653 piscis
2389 4579 2593 4652 gutturi
2622 4577 2740 4648 ejus
2760 4575 3076 4647 pestilenter
3104 4573 3340 4634 inhaesit,
3373 4571 3518 4672 quod

243 4683 482 4742 videatur
531 4686 739 4739 merere
782 4683 1026 4747 caducis,
1055 4691 1169 4736 toto
1195 4692 1373 4737 tamen
1406 4681 1601 4736 mentis
1632 4679 1822 4736 alfectu
1850 4731 1874 4748 ,

1929 4677 2052 4732 ullis
2074 4675 2302 4731 omnino
2333 4671 2619 4728 conatibus
2647 4669 2786 4723 trahi
2816 4667 2868 4721 iu
2900 4665 3154 4722 interiora
3187 4677 3292 4718 non
3317 4662 3516 4734 potuit.

245 4773 609 4855 bonisaspirat
636 4775 881 4832 aeternis.
919 4773 1032 4830 Sub
1079 4774 1329 4828 mollibus
1372 4772 1557 4842 itaque
1585 4771 1826 4825 vestibus
1925 4766 2201 4825 Glutiebat
2260 4779 2326 4820 ex
2385 4760 2652 4816 industria
2700 4759 2881 4814 cibum
2908 4797 2923 4824 ,
2963 4771 3073 4812 non
3120 4751 3527 4816 descendebat;

1382 4882 1755 4940 GODEFRIDI
1797 4876 2211 4938 HENSCHENII
2253 4872 2482 4932 NOT/E.

313 5003 392 5072 (ι)
421 5003 664 5058 Damiani
687 5006 919 5072 nomine.
947 4999 1189 5054 Damiani
1215 4995 1452 5072 hicejus
1468 4994 1634 5072 frater
1652 5036 1679 5072 ,_
1695 4993 1817 5072 dein

251 5073 342 5129 fuit
370 5066 842 5144 archipresbyter
879 5066 1317 5144 Ravennasucui
1347 5066 1567 5144 scripsit
1597 5067 1756 5144 epist.
1786 5066 1832 5120 2'

255 5145 337 5198 lib.
380 5161 410 5196 v
447 5136 676 5200 subboc
701 5136 881 5197 'titulo
909 5155 923 5194 :
953 5139 1159 5194 Damno
1205 5137 1462 5192 Damiano
1508 5136 1824 5204 fratri-cha-

1926 4997 2031 5052 eho
2059 4995 2202 5047 facto
2247 4986 2437 5044 scribit
2467 4986 2626 5053 epist.
2666 4981 2728 5035 2|
2788 4992 2842 5036 ct
2871 4981 2951 5053 2‘2
2991 4978 3240 5053 ejusdem
3264 4977 3388 5031 libri
3443 4992 3522 5030 νι.

2000 5046 2078 5136 (5)
2117 5061 2436 5116 Litterarum
2475 5046 2712 5178 a'ﬁicibus
2756 5046 3058 5132 tradidit}
3108 5046 3523 5127 Adolescentem

2013 5137 2064 5178 in
2105 5130 2396 5178 Favenlilla
2444 5141 2510 5178 ur
2549 5141 2578 5178 e
2605 5129 2826 5178 nronter
2853 5122 3159 5177 litterarum
3193 5118 3368 5170 studia
3395 5131 3523 5170 eou-

1927 5118 2073 5193 se‘in'
2105 5130 2396 5199 Faventiua
2444 5118 2578 5200 urbe
2605 5122 3159 5198 propter_li_lterarum
3193 5118 3368 5170 studia
3395 5131 3527 5192 eoa.
