3982 5350
449 355 453 361 “
511 345 614 404 “9

1423 350 1480 411 S.
1517 355 1790 415 PETRUS
1833 357 2187 417 DAMIANUS
2216 360 2273 415 S.
2320 361 2383 416 ll.
2428 361 2490 416 Ε.
2531 360 2965 418 CARDINALIS.

3673 366 3776 425 120

507 462 779 527 screabat,
811 464 1140 518 tantumdem
1177 474 1330 532 crat;
1363 469 1660 524 conabatur
1687 471 1957 536 emittere,
1994 472 2089 527 sed
2118 484 2165 541 Α
2195 487 2316 527 cum
2347 473 2428 529 eis
2475 474 2748 545 coepisset,
2797 472 2880 527 sui
2908 474 3142 544 pectoris
3187 474 3443 531 revelavit
3488 458 3772 535 arcanum.

507 551 662 607 allisa
691 553 960 624 pernicies
997 554 1349 611 nihilominus
1389 558 1683 615 immobilis
1712 562 2087 631 permanebat.

507 642 873 699 Erubescebat
899 653 1080 699 tamen
1107 645 1291 701 dicere
1315 648 1460 717 quod
1486 648 1819 705 intrinsecus
1847 652 2091 720 patieba-

507 745 628 804 tur;
674 737 1042 793 clandestinus
1108 754 1233 794 eum
1283 741 1502 795 tenebat
1565 742 1799 807 hamus,
1848 753 1904 798 et
1946 743 2095 799 velut

506 828 780 882 incautum
812 828 1014 898 piscem
1039 869 1055 896 ,
1087 844 1186 899 per
1222 830 1400 900 gulam
1430 832 1680 888 trahebat
1723 834 1789 887 ad
1820 844 2087 901 mortem;

503 919 741 991 undique
769 920 845 976 illi
873 923 1367 993 augmentabantur
1396 924 1689 993 angustiam
1734 934 1791 981 et
1837 940 1941 981 non
1979 935 2087 980 tam

500 1026 652 1067 mors
681 1027 842 1082 quam
873 1013 1066 1069 mortis
1098 1014 1312 1085 turpido
1345 1016 1605 1070 tenebas.
1635 1014 1869 1071 Malebat
1892 1016 2092 1087 quippe

502 1112 562 1157 ut
580 1116 641 1158 se
666 1098 771 1157 tela
800 1104 1203 1175 transﬁgerent,
1232 1119 1395 1176 quam
1421 1101 1601 1161 fwdus
1627 1108 1923 1178 prurientis
1952 1108 2090 1180 gulae

500 1193 762 1250 interitus
806 1195 1148 1266 deturparet.
1195 1196 1438 1252 Anhclus
1472 1198 1798 1271 anxiabatur
1841 1199 2086 1271 spiritus,

497 1296 556 1342 et
595 1288 849 1344 maeroris
895 1287 1133 1344 tenebra:
1181 1289 1231 1344 ei
1282 1290 1427 1345 circa
1476 1291 1665 1346 oculos
1712 1290 2087 1350 volvebantur.

499 1381 641 1450 Quid
669 1383 919 1453 pluribus
945 1382 1163 1439 moror?
1181 1383 1423 1439 Tandem
1446 1383 1667 1442 Christo
1686 1385 1901 1453 detulit,
1929 1386 2089 1456 eique

497 1489 559 1531 se
582 1474 865 1546 imparem,
888 1486 943 1532 et
967 1479 1010 1533 si
1042 1494 1146 1534 non
1170 1494 1329 1549 pane,
1353 1487 1534 1535 tamen
1564 1488 1853 1550 potestate,
1881 1479 2088 1552 liquido

501 1566 774 1636 cognovit.
800 1567 1101 1624 Buccella'm
1124 1585 1282 1625 suam
1307 1571 1535 1642 pauperi
1563 1569 1796 1628 festinus
1814 1573 2084 1644 apposuit,

496 1655 723 1727 ejusque
751 1668 882 1714 ante
901 1674 973 1714 se-
1001 1660 1204 1716 vicaria
1253 1663 1654 1733 permutatione
1683 1662 1899 1719 locavit.
1928 1664 2016 1731 Et,
2052 1682 2087 1721 ο

494 1747 816 1819 placabilem
860 1750 1028 1805 Deum
1074 1767 1239 1822 super
1281 1751 1485 1808 malitia
1535 1754 1754 1809 nostra!
1786 1753 1969 1809 statim
2019 1755 2085 1810 ad

2192 563 2271 619 llli
2301 579 2451 624 vero.
2494 574 2773 636 gratanter
2814 565 3096 621 audientes
3144 566 3286 637 quod
3335 566 3631 638 panditur,
3674 570 3775 638 piis

2190 669 2314 710 eum
2345 657 2567 715 monitis
2595 657 2652 712 in
2677 658 2910 728 idipsum
2940 658 3245 714 roborando
3271 659 3627 714 succendunt.
3657 660 3775 715 Sci-

2190 748 2421 804 scitatnr
2447 765 2578 820 ergo
2605 766 2673 805 an
2704 759 2931 807 sanctus
2966 750 3178 807 illorum
3216 751 3404 818 abbas,
3436 749 3596 821 cuius
3636 752 3773 809 fama

2191 840 2476 897 laudabilis
2503 842 2570 897 ad
2600 844 2769 914 ipsius
2791 845 2900 914 iam
2933 845 3180 900 notitiam
3207 856 3450 910 venerat,
3474 847 3627 902 illum
3657 865 3776 905 sus-

2188 930 2417 1000 ciperet,
2444 932 2490 987 si
2521 933 2586 988 ad
2618 934 2786 1006 ipsius
2837 936 3251 993 contubernium
3277 940 3540 995 accedere
3577 939 3775 995 voluis-

2189 1029 2290 1077 set.
2342 1020 2451 1077 Illis
2486 1024 2705 1094 quidem
2776 1026 3138 1083 annuentibus
3208 1035 3371 1099 atque
3443 1028 3625 1101 ipsum
3676 1031 3777 1087 hoc

2187 1113 2659 1184 persuadentibns,
2690 1118 2915 1187 spondet
2943 1133 3022 1183 se,
3045 1119 3226 1174 divina
3252 1119 3554 1189 opitulante
3584 1121 3776 1192 gratia,

2187 1206 2509 1276 quantocius
2535 1207 2604 1262 ad
2632 1222 2726 1264 eos
2756 1217 3068 1275 venturum,
3092 1220 3151 1265 ut
3176 1211 3346 1281 possit
3368 1227 3527 1267 suum
3558 1210 3778 1283 implere

2190 1296 2540 1353 desiderium.
2571 1298 2777 1367 Quibus
2816 1309 3131 1371 argenteum
3157 1302 3417 1374 scyphum
3442 1302 3667 1369 obtulit,
3695 1319 3779 1359 ro»

2189 1404 2322 1462 gans
2344 1389 2488 1461 quod
2513 1406 2637 1446 eum
2666 1391 3024 1462 suscipientes
3045 1392 3244 1448 domno
3268 1392 3450 1448 abbati
3481 1392 3777 1449 deferrent.

2189 1482 2269 1538 llli
2306 1498 2456 1551 vero,
2484 1484 2630 1540 vasis
2657 1484 3066 1555 amplitudinem
3103 1494 3411 1552 cernentes,
3453 1486 3667 1557 pondus
3697 1487 3776 1540 in-

2189 1582 2423 1642 cusant,
2472 1576 2573 1630 viae
2616 1575 2876 1646 longioris
2925 1576 3369 1647 impedimentum
3414 1576 3777 1647 praetendunt,

2188 1665 2433 1721 dicentes
2456 1681 2561 1721 non
2590 1681 2651 1721 sc
2679 1681 2841 1738 posse
2872 1675 3020 1721 tanta
3053 1666 3265 1722 sarcina
3292 1666 3509 1738 gravari
3536 1667 3781 1737 viamque

2188 1755 2384 1826 prolixi
2454 1756 2665 1812 itineris
2714 1756 2998 1827 impedire.
3040 1755 3288 1827 Cumque
3335 1757 3391 1812 in
3437 1756 3780 1827 suscipiendo

492 1842 729 1913 primum
759 1842 970 1914 accepti
1004 1844 1161 1915 panis
1196 1853 1434 1917 gustum,
1480 1845 1650 1916 pestis
1696 1844 1785 1900 illa
1811 1854 2085 1917 pertrans-
2114 1859 2161 1919 Β
2187 1858 2312 1899 eum
2339 1845 2591 1916 precibus
2621 1845 2869 1910 instaret,
2897 1845 3049 1899 aiunt
3075 1844 3149 1899 illi
3180 1865 3193 1899 :
3226 1844 3283 1900 Si
3313 1860 3444 1916 ergo
3472 1860 3580 1900 nos
3608 1852 3779 1900 tanto-

493 1936 614 2001 ivit,
642 1943 699 1992 et
732 1936 1097 2008 interceptum
1136 1937 1498 2010 fragmentum
1538 1936 1829 2003 decidens,
1859 1938 1913 1993 in
1945 1938 2087 1995 inte.

491 2026 641 2083 riora
670 2034 955 2099 purgatur.
987 2025 1289 2083 Deliciosus
1326 2028 1509 2098 itaque
1535 2028 1691 2099 panis
1718 2028 1766 2083 ei
1801 2027 1977 2083 lactus
2002 2037 2087 2084 est

489 2116 682 2189 plaga;
750 2132 975 2187 gressus
1011 2131 1147 2174 vero
1182 2126 1243 2173 et
1290 2118 1500 2183 durus,
1551 2118 1841 2174 medicina.
1889 2119 2083 2174 Escam

492 2209 749 2275 mutavit,
778 2219 834 2263 et
864 2207 1141 2278 laqueum.
1171 2208 1264 2280 qui
1295 2222 1420 2263 eum
1448 2208 1692 2264 feralitcr
1721 2210 2080 2280 astringebat,

493 2297 747 2354 absolvit.
785 2298 1046 2369 Deposuit
1074 2297 1406 2369 superbiam,
1437 2298 1824 2370 caelestemque
1853 2314 2084 2370 persen-

490 2391 563 2444 sit
586 2389 658 2445 de
687 2389 1001 2444 humilitate
1026 2389 1377 2455 medicinam,
1412 2397 1468 2445 et
1497 2403 1747 2459 supernae
1777 2388 2083 2445 miseratio-

492 2481 579 2536 nis
607 2481 892 2548 medelam,
932 2496 1095 2551 quam
1143 2480 1399 2534 nimirmn
1437 2492 1497 2535 ut
1522 2494 1583 2535 se
1611 2490 1718 2535 tarn
1760 2480 2085 2536 mirabiliter

490 2574 794 2629 obtinuisse
838 2572 1131 2644 persensit,
1181 2572 1235 2627 in
1265 2572 1345 2627 sui
1396 2571 1707 2628 liberatoris
1749 2571 2082 2642 praeconium

490 2664 868 2734 nujnscemodi
924 2680 1049 2720 mox
1096 2679 1350 2720 sermone
1394 2664 1645 2735 prorupit
1693 2679 1708 2718 :
1760 2663 2083 2720 Benedictus

489 2760 836 2829 omnipotens
884 2758 1066 2823 Deus,
1113 2758 1206 2828 qui
1250 2756 1685 2828 periclitantibus
1730 2758 2001 2822 subvenit,
2029 2766 2085 2813 et

490 2851 544 2906 in
598 2851 859 2919 gaudium
933 2851 1001 2907 de
1070 2864 1306 2906 maerore
1357 2849 1660 2915 convertit;
1713 2849 2081 2921 arrogantiam

488 2942 691 3008 calcat,
717 2941 1118 3011 superbientem
1152 2940 1425 3010 humiliat,
1456 2948 1620 3010 atque
1651 2938 2081 2994 misericordiam

488 3035 742 3106 largitor,
778 3043 1049 3104 quatenus
1077 3041 1134 3088 et
1173 3033 1289 3102 ipse
1315 3049 1415 3089 nos
1440 3034 1508 3088 ad
1537 3031 1968 3087 misericordiam
2000 3031 2084 3085 in-

485 3124 626 3178 vitat
668 3142 683 3179 z
718 3121 921 3188 Estote,
974 3122 1174 3193 inquit,
1220 3123 1607 3186 misericordes,
1648 3123 1784 3177 sicut
1828 3133 1877 3177 et
1921 3118 2084 3176 Pater

2186 1950 2318 2007 pere
2365 1937 2534 2009 cogis,
2582 1952 2683 1993 nec
2731 1945 2823 1993 tuo
2851 1951 3050 1993 vacuos
3092 1952 3317 1993 munere
3361 1952 3593 2008 prorsus
3634 1936 3779 1992 abire

2185 2029 2477 2099 permittis,
2526 2028 2710 2100 plmbc
2735 2027 3041 2098 huiusmodi
3073 2028 3350 2100 quidpiam
3399 2026 3548 2083 aliud
3577 2070 3593 2095 ,
3637 2027 3774 2098 quod

2187 2134 2287 2175 nos
2316 2119 2525 2191 absque
2555 2119 2656 2175 via:
2700 2119 2985 2190 dispendio
3018 2119 3189 2175 levius
3233 2133 3330 2189 pro
3378 2127 3467 2174 tua
3499 2119 3779 2175 devotione

2187 2209 2432 2281 perferre
2461 2210 2757 2266 valeamus.
2791 2209 2944 2278 Quod
2992 2210 3083 2265 ille
3128 2210 3361 2265 audiens
3382 2252 3397 2275 ,
3432 2211 3779 2266 vehementer

2184 2298 2467 2367 admirari,
2494 2309 2713 2372 stupere
2742 2316 3039 2372 secumque
3066 2300 3249 2356 dicere
3274 2300 3443 2370 cmpit
3476 2319 3492 2355 :
3530 2300 3631 2368 Qui
3658 2308 3777 2356 sunt

2186 2388 2274 2444 isti
2298 2391 2414 2460 qui,
2448 2392 2573 2446 dum
2602 2405 2868 2462 pauperes
2897 2391 3162 2462 egenique
3188 2391 3462 2457 videntur,
3497 2390 3638 2446 adeo
3663 2405 3777 2462 quae

2186 2488 2317 2535 sunt
2355 2481 2542 2535 mundi
2607 2479 2765 2549 hujus
2818 2480 3123 2551 despiciunt
3184 2490 3243 2535 ut
3287 2481 3339 2534 in
3389 2481 3601 2550 optimo
3657 2494 3775 2535 vase

2188 2572 2413 2627 ferendo
2461 2588 2742 2628 assumere
2791 2572 2880 2628 vel
2918 2573 3199 2627 minimum
3245 2571 3489 2627 laborem
3540 2580 3773 2628 contem-

2186 2664 2357 2717 nant?
2386 2662 2575 2719 Nonne
2603 2679 2730 2719 vere
2757 2663 2957 2718 liberos
2987 2678 3223 2733 vereque
3251 2662 3484 2717 dixerim
3534 2676 3626 2718 eos
3656 2662 3773 2717 bea-
3850 2650 3857 2662 ’

2187 2766 2289 2822 tos,
2344 2758 2434 2828 qui
2489 2767 2643 2813 tanta
2679 2756 2997 2812 fortitudine
3045 2756 3360 2811 ambitionis
3384 2757 3579 2827 jugum
3609 2754 3715 2809 suis
3745 2768 3773 2807 e

2185 2849 2492 2905 cervicibus
2540 2850 2867 2915 excussisse,
2916 2856 3177 2919 tantaque
3208 2847 3412 2902 mentis
3452 2844 3769 2901 excellentia

2184 2955 2379 2994 vanam
2429 2940 2613 2995 mundi
2668 2953 2918 3009 pompam
2955 2937 3199 3005 calcasse
3244 2936 3583 2993 cernuntur?
3631 2934 3771 2991 Unde

2185 3047 2351 3103 super
2406 3033 2509 3088 hoc
2559 3032 2852 3101 plurimum
2900 3029 3239 3095 adiﬁcatas,
3285 3026 3662 3084 vehementius
3707 3024 3768 3079 ad

2185 3123 2463 3180 saecularis
2489 3138 2699 3195 pompm
2733 3132 3105 3195 contemptum
3133 3122 3511 3179 succenditur.
3546 3120 3629 3177 Ab
3656 3119 3772 3175 hinc

487 3227 655 3271 vester
687 3215 907 3271 caelestis
951 3215 1247 3269 misericors
1287 3224 1362 3269 est
1409 3213 1563 3286 (Luc.
1590 3211 1703 3286 vi);
1737 3229 1959 3285 sumque
1987 3213 2083 3268 tri-
2107 3222 2154 3285 (ζ
2186 3216 2353 3288 igitur
2392 3216 2462 3272 de
2504 3232 2602 3273 sua
2648 3215 2803 3273 valde
2851 3215 3239 3286 pollicitatione
3276 3214 3545 3271 sollicitus
3570 3255 3585 3280 ,
3629 3210 3770 3283 prius

488 3309 783 3366 bnlationis
830 3308 1131 3379 periculum
1158 3350 1173 3374 ,
1237 3308 1384 3379 quod
1429 3316 1659 3362 eatenus
1706 3306 2081 3363 erubescendo

489 3399 805 3465 celaverat,
833 3400 947 3467 jam
977 3386 1191 3455 cunctis
1213 3413 1327 3468 pra:
1357 3399 1552 3471 gaudio
1580 3407 1786 3453 narrat.
1818 3398 1972 3466 Quod
1998 3399 2083 3455 vis

491 3489 759 3559 siquidem
798 3488 1002 3545 doloris
1043 3503 1148 3544 non
1196 3488 1364 3544 valuit
1394 3489 1593 3544 laetitize
1631 3490 1948 3562 magnitudo
1985 3505 2083 3545 ex-

492 3582 671 3636 torsit.
724 3581 789 3636 Et
841 3582 1061 3652 quidem
1108 3581 1340 3652 ipsemet
1388 3591 1499 3638 tam
1550 3582 1653 3639 hoc
1703 3596 1865 3652 quam
1914 3583 2078 3649 aliud,

492 3674 636 3743 quod
675 3674 741 3729 de
782 3674 899 3741 ejus
933 3673 1238 3743 abjectione
1286 3685 1536 3732 recenter
1567 3678 1681 3731 nati
1714 3678 1966 3749 superius
1998 3692 2082 3734 re-

488 3766 611 3832 tuli,
640 3768 756 3822 suis
780 3767 1057 3838 opusculis
1083 3768 1361 3824 exarando
1389 3768 1643 3824 inseruit.
1680 3780 1691 3797 ⁶

1097 3883 1326 3940 CAPUT
1384 3883 1473 3939 IV.

489 3971 823 4046 Dcsiderinm
881 3975 1221 4030 renuntiandi
1265 3976 1533 4046 isa'culo,
1605 3986 1652 4030 et
1708 3977 1971 4046 ingressus
2028 3975 2082 4029 in

712 4044 717 4048 ’
1123 4045 1450 4117 religionem.

562 4131 788 4199 Verum,
816 4142 878 4190 ut
922 4135 990 4191 ad
1039 4151 1196 4191 suum
1245 4136 1493 4192 ordinem
1528 4146 1714 4193 noster
1754 4138 1867 4208 jam
1900 4151 2084 4192 sermo

489 4235 761 4290 recurrat,
803 4225 891 4283 hic
918 4225 1122 4283 Christi
1166 4227 1294 4291 tiro,
1322 4228 1596 4283 ﬂammam
1626 4228 1709 4283 sui
1746 4228 1985 4300 pectoris
2015 4227 2082 4281 ad

489 4313 685 4371 altiora
721 4317 862 4372 votis
906 4316 1160 4373 attollens
1188 4318 1443 4385 assiduis,
1471 4320 1615 4388 quod
1665 4328 1849 4374 mente
1891 4334 2076 4375 conoe-

486 4417 644 4481 pcrat
704 4410 941 4486 implere.
979 4412 1335 4466 vehementer
1379 4411 1649 4481 optabat,
1700 4411 1909 4467 scilicet
1956 4411 2084 4466 huic

488 4501 687 4559 steculo
716 4500 961 4559 funditus
990 4504 1305 4559 renuntiare
1342 4504 1693 4574 habitumque
1734 4502 1942 4560 militiae
1971 4505 2082 4575 spi-

2183 3309 2335 3379 cupit
2359 3308 2595 3378 experiri
2627 3316 2806 3363 utrum
2838 3304 3069 3373 cellulae,
3114 3320 3275 3378 quem
3306 3305 3576 3366 audierat,
3622 3301 3765 3356 labo-

2184 3417 2299 3457 rem
2326 3400 2571 3473 perl'erre
2604 3400 2893 3457 solliceret.
2926 3399 3226 3467 Quamdam
3256 3398 3441 3468 itaque
3475 3395 3666 3452 cellam
3696 3390 3766 3462 (τ)

2184 3492 2487 3565 ingreditur
2517 3534 2532 3559 ,
2570 3492 2623 3547 in
2663 3507 2767 3563 qua
2817 3491 3077 3546 nimirum
3126 3488 3485 3560 quadraginta
3540 3485 3724 3541 diebus
3748 3519 3765 3546 ,

2184 3581 2251 3640 ad
2289 3583 2431 3640 illius
2458 3583 2755 3639 eremiticze
2799 3582 3099 3638 sanctionis
3130 3581 3339 3646 instar,
3382 3595 3487 3634 non
3537 3573 3767 3650 segniter

2182 3686 2487 3733 exercetur.
2518 3676 2634 3744 Qua
2684 3675 2891 3731 scilicet
2921 3672 3256 3744 experientia
3292 3671 3584 3752 admodum
3616 3665 3765 3723 robo-

2184 3782 2366 3839 ratus,
2398 3771 2472 3825 nil
2509 3769 2623 3839 jam
2656 3768 2823 3840 cmpit
2853 3766 3189 3823 eremiticam
3221 3763 3367 3819 illam
3394 3760 3763 3818 austeritatem

2182 3862 2569 3935 pertimescere
2596 3877 2611 3926 ;
2650 3861 2758 3915 imo
2786 3867 2899 3914 toto
2928 3872 3049 3912 eam
3090 3853 3286 3911 allecto
3315 3855 3592 3909 inhianter
3616 3862 3763 3920 appe-

2184 3960 2320 4006 tere.
2358 3949 2626 4020 Tempore
2655 3949 2836 4019 itaque
2875 3955 3062 4018 optato
3088 3953 3366 4016 suscepto,
3395 3958 3503 4013 quo
3526 3939 3765 3996 videlicet

2183 4044 2237 4099 id
2266 4053 2390 4114 apte
2416 4058 2677 4115 peragere
2713 4035 2913 4113 przeter
2955 4041 3241 4096 scientiam
3268 4054 3490 4094 suorum
3522 4033 3754 4093 omnium

2183 4145 2387 4205 posset,
2413 4150 2697 4191 assumens
2722 4150 2788 4189 ex
2818 4133 2931 4189 suis
2958 4134 3114 4189 bonis
3144 4148 3263 4204 quae
3289 4131 3475 4197 voluit,
3506 4130 3640 4185 clam
3668 4127 3763 4180 iter

2184 4228 2432 4299 arripuit.
2463 4227 2600 4283 Cum
2644 4227 2711 4281 ad
2747 4241 2988 4281 eremum
3019 4226 3394 4296 pervenisset,
3442 4220 3761 4279 desiderium

2183 4331 2295 4372 sum
2345 4317 2546 4371 mentis
2609 4314 2917 4370 senioribus
2962 4313 3069 4369 illis
3117 4312 3368 4385 aperiens
3395 4352 3410 4376 ,
3457 4312 3510 4367 iu
3556 4309 3759 4365 illorum

2182 4406 2513 4462 consortium
2548 4418 2607 4460 se
2637 4402 2930 4475 recipiendi
2970 4404 3163 4458 devote
3207 4402 3493 4472 poposcit;
3527 4398 3617 4455 cui
3642 4406 3757 4450 mox

2182 4500 2325 4569 quod
2352 4498 2641 4554 salubriter
2674 4496 2911 4569 postulat
2943 4505 3223 4565 gratanter
3245 4495 3581 4565 permittitur
3603 4498 3759 4560 atque

486 4578 703 4651 ritualis
729 4609 1028 4651 assumere.
1075 4596 1335 4651 Attamen
1370 4596 1421 4650 in
1456 4596 1650 4666 patriis
1686 4595 1886 4652 ﬁnibus
1927 4610 2088 4667 pror-
2115 4589 2161 4649 D
2188 4592 2278 4647 uni
2303 4609 2370 4648 ex
2400 4591 2680 4656 fratribus,
2724 4606 2825 4662 pro
2853 4589 3187 4644 novitiorum
3227 4602 3379 4643 more
3422 4581 3758 4642 instruendus

488 4700 582 4740 sus
610 4686 713 4742 hoc
741 4700 904 4758 agere
941 4687 1251 4751 recusabat,
1279 4701 1347 4743 ne
1376 4686 1459 4741 vel
1488 4687 1745 4749 atiinium.
1773 4688 1860 4742 vel
1889 4703 2081 4744 neces-

489 4778 754 4832 sariorum
810 4776 1038 4834 allectus
1084 4777 1363 4848 quodlibet
1422 4778 1525 4832 sibi
1573 4779 1641 4833 ad
1686 4776 2076 4847 perfectionem

490 4867 730 4923 tendenti
759 4869 978 4924 noxium
1014 4878 1235 4940 pararet
1272 4869 1636 4925 obstantium.
1664 4868 1776 4925 Hoc
1803 4877 1983 4924 autem
2010 4884 2077 4924 eo

488 4959 784 5015 meditante
837 4969 1000 5031 atque
1067 4962 1304 5018 assiduis
1356 4962 1697 5017 orationibus
1764 4970 2027 5017 exorante
2059 5002 2073 5023 .

507 5063 591 5076 an“
601 5055 752 5076 Inus-un

800 5050 899 5078 9:":
938 5066 965 5078 Α
1016 5053 1241 5080 ἢΑ-Αξιιιι
1269 5053 1445 5080 Αιηιηη
1475 5053 1806 5082 “AnAn-onlnem
1845 5052 2003 5084 nul-nl:

2181 4684 2543 4741 contraditur.
2583 4683 2685 4751 Qui
2726 4698 2848 4737 cum
2896 4697 3024 4735 enm
3070 4682 3137 4736 ad
3160 4680 3408 4736 cellulam
3436 4676 3757 4735 deduxisset.

2182 4793 2327 4841 mox,
2360 4785 2417 4830 ut
2438 4775 2622 4844 jussus
2647 4774 2845 4838 fuerat,
2875 4772 3033 4827 lineis
3061 4782 3283 4826 exutum
3309 4770 3593 4839 cilicioque
3614 4762 3757 4820 indu-

2181 4876 2314 4932 tum,
2344 4865 2410 4920 ad
2433 4867 2681 4921 abbatem
2708 4864 2920 4920 reduxit
2938 4880 2950 4916 :
2970 4878 3131 4933 quem
3158 4863 3327 4918 abbas
3355 4860 3562 4917 cuculla
3586 4869 3757 4926 supcr-

2179 4962 2324 5016 indui
2359 4959 2564 5029 absque
2587 4975 2736 5014 mora
2764 4960 3038 5028 praecepit.
3065 4957 3181 5027 Ipse
3208 4973 3337 5012 vero
3362 4971 3527 5026 super
3548 4954 3645 5009 hoc
3668 4946 3754 5002 ad-

2995 5049 3134 5084 ΙὶηῖιΙ
3165 5050 3295 5084 ηιΗά
3330 5046 3562 5084 «Insilui,
3588 5050 3753 5084 nnnne

2184 5054 2387 5084 ιηῖισσιηο
2442 5052 2648 5084 ιΙῖιιηιιηΙ
2683 5051 2821 5084 ἶπον-η
2854 5065 2915 5084 ιιι
2943 5068 2954 5079 ο
