3982 5350
181 275 259 328 ιει
335 271 342 274 ’
1023 271 1558 330 PROLEGOMENA.
1602 303 1670 313 --
1715 273 1870 329 VITA
1895 276 1952 331 S.
2000 275 2198 332 PETRI
2242 273 2543 330 DAMIANI.

3331 264 3434 324 123

171 386 428 456 extemplo
482 387 538 441 in
589 387 933 456 semetipsum
1010 402 1258 442 reversus
1285 427 1300 451 ,
1354 390 1632 456 increpare
1681 403 1738 442 se
1769 397 1810 451 Α
1841 391 2146 457 quempiam
2173 396 2353 456 posset
2389 388 2534 441 acies
2559 383 2836 440 oculorum
2873 382 3122 454 dirigere.
3171 379 3278 436 Illis
3320 398 3419 435 aii--

173 481 320 548 impii
352 480 720 542 vehementer,
753 487 808 530 et
851 478 1031 532 dicere
1061 497 1073 532 :
1110 477 1380 547 Nunquid.
1419 479 1463 533 si
1511 492 1598 531 res
1645 494 1740 546 po-

170 580 331 624 sceret
362 580 419 622 ut
453 568 618 638 plecti
647 568 822 637 capite
861 585 960 638 pro
985 569 1198 623 Christo
1227 569 1473 633 deberes,
1513 570 1585 622 ita
1614 565 1745 622 effu-

169 675 330 730 geres,
379 659 756 712 obstinatusve
804 660 1122 712 resisteres?
1171 659 1323 725 Quod
1374 658 1573 712 factum
1621 668 1742 722 est,

173 765 338 803 nonne
387 748 552 816 paulo
604 757 729 802 ante
796 758 1112 803 constanter
1160 749 1256 802 tibi
1306 749 1486 802 omnia
1540 749 1744 818 perpeti

169 837 543 908 promittebas?
593 835 703 890 Cur
750 846 856 890 tam
905 838 1013 891 cito
1060 838 1332 891 enerviter
1385 838 1743 892 succumbere

169 944 263 982 non
307 926 608 982 formidas?
653 927 722 980 At
766 927 810 980 si
849 925 988 980 forte
1038 926 1168 981 illud
1193 927 1446 995 judicans
1498 928 1745 993 noxium,

169 1019 294 1073 istud
325 1019 588 1073 admittas
619 1017 911 1083 libentius;
947 1029 1005 1072 ut
1035 1033 1142 1088 quo
1171 1020 1360 1076 durius
1394 1019 1592 1076 toleras
1618 1059 1634 1085 ,
1681 1036 1746 1076 eo

169 1111 421 1180 placidius
452 1111 508 1164 in
547 1110 902 1164 retributione
932 1111 1220 1180 suscipias.

779 1262 1009 1318 CAPUT
1050 1262 1115 1318 ν.

173 1355 471 1426 Progressus
510 1355 565 1409 in
597 1355 896 1418 virtutibus,
926 1356 1213 1424 praesertim
1247 1356 1538 1412 humilitate
1566 1399 1580 1422 ,
1621 1375 1745 1412 ora-

388 1425 572 1490 tione,
617 1425 1062 1492 mortiﬁcatione,
1104 1435 1151 1479 et
1195 1427 1507 1480 obedientia.

227 1556 317 1612 llis
343 1557 530 1626 itaque
557 1557 793 1627 propriis
817 1555 1211 1613 invectionibus
1233 1558 1485 1620 reflexus.
1515 1560 1748 1615 senioris

166 1659 424 1720 pnecepto
456 1648 605 1702 illico
629 1649 902 1719 acquievit
925 1690 939 1713 ,
970 1649 1326 1719 placidusque
1349 1659 1628 1721 gratanter
1651 1651 1752 1705 ob—

1851 489 1954 534 tein
1979 479 2423 549 regredientibus,
2447 492 2569 530 cum
2601 475 2667 529 ad
2711 474 3019 530 emnobiuin
3070 473 3127 526 S.
3158 471 3430 526 Vincentii

1849 569 1949 640 (3),
1973 569 2057 625 cui
2083 569 2260 622 vicina
2287 569 2432 638 rupis
2447 567 2603 621 Petra
2632 574 2848 636 pertusa
2875 563 3189 618 vocabulum
3216 563 3429 625 indidit,

1850 669 2166 728 perventum
2201 657 2409 724 fuisset,
2433 657 2544 726 jam
2591 656 2803 712 Domini
2849 671 3038 710 servus
3065 655 3292 708 ulterius
3323 651 3437 708 fere

1849 751 2035 820 nequit
2074 749 2489 820 ignominiosum
2532 747 2771 823 nitidulaj:
2799 748 2966 802 vestis
2993 757 3245 802 ornatum
3287 745 3434 800 :Oc-

1847 845 2068 901 casione
2103 845 2286 914 itaque
2311 843 2507 898 ibidem
2543 840 2815 911 paulisper
2847 839 3154 894 remorandi
3183 846 3392 906 reperta
3415 876 3427 896 ,

1846 940 2107 1008 magister
2131 945 2308 1006 empto
2339 935 2532 990 itinere
2562 935 2732 989 tendit
2775 933 2840 986 ad
2879 945 3122 986 eremum
3147 945 3162 994 ;
3189 928 3278 983 ille
3304 941 3434 983 vero

1848 1027 2008 1082 alium
2055 1026 2160 1081 sibi
2192 1023 2530 1095 scapularem
2575 1021 2920 1076 humiliorem
2957 1019 3185 1073 stamine
3232 1025 3287 1070 et
3337 1031 3434 1072 co-

1847 1119 1962 1173 lore
2015 1118 2094 1189 (9)
2150 1117 2478 1186 acquisitum
2527 1114 2738 1178 induit;
2792 1113 2977 1181 sicque
3016 1111 3159 1165 velut
3210 1109 3434 1164 immani

1848 1209 2060 1263 sarcina
2087 1248 2100 1264 .
2147 1223 2254 1276 qua
2305 1208 2593 1276 depressus
2633 1205 2894 1258 hactenus
2936 1200 3129 1266 fuerat,
3181 1200 3433 1264 leviatus,

1846 1299 2171 1368 quantocius
2209 1307 2332 1367 post
2376 1296 2715 1363 magistrum,
2742 1295 2808 1348 ad
2832 1293 3107 1364 proprium
3133 1300 3218 1346 est
3249 1306 3433 1345 mona-

1847 1390 2072 1445 sterium
2129 1403 2400 1443 reversus.
2438 1385 2787 1458 Nequaquam
2815 1385 2960 1439 enim
2990 1399 3084 1438 eos
3104 1398 3254 1452 reque
3279 1391 3434 1452 pote-

1849 1493 1955 1544 rat,
2010 1481 2054 1535 si
2099 1479 2362 1550 squalidis
2415 1481 2706 1533 utebantur
2734 1477 3000 1540 vestibus,
3047 1474 3287 1529 venustis
3324 1474 3439 1543 ipse

1852 1573 2072 1626 indutus
2109 1571 2368 1633 revisere,
2404 1569 2530 1622 dum
2560 1568 2806 1622 moribus
2851 1565 3036 1621 ornari
3074 1565 3250 1634 potius
3273 1563 3438 1634 gesti-

1852 1674 1975 1716 rent
2025 1677 2186 1731 quam
2220 1660 2476 1715 vestibus.
2515 1659 2587 1714 Ut
2640 1667 2818 1712 autem
2848 1658 2914 1712 ad
2937 1655 3211 1724 superiora
3245 1654 3436 1708 redea-

170 1743 491 1810 lemperavit-
535 1741 828 1810 Assumplo
876 1756 1006 1796 vero
1044 1742 1270 1804 habitu.
1321 1751 1468 1796 tanto
1499 1742 1747 1810 protinus
1776 1757 1822 1815 Β
1859 1768 2012 1815 mus,
2061 1751 2218 1804 bona:
2247 1749 2444 1806 indolis
2483 1748 2690 1804 Christi
2731 1747 2884 1801 miles
2916 1746 3079 1800 tantis
3112 1744 3253 1798 illico
3289 1743 3431 1813 jeju-

170 1831 362 1885 fervore
410 1830 765 1885 succenditur
810 1842 888 1896 ut,
923 1845 1184 1900 corporea
1231 1846 1359 1885 cura
1389 1840 1694 1899 contempla
1725 1871 1739 1895 ,

169 1922 266 1978 sola
293 1938 410 1992 qua:
456 1931 588 1976 sunt
633 1923 858 1992 spiritus
899 1931 1214 1992 appeteret,
1267 1937 1484 1975 carnem
1529 1921 1740 1991 Spiritui

171 2017 280 2069 totis
340 2014 549 2068 viribus
607 2015 815 2068 servire
867 2013 1264 2084 compelleret;
1320 2012 1553 2068 delicata
1585 2054 1599 2077 ,
1657 2012 1741 2067 vel

171 2116 464 2176 sumptuosa
498 2115 698 2162 cuncta
725 2121 1005 2176 respuens,
1032 2122 1224 2176 aspera
1255 2122 1485 2176 quaeque
1513 2115 1570 2160 et
1616 2121 1743 2160 cou-

172 2197 469 2268 temptibilia
504 2198 830 2268 requireret.
863 2197 1056 2263 Porro,
1079 2197 1220 2268 quod
1249 2199 1392 2264 dico,
1419 2198 1518 2253 hoc
1545 2197 1740 2251 intueri

172 2289 295 2344 vales
332 2288 583 2358 exemplo
616 2307 628 2341 :
665 2288 798 2342 Dum
845 2288 932 2342 hic
973 2296 1118 2342 esset
1147 2288 1438 2356 aliquando
1480 2304 1602 2342 cum
1645 2302 1744 2341 suo

172 2379 494 2448 profecturus
519 2380 804 2449 magistro,
832 2379 1131 2434 molliorem
1157 2380 1492 2448 scapularem
1522 2379 1744 2433 induere

173 2481 310 2542 atque
328 2471 704 2541 pulchriorem
723 2487 881 2540 quam
907 2471 1188 2526 aﬂ‘ectaret
1213 2487 1410 2540 equum
1451 2473 1744 2526 ascendere

165 2563 326 2629 jussus
347 2571 448 2616 est.
491 2561 707 2632 Rogare
734 2563 914 2632 itaque
959 2561 1278 2632 magistrum
1313 2563 1540 2616 summis
1569 2561 1740 2630 cmpit

170 2655 418 2724 precibus,
471 2669 541 2708 ne
581 2654 686 2708 sibi
732 2655 833 2708 hoc
876 2653 1192 2724 dignaretur
1239 2654 1533 2724 prazcipere
1598 2654 1742 2723 quod

172 2746 266 2812 ipse
303 2743 586 2808 nimirum,
635 2743 782 2798 velut
819 2743 1092 2809 indecens,
1123 2744 1458 2799 abhorreret.
1492 2743 1745 2814 Magister

172 2851 281 2890 vero
318 2833 438 2903 ejus
468 2835 724 2906 precibus
764 2836 1108 2904 acquiescere
1153 2835 1387 2898 nolebat,
1424 2851 1493 2890 ne
1522 2836 1745 2904 vilipen-

173 2930 282 2982 dere
317 2929 593 2983 videretur
634 2928 983 3000 discipulum,
1013 2945 1174 2999 quem
1205 2929 1459 2999 diligebat
1487 2937 1742 2999 tanquam

173 3020 368 3074 unicum
386 3059 402 3082 ,
435 3019 481 3073 si
514 3019 596 3074 sic
623 3033 750 3074 eum
773 3060 788 3086 ,
813 3020 967 3088 juxta
995 3035 1153 3074 suum
1183 3019 1534 3085 desiderium,
1559 3035 1742 3074 secum

1843 1843 2078 1904 niorum,
2108 1840 2414 1911 vigiliarum
2439 1847 2866 1907 ceterarumque
2893 1835 3238 1890 aﬂlictionum
3270 1833 3423 1887 labo-

1843 1937 1996 1990 ribus
2025 1949 2085 1989 se
2115 1935 2280 2005 carpit
2331 1942 2588 1997 atterere,
2646 1941 2706 1986 ut
2755 1932 2816 1996 ii,
2865 1930 2956 2000 qui
3001 1926 3271 1984 diuturnis
3314 1925 3429 1996 jam

1845 2028 2040 2083 studiis
2065 2025 2347 2081 exercitati
2394 2024 2638 2088 fuerant,
2667 2023 2808 2078 illius
2834 2035 3032 2086 mores,
3062 2028 3116 2073 ct
3156 2017 3319 2071 vitam
3349 2015 3435 2068 in—

1850 2129 2082 2182 tuentes,
2115 2133 2210 2172 sua
2246 2125 2570 2187 cogerentur
2599 2125 2718 2170 acta
2745 2124 3118 2169 contemnere.
3147 2108 3281 2163 Nam
3308 2108 3434 2162 dum

1845 2212 2094 2267 inclitum
2115 2211 2370 2264 vitiorum
2394 2207 2634 2261 funditus
2664 2213 2905 2260 certaret
2928 2201 3198 2264 exsulare,
3237 2207 3431 2254 cuncta

1846 2304 2132 2358 moralium
2201 2301 2371 2372 ipsius
2441 2299 2544 2354 loci
2590 2297 2977 2354 exercitiorum
3027 2307 3222 2365 genera
3298 2289 3428 2344 totis

1845 2375 2107 2466 gestiebat
2136 2394 2341 2447 viribus
2389 2389 2655 2444 indefesso
2699 2387 2880 2457 operis
2912 2385 3096 2439 labore
3137 2379 3430 2450 complere.

1845 2488 2016 2542 Porro
2047 2485 2146 2541 loci
2176 2482 2570 2552 institutio(10)
2599 2477 2904 2548 huiusmodi
2931 2475 3047 2531 fore
3076 2473 3430 2544 dignoscitur,

1845 2580 1986 2648 quod
2017 2578 2130 2634 bini
2158 2577 2347 2632 divisis
2375 2574 2581 2630 cellulis
2609 2579 3009 2627 commorantes
3038 2567 3127 2623 die
3156 2575 3428 2633 noctuque

1846 2687 1874 2722 a
1912 2668 2141 2737 spiritali
2168 2666 2479 2729 luctamine,
2510 2663 2654 2719 velut
2677 2662 2729 2716 in
2758 2661 2876 2715 acie
2904 2657 3286 2720 consistentes,
3312 2655 3436 2708 bra-

1845 2761 1964 2815 chia
2031 2777 2134 2814 non
2216 2757 2583 2812 remittebant.
2635 2751 3148 2824 lnexpugnahilibns
3203 2761 3438 2814 namque

1845 2851 2176 2924 psalmodiaz,
2203 2849 2486 2914 orationis,
2517 2845 2786 2906 lectionis,
2813 2839 3156 2898 abstinentizc
3178 2837 3435 2892 obedien-

1850 2945 2043 3012 tiieque
2093 2941 2259 2994 armis
2308 2937 2561 3001 accincti,
2615 2935 2876 2988 adversus
2903 2945 3090 2984 aereas
3139 2933 3436 2998 potestates

1850 3032 2297 3089 infmderabiliter
2329 3029 2679 3085 dimicabant.
2707 3024 3064 3080 Abstinentia:
3086 3034 3217 3074 vero
3239 3018 3432 3072 modus

172 3110 492 3178 permitteret
540 3109 805 3165 incultum
857 3109 1170 3186 procedere.
1223 3109 1524 3178 Discipulus
1558 3119 1738 3166 autem

1849 3130 1936 3184 hic
1973 3136 2110 3190 erat,
2157 3133 2213 3179 ut
2254 3133 2490 3193 quatuor
2524 3122 2578 3176 in
2604 3117 2939 3176 hebdomada
2961 3113 3170 3177 diebus,
3205 3124 3342 3180 pane
3381 3116 3440 3162 et

174 3203 310 3274 longe
334 3204 496 3259 aliter
521 3205 766 3260 sentiens
795 3213 1071 3274 totumque
1113 3203 1370 3258 aliorsum
1399 3213 1740 3268 convertens,

173 3294 374 3348 nimium
402 3293 783 3359 erubescebat,
818 3294 1168 3349 saecularibus
1195 3294 1308 3363 jam
1332 3307 1593 3363 apparere
1619 3293 1742 3347 niti-

172 3387 330 3454 dulus,
379 3402 450 3443 ne
492 3389 630 3457 ipse,
659 3388 754 3458 qui
775 3387 901 3442 olim
930 3387 1126 3443 saeculo
1149 3387 1490 3442 renuntiasse
1520 3387 1739 3442 videba-

181 3489 274 3544 tur,
318 3479 637 3534 saecularem
684 3496 934 3549 pompam
965 3481 1142 3534 adhuc
1177 3478 1471 3534 carnaliter
1498 3494 1739 3548 quterere

177 3583 443 3640 putaretur.
497 3575 651 3642 Quod
729 3585 906 3630 tamen
947 3575 1295 3645 opprobrium
1344 3575 1512 3630 multo
1565 3577 1736 3646 magis

173 3664 252 3719 iile
290 3667 468 3720 subire
493 3681 656 3736 quam
701 3666 1078 3720 inobedientize
1114 3675 1296 3721 notam
1327 3667 1537 3731 maluit,
1573 3685 1733 3738 quam

171 3757 390 3813 videlicet
439 3759 726 3813 incurrere
761 3759 1132 3814 vehementius
1178 3761 1414 3829 expavit.
1446 3759 1738 3816 Videbatur

171 3849 290 3902 enim
317 3849 455 3914 sibi,
487 3859 648 3920 prout
683 3851 800 3920 ipse
841 3849 1132 3913 referebat,
1167 3860 1226 3904 ut
1260 3853 1567 3921 quicunque
1590 3852 1737 3908 illum

169 3953 417 4012 comptum
467 3945 720 4014 equitare
745 3954 1051 4008 cernerent,
1083 3945 1252 4015 digito
1280 3946 1738 4008 demonstrarent.

172 4043 214 4083 et
238 4032 672 4090 velutcarnalem
704 4032 1139 4099 subsannarent,
1166 4034 1374 4104 sibique
1403 4051 1509 4088 non
1549 4051 1737 4088 mona-

170 4123 265 4186 (lli,
297 4124 389 4179 sed
423 4126 604 4195 sponsi
641 4140 843 4180 nomen
877 4134 1147 4196 aptarent.
1179 4125 1332 4182 Unde
1365 4136 1545 4182 tantus
1576 4129 1742 4182 rubor

169 4211 262 4280 ejus
299 4214 595 4272 suﬂ'uderat
625 4216 826 4272 faciem
851 4257 866 4283 ,
907 4226 964 4272 ut
992 4218 1080 4272 vix
1105 4227 1267 4289 caput
1287 4219 1516 4291 erigere,
1548 4221 1634 4276 vix
1687 4222 1739 4276 in

1849 3233 1987 3288 aqua
2009 3215 2284 3278 contenti,
2324 3213 2481 3268 tertia
2513 3221 2568 3266 et
2593 3210 2783 3280 quinta
2812 3207 2945 3262 feria
2968 3203 3262 3276 pauxillum
3286 3200 3435 3268 legu-

1848 3311 2012 3366 tninis
2041 3316 2338 3370 sumerent,
2366 3305 2508 3376 quod
2539 3303 2788 3358 videlicet
2814 3299 3042 3370 singulis
3096 3296 3149 3350 in
3186 3295 3299 3350 suis
3327 3292 3436 3346 cel-

1845 3400 1971 3457 lulis
1991 3397 2386 3467 decoquebant.
2419 3393 2753 3464 Jejuniornm
2781 3393 2978 3462 quippe
3017 3388 3207 3443 diebus
3234 3397 3438 3453 nequa-

1843 3505 2004 3560 quam
2037 3503 2136 3556 pro
2157 3503 2254 3542 suo
2285 3487 2434 3541 libito
2462 3485 2713 3553 cuiquam
2730 3482 2796 3536 de
2812 3496 2949 3550 pane
2965 3493 3180 3533 sumere
3209 3475 3431 3535 licebat,

1841 3581 1934 3636 sed
1966 3580 2019 3634 id
2054 3580 2196 3648 quod
2235 3577 2451 3648 prmﬁxa
2493 3590 2743 3630 mensura
2800 3571 3092 3642 praebebat.
3147 3567 3317 3621 Porro
3365 3564 3432 3618 de

1842 3673 1950 3727 vini
1975 3687 2075 3726 usu
2106 3672 2235 3741 quid
2265 3685 2582 3734 memorem,
2616 3683 2737 3722 cum
2762 3665 2860 3719 nisi
2893 3679 2990 3733 pro
3017 3659 3304 3717 sacrificio.
3337 3671 3435 3709 seu

1843 3765 2072 3820 forsitan
2097 3778 2196 3832 pro
2217 3777 2360 3831 a'gro
2391 3761 2572 3814 vinmn
2606 3758 2803 3812 ibidem
2831 3765 2956 3808 tunc
2987 3767 3208 3821 prorsus
3239 3749 3428 3802 deesse

1846 3856 2089 3909 feratur?
2135 3851 2485 3922 Nndipedalia
2535 3849 2734 3921 passim
2797 3861 2894 3916 per
2938 3859 3180 3898 ercmum
3223 3840 3436 3893 cunctis

1850 3944 2184 4015 temporibus
2232 3943 2596 4006 exercebant;
2653 3939 2704 3992 in
2751 3937 2906 3992 cellis
2949 3948 3076 3988 vero
3103 3947 3202 3986 nec
3229 3929 3437 3999 caligas

1845 4037 2140 4094 induebant
2187 4035 2322 4103 (11).
2351 4032 2575 4088 Cieleris
2603 4041 2784 4083 autem
2829 4023 3200 4097 spiritualibus
3227 4021 3436 4076 exerci-

1847 4129 1957 4194 tiis,
1979 4126 2276 4196 disciplina:
2298 4125 2543 4180 videlicet
2569 4121 2854 4177 metanmis
2877 4120 3014 4191 (12),
3029 4116 3280 4188 palmatis
3297 4113 3436 4187 (13),

1848 4221 2072 4292 prolixis
2127 4218 2377 4272 ulnarutu
2426 4213 2834 4269 extensionibus
2877 4210 3011 4282 (14),
3037 4208 3246 4274 sedulo,
3277 4215 3436 4276 prout

1329 4328 1699 4386 GODEFRIDI
1738 4330 2148 4388 IIENSCHENII
2181 4327 2414 4386 NOTAE.

225 4437 310 4509 (8)7
331 4438 727 4509 Adreaenobium
750 4436 811 4492 S.
833 4436 1123 4509 iVincentii.
1155 4438 1231 4494 De
1271 4441 1374 4496 hoc
1405 4444 1737 4500 monasterio
1767 4451 1816 4509 D
1843 4443 2012 4497 fratre
2057 4451 2270 4497 mortuo
2303 4453 2740 4508 unumquemque
2779 4437 3104 4509 septingenta
3151 4443 3438 4509 metangas

172 4510 259 4578 agit
301 4508 359 4562 Β.
407 4508 598 4564 Petrus
646 4525 734 4578 ep.
786 4508 856 4562 '52
907 4508 1000 4562 lib.
1054 4525 1142 4571 vi,
1205 4511 1362 4579 eique
1415 4527 1473 4566 se
1525 4529 1734 4568 summa

172 4581 466 4654 auctoritate
507 4579 803 4654 praefuisse
849 4581 1056 4654 innuit,
1104 4581 1734 4654 quadragesimalejeju-

173 4650 294 4720 nium
323 4650 533 4720 aliaque
560 4650 984 4719 praescribendo.

228 4719 293 4786 (9)
330 4717 669 4789 Scopa/orem
716 4719 1045 4772 humiliorem
1086 4721 1310 4773 stamine
1346 4733 1394 4774 et
1432 4723 1624 4786 colore.
1660 4723 1738 4779 De

173 4788 244 4863 vili
271 4788 459 4863 vestitu
491 4791 881 4863 monachornm
907 4791 1123 4844 disserit
1150 4807 1336 4863 opusc.
1373 4795 1460 4859 1'2,
1483 4803 1536 4847 et
1563 4797 1736 4850 eccle-

175 4858 485 4930 siasticornm
521 4876 706 4930 opusc.
742 4859 832 4914 29.

231 4931 330 5000 (10)
370 4929 686 5001 Porro’loci
726 4930 1001 5001 institutio.
1040 4931 1113 4986 De
1154 4931 1338 4986 ordine
1375 4937 1734 5001 crcmitarmn,

174 5008 211 5049 et
252 4998 582 5068 facultatibus
610 5001 772 5055 eremi
823 4998 1312 5063 Fontis-Avellani.
1354 5006 1482 5061 item
1515 5006 1592 5059 De
1622 4998 1734 5062 sure

176 5073 558 5140 congregationis
617 5071 872 5124 institutis
922 5083 1134 5126 exstant
1187 5081 1448 5133 tractatus
1514 5079 1619 5131 duo
1673 5077 1731 5131 Β.

179 5136 294 5212 ljclri
338 5136 462 5195 iom.
491 5142 556 5196 ΙΙΙ
597 5157 785 5212 cpuse.
816 5142 880 5196 14
922 5151 976 5196 et
1008 5143 1099 5211 15,
1146 5158 1212 5197 ex
1262 5147 1463 5212 quibus
1513 5147 1627 5202 haec
1659 5148 1736 5202 vi-

177 5206 339 5282 dentur
363 5222 633 5282 excerpta.

232 5278 330 5348 (ll)
369 5281 477 5336 Nec
515 5278 719 5350 caligas
767 5281 1059 5337 induebant.
1113 5281 1282 5337 Nudis
1336 5291 1587 5346 cruribus
1618 5303 1738 5350 per-

1842 4514 2035 4583 facerer.
2087 4512 2143 4566 S.
2199 4512 2416 4583 Sitneon
2451 4503 2844 4583 S'tylitaiapud'
2868 4503 3191 4583 Theodoret.
3224 4519 3271 4557 c.
3312 4503 3381 4583 ’ἐξ
3414 4517 3433 4556 :

1848 4573 1865 4634 ὶ
1911 4582 2135 4637 l‘liilolei
2185 4582 2427 4652 quotidie
2477 4573 2904 4652 quamplurimas
2950 4577 3327 4652 inclinationes
3354 4573 3439 4626 fa-

1841 4655 2046 4717 ciebat,
2079 4647 2276 4721 qnib'us
2318 4652 2385 4706 ad
2436 4647 2581 4704 mille
2609 4651 2871 4721 ducentas
2917 4647 3270 4721 quadraginta
3298 4659 3437 4713 qua-

1845 4735 1966 4779 tuor
1986 4717 2344 4785 enuineratis,
2366 4721 2628 4783 defessus,
2656 4719 2744 4788 qni
2776 4717 3120 4788 observabat,
3146 4726 3439 4788 numerare

1842 4795 2021 4848 desiit.
2075 4813 2092 4843 ι
2119 4784 2351 4847 Consule
2391 4784 2795 4846 Onomasticum
2836 4791 3016 4843 Rosw.
3048 4787 3113 4840 ad
3143 4785 3291 4840 Vitas
3330 4784 3442 4837 Pa-

1847 4874 2011 4918 trum.
2043 4863 2214 4935 [L_ege
2236 4863 2479 4935 Cajelani
2505 4861 2691 4935 Schol.
2723 4875 2775 4928 p.
2806 4860 2916 4935 241)
2939 4899 2952 4922 ,
2974 4867 3016 4909 ι.
3041 4856 3081 4910 ιι
3105 4858 3222 4910 hor.
3247 4852 3438 4935 Opes}

1915 4931 2062 5007 (13)'
2097 4931 2375 5007 Pulmone.
2423 4933 2688 5007 Paliuatte
2733 4933 2986 5007 apalnia
3045 4939 3234 5007 melius
3283 4931 3442 5007 dicta:

1845 4994 2022 5078 situt,
2061 5019 2156 5058 eas
2203 5003 2470 5078 quispiam
2502 5001 2622 5078 _sihi
2678 4994 2913 5078 infligit,
2972 4998 3188 5078 quando
3223 4994 3445 5078 Eduine.

1847 5062 2007 5146 illiilil
2055 5062 2356 5146 terraﬁdta
2411 5073 2469 5126 Β.
2502 5074 2694 5127 Petrus
2721 5062 2828 5146 lib:
2879 5062 3184 5146 vin—epist.
3223 5064 3320 5146 27,
3376 5062 3444 5146 ad

1847 5145 2064 5201 Petrum
2109 5142 2468 5198 Cerebrosum
2526 5141 2858 5199 monachum
2911 5163 2928 5194 ι
2972 5138 3194 5209 Loriea,
3249 5138 3446 5209 inqui].

1847 5227 1930 5272 est
1966 5217 2125 5270 homo
2165 5213 2385 5267 indutus
2441 5215 2506 5268 ad
2551 5226 2770 5268 carnem
2797 5256 2814 5278 ,
2864 5208 3058 5271 ferreis
3107 5204 3339 5260 membra
3370 5201 3448 5250 di-

1850 5288 1993 5340 vulsa
2032 5284 2251 5338 circulis
2295 5285 2502 5350 ambit,
2539 5285 2700 5336 mittit
2726 5297 2860 5341 cum
2907 5282 3096 5338 labore
3129 5283 3451 5350 metamus,
