3982 5350
497 234 601 292 125

1403 234 1462 290 S.
1507 233 1782 291 PETRUS
1812 231 2167 288 DAMlANUS
2209 231 2267 287 S.
2303 233 2368 288 Β.
2411 231 2474 287 Ε.
2506 230 2937 288 CARDINALIS.

3680 227 3777 285 121

496 351 691 420 cuique
719 347 899 404 fervor
936 356 1210 417 Virtusque
1245 359 1459 402 Inerant
1493 347 1630 418 (15),
1669 345 2069 401 incumbebant.
2100 349 2150 406 Α
2179 353 2335 410 teret,
2361 360 2490 415 quo,
2512 346 2860 416 poscentibus
2890 344 3173 408 fratribus,
3197 341 3349 398 verbi
3368 338 3522 394 sacri
3554 353 3780 409 erogare

497 442 666 497 Porro
712 439 1016 510 vigiliarum
1061 439 1206 492 hunc
1235 451 1441 491 morem
1481 434 1793 504 servabant,
1823 443 1902 502 ut,
1927 433 2080 503 signo

500 530 765 600 temporis
816 538 1162 598 personante,
1220 536 1392 581 totum
1437 535 1560 596 post
1597 525 1842 596 synaxim
1873 523 2081 580 Psalte-

501 620 640 673 rium
671 629 798 674 ante
835 619 1011 672 lucem
1041 617 1393 688 complerent.
1424 616 1621 674 Petrus
1644 632 1774 671 vero
1810 617 1912 672 hoc
1937 629 2086 670 com-

508 725 674 764 mune
702 709 916 781 signum
954 709 1113 779 longe
1144 709 1415 780 vigilando
1440 709 1799 779 praeveniens,
1824 706 2086 777 quidquid

505 807 690 853 tamen
721 799 895 854 noctis
925 808 1045 868 post
1075 800 1320 871 synaxim
1352 799 1592 854 restabat
1609 797 2087 870 (lti),continuatis

502 891 747 947 excubiis
793 892 1096 963 transigam
1145 891 1443 961 satagebat,
1485 906 1553 945 ne
1575 905 1915 947 communem
1942 889 2090 944 scili-

503 992 592 1040 cet
617 984 892 1040 videretur
932 999 1196 1039 canonem
1241 983 1474 1048 solvere,
1508 983 1598 1053 qui
1624 983 1692 1037 ad
1725 982 1928 1052 injussa
1957 996 2092 1050 quo-

503 1091 610 1146 que
639 1091 696 1134 se
719 1075 1021 1130 conabatur
1040 1073 1352 1129 extendere.
1386 1072 1620 1127 Noverat
1646 1073 1788 1126 enim
1821 1072 2090 1127 sacratius

508 1167 626 1220 l‘ore
672 1163 1062 1236 quod’publica
1091 1163 1208 1235 lege
1250 1172 1467 1218 taxatur
1493 1179 1656 1233 quam
1697 1165 1840 1234 quod
1874 1164 2094 1218 institu-

506 1260 653 1314 tione
681 1258 890 1328 privata
933 1256 1272 1327 dependitur,
1297 1267 1355 1312 et
1390 1256 1532 1326 quod
1579 1257 1816 1326 gratuita
1845 1269 2092 1317 munera,

508 1350 904 1420 quantumlibet
952 1349 1197 1420 grandia,
1241 1349 1463 1404 minime
1512 1349 1727 1403 valeant
1761 1364 1790 1402 a
1841 1348 2097 1404 mandato

510 1441 643 1511 legis
673 1440 988 1497 offerentem
1018 1439 1316 1504 absolvere,
1341 1455 1448 1510 quo
1478 1441 1656 1495 minus
1675 1455 1795 1510 qum
1822 1439 1938 1511 lege
1960 1453 2099 1510 pree-

511 1534 622 1588 ﬁxa
675 1542 800 1587 sunt
851 1533 1064 1586 studeat
1101 1531 1388 1601 diligenter
1435 1531 1692 1600 implere,
1730 1531 1815 1585 cui
1842 1530 2096 1585 nimirum

511 1625 642 1682 licet
687 1624 940 1695 qualibet
995 1640 1094 1694 pro
1138 1625 1422 1680 devotione
1470 1625 1725 1693 adjicere,
1777 1639 1883 1678 non
1915 1633 2096 1679 tamen

2184 439 2442 508 pabulum
2481 439 2775 504 debuisset,
2824 437 3049 509 ejusque
3078 440 3166 508 pia
3215 437 3416 508 petitio
3474 435 3783 497 charitate,

2183 546 2346 598 quam
2389 531 2658 600 postulat,
2684 520 2796 586 Deo
2821 531 3164 600 disponente,
3196 530 3432 584 minime
3465 526 3784 581 frustratur.

2186 621 2317 676 lllne
2365 621 2512 677 enim
2557 622 2825 692 dirigitur,
2874 622 2963 676 ubi
3004 631 3223 676 caterva
3254 620 3500 674 fratrum
3532 626 3799 672 centena-

2189 711 2329 765 rium
2360 726 2644 766 numerum
2673 711 2949 767 ferebatur
2979 710 3221 780 implere.
3264 709 3406 764 Cum
3438 707 3648 763 ibidem
3683 706 3790 763 fere

2189 802 2412 858 biennio
2453 811 2727 866 retentus,
2783 817 2890 858 non
2939 817 3164 872 parvqu
3218 801 3467 857 fructum
3522 814 3593 854 ex
3649 799 3792 870 jacto

2191 895 2340 950 verbi
2364 895 2570 950 semine
2585 895 2756 951 fidelis
2777 904 3030 966 operator
3051 893 3277 949 Domino
3303 891 3554 955 tulisset,
3574 899 3794 960 accepto

2192 986 2406 1042 abbatis
2433 987 2514 1041 sui
2539 987 2817 1054 mandato,
2841 988 3086 1043 subnexo
3112 986 3274 1042 etiam
3302 984 3650 1040 obedientize
3680 999 3794 1038 ver-

2196 1081 2283 1142 bo,
2308 1088 2576 1150 quatenus
2614 1080 2683 1134 ad
2727 1095 2785 1136 se
2815 1081 2992 1136 redire
3027 1079 3348 1144 debuisset,
3384 1076 3523 1132 licet
3553 1073 3797 1146 pluribus

2194 1170 2487 1226 obstrictus
2511 1171 2786 1240 precibus,
2816 1171 2989 1226 teneri
3018 1171 3158 1224 ultra
3186 1182 3552 1240 nequaquam
3580 1165 3791 1231 valuit;

2195 1261 2290 1317 sed
2328 1271 2582 1332 tanquam
2615 1261 2701 1316 vir
2743 1246 2854 1316 Deo
2887 1261 3098 1333 plenus,
3129 1258 3466 1316 obedientiaa
3493 1272 3598 1328 per
3621 1256 3804 1311 omnia-

2205 1353 2477 1419 subditns,
2507 1352 2824 1423 magistrum
2856 1367 2963 1407 non
2993 1351 3252 1406 obaudire
3293 1347 3616 1405 formidans
3659 1345 3800 1401 festi-

2201 1461 2302 1499 nus
2336 1445 2402 1499 ad
2450 1459 2573 1499 eum
2626 1443 2841 1499 redivit.
2895 1442 3052 1513 Saepe
3107 1457 3344 1510 namque
3399 1439 3570 1494 nobis
3597 1436 3800 1492 referre

2200 1535 2429 1600 solebat,
2461 1550 2582 1590 eum
2608 1534 3025 1590 sermocinantis
3046 1533 3262 1610 occasio
3295 1533 3348 1587 id
3385 1532 3681 1586 videretur
3709 1544 3804 1584 ex‘

2201 1639 2442 1694 poscere,
2473 1639 2582 1693 quo
2621 1623 2701 1679 sui
2751 1639 2849 1679 nos
2877 1613 3148 1695 exemplo,
3177 1623 3325 1678 velut
3355 1638 3426 1678 ex
3466 1619 3795 1692 propinquo,

509 1717 756 1773 instituta
840 1715 1104 1784 majorum
1157 1717 1393 1788 propriis
1452 1731 1726 1772 amovere.
1777 1715 2098 1771 Voluntaria
2131 1705 2176 1765 Β
2204 1717 2270 1770 ad
2306 1715 2668 1771 obedientiam
2699 1713 2970 1770 ellicacius
3009 1722 3352 1785 provocaret.
3398 1711 3565 1780 Quod
3607 1710 3652 1766 si
3681 1708 3800 1779 quid

513 1809 714 1878 quippe
763 1823 964 1878 augere
1013 1808 1206 1862 merito
1259 1815 1504 1878 possunt,
1562 1821 1829 1863 excusare
1872 1806 2099 1862 omnino

515 1915 636 1970 quse
674 1899 809 1970 legis
852 1909 1009 1964 sunt,
1046 1906 1341 1968 nequeunt.
1391 1897 1632 1969 Denique
1679 1899 1804 1953 dum
1853 1898 2100 1969 hujusce-

515 1991 661 2045 modi
698 1998 1042 2060 pernoctaret
1069 1990 1334 2054 excubiis,
1366 1998 1570 2043 tantam
1602 1988 1715 2044 laesi
1739 1988 1949 2043 cerebri
1979 2003 2104 2057 pas-

520 2082 729 2136 sionem
775 2079 1067 2146 contraxit,
1118 2095 1227 2150 quo
1270 2079 1360 2133 vix
1392 2077 1475 2134 vel
1503 2077 1715 2134 modico
1767 2093 1956 2133 somno
1989 2078 2103 2152 jam

520 2171 670 2227 refici
693 2180 895 2240 posset,
917 2179 1079 2240 atque
1103 2177 1414 2240 postquam,
1447 2169 1692 2225 adhibito
1719 2168 2103 2232 medicamine,

525 2264 591 2316 de
621 2273 879 2332 concepta
909 2261 1160 2331 passione
1197 2261 1376 2316 divina
1424 2260 1777 2330 epitulatioue
1807 2260 2104 2324 convaluit,

530 2351 609 2406 sic
634 2351 746 2418 jam
772 2351 1006 2406 disercte
1037 2366 1200 2422 agere
1225 2349 1434 2416 didicit,
1460 2360 1730 2420 quatenus
1748 2359 1803 2406 et
1835 2351 2108 2407 remissio-

527 2445 616 2497 n's
654 2451 926 2511 torporem
960 2442 1152 2507 vitare,
1182 2451 1238 2496 et
1261 2442 1706 2512 praecipitationis
1730 2457 1949 2496 cursum
1982 2457 2112 2512 pru-

524 2532 676 2587 denti
710 2530 1078 2587 moderatiOne
1107 2533 1364 2589 cohibere
1389 2542 1681 2604 satageret.
1719 2532 1820 2601 Qui
1854 2533 2108 2588 nimirum

523 2626 650 2680 dum
688 2625 894 2681 cellulae
943 2628 1235 2682 stationem
1285 2628 1459 2700 rigida
1495 2643 1724 2684 censura
1766 2636 2030 2693 servaret,
2057 2634 2113 2683 et

525 2724 648 2786 post
676 2726 953 2772 assuetum
984 2717 1321 2788 psalmodiaa,
1353 2733 1574 2788 precum
1608 2727 1772 2788 atque
1803 2718 2109 2773 orationum

524 2806 856 2876 persolutum
883 2808 1063 2862 sedula
1086 2809 1434 2865 meditatione
1455 2808 1673 2865 lectioni
1697 2815 1937 2872 vacaret,
1963 2815 2112 2862 tanta

529 2896 834 2951 divinarum
884 2897 1287 2969 Scripturarnm
1343 2899 1567 2955 scientia
1642 2899 1840 2954 claruit
1908 2908 2111 2970 quanta

531 2987 872 3043 saacularium
903 2998 1063 3044 antea
1095 3006 1200 3044 non
1234 2991 1522 3046 claruerat.

1139 3079 1368 3135 CAPUT
1406 3081 1491 3134 Vl.

635 3164 807 3222 Fama
838 3166 997 3242 illius
1031 3171 1326 3230 sanctitatis
1361 3169 1515 3242 longe
1546 3172 1767 3242 diffusa,
1805 3173 2010 3242 cogitur

946 3241 1169 3296 aliorum
1198 3242 1357 3296 saluti
1393 3241 1688 3314 inuigilare.

602 3327 740 3384 Cum
790 3339 999 3402 tempus
1050 3331 1213 3404 igitur
1247 3333 1558 3389 advenisset
1580 3343 1640 3388 ut
1672 3334 1888 3390 lucerna
1925 3334 2118 3390 domus

533 3421 745 3477 Domini
791 3432 970 3478 erecta
1004 3440 1168 3493 super
1191 3425 1578 3479 candelabrum
1609 3426 1862 3480 omnibus
1887 3426 2114 3492 luceret,

527 3514 753 3582 jubente
776 3517 1052 3586 magistro,
1078 3518 1264 3586 paucis
1298 3518 1406 3572 illis
1432 3517 1694 3574 fratribus
1717 3520 1829 3589 (l7)
1861 3521 2118 3576 exhorta-

527 3603 694 3658 tionis
725 3603 886 3660 verba
936 3605 1247 3676 impendere
1297 3608 1481 3677 coepit.
1530 3607 1774 3678 Cumque
1797 3606 1914 3676 ejus
1937 3608 2122 3679 Opinio

534 3693 647 3764 jam
709 3696 872 3750 latius
925 3696 1095 3752 cﬂ‘usa
1125 3699 1520 3765 crebresceret,
1580 3699 1752 3755 Vuido
1801 3700 2124 3756 venerabilis

532 3787 646 3858 (l8)
678 3787 847 3843 abbas
877 3786 1268 3858 Pomposianus
1293 3789 1426 3861 (l9),
1458 3791 1542 3845 vir
1570 3791 1966 3855 sanctissimus,
1998 3805 2126 3846 suos

531 3876 739 3949 legatos
763 3881 832 3932 ad
851 3879 1008 3948 hujus
1039 3882 1289 3936 abbatem
1314 3883 1572 3954 dirigens,
1606 3883 1900 3953 postulavit
1927 3892 2123 3954 quate-

535 3986 638 4023 nus
677 3971 944 4026 charitate
996 3972 1222 4027 fratrum
1254 3989 1377 4028 eum
1419 3974 1486 4028 ad
1522 3990 1678 4030 suum
1727 3976 2120 4030 monasterium

539 4062 858 4141 destinaret,
908 4078 1202 4146 secumque
1241 4065 1552 4134 aliquandiu
1584 4067 1852 4122 remorari
1901 4068 2128 4136 permit-

2138 3062 2186 3124 C

2203 1807 2332 1862 olim
2364 1805 2468 1860 sibi
2497 1821 2622 1861 cum
2651 1805 2974 1861 obedientia:
3012 1804 3384 1859 additamento
3415 1801 3645 1872 praecipi
3683 1815 3806 1855 con-

2205 1898 2440 1970 tigisset,
2481 1905 2632 1952 tanto
2659 1911 2755 1952 sua
2785 1895 2989 1951 viscera
3015 1895 3240 1950 verbum
3274 1895 3379 1948 hoc
3409 1893 3563 1948 illico
3603 1901 3806 1947 terrore

2202 1996 2526 2044 concuteret
2573 1996 2634 2042 ut
2679 1987 2826 2043 nulla
2869 1986 3099 2057 iniuncti
3155 1987 3339 2057 operis
3378 1983 3709 2039 difficultate
3742 1981 3803 2035 ab

2204 2081 2374 2151 ipsius
2415 2080 2764 2136 exsecutione
2800 2079 3066 2135 retardari
3096 2079 3321 2135 valeret.
3357 2077 3600 2132 Peracto
3652 2075 3804 2146 igitur

2205 2185 2329 2225 eum
2377 2170 2492 2226 suis
2554 2169 2922 2226 confratribus
2973 2170 3222 2242 permissi
3267 2167 3540 2238 temporis
3607 2165 3800 2236 spatio.

2209 2264 2403 2318 iterum
2429 2262 2670 2332 ejusdem
2702 2263 2777 2318 rei
2808 2263 3002 2332 gratia,
3035 2276 3141 2332 qna
3167 2260 3522 2330 Pomposiam
3549 2259 3708 2322 ierat,
3739 2255 3798 2308 ad

2211 2353 2271 2410 S.
2303 2353 2599 2419 Vineentii,
2624 2355 2780 2426 cujus
2808 2369 2972 2424 supra
2998 2353 3348 2409 meminimus
3369 2394 3384 2418 ,
3413 2348 3802 2406 monasterium

2210 2459 2438 2516 νενᾳενε
2461 2444 2704 2514 iubetur.
2737 2442 2892 2510 Quod
2932 2457 3126 2512 nempe
3151 2451 3354 2512 quanto
3382 2439 3472 2495 vel
3511 2437 3668 2494 turba
3699 2451 3805 2489 mo-

2212 2536 2532 2602 nachorum,
2563 2533 2647 2589 vel
2670 2533 2951 2590 latitudine
2973 2533 3291 2589 facultatum
3333 2531 3671 2587 cernebatur
3689 2525 3804 2580 ube-

2213 2628 2347 2694 rius,
2403 2636 2554 2682 tanto
2607 2641 2667 2682 se
2701 2627 3014 2682 monasticae
3040 2641 3228 2681 norma
3253 2623 3558 2694 disciplinae
3583 2621 3696 2677 fore
3722 2618 3806 2673 de-

2213 2717 2454 2771 clarabat
2475 2716 2777 2788 augustius.
2804 2715 2878 2771 lbi
2925 2731 3138 2787 quoque
3166 2713 3483 2784 aliquandiu
3508 2723 3801 2766 commora-

2215 2818 2302 2862 tus
2356 2807 2512 2877 (20),
2576 2821 2918 2877 nequaquam
2978 2806 3158 2876 segnis
3215 2821 3245 2859 a
3291 2803 3595 2859 Dominicaz
3646 2799 3804 2852 vineae

2214 2898 2423 2952 cultura
2474 2897 2702 2967 quievit,
2753 2897 2946 2963 donec,
3000 2904 3331 2967 cooperante
3380 2893 3488 2949 sibi
3550 2889 3800 2950 Domino,

2217 2989 2439 3044 uberem
2470 2988 2553 3044 sui
2591 2987 2828 3043 fructum
2853 2987 3144 3042 famulatus
3169 2984 3532 3058 impenderet.

2821 3075 3054 3132 CAPUT
3096 3075 3204 3132 Vll.

2326 3168 2546 3225 Creatus
2567 3170 2733 3238 prior,
2776 3168 2954 3224 ntnltis
2977 3166 3310 3222 monasteriis
3339 3162 3711 3238 eamdi/iratis,

2509 3237 2831 3294 ererrtiticam
2852 3239 3188 3309 disciplinam
3217 3237 3533 3307 ampliﬁcat.

2293 3333 2550 3404 Magister
2587 3349 2718 3388 veto
2760 3331 2878 3402 ejus
2923 3341 3128 3386 tantam
3172 3331 3339 3400 ipsius
3384 3327 3729 3400 prudentiam
3748 3337 3805 3376 ac

2223 3423 2400 3478 zelum
2429 3423 2783 3478 considerans
2832 3423 3118 3477 laetabatur
3154 3431 3435 3476 strenuum
3465 3435 3525 3476 se
3553 3415 3805 3486 recepisse

2227 3515 2574 3584 discipulum,
2627 3515 2715 3569 eui
2767 3523 2883 3568 tuto
2929 3514 3296 3569 committeret
3327 3513 3499 3582 ipsius
3525 3508 3693 3566 eremi
3716 3522 3802 3578 gu-

2228 3604 2542 3661 bernacula.
2573 3605 2865 3674 Assumpto
2896 3604 3078 3675 itaque
3106 3603 3494 3673 discipulorum
3545 3598 3801 3658 consultu.

2230 3699 2397 3754 eremi
2423 3697 2860 3767 procurationem
2890 3697 2962 3760 ei,
2991 3696 3117 3752 licet
3139 3695 3430 3766 abneganti
3461 3711 3528 3750 ac
3552 3688 3802 3751 renuenti,

2227 3796 2351 3860 post
2401 3803 2460 3843 se
2508 3788 2904 3858 suscipiendam
2952 3787 3246 3841 mandavit.
3285 3786 3415 3841 Post
3439 3783 3802 3857 migrationem

2229 3894 2360 3935 vero
2411 3879 2680 3950 magistri,
2733 3879 2975 3949 regimen
3023 3878 3126 3932 loci
3182 3878 3487 3947 suscipiens
3522 3875 3659 3948 (il),
3707 3881 3800 3925 tam

2230 3973 2499 4043 spirituali
2531 3989 2692 4042 quam
2724 3971 3007 4044 temporali
3036 3971 3183 4027 cultu
3208 3971 3349 4027 haud
3382 3971 3596 4029 modice
3624 3966 3804 4024 dilatae

2230 4069 2311 4121 vit
2346 4067 2482 4138 (22).
2515 4066 2577 4119 Et
2610 4065 2736 4134 quia
2767 4065 2949 4121 divina
2975 4064 3150 4136 gratia
3177 4065 3245 4120 ad
3277 4064 3590 4120 uberiorem»
3611 4060 3801 4115 anima-

1635 4176 2007 4233 GODEFRIDI
2051 4176 2460 4235 llENSCllENlI
2503 4175 2734 4232 ΝΟΤιΕ.

538 4289 777 4368 psalmos
825 4290 1013 4368 viginti
1060 4303 1155 4368 sex
1201 4289 1411 4344 vicibus
1457 4289 1556 4368 sub
1597 4288 1746 4368 pullo
1786 4302 2007 4368 prorsus
2039 4289 2120 4368 in-

2298 4288 2409 4358 (18)
2447 4287 2605 4342 Wido
2645 4288 2972 4344 venerabilis.
3009 4288 3068 4344 S.
3099 4287 3290 4355 Wido,
3337 4288 3450 4344 sive
3492 4287 3696 4358 Guido.
3724 4295 3803 4358 eo;

539 4348 799 4424 iervallo,
825 4348 919 4414 sed
949 4376 1054 4413 nno
1085 4361 1282 4423 ductu,
1318 4359 1561 4414 extensis
1597 4359 1648 4412 in
1691 4348 1906 4428 modum
1944 4358 2121 4414 crucis
2150 4363 2200 4422 D
2224 4348 2478 4428 gnomiue
2530 4358 2888 4420 Stambiatus.
2938 4368 3182 4415 mortuus
3227 4348 3312 4415 est
3362 4376 3504 4414 attito
3553 4354 3737 4428 1046._
3771 4348 3804 4402 2

539 4430 820 4492 brachiis,
869 4429 1106 4498 quotidie
1151 4428 1471 4484 deeautasse
1515 4446 1527 4481 :
1570 4426 2120 4498 aliumjuveucultnn

542 4500 768 4554 fratrem
812 4514 842 4552 a
890 4497 1069 4567 capite
1116 4513 1284 4566 usque
1331 4499 1399 4553 ad
1450 4499 1606 4552 tinem
1646 4497 1887 4568 psalterii
1917 4497 2121 4552 elevata

543 4568 767 4641 brachia
797 4579 1006 4632 tenere,
1036 4568 1114 4641 ita
1141 4578 1196 4622 ut
1223 4569 1441 4639 laquear
1465 4569 1758 4623 tabulatum
1780 4568 1986 4623 cellula:
2011 4584 2128 4623 ma-

541 4638 703 4708 nibus
735 4653 876 4708 saepe
906 4638 1198 4708 contingat.

612 4706 726 4779 (l5)
768 4703 932 4761 Prom
959 4703 1145 4779 cuiqﬂe
1183 4707 1355 4776 fervor
1383 4709 1643 4779 virtusque
1679 4710 1904 4764 inerant.
1936 4709 1994 4763 Β.
2028 4709 2127 4764 Pc—

543 4777 673 4848 trus
703 4791 888 4846 opusc.
919 4777 985 4832 l5
1017 4779 1130 4833 haec
1159 4779 1320 4832 tradit
1350 4795 1363 4832 :
1399 4795 1419 4830 ‹
1455 4777 1628 4848 Super
1657 4781 1938 4834 metaumis
1965 4795 2092 4834 vero
2111 4820 2126 4842 ,

546 4847 880 4918 disciplinis,
913 4860 1075 4918 atque
1117 4849 1395 4917 palmatis,
1426 4847 1545 4903 sive
1576 4850 1740 4903 etiam
1772 4850 2009 4904 brachiis
2037 4865 2135 4904 cx-

547 4917 834 4986 tendendis
873 4920 924 4973 in
968 4919 1301 4973 orationibus
1351 4920 1666 4986 cmterisqne
1695 4919 1868 4974 sancti
1899 4919 2132 4974 fervoris

545 4987 825 5070 θξθιζείιίίβ
845 5028 860 5053 ο
891 4989 1031 5070 qttlla
1069 4988 1445 5070 fratr‘emlege
1473 4989 1970 5070 conati-ilignum...»
2005 4989 2131 5042 Fla-

547 5059 747 5129 minius
795 5059 848 5129 in
905 5056 1021 5112 Vita
1063 5055 1330 5129 B.7Petri
1383 5055 1504 5128 pag.
1554 5057 1657 5112 H3
1700 5055 1778 5114 sie
1823 5059 2059 5128 explicat
2115 5075 2126 5110 :

553 5150 572 5182 ι
611 5128 837 5183 (laeteris
867 5145 996 5184 vero
1035 5128 1403 5195 spiritualilnts
1447 5129 1755 5188 exercitiis,
1785 5129 2132 5193 verberibus,

548 5198 1046 5269 geuullexiouibus,
1080 5207 1134 5252 et
1183 5199 1406 5268 prolixis
1447 5198 1693 5269 ulnarum
1726 5200 1777 5252 in
1808 5200 1985 5253 crucis
2015 5214 2132 5252 tuo-

549 5267 676 5350 dum
726 5267 1193 5350 extensionihus,’
1226 5279 1384 5337 prout
1436 5267 1693 5338 cujusque
1741 5269 1920 5322 fervor
1973 5277 2132 5332 erat,

2225 4420 2390 4498 3pc;
2439 4437 2496 4482 at
2528 4429 2726 4483 colitur
2769 4431 3123 4499 potissimum
3161 4429 3219 4484 51
3266 4429 3424 4484 Mart.
3460 4428 3665 4499 Corpus
3693 4420 3802 4499 ejug

2227 4488 2543 4622 aise‘tfvatur
2589 4488 2859 4569 Spirm'ad
2888 4499 3137 4556 Rhenum
3182 4500 3238 4555 in
3287 4500 3486 4556 templo
3525 4488 3799 4554 cathedrali

2227 4584 2242 4622 ι
2289 4587 2301 4622 l
2334 4589 2346 4622 t
2374 4579 2533 4622 tcalo.

2225 4570 2301 4623 illi
2334 4570 2533 4624 dicato.

2299 4641 2408 4709 (l9)
2450 4639 2625 4710 Abbas
2649 4637 3058 4710 Pomposianus.
3092 4658 3110 4692 ι
3143 4640 3445 4710 Pomposa,
3488 4636 3656 4708 inquit
3685 4631 3798 4710 Fer-

2231 4723 2344 4762 rar.
2391 4702 2460 4763 ad
2505 4709 2568 4764 51
2615 4702 2798 4776 Mart,
2844 4721 2928 4765 est
2957 4725 3126 4779 pagus
3153 4702 3810 4766 cum'cmnobio'etabbae

2233 4780 2304 4832 tia
2337 4780 2532 4848 insigni
2564 4781 2616 4832 in
2645 4779 2917 4834 territorio
2955 4779 3270 4834 Ravennate
3289 4822 3304 4845 ,
3331 4781 3473 4835 inter
3503 4779 3793 4848 Ravennfm

2229 4860 2286 4903 et
2325 4841 2580 4919 Adriam,
2625 4850 2694 4919 ab
2746 4851 2859 4919 ipsa
2900 4851 3033 4903 urbe
3080 4841 3337 4905 Ravenna
3392 4852 3460 4905 ad
3514 4849 3580 4903 15
3613 4845 3678 4919 ΜΓ
3710 4841 3795 4919 Pol.

2232 4927 2364 4988 quot
2414 4917 2529 4973 fere
2563 4906 2899 4988 aConiaclo
2944 4921 3175 4974 distans.
3216 4939 3235 4972 ι
3273 4921 3334 4974 Β.
3380 4920 3568 4974 Petrus
3595 4906 3796 4988 epist.(i

2231 4984 2323 5042 lib.
2374 5003 2461 5050 Vl,
2499 5006 2517 5039 ε
2554 4987 2721 5041 mittit
2763 4989 2963 5044 donum
2993 4989 3370 5059 Pomposianis
3418 4984 3712 5059 monachis,
3751 4984 3798 5030 εί

2234 5059 2475 5128 petit_ut
2497 5072 2594 5125 pro
2642 5072 2700 5128 se
2740 5074 2769 5112 a
2823 5067 2997 5112 morte
3044 5057 3233 5128 preces
3265 5060 3521 5121 fundant,
3554 5057 3685 5112 sicut
3712 5061 3796 5118 pr"

2234 5125 2348 5181 Suis
2378 5125 2599 5198 faciunt.
2637 5145 2655 5178 ι
2683 5127 2858 5190 Idem,
2887 5125 3075 5198 opusc.
3107 5129 3202 5190 15,
3237 5129 3314 5184 De
3355 5128 3673 5198 perfectione
3701 5132 3796 5198 nlo-

2235 5198 2555 5279 naehorum,
2587 5197 2896 5279 inscripsit:
3084 5199 3261 5253 abbati
3287 5190 3651 5270 Pamposiano,
3671 5190 3795 5261 du“

2233 5276 2534 5350 quensna‘ncto
2569 5276 2860 5350 conveniat.
