3982 5350
148 336 240 391 lii

1026 328 1560 388 PROLEGOSIENA.
1604 356 1673 369 --
1716 325 1870 381 VITA
1912 326 1968 381 S.
2013 324 2218 381 PETRI
2250 323 2581 381 DAMIANL

3308 326 3409 385 I26

145 461 257 502 rum
294 443 535 499 fructum
569 442 687 512 ejus
715 449 953 498 mentem
990 444 1368 509 succenderat,
1415 442 1577 514 erepit
1618 440 1723 495 alia
1751 445 1797 501 Α
1829 440 2061 495 lidelitcr
2090 440 2457 510 exsequendo,
2481 440 2575 510 qui
2600 455 2657 496 se
2685 438 2768 495 vel
2807 440 2937 510 ipsis
2968 440 3299 506 interfuisse,
3330 446 3414 499 vel

145 539 254 591 loca
280 536 624 606 perquirere,
659 535 747 590 ubi
777 535 842 589 ad
881 535 1228 590 serviendum
1258 535 1368 590 Deo
1392 548 1729 605 congregare

145 626 534 682 monachorum
563 626 772 696 copiam
809 634 1013 694 posset.
1050 624 1109 680 In
1134 624 1505 681 Camarinensi
1546 626 1729 695 itaque

143 719 354 774 ditecesi
384 718 505 789 (εδ)
546 728 728 789 aptum
754 719 1042 788 quemdam
1086 719 1531 773 ad'eremitarum
1573 719 1728 775 habi-

146 812 310 867 tacula
338 810 553 877 lowm,
592 810 743 880 juxta
786 826 945 866 suam
972 809 1208 867 vicinam
1236 825 1449 882 rupem,
1483 811 1730 867 curiosus

145 906 426 977 indagator
479 905 719 971 invenit;
772 904 955 974 ibique
1025 904 1366 975 congregatis
1429 903 1728 969 fratribus,

149 998 383 1051 oratorio
416 996 648 1051 fundato
688 996 1045 1065 ordinataque
1077 997 1279 1066 priore,
1302 997 1403 1052 sub
1426 1011 1535 1066 quo
1562 995 1728 1050 famu-

142 1089 235 1143 lari
278 1089 392 1145 Deo
435 1090 724 1156 deberent,
755 1104 971 1144 rursum
1001 1088 1068 1144 ad
1101 1088 1278 1145 locum
1306 1088 1471 1143 alium
1504 1088 1726 1145 investi-

143 1185 368 1253 gandum
397 1185 692 1254 processit.
723 1184 975 1239 Pervenit
1023 1183 1188 1254 igitur
1232 1182 1299 1237 ad
1338 1191 1575 1237 montem
1599 1182 1731 1236 Pre-

144 1275 277 1347 gium
308 1274 430 1346 (9.4)
471 1276 529 1330 in
577 1276 854 1332 territorio
876 1274 1161 1339 Perusino,
1191 1274 1373 1343 ibique
1396 1272 1500 1328 alia
1526 1271 1728 1326 eremi-

145 1376 309 1425 tarum
366 1367 619 1427 fundavit
671 1368 1014 1434 habitacula,
1052 1368 1143 1423 ubi
1185 1367 1437 1423 videlicet
1477 1365 1726 1423 cellulam

142 1457 423 1525 quamdam
456 1458 684 1523 invenit,
725 1458 777 1512 in
818 1474 925 1528 qua
974 1456 1035 1510 Β.
1068 1456 1425 1512 Romualdum
1453 1456 1725 1527 quondam

149 1547 406 1602 mansisse
454 1546 726 1604 ferebant.
782 1549 899 1617 Quo
942 1550 1106 1622 igitur
1146 1551 1199 1606 in
1226 1551 1367 1616 loco,
1390 1550 1511 1605 aliis
1536 1550 1726 1605 locatis

143 1636 409 1702 fratribus,
444 1638 516 1692 ad
566 1639 731 1694 alium
778 1656 966 1695 rursus
995 1642 1328 1714 demigrans,
1362 1643 1415 1697 in
1462 1642 1723 1698 comitatu

144 1723 429 1780 Faventino
464 1743 773 1799 congruum
796 1732 999 1802 reperit
1028 1731 1226 1797 locum,
1259 1733 1351 1802 qui
1383 1741 1726 1803 nuncupatur

142 1814 449 1871 ﬂamonium
501 1818 655 1889 (25),
708 1821 799 1876 ubi
857 1824 1175 1893 praparatis
1220 1824 1539 1881 habitaculis
1589 1826 1727 1881 alios

142 1905 245 1959 Deo
285 1904 649 1964 famulaturos
698 1912 997 1967 constituit.
1050 1913 1156 1969 Sed
1204 1922 1260 1969 et
1312 1916 1549 1971 vicinum
1599 1917 1725 1973 huic

143 1996 254 2051 loco
282 1999 703 2066 monasterium,
749 2002 891 2073 quod
920 2005 1148 2059 Acereta
1188 2005 1390 2062 dicitur
1428 2007 1566 2080 (ΞΘ),
1594 2023 1729 2063 con-

143 2088 367 2154 struxit;
393 2088 632 2146 alterum
670 2108 887 2163 quoque
920 2096 971 2149 in
1006 2096 1334 2154 Ariminensi
1364 2100 1642 2156 territorio
1668 2101 1721 2155 in

144 2177 252 2233 loco
295 2181 385 2250 qui
436 2181 784 2239 Murcianum
833 2187 1149 2244 nominatur
1178 2191 1313 2262 (27).
1339 2191 1721 2265 Hujuscemodi

142 2279 307 2324 autem
335 2273 533 2329 studiis
556 2274 793 2331 assiduis
808 2290 1007 2333 vacare
1035 2281 1321 2351 gaudebat,
1353 2299 1458 2339 non
1483 2300 1605 2354 qua:
1625 2302 1720 2341 sua

143 2372 327 2427 essent,
379 2364 477 2418 sed
515 2381 638 2436 qua:
665 2366 791 2422 Jesu
821 2366 1025 2423 Christi
1058 2372 1344 2441 requirens
1371 2374 1594 2442 (Philip.
1636 2378 1720 2449 ιι).

143 2450 300 2507 Porro
340 2468 656 2525 quanquam
693 2457 781 2512 his
825 2460 1079 2529 gerendis
1108 2462 1343 2532 prudens
1389 2464 1484 2520 Dei
1530 2481 1724 2524 servus

146 2545 376 2609 instaret,
423 2556 602 2604 tamen
641 2549 898 2605 dilectum
917 2563 1121 2609 sanctae
1142 2556 1323 2611 crucis
1349 2557 1538 2615 Fontis
1563 2561 1723 2617 Avel-

144 2635 239 2689 lani
287 2637 493 2704 lecum,
547 2649 602 2695 ct
645 2640 952 2711 collegium,
999 2647 1139 2714 quod
1180 2648 1294 2717 ipse
1324 2665 1435 2720 prae
1471 2653 1723 2710 omnibus

144 2733 383 2793 tanquam
418 2727 659 2793 ;unicum
706 2729 988 2808 diligebat,
1016 2736 1232 2801 crebro,
1264 2754 1589 2812 quocunque
1635 2744 1719 2798 di-

143 2826 385 2881 verteret,
421 2818 648 2875 visitare
673 2823 919 2879 curabat.
963 2823 1313 2897 Nequaquam
1344 2845 1476 2887 sane
1505 2832 1718 2888 illorum

142 2905 369 2962 tblivisci
426 2918 665 2980 poterat,
718 2929 841 2968 cum
891 2916 1087 2985 quibus
1126 2935 1156 2972 a
1205 2935 1318 2976 sua:
1348 2925 1721 2982 conversionis

142 2998 346 3052 exordio
372 3013 742 3059 conversatus
773 3003 969 3071 fuerat,
1015 3023 1297 3080 quousque
1318 3011 1563 3081 iussione
1605 3034 1717 3071 ma-

141 3091 273 3158 gistri
318 3092 424 3148 sibi
456 3099 872 3154 commendatos
911 3115 1031 3157 esse
1062 3104 1359 3161 recolebat.
1398 3107 1715 3181 Quanquam

144 3196 229 3235 nec
263 3193 518 3251 caeteros,
552 3201 692 3256 quos
719 3205 819 3258 per
840 3192 1051 3248 diversa
1085 3195 1202 3250 loca
1225 3198 1515 3270 discipulos
1535 3216 1720 3272 aggre-

141 3282 362 3339 gaverat,
398 3290 499 3329 sua
532 3276 702 3333 ditius
740 3279 1055 3338 visitatione
1080 3300 1270 3341 carere
1301 3289 1529 3356 patiens,
1559 3293 1720 3348 modo

140 3362 208 3454 sui
238 3366 551 3454 przesentia,
582 3370 743 3424 modo
772 3373 1035 3443 epistolis,
1051 3376 1213 3433 modo
1234 3379 1517 3449 dirigendo
1539 3384 1722 3454 aliquo

138 3450 490 3519 spirimalfum
546 3458 934 3528 discipulorum
986 3465 1089 3519 sibi
1133 3467 1477 3537 hmrenlium,
1529 3450 1722 3532 omnes

139 3552 347 3617 patema
370 3548 743 3611 sollicitudine
761 3556 1016 3626 congruis
1037 3557 1246 3614 vicibus
1267 3561 1539 3619 inviseret.
1570 3565 1722 3623 lianc

142 3638 325 3730 quippe
348 3642 778 3709 sollicitudinem
810 3664 915 3703 non
938 3651 1110 3707 solum
1151 3657 1405 3725 propriis,
1437 3674 1575 3728 quos
1604 3661 1715 3730 ipse

141 3727 465 3798 fundaverat,
496 3739 593 3792 sed
619 3748 672 3793 et
703 3740 947 3815 pluribus
977 3744 1109 3799 locis
1138 3747 1257 3802 aliis
1289 3757 1399 3804 tam
1441 3727 1714 3808 coenobio.

143 3836 245 3874 rum
267 3839 428 3892 quam
460 3830 880 3899 cnnonirarum,
909 3844 1166 3906 tanquam
1182 3842 1487 3897 communis
1518 3860 1719 3914 parens

143 3923 442 4005 cunctorum
498 3936 607 3975 non
649 3922 936 3987 desinebat
972 3926 1272 3997 impartire,
1305 3943 1463 4001 prout
1488 3936 1716 4005 quisque

142 4004 409 4063 videbatur
456 4021 736 4082 expetere.
777 4014 883 4070 Sed
922 4018 1007 4073 his
1047 4021 1323 4088 paululum
1354 4004 1713 4091 intermissis.

140 4094 232 4187 iam
261 4099 325 4155 de
354 4101 462 4158 illis
489 4103 673 4173 aliqua
706 4105 1014 4176 loquamur,
1042 4127 1162 4181 quae
1183 4114 1442 4170 Dominus
1471 4132 1567 4187 per
1592 4134 1715 4173 eum

146 4185 314 4282 fecisse
356 4194 579 4251 dicitur.
623 4198 678 4251 In
719 4214 950 4268 quorum
987 4218 1119 4258 sane
1152 4204 1433 4272 relatione,
1468 4185 1577 4264 Deo
1599 4213 1717 4282 epi-

148 4280 336 4338 tnlante
367 4325 382 4348 ,
438 4287 735 4357 quidquam
785 4290 1091 4350 immiscere
1131 4298 1397 4354 mendacii
1451 4300 1597 4356 velut
1638 4280 1751 4361 ex.

147 4377 340 4445 proprio
385 4394 612 4450 prorsus
664 4384 841 4439 vitare
868 4388 1097 4453 curabo,
1130 4388 1342 4445 illorum
1369 4393 1715 4451 traditionem

1830 531 1898 586 ab
1942 531 2027 586 his
2056 532 2145 600 qui
2190 530 2569 597 interfuerant,
2618 532 2914 603 accepisse,
2957 547 3051 587 seu
3102 536 3265 589 etiam
3321 536 3415 607 qui

1830 638 1955 694 erga
1996 637 2053 678 se
2082 639 2144 677 ea
2168 636 2288 693 quae
2314 624 2687 679 memorabant
2718 633 2866 693 gesta
2890 623 3056 682 fuisse
3084 626 3346 686 dicebant.

2419 714 2649 772 CAPUT
2688 715 2819 771 VIII.

1935 803 2088 859 Beati
2119 805 2217 859 viri
2244 806 2443 860 meritis
2482 825 2619 877 aqua
2651 807 2727 861 bis
2755 809 2809 861 in
2837 808 3014 863 vinum
3049 819 3304 864 mutatur.

1902 895 2143 964 Quadam
2175 896 2338 967 igitur
2360 898 2445 951 die
2466 899 2605 968 apud
2630 898 2908 968 pra-fatum
2952 899 3273 957 Gamouium
3298 901 3411 972 (28)

1828 1006 1950 1046 cum
1989 991 2042 1045 in
2070 990 2204 1046 cella
2243 991 2601 1053 consisteret.
2630 993 2806 1058 fratri,
2833 995 2924 1063 qui
2961 994 3009 1049 ei
3042 995 3410 1058 ministrabat,

1830 1099 1896 1139 ex
1950 1083 2098 1140 fonte
2146 1084 2247 1140 sibi
2278 1093 2465 1155 potum
2496 1084 2693 1141 afferre
2740 1083 2930 1153 iussit;
2969 1086 3060 1154 qui
3085 1086 3268 1140 statim
3293 1102 3413 1155 per-

1828 1190 1999 1247 gens.
2044 1174 2277 1232 festinus
2311 1174 2522 1245 jussum
2581 1176 2890 1246 complevit.
2947 1176 3099 1242 Quod
3156 1178 3414 1248 magistro

1828 1274 2079 1334 gustaute
2121 1265 2309 1321 vinum
2350 1280 2472 1321 esse
2501 1265 2944 1337 deprehenditur.
2988 1266 3272 1338 Increpare
3310 1268 3412 1322 ita-

1828 1374 1933 1428 que
1958 1358 2278 1429 discipulum
2323 1358 2489 1428 erepit
2517 1358 2659 1429 quod
2690 1374 2788 1429 pro
2817 1375 2954 1428 aqua
2980 1359 3081 1413 sibi
3114 1360 3297 1413 vinum
3331 1370 3414 1412 tu-

1828 1451 1998 1507 lisset.
2025 1450 2106 1505 Illi
2135 1465 2266 1506 vero
2312 1452 2578 1506 asserenti
2627 1450 2874 1506 hausisse
2904 1464 2963 1504 se
2993 1465 3060 1504 ex
3095 1450 3243 1506 fonte
3271 1451 3415 1519 quod

1827 1545 2119 1611 obtulerat,
2145 1546 2395 1601 eumdem
2427 1554 2612 1616 potum
2646 1545 2903 1616 magister
2938 1544 3200 1615 porrexit,
3220 1541 3418 1611 iubens

1827 1639 2094 1709 gustando
2123 1637 2295 1708 ipsam
2326 1637 2564 1709 experiri
2595 1652 2703 1708 quo
2723 1636 2952 1701 valeret,
2983 1651 3042 1691 se
3068 1645 3227 1701 teste,
3252 1636 3417 1691 fallax

1827 1732 2093 1787 convinci.
2141 1730 2238 1787 Cui
2282 1731 2542 1802 gustanti,
2582 1730 2710 1786 licet
2737 1730 2921 1785 vinum
2954 1729 3244 1801 sapuissct,
3273 1729 3417 1800 quod

1826 1832 1966 1890 erat,
2004 1824 2358 1879 nihilominus
2389 1834 2594 1889 tamen,
2624 1833 2681 1877 ut
2711 1822 2851 1878 bene
2879 1824 2980 1878 sibi
3022 1823 3297 1889 conscius,
3324 1840 3420 1894 po-

1828 1924 1942 1970 tum
1978 1916 2126 1970 illum
2156 1931 2223 1969 ex
2257 1915 2406 1971 fonte
2436 1931 2495 1970 se.
2536 1916 2783 1969 hausisse
2813 1915 3137 1969 allirmabat.
3171 1914 3419 1983 Cumque

1824 2006 1902 2062 illi
1934 2006 2068 2063 ﬁdes
2097 2022 2437 2076 nequaquam
2480 2006 2724 2068 daretur,
2753 2005 2893 2060 alius
2922 2008 2985 2060 ad
3015 2005 3265 2061 eumdem
3293 2004 3415 2059 fon-

1825 2108 1935 2154 tem
1965 2099 2137 2154 frater
2164 2098 2439 2169 dirigitur,
2472 2098 2627 2169 cujus
2670 2112 2914 2168 gressus,
2950 2111 3019 2151 ne
3049 2095 3237 2151 fallere
3266 2095 3419 2151 simi-

1825 2192 1951 2247 liter
1976 2201 2179 2261 posset.
2211 2191 2493 2247 observari
2546 2190 2874 2261 praecipitur.
2926 2188 3025 2257 Qui
3058 2203 3210 2260 ergo,
3232 2203 3300 2244 ex
3328 2205 3421 2246 eo—

1823 2281 1946 2336 dem
1975 2281 2124 2336 fonte
2156 2296 2278 2335 mox
2313 2280 2473 2350 pleno
2501 2280 2720 2335 vasculo
2750 2280 3028 2349 hauriens,
3057 2280 3302 2335 concitus
3332 2296 3423 2336 re-

1823 2372 1962 2439 diit;
1996 2381 2204 2443 potum,
2238 2386 2401 2441 quem
2435 2371 2714 2435 hauserat,
2751 2369 3017 2442 magistro
3045 2370 3285 2425 tradidit.
3316 2370 3420 2424 Vc-

1824 2480 1945 2520 rum
1999 2464 2125 2519 dum
2171 2464 2259 2519 hic
2302 2478 2518 2533 quoque
2566 2470 2804 2533 potatur,
2844 2462 3103 2531 optimam
3149 2476 3271 2517 esse
3308 2462 3419 2516 vini

1822 2559 2058 2630 meciem
2089 2572 2243 2629 aeque
2290 2572 2418 2613 vere
2468 2556 2754 2628 probatur.
2808 2555 3029 2611 Fratres
3057 2570 3292 2626 quoque,
3324 2555 3419 2624 qui

1822 2667 1943 2707 cum
1978 2665 2044 2707 eo
2082 2660 2262 2715 erant,
2296 2664 2359 2705 ex
2394 2650 2583 2705 eodem
2629 2656 2910 2717 gustantes
2940 2647 3234 2716 vinumque
3269 2647 3418 2717 opti—

1822 2758 1969 2796 mum
2010 2741 2433 2811 comperientes,
2470 2738 2639 2794 Deum
2678 2752 2792 2806 prae
2830 2738 3027 2810 gaudio
3071 2738 3420 2793 collaudavc—
3510 2734 3513 2737 ’

1823 2840 2169 2885 runtomnes.
2186 2829 2393 2896 Quibus
2416 2827 2609 2883 Petrus
2631 2826 2776 2883 illico
2798 2835 3104 2897 prostratus
3124 2826 3415 2896 supplicat,

1822 2922 1931 2977 imo
1974 2921 2076 2977 sub
2104 2920 2414 2976 obedientia
2463 2919 2742 2974 interdicit
2768 2934 2835 2974 ac
2863 2918 3085 2973 mandat
3122 2926 3415 2986 quatenus,

1819 3028 1879 3069 se
1923 3012 1974 3066 in
2011 3027 2177 3068 carne
2211 3011 2465 3082 degente,
2501 3008 2633 3064 nulli
2664 3024 2891 3079 prorsus
2925 3008 3234 3063 mortalium
3269 3008 3417 3077 quod

1822 3104 2025 3159 factum
2062 3112 2332 3158 noverant
2356 3103 2617 3173 pandant.
2647 3101 2766 3169 Quo
2799 3102 2999 3157 factum
3033 3109 3118 3155 est
3156 3101 3299 3171 quod
3347 3101 3420 3156 ad

1824 3204 2067 3251 nostram
2114 3194 2365 3249 notitiam
2394 3193 2445 3248 id
2478 3203 2603 3248 ante
2631 3192 2801 3264 ipsius
2830 3192 3037 3248 obitum
3070 3208 3421 3263 nequaquam

1821 3286 2105 3358 pervenire
2138 3285 2407 3356 potuerit;
2447 3286 2541 3341 sed
2573 3296 2861 3356 postquam
2900 3285 3044 3342 illius
3078 3286 3423 3356 sepulturam

1821 3376 2098 3432 Faventize
2141 3375 2594 3440 celebrassemus,
2646 3376 2879 3446 indeque
2923 3375 3215 3432 redeuntes
3270 3376 3414 3447 apud

1816 3474 2107 3545 praefatum
2150 3473 2540 3527 monasterium
2582 3489 2740 3527 suum
2768 3473 3013 3529 Acer-ets:
3039 3473 3215 3543 prima
3259 3488 3415 3528 man-

1822 3566 1975 3621 sione
2008 3565 2429 3634 hospitaremnr,
2458 3562 2656 3620 ibidem
2695 3580 2802 3620 non
2832 3564 3007 3620 solum
3041 3565 3204 3629 istud,
3238 3566 3331 3621 sed
3358 3574 3421 3629 et;

1825 3658 1931 3711 alia
1975 3659 2245 3727 quadam,
2277 3672 2398 3727 qua:
2444 3654 2680 3711 faciente
2718 3657 2946 3711 Domino
2989 3656 3255 3713 miraculo
3286 3658 3413 3713 huic

1823 3748 2056 3805 subdere
2081 3747 2413 3815 curabimus,
2431 3763 2529 3804 nos
2557 3748 2840 3804 addiscere
2870 3748 3098 3818 contigit
3123 3747 3410 3804 referenti-

1822 3841 1924 3896 bus
1947 3840 2136 3895 eadem
2163 3840 2484 3910 quibusdam
2506 3839 2749 3909 ejusdem
2782 3839 3096 3894 monasterii
3118 3837 3422 3911 fratribus,

1823 3946 1922 3985 nec
1953 3945 2058 3983 non
2090 3937 2145 3984 et
2171 3929 2442 3999 praedictae
2483 3929 2652 3986 eremi
2689 3930 2782 3999 qui
2836 3940 2963 3985 tunc
3002 3929 3094 3986 illo
3136 3945 3409 3987 convene-

1825 4031 1969 4076 rant.

2437 4117 2666 4175 CAPUT
2702 4118 2794 4173 IX.

1822 4233 1879 4287 S.
1909 4232 2137 4287 doctoris
2180 4233 2353 4286 vinum
2382 4248 2447 4286 ex
2471 4232 2613 4287 dolio
2638 4250 2730 4300 per
2754 4234 2853 4287 vim
2889 4234 3080 4287 milites
3109 4235 3413 4295 depromere

1895 4320 1998 4357 non
2029 4315 2265 4371 possunt,
2293 4304 2431 4373 quod
2469 4303 2586 4373 pius
2608 4306 2911 4374 peregrinus
2939 4307 3128 4359 deinde
3146 4309 3334 4375 potuit.

1894 4393 2199 4463 Aliquando
2240 4394 2325 4448 vir
2370 4393 2463 4448 Dei
2519 4393 2727 4449 buttem
2781 4396 2894 4450 vini
2953 4397 3067 4467 (‘29)
3115 4398 3414 4468 repositam

1209 4496 1580 4557 GODEFRIDI
1622 4503 2037 4564 HENSCHENII
2062 4505 2296 4562 NOTAE.

146 4612 195 4684 se
233 4600 493 4684 acquisita
522 4604 759 4673 explicat
786 4603 848 4659 Β.
880 4604 1072 4661 Petrus
1100 4623 1286 4680 opusc.
1326 4611 1408 4676 LI,
1441 4613 1517 4666 uti
1550 4630 1709 4684 supra
1738 4618 1791 4677 l)
1820 4618 1986 4671 minio
2013 4616 2361 4679 Gamunium,
2394 4616 2657 4673 Fortnnio
2696 4616 3042 4684 Carminium,
3085 4619 3271 4676 [iubeo
3302 4620 3410 4675 Ga-

146 4682 228 4723 bos
258 4672 630 4729 indicavimus.

170 4738 304 4820 .(2‘5)
342 4742 418 4820 1n_
463 4743 840 4820 Camerinensi
872 4747 1048 4817 itaque
1096 4751 1320 4805 diwcesi.
1372 4752 1466 4806 Est
1521 4754 1715 4810 Came—

144 4816 305 4889 rinum
337 4816 767 4889 nrhs_tua_rcbi.c
815 4816 1166 4875 Ancouitanae
1200 4822 1267 4875 ad
1312 4823 1519 4878 radices
1569 4843 1712 4881 mou-

145 4883 203 4967 tis
240 4883 537 4967 Apennini.
578 4886 818 4967 Praeerat
849 4898 1017 4967 .tum_
1039 4891 1676 4967 llpmualdus‘episcopus
1697 4935 1713 4960 ,

146 4954 199 5036 ad
224 4969 378 5036 quem
425 4966 643 5036 exstare
667 4957 952 5036 epistolam
983 4960 1213 5036 B._Petri
1239 4954 1437 5036 tradit
1460 4954 1716 5036 Uglrellits

150 5020 209 5076 De
220 5020 487 5096 episcopis
511 5020 1013 5084 Camerinensibus.
1042 5031 1097 5085 ln
1130 5034 1471 5094 hacidieeccsi
1500 5020 1715 5094 cendia

316 5092 616 5212 Ililoinualdo
666 5099 916 5155 cwnobia
948 5101 1205 5159 describit
1235 5092 1294 5159 Β.
1344 5106 1536 5163 Petrus
1567 5092 1717 5165 6.12

190 5181 199 5212 Ι
316 5184 327 5212 Ι
374 5185 471 5212 HIC,

190 5181 265 5212 113³
316 5181 471 5212 ΙΙΙιηςκ

1814 4690 2078 4761 animum,
2113 4689 2203 4761 qui
2236 4688 2313 4761 a_it
2353 4704 2493 4741 nunc
2519 4687 3099 4761 Carinanrsecundum
3148 4693 3406 4761 quosdam

1816 4758 2096 4827 appellari.
2146 4759 2204 4830 ξ.
2250 4757 2444 4830 Petrus
2477 4775 2667 4828 opusc.
2698 4759 2794 4814 44⁸
2834 4762 2908 4816 De
2950 4757 3415 4830 jejunio'Sahbati

1818 4830 2063 4903 inscribit
2096 4848 2107 4882 :
2145 4827 2526 4903 ratribusiu
2554 4847 2726 4885 eremo
2748 4827 3028 4903 rGamagu'l
3076 4832 3413 4899 constitutis;

1815 4908 1871 4955 et
1913 4900 2072 4968 epist.
2123 4901 2238 4963 eius
2284 4901 2344 4953 51
2396 4899 2485 4952 lib.
2527 4916 2575 4955 νι
2602 4942 2616 4963 ,
2650 4902 2851 4964 scripta
2882 4899 2967 4957 est
3016 4904 3080 4956 ad
3135 4919 3262 4955 suos
3300 4920 3412 4955 ere-

1819 4970 1975 5024 mitas
2023 4971 2333 5026 monasterii
2362 4968 2746 5039 Gamugnensis
2776 4976 2947 5027 sancti
2969 4974 3250 5028 Baruabw.
3281 4973 3413 5038 Quae

1817 5044 1885 5093 de
1904 5043 2017 5111 hoc
2049 5042 2165 5097 loco
2190 5042 2359 5111 accipi
2392 5042 2659 5095 videntur.
3390 5097 3395 5101 .

1889 5109 2007 5190 μϐ)
2050 5109 2427 5190 Monasterium
2454 5114 2594 5190 quod
2622 5114 2840 5190 θωνα-(ξ
2868 5115 3081 5190 dicitur.
3116 5113 3233 5190 llic
3266 5112 3415 5190 locus

1820 5181 1992 5212 nF:n\n
2055 5184 2334 5212 πιηιιοῖηιιη
2393 5181 2743 5212 μοιίηι-ηιῖιιηη
2803 5184 3060 5212 nnc-A..I:A
3116 5183 3413 5212 πιιηιιιιῖιιιὶι
