3982 5350
577 367 676 423 H7

1463 332 1520 424 s.
1565 355 1841 422 remus
1872 356 2226 416 DAMIANUS
2267 355 2326 410 s.
2369 355 2433 408 It.
2470 355 2530 409 Ε.
2570 351 3006 410 CAltDINALlS.
3718 347 3807 406 ns

573 491 712 558 apud
745 487 1032 558 quamdam
1082 501 1234 540 suam
1293 482 1551 553 capellam
1603 479 1885 535 habuerat.
1937 472 2150 529 Accidit
2177 471 2224 532 Α
2253 477 2415 524 notus
2445 465 2558 535 jam
2581 467 2780 521 dudum
2811 464 3000 519 fuisset
3040 476 3305 532 suumque
3341 459 3649 530 frequenter
3671 459 3810 514 exhi-

573 589 774 643 autem,
821 587 879 632 ut
910 578 996 632 die
1041 577 1272 646 quadam
1306 575 1534 630 militum
1583 582 1759 628 turma
1789 583 1954 641 prope
1977 568 2148 638 ipsam

573 668 834 736 capellam
867 667 1267 736 pertransiret;
1299 664 1415 736 qui,
1437 664 1562 720 dum
1595 663 1682 717 siti
1718 666 2032 722 mstuarent,
2069 671 2150 711 re-

575 760 801 828 quirunt
849 759 1221 829 presbyterum
1255 756 1298 810 si
1352 756 1433 811 eis
1462 755 1645 808 vinum
1678 753 1919 822 praebere
1949 757 2147 818 posset.

571 847 779 913 Quibus
810 846 898 902 ille
947 846 1223 916 respondit
1252 863 1269 901 :
1306 843 1390 900 Nil
1442 859 1664 913 prorsus
1691 841 1799 897 vini
1827 855 1892 895 eo
1921 838 2019 894 loci
2049 837 2149 892 ha-

572 937 688 992 beri
738 945 934 1006 pru‘ter
991 951 1151 992 unam
1203 936 1369 993 tinam
1400 935 1512 1008 (30)
1539 935 1740 991 domini
1781 932 1946 996 Petri,
1989 946 2150 1002 quam

572 1030 690 1098 ipse
719 1030 1036 1099 contingere
1060 1045 1166 1084 non
1197 1030 1444 1084 auderet.
1469 1028 1586 1095 Quo
1619 1026 1833 1090 audito,
1859 1025 1907 1080 is
1934 1024 2025 1094 qui
2050 1037 2154 1078 cae-

569 1122 701 1173 teris
747 1129 995 1190 praeerat,
1026 1121 1245 1190 quique,
1272 1129 1334 1174 ut
1368 1119 1541 1182 aiunt.
1571 1117 1820 1174 eumdem
1848 1115 2025 1169 virum
2054 1110 2154 1168 Dei

569 1211 900 1266 subexosum
953 1211 1206 1276 habebat,
1249 1209 1543 1280 respondit,
1593 1207 1816 1262 dicens:
1860 1205 2057 1275 Utique
2105 1204 2152 1260 si

569 1303 771 1358 domini
797 1302 942 1357 Petri
969 1311 1074 1369 est,
1098 1317 1162 1357 ex
1189 1302 1306 1372 ipso
1332 1317 1434 1371 ego
1457 1300 1712 1356 libentius
1738 1299 1894 1365 bibo;
1920 1312 2155 1367 moxque

569 1394 671 1448 sibi
721 1393 1111 1449 famulantibus
1147 1393 1313 1462 jussit
1369 1401 1640 1462 quatenus
1668 1407 1734 1444 ex
1784 1391 1909 1444 vino
1931 1390 2023 1445 illo
2050 1389 2153 1444 sibi

572 1500 638 1538 ac
663 1483 826 1538 sociis
847 1485 1138 1554 propinare
1167 1493 1444 1539 curarent.
1471 1482 1573 1550 Qui
1600 1497 1795 1552 nempe
1816 1480 2016 1536 conciti
2046 1479 2156 1534 ala-

570 1577 758 1636 criter,
789 1585 847 1628 ut
877 1590 1046 1644 genus
1085 1574 1212 1629 illud
1255 1575 1532 1629 hominum
1561 1573 1718 1637 solet,
1756 1571 1824 1626 ad
1851 1568 2153 1639 hujusmodi

572 1664 890 1732 obsequium
923 1675 1170 1730 currunt,
1198 1664 1292 1719 sed
1329 1663 1516 1719 evulso
1539 1663 1735 1718 tenello
1766 1662 1878 1732 (51)
1907 1660 1980 1716 nil
2001 1674 2158 1730 pror-

571 1771 666 1810 sus
692 1756 804 1809 vini
833 1756 1134 1826 suscipiunt
1158 1773 1173 1823 ;
1203 1765 1491 1811 vertuntur
1521 1757 1587 1811 ad
1610 1756 1794 1820 alimn,
1823 1753 2151 1809 tantumdem

2254 561 2477 615 buissct.
2525 557 2644 612 Jatn
2675 557 2840 626 igitur
2883 555 3187 626 presbyter,
3217 563 3368 608 tanta
3413 551 3709 624 postulatus
3735 551 3808 604 in-

2252 653 2450 709 stantia
2496 652 2707 720 fideque
2759 648 3016 712 mollitus,
3048 647 3173 702 licet
3214 645 3430 709 timide,
3479 643 3708 699 accessit
3750 643 3811 696 ad

2253 743 2487 808 dolium;
2515 750 2570 798 et
2597 741 2950 812 quoniam.ut
2975 738 3234 808 scriptum
3264 743 3382 801 est,
3414 732 3666 803 Superbi:
3683 731 3812 786 Deus

2253 837 2466 898 resistit,
2497 833 2777 888 humilibus
2824 840 2999 884 autem
3027 829 3116 882 dat
3145 827 3368 898 gratiam
3397 824 3639 896 (Jac.'tv,
3657 822 3730 892 6),
3756 822 3814 876 li-

2253 926 2440 996 quoris
2467 923 2645 978 ﬂuxus
2684 921 2826 976 facili
2866 935 2989 976 mox
3035 927 3238 974 attactu
3267 924 3352 972 est
3389 913 3689 970 haurientis
3709 928 3812 967 ma-

2253 1033 2382 1073 num
2409 1028 2643 1072 secutus.
2675 1014 2862 1083 Itaque
2890 1011 3038 1067 mitis
3063 1007 3298 1065 obtinuit
3322 1005 3552 1063 inermis
3579 1003 3715 1074 quod
3741 1019 3815 1058 ar-

2255 1110 2416 1166 matis
2441 1109 2618 1164 fuerat
2643 1115 2896 1174 negatum
2918 1103 3192 1174 superbis.

2878 1212 3105 1271 CAPUT
3142 1212 3212 1267 Χ.

2327 1313 2393 1368 In
2436 1326 2640 1369 summa
2685 1309 2837 1380 panis
2875 1307 3130 1446 οὴαᾶἰιτιε
3175 1304 3420 1359 ciborum
3448 1303 3599 1370 capia
3634 1297 3814 1354 raliter

2925 1394 2956 1430 a
3002 1393 3058 1430 er
3081 1392 3164 1429 ur.

2925 1392 3164 1430 anertur.

2326 1471 2464 1526 Dum
2515 1469 2748 1539 qua-dam
2808 1467 2894 1522 die
2947 1465 3452 1534 advesperascente,
3494 1459 3637 1515 idem
3679 1465 3816 1528 pater

2258 1561 2431 1616 fessus
2457 1575 2577 1613 eum
2607 1557 2795 1612 eodem
2823 1555 2913 1624 qui
2947 1554 3050 1608 hoc
3072 1553 3204 1607 mihi
3241 1550 3424 1606 retulit
3449 1548 3622 1602 fratre
3645 1561 3675 1600 a
3695 1544 3815 1600 silva

2258 1649 2526 1711 rcdiisset,
2550 1647 2662 1702 sola
2691 1644 2846 1715 panis
2876 1643 3080 1712 quadra
3113 1655 3233 1695 cum
3263 1638 3446 1694 crudis
3468 1635 3703 1692 oleribus
3720 1649 3816 1689 cm-

2258 1740 2406 1794 nanti
2449 1738 2756 1806 apponitur.
2797 1733 2967 1801 Quem
3024 1732 3132 1796 ille,
3179 1739 3348 1785 totum
3396 1727 3548 1784 socio
3581 1725 3812 1795 largiens,

571 1848 866 1916 reperiunt,
895 1815 1029 1902 Τυξη
1057 1848 1548 1903 ευηοιεοῖοι-ειηιίηε
1590 1815 1864 1917 pandum;
1889 1853 2012 1909 91,0
2038 1859 2157 1914 ρι-ο.
2185 1825 2231 1883 Β
2259 1832 2388 1889 solis
2428 1830 2665 1886 oleribus
2705 1841 2948 1889 vescens,
3002 1824 3322 1879 hortabatur
3360 1819 3646 1875 convivam
3690 1815 3815 1886 quod

569 1941 803 2009 digium!
831 1939 958 1994 dolii
987 1940 1168 1996 aditus
1210 1949 1416 2011 patent,
1444 1950 1499 1997 et
1529 1940 1710 2010 liquor
1750 1938 1996 2001 interius,
2026 1953 2088 1991 ac
2111 1938 2153 1991 si

568 2031 699 2100 quid
753 2030 1004 2096 solidum,
1047 2031 1398 2087 nihilominus
1453 2032 1620 2097 latet;
1682 2029 1930 2099 superius
1977 2029 2157 2098 itaque

571 2121 844 2190 Spiramen
869 2122 1165 2191 pandentes
1205 2130 1282 2188 et,
1313 2125 1356 2177 si
1383 2124 1511 2193 quid
1547 2123 1695 2177 intus
1718 2121 1850 2175 meri
1880 2119 2154 2176 continea-

571 2218 661 2264 tur
711 2212 925 2266 curiose
984 2212 1266 2279 rimantes,
1318 2213 1540 2268 dimidio
1589 2222 1794 2267 tantum
1835 2212 2014 2281 palmo
2062 2226 2158 2266 vas

574 2313 780 2354 semum
807 2300 918 2370 (52)
947 2302 1288 2358 invenerunt.
1321 2303 1609 2372 Stupentes
1633 2317 1760 2373 ergo
1787 2302 2158 2373 hujuscemodi

571 2398 850 2454 eventum,
902 2392 1232 2448 arbitrantes
1279 2402 1457 2448 tamen
1510 2394 1707 2458 adhuc,
1739 2409 1806 2448 ne
1836 2393 1964 2462 quid
2018 2394 2158 2448 forte

572 2481 835 2536 obstaculi
894 2483 1086 2539 lateret
1135 2487 1318 2553 intus,
1365 2503 1473 2558 quo
1524 2487 1752 2556 liquoris
1809 2486 2160 2556 impediretur

573 2585 847 2641 egressus,
882 2573 1133 2644 ingerunt
1162 2576 1400 2648 singulas
1451 2577 1686 2633 aditibus
1708 2576 2020 2645 patentibus
2050 2576 2158 2628 vir-

573 2677 690 2732 gas,
707 2664 902 2732 quibus
925 2666 1188 2732 deductis,
1204 2683 1299 2722 eas
1319 2669 1536 2737 quidem
1560 2669 1776 2723 madere
1793 2668 2154 2737 conspiciunt,

575 2755 756 2809 vinum
786 2766 962 2812 tamen
989 2759 1282 2816 introrsum
1306 2762 1652 2816 nihilominus
1672 2763 1842 2816 haeret
1863 2763 2152 2818 inclusum.

573 2845 665 2899 llla
693 2847 948 2903 nimirum
980 2850 1172 2916 virtus,
1199 2867 1319 2921 qua:
1349 2852 1643 2908 Israelitico
1663 2857 1933 2922 quondam
1960 2853 2156 2923 populo

577 2936 742 3001 Rubri
797 2942 962 2996 maris
1011 2942 1275 3012 profunda
1324 2945 1580 3006 calcanti.
1636 2961 1900 3014 aquarum
1954 2945 2155 3002 fluenta

576 3045 853 3086 murormn
915 3034 980 3087 ad
1045 3034 1259 3100 instar,
1311 3037 1500 3091 dextra
1553 3036 1796 3106 laevaque
1861 3037 2147 3107 suspende-

2256 1925 2522 1995 patienter
2554 1921 2697 1977 illam
2745 1918 2911 1974 ferret
2959 1931 3250 1987 pauperem
3303 1926 3521 1968 cuinam
3569 1907 3808 1964 ditionem

2257 2016 2538 2072 habiturus
2581 2013 2634 2067 in
2677 2010 2916 2066 crastino
2943 2021 3205 2062 mensam.
3244 2004 3581 2072 Factumque
3602 2008 3701 2054 est.
3729 1996 3814 2052 Se-

2256 2105 2440 2176 quenti
2496 2104 2697 2159 etenim
2738 2102 2826 2156 die
2891 2107 3038 2153 tanta
3083 2107 3170 2152 est
3193 2096 3357 2150 allata
3395 2094 3644 2149 ciborum
3679 2089 3815 2158 copia

2255 2213 2377 2268 quae
2423 2196 2634 2252 cunctis
2669 2194 2778 2249 illic
2809 2191 3128 2264 degentibus
3155 2189 3208 2244 in
3234 2187 3415 2258 plures
3453 2185 3573 2241 dies
3599 2180 3818 2239 sufﬁcere

2257 2299 2491 2361 poterat.

2843 2375 3073 2435 CAPUT
3113 2374 3202 2429 XI.

2260 2497 2487 2564 Quidam
2511 2494 2646 2549 beati
2669 2491 2764 2546 viri
2792 2482 3318 2564 meritispuipiscem:
3329 2480 3618 2552 deferebat,
3639 2493 3669 2530 α
3693 2490 3820 2529 mor-

2703 2565 2768 2616 tis
2811 2558 3043 2630 periculo
3069 2557 3340 2610 liberatur.

2335 2661 2427 2714 Vir
2455 2657 2696 2727 quidam,
2728 2666 2952 2722 magnus
2981 2645 3270 2702 admodum
3306 2644 3426 2698 viro
3449 2641 3548 2695 Dei
3594 2638 3815 2697 devotus,

2257 2759 2452 2807 onusta
2472 2723 2727 2818 piscium
2755 2741 2947 2798 exenia
2975 2739 3085 2810 (3'5)
3122 2738 3174 2816 in
3199 2733 3488 2806 prmeipuis
3515 2731 3564 2786 ei
3591 2723 3818 2784 solemni-

2260 2844 2460 2900 tatibus
2481 2842 2663 2913 legare
2683 2843 3070 2897 consueverat;
3095 2829 3291 2886 accidit
3314 2835 3497 2882 autem
3523 2832 3580 2878 ut
3598 2821 3822 2890 aliquan-

2257 2937 2327 2990 do
2358 2908 2567 2989 Domini
2603 2929 3001 3002 propinquante
3040 2920 3238 2985 natale,
3281 2928 3623 2986 nequaquam
3653 2908 3818 2976 hujus-

2258 3025 2402 3080 modi
2441 3021 2707 3094 potuisset
2750 3019 2926 3087 pisces
2948 3011 3213 3076 invenire,
3241 3023 3378 3082 quos
3399 3006 3564 3076 digne
3586 3002 3819 3070 eiposset

575 3131 661 3176 rat
707 3121 905 3192 (Exod.
940 3124 1077 3196 xiv),
1118 3097 1346 3196 liquoris
1401 3097 1725 3197 huiusmodi
1765 3097 1972 3183 ﬂuxum
2022 3141 2154 3184 con-
2187 3179 2228 3197 η
2254 3116 2408 3188 illi“
2456 3125 2663 3167 morem
2706 3107 2958 3177 σὶνίεθτθο
2987 3103 3230 3170 cumque
3267 3111 3428 3168 εθρθτ
3450 3097 3556 3151 hoc
3588 3103 3818 3197 “mimo:

574 3212 887 3269 strinxerat.
915 3215 980 3270 Et
1000 3177 1092 3286 qui
1122 3177 1346 3273 hdstiles
1375 3177 1504 3275 tunc
1532 3219 1965 3275 adversariorum
1989 3218 2151 3283 acies,
2184 3179 2229 3242 ο
2254 3177 2382 3261 inca
2406 3212 2694 3274 angeretur
2715 3195 2980 3258 ῐηοιθδιῖθι
3007 3192 3230 3249 tandem
3252 3190 3306 3244 ίη
3334 3189 3450 3257 ipsa
3478 3198 3634 3240 53cm
3663 3177 3820 3236 Domi’

577 3319 648 3406 ne
675 3320 894 3406 gressus
917 3307 1135 3406 piorum
1165 3307 1415 3380 impediri
1462 3316 1704 3380 possent,
1732 3309 1887 3380 aquis
1908 3318 2158 3380 potenter

581 3396 870 3460 immersit,
917 3397 1032 3467 ipse
1072 3414 1217 3454 nunc
1244 3399 1471 3455 istorum
1500 3401 1806 3469 proterviae,
1844 3415 1912 3455 ne
1941 3415 2038 3456 suo
2064 3415 2158 3455 no-

577 3496 764 3539 cerent
801 3485 1021 3551 famulo,
1048 3490 1371 3546 mirabiliter
1399 3491 1628 3546 obstitit.
1662 3491 1818 3556 Nam,
1862 3501 1919 3546 ut
1945 3491 2159 3547 illorum

578 3576 765 3630 rabida
793 3576 984 3638 fames.
1026 3579 1352 3651 interempto
1394 3582 1486 3637 Dei
1533 3582 1749 3653 populo,
1781 3583 2158 3638 manubiorum

579 3669 758 3734 przeda
813 3670 1000 3724 satiari
1033 3671 1294 3740 nequivit,
1321 3673 1399 3728 sic
1441 3673 1664 3728 istorum
1692 3689 1886 3729 vesana
1930 3674 2049 3729 sitis
2076 3689 2163 3728 ra-

579 3773 702 3826 pma
732 3757 850 3828 ejus
872 3760 1056 3816 famuli
1088 3762 1348 3833 restingui
1381 3763 1600 3819 minime
1624 3763 1806 3817 valuit.
1857 3766 1991 3818 Dum
2036 3779 2164 3820 suos

580 3852 760 3922 itaque
815 3869 1043 3910 vesauos
1095 3847 1335 3920 conatus
1379 3871 1610 3926 superna
1665 3857 1864 3910 virtute
1923 3857 2160 3917 delusos,

580 3941 980 4014 frustratosque
1027 3947 1408 4016 perpendunt,
1447 3946 1639 4000 divina:
1683 3947 1934 4001 cedentes
1977 3946 2161 4000 virtuti

581 4033 794 4087 confusi
824 4036 1490 4105 arentesque-discedunt.
1534 4034 1630 4090 llis
1671 4046 1850 4090 autem
1881 4035 2159 4105 profectis,

580 4125 758 4180 viator
779 4126 997 4196 quidam
1019 4127 1313 4181 adveniens
1333 4128 1506 4181 eidem
1527 4125 1803 4198 ﬂagitabat
1823 4128 2159 4198 presbytero,

584 4215 759 4270 ntsibi
790 4216 1128 4284 quantolibet
1156 4217 1613 4286 vimodignaretur
1637 4217 1828 4286 poculo
1850 4216 2160 4271 subvenire.

580 4307 679 4361 Cui
709 4307 966 4363 sacerdos
990 4308 1180 4362 eadem
1204 4323 1324 4377 qua:
1363 4309 1636 4379 prioribus
1669 4306 1833 4361 verba
1863 4307 2159 4375 respondit.

2261 3297 2397 3352 nica:
2446 3273 2747 3348 nativitatis
2796 3295 2955 3344 nocte
2981 3283 3204 3355 grandis
3233 3281 3281 3336 ei
3314 3279 3480 3350 piscis
3517 3273 3816 3331 advehitur;

2260 3387 2595 3443 exhilaratus
2621 3397 2774 3456 ergo,
2821 3389 2877 3436 et
2922 3376 3212 3450 plurimum
3247 3371 3464 3444 gavisus
3497 3363 3744 3439 pmcepit
3771 3367 3820 3414 ut

2261 3480 2357 3536 Dei
2394 3477 2690 3534 viroillico
2717 3472 3039 3530 deferretur.
3088 3467 3260 3522 Porro
3289 3479 3394 3520 nox
3443 3461 3598 3515 tetris
3624 3458 3820 3513 densata

2263 3571 2500 3627 tenebris
2529 3567 2730 3623 nullum
2764 3563 3037 3621 stellarum
3059 3559 3237 3613 lumen
3269 3555 3548 3618 radiabat;
3582 3551 3812 3616 via-quo-

2265 3679 2368 3734 que
2399 3661 2558 3716 nimis
2607 3657 2872 3713 laboriosa
2919 3661 2975 3708 et
3024 3649 3261 3705 difficilis
3303 3657 3442 3711 erat,
3472 3657 3635 3712 quam
3657 3638 3819 3692 lutosa‘.

2267 3732 2404 3808 nivis
2452 3750 2664 3804 salebra
2703 3745 2924 3799 onmino
2971 3745 3388 3809 consperserat;
3441 3732 3607 3804 piscis
3660 3737 3818 3782 tamen

2264 3844 2498 3914 portitor
2526 3839 2668 3896 nulla
2698 3834 3008 3892 dillicultate
3045 3831 3149 3885 diei
3181 3830 3353 3884 lucem
3387 3821 3678 3895 praestolari
3712 3832 3818 3886 per-

2269 3905 2515 3990 mittitur.
2555 3931 2632 3984 Eo
2662 3931 2844 3998 itaque
2873 3924 3036 3994 empti
3062 3921 3270 3977 itineris
3295 3920 3434 3972 viam
3463 3921 3732 3984 carpenta,
3765 3905 3820 3960 ad

2267 4027 2551 4083 obscuram
2583 4019 2869 4090 quemdam
2907 4016 3076 4085 ripam
3107 4010 3534 4083 profundamque
3557 3999 3818 4076 pervenit;

2268 4119 2420 4189 cujus
2464 4125 2706 4170 extrema
2749 4110 2874 4164 dum
2920 4105 3167 4167 nimium,
3200 4101 3346 4156 velut
3396 4100 3633 4169 ignarus,
3662 4103 3823 4163 ρει-εει

2267 4183 2528 4278 queretur
2553 4222 2568 4271 ;
2599 4203 2764 4272 lapsis
2792 4207 3011 4268 repente
3037 4193 3298 4264 vestigiis,
3331 4192 3384 4246 in
3415 4192 3520 4244 ima
3542 4183 3822 4258 praecipita.

2270 4312 2358 4357 tur
2400 4309 2456 4355 et
2497 4313 2619 4356 cum
2669 4303 2850 4349 tantus
2886 4290 3049 4347 fuerit
3075 4302 3252 4352 casus,
3285 4293 3346 4339 ut
3383 4283 3517 4339 solvi
3543 4278 3822 4350 potuissent

581 4401 826 4470 Cumque
853 4400 1030 4455 viator
1053 4401 1308 4470 precibus
1339 4401 1570 4456 instaret
1597 4407 1862 4468 quatenus
1889 4368 2165 4453 ex'eodem
2271 4393 2434 4448 totius
2459 4387 2702 4457 corporis
2727 4399 2916 4450 nexus,
2942 4381 3149 4436 meritis
3172 4388 3348 4433 tamen
3371 4374 3472 4428 viri
3500 4371 3616 4436 Dei,
3647 4368 3823 4422 virtute

581 4493 866 4547 cbaritatis
896 4493 998 4549 sibi
1028 4494 1202 4564 gratia
1231 4491 1560 4557 subveniret,
1593 4465 1847 4545 sacerdos
1871 4505 1993 4561 qua:
2027 4491 2170 4546 mili-
2271 4484 2452 4539 divina
2483 4490 2630 4536 totus
2651 4484 2900 4533 servatur
2930 4473 3146 4529 illaesus.
3168 4467 3459 4524 Incolumis
3493 4476 3640 4533 ergo,
3667 4465 3717 4513 et
3742 4469 3822 4507 va-

3105 4562 3117 4573 .
3156 4560 3188 4574 η
3259 4573 3264 4574 ,
3327 4558 3340 4574 |
3371 4566 3476 4574 μή-
3527 4544 3796 4574 ..-υ-,νηπιῖι

583 4585 727 4665 tibus
755 4584 858 4640 illis
887 4586 1226 4656 contigerant
1255 4584 1304 4639 ei
1355 4582 1596 4638 seriatim
1628 4595 1888 4636 enarrare
1935 4580 2164 4644 curavit,

586 4692 653 4733 ne
683 4675 822 4731 ultra
851 4676 952 4732 sibi
989 4675 1331 4746 importunus
1371 4674 1623 4728 insistere
1653 4671 1941 4726 debuisset.
1971 4669 2064 4725 Ille
2088 4680 2165 4725 tae

581 4784 705 4823 men
734 4783 763 4821 a
790 4783 887 4823 sua
921 4768 1181 4838 petitione
1211 4767 1434 4821 minime
1460 4764 1748 4829 desistens,
1778 4763 1960 4818 aiebat
1979 4777 2036 4818 se
2052 4761 2162 4829 jam

587 4859 761 4929 magis
785 4873 850 4913 ex
876 4857 992 4927 ejus
1019 4873 1240 4927 sperare
1288 4855 1572 4921 beneficio,
1604 4853 1745 4925 quod
1776 4854 1978 4923 rapina:
2015 4869 2166 4906 arro-
2268 4849 2437 4919 ipsius
2485 4843 2676 4898 fuisset
2730 4838 2938 4894 meritis
2987 4844 3238 4905 ereptus,
3299 4833 3502 4903 gratias

584 4950 826 5019 gantiam
871 4949 944 5005 ita
989 4949 1324 5005 abstractum
1370 4948 1566 5014 fuerat,
1603 4947 1729 5002 dum
1757 4947 1871 5016 ipse
1897 4944 2000 5000 sibi
2025 4943 2164 4998 bene

2270 4575 2439 4638 lidus,
2470 4586 2607 4625 onus
2649 4579 2933 4623 excussum
2976 4560 3276 4618 cervicibus
3327 4558 3478 4611 laetus
3527 4544 3820 4616 resumpsil.

2269 4636 2456 4736 sicque
2508 4663 2573 4718 ad
2622 4660 2716 4715 Dei
2771 4657 3044 4712 hominem
3085 4652 3333 4707 hilariter
3379 4636 3818 4718 pr0peravit;dov

2269 4726 2398 4810 mini
2422 4753 2504 4810 sui
2535 4765 2730 4806 munus
2750 4746 2980 4810 obtulit;
3006 4745 3258 4814 quodque
3287 4757 3351 4796 ex
3382 4735 3570 4793 mortis
3597 4726 3820 4787 faucibus

3556 4826 3682 4896 egit.
3731 4816 3819 4874 Cui

2269 4938 2394 4993 ille:
2423 4932 2560 4997 Noli,
2592 4929 2786 4999 inquit,
2828 4925 2924 4990 fili,
2955 4925 3061 4980 noli
3090 4922 3294 4979 homini
3345 4922 3602 4990 deputare
3644 4922 3816 4984 pecca-

1662 5095 2030 5156 GODEFRIDI
2071 5087 2483 5150 llENSClIENll
2519 5081 2747 5140 NOTAE.

2458 5256 2470 5270 ι
2482 5246 2706 5270 _!L..!I..-
