3982 5350
161 326 254 382 129

1033 297 1580 378 ΔΡΒΟΙᾸΞΟΟΜΕΝΑ.
1621 348 1687 357 ——
1726 318 1885 374 VITA
1929 318 1988 375 S.
2026 317 2229 375 PETRI
2267 299 2566 376 DAMIANI:

3332 326 3436 381 l30

157 440 254 495 tori
280 436 431 506 quod
457 437 605 492 Deus
635 433 727 489 tibi
755 433 1006 504 dignatus
1035 439 1118 488 est
1147 431 1260 485 sola
1282 431 1364 486 sui
1393 427 1744 483 miseratione
1773 434 1822 492 Α
1851 439 2035 499 ageret
2085 447 2310 501 prorsus
2359 433 2632 502 ignorans,
2667 433 2988 505 deprecatus
3027 445 3108 492 est
3148 435 3436 492 Dominum

158 531 338 602 largiri
365 547 382 595 ;
412 530 463 586 ei
491 538 705 584 tantum
742 542 804 581 ex
832 525 1044 580 collata:
1071 523 1262 578 salutis
1293 535 1516 576 munere
1541 519 1746 590 gratias

157 639 266 694 age,
305 623 404 694 qui
434 635 713 692 nunquam
744 618 845 674 sibi
877 616 1266 672 famulantibus
1304 615 1359 670 in
1399 611 1746 668 tribulatione

159 719 326 772 deest.

763 797 988 856 CAPUT
1024 795 1139 851 Xll.

158 896 296 951 After
339 896 397 950 in
446 893 584 949 bivio
633 894 855 954 hirrens,
888 891 1104 962 ejusque
1147 906 1242 963 ope
1293 890 1350 944 in
1398 890 1497 944 iter
1547 898 1746 944 certum

817 963 1084 1032 dirigitur.

223 1077 321 1132 llic
357 1091 525 1130 unum
551 1090 618 1130 ex
648 1073 924 1144 discipulis
949 1072 1016 1127 ad
1046 1071 1333 1142 quemdam
1362 1069 1650 1142 aliquando
1667 1072 1746 1126 di-

160 1171 292 1225 rexit
331 1167 612 1232 abbatem,
637 1180 797 1235 quem
839 1164 964 1218 dum
1010 1164 1064 1218 in
1105 1163 1435 1218 monasterio
1462 1161 1630 1217 frater
1657 1162 1746 1218 ille

161 1261 376 1315 minime
401 1259 716 1328 reperisset,
747 1273 868 1312 eum
895 1271 1002 1326 quo
1046 1255 1342 1311 diverteret
1369 1254 1630 1311 sollicitus
1660 1271 1745 1311 re-

161 1351 392 1422 quisivit.
426 1350 585 1417 Quod
626 1365 748 1404 cum
798 1349 1018 1420 egisset,
1044 1363 1323 1419 regressus
1371 1347 1540 1418 ipsius
1590 1363 1742 1403 mora

161 1446 284 1500 adeo
311 1443 584 1514 protelata
619 1451 724 1507 est,
756 1451 816 1496 ut
838 1441 926 1496 die
960 1457 1065 1511 qua
1094 1442 1514 1512 exspectabatur
1541 1455 1744 1510 nequa-

161 1551 309 1603 quam
352 1534 534 1588 redire
561 1531 856 1603 potuisset;
892 1547 1122 1601 cumque
1143 1532 1213 1587 ob
1241 1533 1293 1587 id
1315 1532 1382 1587 de
1404 1532 1744 1601 correptione

161 1625 404 1695 cmpisset
435 1624 730 1693 trepidare,
749 1633 1001 1693 suscepto
1024 1624 1193 1689 socio,
1215 1625 1318 1678 iter
1337 1639 1492 1678 suum
1514 1624 1743 1692 arripuit

162 1713 251 1769 sub
274 1714 489 1768 silentis
519 1714 697 1768 noctis
725 1713 980 1778 obscuro,
1004 1728 1090 1778 ac,
1114 1714 1239 1767 dum
1276 1714 1436 1767 simul
1462 1714 1738 1784 paululum

1851 529 2118 588 quatenus
2180 521 2282 576 sibi
2327 521 2641 590 dignaretur
2687 523 2830 580 illius
2878 526 3086 582 meritis
3136 529 3432 583 subvenire

1850 611 2003 680 cujus
2040 626 2099 667 se
2129 622 2354 667 noverat
2378 613 2740 670 obedientiam
2771 630 2979 688 gerere.
3022 618 3138 686 Qua
3170 619 3433 688 supplica-

1849 701 1995 757 tione
2022 702 2088 758 ad
2115 701 2401 759 Dominum
2441 704 2580 772 fusa,
2605 705 2890 763 confestim
2915 725 3086 778 equus
3118 711 3426 782 prosiliens,

1848 793 2095 849 concitus
2119 793 2174 848 in
2210 795 2420 849 aridam
2453 797 2645 864 exivit,
2677 809 3035 872 correptoque
3065 803 3242 872 spatio
3278 803 3438 873 agilis

1848 887 1914 940 ad
1941 885 2132 941 urbem
2186 890 2450 956 pervenit.
2480 887 2616 944 Cum
2659 900 2838 948 autem
2882 896 2949 949 ad
2979 895 3312 965 episcopum,
3343 897 3430 952 cui

1848 977 2048 1032 missus
2075 977 2273 1042 fuerat,
2303 981 2657 1049 pervenisset,
2707 998 3046 1054 nequaquam
3095 985 3431 1056 episcopum,

1847 1086 2007 1140 quem
2023 1071 2574 1141 qumrebat,_invenit3
2601 1083 2815 1144 reperto
2833 1083 3012 1130 tamen
3036 1077 3269 1146 quodam
3286 1075 3431 1145 ejus-

1847 1163 1968 1218 dem
1990 1161 2235 1232 patruele
2250 1161 2575 1233 (familiari),
2611 1156 2838 1219 honeste
2852 1165 2919 1219 ab
2934 1180 2999 1220 eo
3014 1175 3298 1237 susceptus
3325 1174 3430 1221 est.

1847 1252 1948 1320 Qui
1963 1252 2122 1324 plane
2145 1269 2244 1324 pro
2275 1254 2407 1307 tanti
2433 1254 2535 1307 viri
2560 1255 2885 1321 reverentia,
2910 1272 3033 1310 cum
3053 1257 3202 1311 omni
3234 1257 3430 1313 domus

1848 1347 2016 1418 ipsius
2065 1345 2268 1401 familia
2317 1347 2365 1401 ei
2395 1344 2788 1402 ofﬁciosissime
2841 1348 3154 1403 deservivit.
3201 1347 3260 1403 ln
3324 1348 3431 1406 hoc

1848 1453 1953 1493 uno
1997 1447 2173 1493 tamen
2227 1454 2336 1494 non
2384 1439 2594 1494 modico
2620 1455 2748 1510 erga
2781 1454 2906 1494 eum
2957 1440 3204 1510 deliquit,
3261 1442 3430 1511 quod,

1846 1529 1972 1584 dum
2006 1530 2169 1584 istum
2200 1539 2430 1585 stratum
2488 1530 2736 1596 locasset,
2781 1531 2996 1587 cunctis
3030 1533 3426 1596 recedentibus,

1846 1622 2018 1678 solum
2050 1623 2103 1676 in
2131 1622 2373 1692 spatiosa
2418 1621 2505 1676 illa
2539 1622 2820 1676 mansione
2873 1622 3157 1676 cubantem
3204 1622 3427 1677 dimisit.

1846 1713 1999 1781 Quod
2033 1714 2259 1768 nimium
2287 1713 2411 1766 dum
2444 1712 2534 1766 ille
2555 1714 2842 1783 persensit,
2880 1722 3059 1768 tantus
3082 1729 3204 1768 eum
3233 1713 3428 1767 horror

160 1810 564 1878 processissent,
588 1806 706 1876 ejus
733 1807 1014 1863 conviator
1049 1807 1306 1876 paulatim
1339 1823 1396 1862 se
1419 1807 1743 1863 subtrahens
1774 1816 1818 1874 Β
1847 1807 2045 1863 invasit
2071 1815 2129 1864 ut
2150 1807 2239 1860 vix
2267 1807 2904 1877 quantumlibetsoporis
2925 1807 3010 1861 illa
3039 1816 3197 1861 nocte
3223 1810 3430 1877 potuis—

161 1900 334 1953 furtim
364 1900 653 1953 abscessit.
687 1899 804 1965 Quo
826 1897 969 1952 facto
997 1899 1295 1952 monachus
1325 1898 1412 1953 ille
1441 1899 1558 1965 vim,
1581 1916 1740 1970 quam

163 2001 385 2061 ceperat,
402 2006 633 2060 prorsus
660 1990 936 2059 ignorans,
956 1991 1120 2058 cmpit
1142 1990 1491 2043 vehementer
1514 1989 1740 2055 tristari,

160 2099 268 2136 cum
303 2097 400 2136 nec
433 2081 667 2136 ulterius
696 2080 969 2151 progredi,
1012 2095 1111 2134 nec
1142 2079 1354 2147 regredi
1385 2095 1490 2148 qua
1518 2088 1744 2135 venerat

162 2181 353 2227 nosset.
381 2171 436 2225 ln
465 2180 620 2227 arcto
648 2173 832 2240 itaque
859 2171 1016 2236 situs,
1053 2171 1156 2225 hoc
1205 2185 1236 2224 a
1264 2171 1491 2224 Domino
1535 2170 1740 2240 suppli-

160 2283 276 2322 cans
310 2267 603 2336 postulavit
635 2274 906 2336 quatenus
935 2264 1039 2317 iter
1073 2278 1229 2318 suum
1259 2263 1467 2318 meritis
1499 2261 1641 2316 illius
1662 2262 1741 2318 di-

164 2357 351 2426 rigeret
402 2356 493 2411 cui
533 2354 823 2426 satagebat
869 2353 1234 2408 obedientiam
1266 2353 1558 2418 exhibere,
1592 2367 1742 2407 cum-

163 2465 249 2520 que
278 2449 528 2503 oratione
571 2448 716 2501 facta
745 2446 898 2501 abire
935 2444 1214 2516 coepisset,
1237 2443 1508 2514 quoddam
1534 2442 1738 2498 bivium

161 2541 369 2609 reperit,
399 2538 490 2594 ubi
515 2539 642 2593 dum
672 2535 950 2608 paululum
981 2535 1248 2600 laesisset,
1279 2533 1558 2604 ambigens
1587 2532 1740 2601 cujus

164 2629 421 2684 tramitem
450 2627 738 2682 terendum
765 2634 1092 2690 assumeret,
1120 2640 1286 2679 unum
1316 2623 1529 2678 tandem
1554 2621 1734 2691 elegit,

163 2737 305 2790 quem
337 2721 605 2789 aptiorem
634 2719 739 2774 sibi
774 2717 887 2774 fore
930 2717 1170 2788 putavit;
1210 2717 1262 2770 in
1303 2731 1464 2785 quem
1497 2716 1622 2770 dum
1647 2731 1739 2770 co-

163 2823 362 2868 naretur
401 2810 710 2880 jumentqu
744 2811 1000 2881 dirigere,
1045 2825 1151 2863 non
1183 2808 1496 2872 consensit;
1536 2807 1630 2863 sed
1657 2806 1737 2861 al-

165 2917 316 2960 terum
361 2905 585 2974 capiens
613 2903 886 2958 obstinate
913 2916 1139 2972 pergere
1172 2901 1357 2970 coepit.
1389 2899 1582 2955 Sessor
1609 2915 1738 2955 vero

162 3005 256 3049 toto
301 2995 497 3050 annisu
543 2994 786 3049 calcibus
821 3002 980 3063 atque
1025 2993 1340 3048 verberibus
1381 2993 1617 3047 instabat
1669 2994 1737 3047 ad

163 3101 294 3138 suum
325 3094 512 3140 votum
560 3084 737 3154 ipsum
771 3084 1048 3148 reducere,
1083 3083 1210 3138 illuc
1238 3081 1591 3137 nihilominus
1623 3091 1739 3136 ten-

1845 1906 1928 1953 set
1951 1897 2254 1951 admittere.
2290 1897 2673 1951 Verumtamen
2702 1913 2800 1951 nec
2825 1896 3040 1966 juvenis
3071 1897 3160 1951 ille
3187 1897 3426 1965 impunis

1842 1987 2037 2053 evasit,
2068 1987 2158 2054 qui
2193 1983 2457 2054 ejusmodi
2486 2001 2616 2057 erga
2645 2000 2768 2039 eum
2815 1985 3196 2056 negligentiam
3240 1985 3417 2039 duxit.

1842 2075 2044 2131 Eadem
2070 2075 2267 2145 quippe
2297 2084 2478 2142 nocte,
2506 2077 2632 2130 dum
2683 2075 2772 2129 ille
2829 2091 3022 2130 somno
3068 2075 3338 2130 resolutus
3368 2077 3422 2130 in

1842 2175 2016 2222 strato
2046 2181 2145 2222 suo
2163 2165 2392 2236 iaceret,
2415 2165 2500 2219 vir
2526 2165 2621 2222 Dei
2668 2165 2863 2221 Petrus
2908 2165 2962 2220 in
2999 2183 3123 2220 eum
3157 2166 3426 2221 violenter

1842 2257 2035 2312 insiliit
2062 2258 2303 2328 dureque
2332 2257 2499 2327 virgis
2527 2258 2718 2313 validis
2743 2257 3026 2313 intentatis
3052 2258 3336 2324 exterruit,
3361 2271 3428 2312 co

1841 2349 1985 2418 quod
2019 2349 2256 2420 legatum
2299 2364 2455 2404 suum
2488 2357 2597 2404 tam
2623 2349 2936 2404 immaniter
2971 2365 3072 2405 sua
3100 2348 3424 2420 negligentia

1840 2442 2202 2497 contrislavit.
2232 2440 2348 2508 Qua
2374 2457 2504 2498 vero
2527 2442 2735 2497 visione
2757 2442 3046 2512 completa,
3071 2442 3214 2498 illico
3234 2458 3427 2512 exper-

1840 2534 2076 2604 gisceus,
2105 2536 2271 2604 coepit
2298 2535 2546 2588 diurnam
2593 2534 2764 2589 lucem
2789 2535 3088 2606 pratstolari
3118 2551 3226 2606 quo
3267 2552 3425 2591 suum

1841 2624 2108 2695 hospitem
2138 2625 2378 2680 revisere
2424 2633 2479 2679 et
2519 2623 2716 2694 alloqui
2765 2636 2969 2694 posset.
3013 2624 3194 2680 Primo
3240 2625 3423 2697 itaque

1841 2715 2145 2772 lucescente
2173 2715 2426 2782 diluculo,
2481 2716 2548 2770 ad
2590 2715 2736 2770 illum
2793 2732 3092 2788 properans
3133 2716 3422 2787 diligenter
3458 2741 3464 2755 ι

1839 2825 1962 2864 eum
1991 2808 2418 2878 inquisivitquid
2451 2807 2793 2878 negligentiae
2821 2809 3020 2877 quidve
3059 2807 3237 2863 delicti
3271 2809 3418 2862 circa

1839 2899 1956 2970 ejus
1985 2900 2161 2955 fuerat
2194 2899 2540 2954 commissqu
2572 2898 2913 2970 obsequium,
2936 2899 3076 2968 quod
3110 2899 3162 2952 in
3187 2913 3244 2953 se
3271 2898 3421 2952 dom-

1841 3008 1942 3047 nus
1969 2991 2157 3047 l’etrus
2192 3001 2299 3044 tam
2342 3006 2400 3045 se
2451 2989 2750 3045 terribilem
2809 2990 3113 3054 invexerat,
3150 2989 3421 3058 tantisque

1841 3099 1900 3139 se
1924 3083 2084 3137 minis
2108 3099 2171 3136 ac
2200 3082 2415 3152 probris
2430 3079 2989 3152 objurgaveratatque
3015 3090 3302 3135 terruerat.
3319 3080 3418 3134 Cui

161 3176 301 3230 debat
321 3192 433 3246 quo
457 3185 698 3246 coeperat
717 3191 960 3246 pergere.
989 3175 1121 3230 Cum
1139 3185 1318 3229 autem
1350 3176 1451 3230 hac
1476 3175 1732 3230 collucta-
1763 3165 1809 3228 C
1840 3175 2086 3245 protinus
2110 3174 2197 3228 ille
2239 3191 2252 3226 :
2288 3173 2543 3239 Tantum,
2583 3172 2777 3244 inquit,
2829 3173 2931 3228 hac
2986 3181 3163 3236 nocte,
3210 3175 3423 3229 cunctis

162 3265 285 3322 tione
314 3267 523 3321 diutius
555 3275 823 3320 certatum
855 3265 1071 3332 fuisset,
1099 3282 1198 3321 nec
1237 3275 1416 3319 tamen
1444 3276 1622 3321 rector
1645 3265 1733 3335 ju-

161 3365 381 3411 mentum
405 3357 511 3411 sibi
554 3356 622 3410 ad
651 3357 1138 3427 obtemperantium
1165 3356 1274 3412 ullo
1297 3357 1456 3411 modo
1478 3372 1735 3414 revocare

161 3447 423 3513 potuisset,
449 3445 564 3514 jam
616 3447 836 3502 demum
881 3448 1187 3518 suspicatus
1218 3463 1286 3503 ne
1338 3447 1478 3504 forte
1514 3449 1732 3504 brutum

163 3534 276 3589 illud
315 3536 517 3591 animal
564 3536 637 3592 ita
668 3537 770 3592 sibi
801 3548 988 3593 contra
1012 3554 1218 3594 morem
1257 3539 1442 3595 divino
1473 3540 1732 3596 instinctu

163 3625 442 3693 resisteret,
478 3635 626 3682 totas
671 3626 746 3681 illi
791 3628 995 3684 laxavit
1041 3630 1304 3694 habenas,
1332 3638 1600 3700 quatenus
1619 3631 1734 3702 jam

159 3716 368 3772 liberum
421 3729 678 3790 pergeret
721 3735 829 3790 quo
873 3721 1048 3792 ipsum
1098 3723 1240 3778 Deus
1275 3723 1510 3794 dirigere
1548 3723 1729 3778 vellet.

157 3808 293 3864 Mane
324 3811 510 3880 itaque
541 3810 708 3878 facto,
744 3812 857 3883 jam
897 3813 1211 3870 lucescente
1241 3815 1501 3880 diluculo,
1533 3815 1734 3870 erectis

156 3903 332 3969 oculis,
362 3920 594 3974 qumque
631 3913 761 3960 nota
787 3907 1065 3977 conspexit
1109 3923 1337 3978 seseque
1383 3909 1565 3964 divino
1610 3925 1732 3964 mu-

157 4009 270 4048 nere
314 3998 622 4053 rectissimo
683 3998 900 4071 tramite
957 3999 1221 4054 directum
1274 3999 1441 4055 fuisse
1492 4000 1729 4069 agnovit.

158 4085 280 4158 Ergo
308 4103 439 4144 suas
467 4105 658 4160 preces
685 4091 927 4161 magistri
950 4092 1160 4147 meritis
1187 4093 1468 4148 exauditas
1495 4108 1616 4148 esse
1638 4108 1732 4148 co-

159 4191 432 4246 gnoscens,
470 4179 581 4236 Deo
612 4182 1044 4253 gratulabundus
1089 4184 1292 4255 gratias
1334 4185 1464 4253 egit,
1494 4199 1595 4240 nec
1624 4201 1733 4240 non

160 4277 205 4321 et
227 4283 317 4324 suo
365 4272 647 4343 magistro,
699 4287 858 4343 quem
895 4273 1028 4330 adeo
1059 4275 1279 4346 dignum
1309 4275 1417 4330 Deo
1455 4274 1572 4332 fore
1609 4292 1734 4348 per-

162 4362 332 4430 spexit.

691 4475 912 4533 CAPU'I
979 4477 1119 4534 XIII.

1839 3267 1991 3322 vobis
2015 3265 2410 3331 recedentibus,
2441 3267 2615 3320 solum
2666 3280 2753 3320 me
2807 3265 3054 3321 relictum
3096 3265 3262 3322 fuisse
3313 3281 3414 3322 cx-

1837 3359 1986 3429 pavi,
2013 3367 2073 3412 ut
2100 3373 2222 3413 cum
2252 3357 2402 3428 gravi
2431 3357 2676 3412 molestia
2705 3357 3010 3412 insomnem
3054 3373 3192 3428 pene
3243 3366 3410 3413 totam

1837 3453 2198 3524 protraxerim
2231 3458 2464 3506 noctem.
2494 3450 2702 3518 Quibus
2731 3450 2971 3505 vicissim
3017 3449 3290 3516 revelatis,
3321 3451 3418 3505 ad-

1837 3541 2019 3596 mirati
2043 3542 2144 3595 viri
2182 3541 2275 3595 Dei
2301 3541 2599 3610 potentiam
2628 3539 3070 3610 glorificaverunt
3101 3541 3290 3608 Deum,
3324 3541 3418 3612 qui

1838 3631 2005 3688 tantis
2031 3631 2292 3703 prodigiis
2330 3646 2389 3686 se
2419 3630 2724 3685 mirabilem
2782 3633 2834 3684 in
2877 3633 3082 3686 sanctis
3136 3641 3191 3686 et
3243 3631 3419 3687 servis

1835 3727 1948 3782 suis
1974 3725 2228 3782 ostendit.
2285 3723 2450 3792 Cujus
2475 3723 2732 3778 videlicet
2756 3723 2921 3793 signi,
2981 3725 3026 3778 is
3073 3725 3164 3794 qui
3213 3724 3444 3781 missus

1835 3817 2032 3885 fuerat,
2059 3819 2131 3873 ita
2156 3829 2239 3873 est
2269 3817 2627 3872 admiratione
2673 3824 3028 3887 compunctus
3053 3826 3113 3871 ut
3134 3817 3201 3872 ad
3241 3817 3415 3872 virum

1837 3912 1933 3968 Dei
1968 3926 2217 3966 reversus
2247 3907 2530 3963 confestim
2577 3923 2636 3964 se
2680 3907 2751 3961 illi
2791 3906 3144 3972 commiserit,
3190 3907 3419 3976 promit-

1837 4009 1956 4056 tens
1983 4015 2040 4054 se
2066 4000 2178 4070 jam
2207 3998 2404 4053 saeculo
2440 3997 2976 4062 abi-enuntiaturum,
3013 4006 3069 4050 et
3107 3996 3411 4066 regularem

1835 4091 2076 4147 habitum
2104 4105 2170 4144 ex
2199 4089 2369 4160 ipsius
2398 4089 2775 4144 benedictione
2812 4089 2880 4143 ad
2905 4088 3272 4143 famulandum
3302 4088 3418 4145 Deo

1835 4193 2260 4251 assumpturum.
2294 4179 2446 4247 Quod
2476 4179 2694 4249 quidetn
2727 4179 2842 4248 ipse
2864 4189 2987 4250 post
3007 4180 3278 4234 modicum
3308 4179 3411 4234 ἰηι-

1831 4273 2018 4346 plevit,
2051 4274 2302 4342 idemque
2331 4273 2433 4328 hoc
2462 4271 2644 4340 nobis,
2671 4279 2730 4326 ut
2755 4272 3101 4344 digessimus,
3126 4287 3195 4328 ex
3221 4272 3415 4328 ordine

1833 4374 2005 4422 totum
2035 4365 2333 4422 enarravit.
3199 4381 3201 4383 ί

2400 4473 2630 4531 CAPUT
2677 4472 2814 4530 XIV.

159 4557 286 4637 Beati
300 4565 401 4637 viri
423 4566 639 4622 nuntius
661 4529 863 4622 celato
877 4529 1170 4623 extr—nititur
1193 4578 1240 4624 et
1267 4580 1520 4626 nocturno
1544 4571 1732 4628 timore
1758 4529 1810 4591 Β
1835 4568 1922 4624 Ea:
1966 4568 2257 4623 obedientia
2292 4529 2713 4637 Step/tani'papa:
2758 4529 2844 4620 IX
2864 4578 3092 4637 creatur
3140 4564 3197 4620 S.
3245 4565 3310 4620 R.
3346 4565 3416 4620 Ε.

215 4635 625 4710 soluitur,_tanti
681 4636 812 4692 mali
856 4649 1068 4695 auctore
1096 4657 1190 4710 per
1221 4641 1390 4695 risum
1435 4659 1469 4696 α
1524 4641 1583 4698 S.
1617 4646 1728 4699 viro

215 4705 365 4776 virgis
396 4708 689 4762 admonito.

215 4816 325 4872 Alio
349 4833 567 4888 quoque
607 4827 875 4890 tempore,
904 4823 1194 4891 quemdam
1238 4823 1486 4878 nuntium
1515 4826 1729 4882 cuidam

158 4905 743 4979 destinabatepiscopo,
764 4909 879 4978 qui,
913 4911 1039 4965 dum
1073 4927 1224 4982 aqua:
1250 4912 1483 4967 rivulum
1536 4913 1590 4969 in
1640 4916 1729 4970 via

159 4999 446 5067 reperisset,
513 5017 640 5056 eum
689 5001 911 5071 quidem
977 5003 1136 5058 facile
1188 5006 1574 5070 trausvadavit,
1633 5008 1729 5064 sed

160 5101 266 5142 mox
312 5092 363 5146 in
395 5090 514 5160 ejus
563 5108 793 5164 egressu
850 5100 997 5150 tanto
1053 5095 1221 5164 ipsius
1264 5111 1437 5165 equus
1489 5098 1731 5170 infigitur

167 5177 277 5247 luto,
305 5193 365 5239 ut
393 5185 544 5240 nullo
570 5184 866 5240 conamine
899 5200 963 5238 ex
987 5201 1052 5240 eo
1097 5188 1365 5258 potuisset
1389 5205 1685 5261 exsurgere
1712 5208 1726 5256 ;

164 5282 301 5340 eitues
327 5291 454 5331 vero
485 5277 561 5331 ita
611 5291 674 5331 se
717 5275 1034 5345 impeditum
1103 5279 1479 5345 considerans,
1519 5292 1574 5335 et
1601 5281 1732 5350 quid

1903 4640 2070 4720 θανά..
2115 4636 2388 4708 episcopus
2431 4636 2706 4701 Ostiensis,
2737 4647 2786 4690 et
2812 4636 2956 4692 illius
3001 4654 3156 4707 super
3206 4637 3305 4690 hac
3363 4651 3423 4690 re

1902 4725 2181 4763 somnium.

1903 4819 2039 4875 Cum
2071 4827 2232 4873 tantae
2263 4818 2425 4890 igitur
2460 4817 2630 4889 ipsius
2671 4818 2979 4874 sanctitatis
3021 4826 3076 4873 et
3115 4818 3419 4888 prudentiae

1827 4911 1940 4982 jam
1971 4912 2140 4967 latere
2183 4909 2327 4964 fama
2378 4926 2484 4964 non
2530 4920 2738 4982 posset,
2775 4913 2841 4965 ad
2892 4925 3050 4966 aures
3089 4920 3289 4966 sanctm
3316 4911 3426 4964 lto—

1835 5019 2010 5059 mana:
2039 5002 2292 5058 Ecclesiae
2320 5002 2431 5074 (54)
2463 5004 2610 5058 clara
2641 5000 2920 5069 defertur;
2957 5011 3011 5056 et
3048 5001 3302 5071 quoniam
3345 5002 3432 5055 vir

1839 5104 2023 5150 tantus
2073 5095 2379 5150 sacerdotio
2431 5104 2688 5151 censetur
2728 5095 2960 5152 idoneus
2995 5101 3158 5163 atque
3195 5091 3432 5165 negotiis

1836 5173 2221 5241 ecclesiasticis
2245 5200 2407 5254 quam
2463 5189 2700 5242 maxime
2754 5186 3099 5244 necessarius
3125 5184 3262 5254 (55),
3301 5195 3427 5251 per—

1839 5283 2033 5338 ductus
2067 5281 2133 5334 ad
2153 5294 2423 5334 summum
2454 5279 2796 5350 pontiﬁcem,
2822 5290 2953 5338 tunc
2986 5278 3318 5348 Stephanum
3349 5269 3431 5322 vi-
