3982 5350
547 355 641 408 151

1431 349 1487 405 S.
1519 348 1794 410 PETRUS
1829 353 2178 413 DAMIANUS
2217 355 2270 412 S.
2309 356 2371 411 ῐι,
2414 357 2476 414 Ε.
2513 352 2946 418 (ιΑῐιθὶΝΑως.

3691 369 3794 425 152

474 495 476 498 τ
542 472 736 528 delicet
783 487 981 528 nonum
1017 469 1150 541 (36),
1205 470 1272 524 ad
1315 469 1713 539 suscipiendum
1757 469 2115 540 episc0palcm
2147 490 2194 547 Α
2222 470 2277 526 in
2306 472 2555 542 gaudium
2594 473 2811 530 Domini
2841 475 2918 530 tui
2945 475 3159 547 (Matth.
3193 491 3318 541 xxv,
3345 473 3471 530 Luc.
3506 478 3643 547 xix).
3689 477 3795 536 Nec

533 565 854 621 cathedram
901 573 1009 618 tant
1049 564 1116 618 ab
1157 561 1427 633 episcopis
1465 561 1679 616 caeteris
1727 562 2113 617 ecclesiasticis

545 656 699 719 viris,
731 669 890 723 quam
931 654 999 707 ab
1030 653 1148 723 ipso
1202 667 1413 706 summo
1454 651 1709 721 pontifice
1752 651 2111 720 compellitur.

533 743 660 815 'lpse
686 759 810 799 vero
833 759 940 798 non
972 743 1255 796 immemor
1285 740 1542 797 solitaria:
1578 740 1794 810 quietis,
1824 743 1877 797 in
1904 757 2010 810 qua
2033 743 2114 798 di-

541 836 679 888 vinae
718 833 934 889 lectioni
956 847 1020 887 ac
1048 829 1493 901 contemplationi
1516 830 1755 884 suaviter
1779 845 1971 885 vacare
1992 845 2115 884 con-

2217 564 2318 618 hoc
2348 575 2525 620 tamen
2555 567 2658 622 sibi
2682 567 2929 623 sufficere
2941 567 3214 633 judicans,
3249 567 3295 622 si
3327 583 3452 639 erga
3481 570 3644 623 unius
3679 579 3796 626 tan-

2214 663 2327 710 tum
2355 656 2606 712 Ecclesiae
2629 658 2836 729 plebem
2862 659 2997 731 (59),
3027 659 3115 716 cui
3141 659 3391 715 videlicet
3409 669 3668 730 praeerat,
3702 663 3795 715 ad—

2211 747 2625 803 ministrationis
2657 763 2768 804 suae
2787 765 2974 805 curam
2999 750 3376 820 praetenderet,
3407 751 3536 804 dum
3565 765 3626 806 se
3657 767 3791 805 eun-

2206 837 2314 892 ctis
2341 839 2504 892 sciret
2531 837 2825 894 obnoxium
2846 840 3148 906 conservis,
3178 840 3230 894 in
3269 855 3372 893 una
3402 855 3589 895 secum
3629 823 3793 894 fami-

542 935 812 991 sueverat,
840 941 960 980 eam
991 925 1243 978 amittere
1268 922 1589 990 civilemque
1633 922 1918 991 strepitum
1959 937 2114 990 repe—
2205 923 2638 995 liacouseriptis,
2651 941 2710 982 se
2730 925 3018 982 sollicitum
3039 927 3346 992 exhibebat,
3369 941 3671 999 omnesque
3699 927 3784 982 lu-

541 1027 656 1070 tere
677 1015 902 1069 nimium
931 1013 1374 1083 perhorrescens,
1412 1024 1624 1065 summo
1673 1018 1732 1065 et
1772 1009 1920 1064 omni
1945 1025 2112 1065 cona—
2204 1017 2353 1070 cum
2378 1017 2486 1072 Deo
2514 1018 2762 1087 cupiens,
2795 1028 3051 1088 tanquam
3101 1033 3269 1090 sagax
3319 1018 3544 1072 rimam.
3581 1018 3786 1087 piscosi

541 1106 686 1160 mine
708 1121 896 1160 eorum
928 1103 1431 1173 compellationibus
1475 1101 1779 1157 resistebat.
1811 1101 1913 1168 Qui
1945 1117 2108 1172 porro

539 1212 828 1258 cernentes
872 1200 947 1255 nil
976 1200 1091 1254 suis
1115 1213 1339 1269 prorsus
1363 1197 1850 1262 cohortationibus,
1881 1196 1953 1251 nil
1993 1212 2115 1266 pre-

534 1292 694 1346 cibus
719 1289 999 1362 prolicere,
1025 1287 1138 1357 jam
1185 1288 1232 1342 ei
1267 1297 1549 1358 emperunt
1592 1287 2110 1342 excommunicatio-

533 1383 625 1436 nis
653 1381 1000 1447 sententiain,
1027 1381 1072 1434 si
1101 1380 1374 1435 obstinate
1405 1379 1659 1434 resistere
1689 1379 1828 1434 ultra
1857 1379 2114 1433 decerne-

542 1480 646 1535 ret,
675 1472 958 1525 intentare.
978 1468 1114 1535 Quid
1146 1468 1337 1538 plura?
1365 1468 1622 1524 Dominus
1653 1468 1867 1522 tandem
1893 1476 2109 1537 aposto-

543 1561 683 1616 licus
722 1576 889 1614 unum
939 1559 1299 1628 superaddere
1343 1558 1569 1623 studuit,
1601 1558 1743 1626 quod
1774 1557 1841 1612 ab
1880 1571 1948 1611 eo
1983 1572 2112 1610 con-

543 1651 709 1705 temni
736 1666 959 1720 prorsus
988 1649 1247 1720 nequivit.
1275 1647 1387 1702 Sub
1409 1648 1727 1703 obedientia:
1756 1662 1986 1716 namque
2008 1645 2110 1700 sibi

537 1741 798 1811 praecepit
826 1741 1051 1808 imperio
1086 1748 1143 1793 ut
1164 1739 1542 1808 obtemperans
1564 1736 1842 1801 fratribus,
1873 1736 2108 1806 plaeidcx

2207 1109 2437 1180 gurgitis
2479 1109 2707 1165 solerter
2751 1110 3130 1180 investigabat,
3174 1109 3348 1166 sicubi
3388 1125 3486 1182 pro
3529 1109 3778 1180 qualibet

2210 1200 2546 1257 solemnitate
2583 1200 2761 1272 populi
2802 1200 3086 1256 multitudo
3133 1200 3450 1264 conﬂueret,
3500 1208 3785 1269 quatenus

2209 1292 2378 1347 divini
2407 1291 2552 1346 verbi
2603 1292 2710 1346 lina
2741 1293 3071 1348 submittens
3111 1291 3292 1363 plures
3327 1307 3525 1363 capere
3549 1301 3606 1346 et
3627 1291 3786 1362 quasi

2211 1383 2277 1437 de
2307 1382 2557 1437 mundani
2608 1382 2840 1452 aequoris
2885 1381 3150 1453 profundo
3187 1382 3254 1436 ad
3305 1381 3524 1452 superni
3575 1380 3789 1435 amoris

2211 1471 2318 1526 alta
2345 1471 2627 1526 sustollere
2670 1479 2870 1542 posset.
2926 1469 3311 1540 Hnjuseemodi
3361 1483 3598 1539 namque
3646 1468 3786 1524 lucri

2211 1561 2381 1634 gratia
2405 1560 2560 1632 longe
2576 1561 2822 1616 diurnam
2842 1561 3017 1616 lucem
3043 1559 3316 1616 multoties
3336 1575 3458 1614 eum
3483 1557 3790 1628 praevenire

2211 1651 2613 1721 conspeximus,
2658 1651 2703 1706 si
2735 1651 2855 1706 talis
2890 1661 3186 1706 conventus
3231 1649 3562 1720 longiuscule
3606 1649 3787 1714 lieret,

2211 1758 2278 1797 ne
2291 1752 2599 1813 competens
2620 1743 3016 1798 sermocinandi
3039 1742 3140 1798 sibi
3161 1744 3290 1796 hora
3310 1733 3587 1796 transiret.
3607 1738 3794 1810 Smpe-

539 1839 685 1902 quod
737 1831 1026 1902 jubebatur
1069 1841 1399 1902 assumeret;
1455 1843 1687 1896 moxque
1736 1827 1908 1896 ipsius
1969 1826 2107 1880 arri-

2219 1849 2441 1888 numero
2467 1848 2680 1903 quoque
2705 1833 2852 1888 illum
2874 1834 3129 1888 novimus
3157 1833 3372 1888 acribus
3401 1831 3646 1888 febribus
3692 1847 3791 1884 uno

541 1921 696 1990 piens
741 1920 1020 1974 dexteram
1072 1917 1273 1972 annulo
1301 1915 1460 1972 simul
1484 1917 1687 1971 dotavit
1709 1925 1761 1971 et
1790 1915 1935 1987 virga
1960 1915 2092 1986 (37.).

541 2010 749 2076 Quibus
798 2009 1048 2064 videlicet
1085 2008 1260 2063 arrhis
1287 2008 1555 2064 Ostiensis
1582 2008 1681 2062 sibi
1707 2007 1977 2077 copulavit
2014 2007 2113 2062 Ec-

538 2103 776 2158 clesium.
803 2102 1122 2173 Episcopatu
1155 2116 1281 2156 vero
1303 2100 1406 2155 hoc
1434 2098 1624 2154 ordine
1652 2109 1950 2169 assumpto,
1982 2098 2111 2153 illud

540 2194 682 2249 illico
709 2195 762 2248 in
798 2209 855 2248 se
888 2193 1108 2263 agnovit
1135 2191 1411 2262 impletum
1434 2190 1575 2260 quod
1595 2205 1695 2260 per
1717 2189 1984 2243 visionem
2007 2186 2109 2243 sibi

539 2286 716 2341 fuerat
741 2293 867 2338 ante
903 2283 1193 2337 triennium
1227 2280 1545 2335 reVelatum.
1590 2278 1764 2333 Porro
1812 2278 1950 2332 visio
1989 2276 2111 2332 talis

540 2375 721 2432 fuerat
745 2392 761 2430 :
785 2375 1007 2445 putabat
1041 2373 1142 2428 sibi
1166 2388 1419 2443 sponsam
1462 2371 1818 2426 clarissimam
1870 2369 1988 2425 fore
2017 2371 2110 2425 do-

541 2475 734 2532 tatam,
762 2480 924 2534 quam
953 2479 1061 2518 non
1109 2459 1420 2534 contingere
1471 2477 1570 2516 nec
1603 2477 1758 2532 aequo
1797 2461 1988 2516 saltem
2023 2459 2111 2514 in-

545 2557 686 2612 tuitu
731 2555 946 2610 valebat
1001 2554 1297 2624 inSpicere;
1333 2553 1419 2608 cui
1453 2562 1630 2609 tamen
1671 2553 1976 2608 nullatenus
2026 2568 2111 2606 re-

441 2639 446 2643 ’
541 2647 792 2703 nuntiare
810 2648 1059 2713 audebat,
1085 2656 1338 2717 tanquam
1361 2645 1461 2700 sibi
1472 2644 1595 2714 jure
1611 2643 1931 2714 conjunctae.
1957 2643 2109 2710 Quod

542 2741 669 2795 huic
717 2738 878 2810 plane
914 2739 1129 2810 negotio
1159 2751 1391 2808 prorsus
1441 2736 1781 2792 concinuisse
1834 2734 2113 2807 perspexi-

541 2845 681 2886 mus.
719 2829 1052 2900 Agnovimus
1081 2829 1226 2885 enim
1261 2829 1435 2899 ipsum
1485 2841 1647 2897 super
1696 2827 1799 2882 hoc
1834 2826 2110 2882 multoties

534 2930 896 2992 conquestum
927 2920 1114 2988 fuisse,
1145 2919 1398 2990 iniuncta:
1424 2927 1602 2974 tamen
1631 2919 1952 2975 obedientize
1994 2935 2111 2973 sar-

535 3015 742 3079 cinam,
775 3012 1073 3083 quamlibet
1097 3025 1404 3076 onerosam,
1433 3025 1463 3064 a
1494 3011 1606 3065 suis
1628 3026 1862 3081 unquam
1885 3009 2110 3065 Cervici-

539 3107 642 3161 bus
659 3113 912 3160 excutere
943 3103 1163 3157 minime
1187 3101 1615 3172 praesumpsisse.

1123 3215 1353 3273 CAPUT
1401 3215 1518 3272 XV.

533 3311 774 3367 Salutem
802 3311 1122 3374 animarum,
1154 3318 1209 3363 et
1247 3307 1547 3378 Christique
1579 3306 1645 3362 Β.
1692 3305 1915 3378 Virginis
1942 3305 2112 3360 cultus

611 3381 1068 3452 ampliﬁcationem
1103 3395 1219 3433 cunt
1243 3395 1353 3432 sua:
1389 3377 1578 3432 salutis
1597 3377 1826 3448 periculo
1853 3387 2024 3430 curat.

613 3472 752 3526 Cum
783 3486 840 3525 se
872 3471 1034 3540 igitur
1061 3469 1439 3539 perpendisset
1461 3467 1762 3523 istiusmodi
1779 3466 1924 3538 jugis
1958 3468 2114 3522 nexi-

543 3563 646 3617 bus
670 3560 847 3616 taliter
863 3562 1246 3630 ntancipatum,
1264 3573 1368 3614 nec
1381 3558 1494 3628 jam
1513 3559 1612 3612 sibi
1630 3558 1791 3612 licere
1804 3559 1972 3612 solita.-
1987 3575 2115 3613 con-

548 3652 877 3722 templationi
898 3651 1072 3706 libere
1087 3651 1384 3715 deservire,
1401 3651 1692 3704 arbitratus
1709 3659 1790 3704 est
1815 3665 1922 3719 pra-
1931 3649 2026 3703 teri
2037 3659 2114 3704 to-

542 3758 662 3796 rutn
693 3742 970 3812 dispendia
995 3741 1159 3796 lucris
1184 3739 1304 3795 fore
1325 3740 2110 3810 sequentiumcompensanda;

541 3850 649 3906 quo
684 3834 934 3889 Raehelis
963 3834 1234 3888 venustati
1267 3832 1378 3904 (38)
1425 3832 1532 3886 Lia:
1575 3839 1763 3902 posset
1807 3831 2113 3886 fecunditas

540 3926 867 3994 comparari.
899 3924 973 3981 Ut
1013 3925 1184 3982 fidelis
1215 3925 1378 3996 igitur
1406 3938 1598 3979 servus
1626 3939 1691 3978 ac
1717 3924 1977 3992 prudens,
2011 3923 2115 3980 Do-

542 4019 756 4074 minicaa
782 4035 839 4074 se
865 4019 1080 4073 familiae
1106 4025 1511 4089 procuratorem
1535 4016 1888 4072 constitutum
1914 4030 2114 4086 cogno-

543 4127 724 4177 scens,
763 4111 927 4180 erepit
971 4111 1198 4166 solerter
1255 4123 1551 4178 procurare
1599 4116 1868 4176 quatenus
1928 4121 2113 4161 susce-

545 4217 702 4275 ptum
736 4202 1095 4258 ministerium
1127 4201 1307 4254 taliter
1333 4199 1432 4252 sibi
1462 4197 1807 4252 commissum
1842 4196 2114 4265 impende-

543 4303 628 4348 ret
653 4302 710 4346 ut
735 4293 1023 4346 adventum
1067 4287 1403 4344 Dominicum
1438 4294 1618 4355 posset
1667 4283 1969 4352 intrepidus
2015 4297 2112 4335 ex-

545 4394 815 4458 spectare,
871 4393 1088 4452 tamque
1144 4381 1358 4450 plenam
1422 4387 1475 4433 et
1530 4376 1820 4447 perfectam
1884 4389 2114 4429 annona:

545 4491 854 4531 mensuram
905 4473 1018 4528 suis
1057 4471 1316 4526 exhibere
1367 4468 1668 4532 conservis,
1719 4482 1826 4536 quo
1863 4465 2114 4518 veniente

2206 1933 2302 1978 'cte
2323 1924 2649 1989 confectum,
2681 1940 2804 1979 mox
2835 1935 2957 1980 orto
2987 1925 3121 1992 sole,
3159 1925 3457 1996 ingressum
3498 1923 3790 1979 ecclesiam

2215 2016 2505 2070 missarum
2540 2016 2825 2071 inchoasse
2851 2016 3131 2082 solemnia,
3163 2027 3216 2070 et
3240 2032 3408 2086 usque
3428 2024 3646 2070 sextam
3678 2013 3793 2069 fere

2214 2105 2426 2173 horam,
2450 2108 2592 2161 edita
2621 2123 2772 2173 voce,
2799 2108 2852 2162 in
2875 2122 3034 2162 aures
3056 2108 3216 2162 totius
3236 2107 3405 2178 plebis
3422 2105 3793 2177 protrahendo

2212 2211 2519 2250 sermonem
2549 2212 2654 2250 non
2680 2211 2911 2266 parvum
2939 2196 3092 2251 nobis
3126 2212 3194 2250 ex
3223 2213 3280 2252 se
3303 2195 3600 2266 praebuisse
3622 2194 3791 2247 mira-

2205 2287 2413 2351 culum,
2441 2302 2562 2342 cum
2589 2295 2644 2342 et
2674 2285 3030 2343 robustiorem
3057 2288 3263 2343 viribus
3286 2296 3343 2342 et
3365 2287 3659 2342 clariorem
3678 2287 3787 2338 elo-

2211 2380 2338 2448 quio
2393 2393 2760 2442 cerneremus,
2809 2394 2968 2448 quem
3003 2378 3121 2450 jam
3148 2393 3285 2448 pene
3316 2377 3652 2434 defecturam
3695 2391 3790 2430 su-

2211 2474 2571 2544 spieabamur.
2602 2473 2719 2541 Quo
2751 2472 2906 2544 plane
2956 2473 3177 2529 daretur
3212 2472 3435 2540 intelligi
3468 2486 3574 2525 non
3621 2469 3787 2523 alium

2213 2565 2378 2633 ipsius
2426 2579 2522 2618 ore
2561 2563 2895 2628 concionari,
2947 2578 3110 2632 quam
3159 2561 3329 2628 illum,
3373 2561 3465 2630 qui
3493 2557 3793 2628 discipulos

2212 2668 2338 2708 suos
2363 2655 2582 2718 docens,
2632 2651 2810 2706 aiebat
2841 2669 2854 2704 :
2887 2649 3008 2705 Non
3035 2652 3172 2706 enim
3201 2668 3289 2706 vos
3324 2651 3446 2704 estis
3487 2649 3588 2720 qui
3619 2647 3792 2717 loqu-i-

2217 2744 2372 2802 mini.
2402 2743 2491 2796 sed
2518 2740 2744 2812 Spiritus
2770 2740 2949 2796 Patris
2969 2741 3126 2798 vestri
3151 2743 3240 2812 qui
3265 2740 3495 2812 loquitur
3541 2741 3596 2794 in
3647 2739 3792 2794 vobis

2220 2832 2437 2902 (Matth.
2471 2835 2548 2905 χ).
2595 2831 2760 2902 Cujus
2803 2832 3056 2886 videlicet
3099 2831 3334 2900 eloquia,
3366 2829 3512 2886 velut
3538 2845 3569 2884 e
3597 2827 3793 2898 largis-

2213 2925 2350 2979 sima
2381 2925 2547 2978 l'sntis
2568 2938 2702 2978 vena
2727 2922 3100 2984 redundantia,
3129 2921 3461 2991 singulorum
3496 2919 3793 2990 capacitati

2213 3032 2456 3086 congrua
2503 3014 2845 3086 propinaba-t.
2879 3014 3007 3082 Quae
3035 3015 3310 3079 nimirum,
3357 3013 3462 3068 etsi
3493 3011 3795 3081 aliquando

2213 3104 2414 3161 fuerint
2445 3105 2761 3176 prolixiora,
2814 3105 2944 3161 nulli
2994 3116 3174 3160 tamen
3207 3119 3334 3159 esse
3363 3110 3617 3174 poterant
3654 3116 3793 3155 one-

2137 3212 2183 3275 ο
2215 3215 2356 3254 rosa.
2383 3199 2512 3266 Quae
2540 3213 2732 3268 nempe
2785 3198 3087 3253 onerositas
3142 3197 3194 3250 in
3258 3197 3402 3251 illius
3430 3209 3552 3249 esse
3598 3201 3792 3264 posset

2213 3288 2572 3352 sermonibus,
2602 3287 2798 3356 quibus
2823 3287 3020 3341 erectis
3045 3286 3262 3340 auribus
3295 3294 3551 3353 tanquam
3580 3282 3790 3337 divinis

2213 3379 2501 3435 all'ectibus
2565 3378 2634 3433 ab
2681 3376 2950 3447 omnibus
3003 3376 3415 3431 intendebatur?
3457 3384 3552 3429 aut
3612 3371 3796 3428 infru-

2207 3479 2401 3524 ctuosa
2431 3467 2550 3537 ejus
2579 3481 2697 3522 esse
2721 3476 2966 3537 poterant
2991 3466 3180 3532 verba,
3201 3467 3287 3521 cui
3319 3465 3489 3520 sancti
3526 3479 3794 3534 coopera-

2211 3560 2370 3615 batur
2400 3558 2634 3629 Spiritus
2678 3558 2886 3628 gratia?
2936 3556 3174 3611 Minime.
3225 3555 3363 3610 Hinc
3407 3570 3641 3623 namque
3704 3564 3797 3608 cst

2211 3651 2353 3722 quod
2377 3650 2492 3706 dies
2514 3650 2703 3705 Crueis
2738 3648 2848 3721 (40)
2874 3649 2940 3703 ab
2969 3647 3265 3702 innumeris
3287 3645 3529 3701 fidelibus
3551 3646 3660 3700 hac
3684 3654 3794 3701 tota

2207 3741 2486 3814 provincia
2509 3741 2577 3796 ob
2603 3739 2958 3796 reverentiam
2987 3737 3278 3792 Dominica:
3297 3734 3565 3804 passionis
3586 3733 3648 3788 in
3672 3735 3795 3786 abs-

2215 3835 2441 3890 tinentia
2486 3833 2816 3888 celebratur.
2863 3829 3035 3896 Quam
3070 3827 3323 3882 videlicet
3383 3825 3793 3880 observantiam

2213 3928 2354 3983 idem
2396 3926 2594 3996 passim
2633 3923 2882 3979 omnibus
2925 3920 3222 3993 praedicans
3253 3919 3591 3974 hortabatur.
3655 3917 3796 3970 lliue

2213 4017 2560 4074 nihilominus
2605 4023 2816 4070 constat
2855 4013 2998 4082 quod
3040 4009 3281 4064 omnium
3317 4008 3573 4062 horarum
3609 4004 3795 4062 ofﬁcia

2214 4107 2394 4180 (ll)|in
2419 4108 2622 4163 honore
2636 4105 2789 4159 almae
2820 4102 2914 4158 Dei
2942 4099 3215 4173 genitricis
3248 4100 3300 4153 in
3327 4096 3572 4167 pluribus
3609 4094 3796 4151 cccle-

2213 4200 2310 4254 siis
2367 4197 2642 4259 instantia,
2693 4194 2926 4249 maxima
2972 4202 3181 4261 gestum
3223 4197 3376 4260 parte
3433 4187 3794 4258 dignoscitur.

2215 4287 2367 4355 Quod
2399 4286 2686 4340 matricum
2713 4282 3064 4338 ecclesiarum
3117 4280 3318 4334 clerum
3348 4293 3444 4348 per
3486 4277 3796 4332 Romanam

2215 4375 2544 4447 provinciam
2591 4374 2824 4442 undique
2877 4371 2978 4426 sibi
3026 4369 3330 4440 contiguam
3395 4374 3795 4437 congregatum

2216 4467 2550 4536 inSpieimus,
2571 4479 2770 4533 eosque
2797 4460 3051 4518 nonnulla
3093 4458 3336 4514 canonici
3375 4459 3513 4512 ritus
3534 4456 3792 4524 vestigia,

547 4566 791 4631 Domino,
833 4571 1129 4618 mereretur
1156 4557 1344 4614 audire
1375 4553 1581 4626 :Euye,
1611 4570 1753 4608 serve
1797 4553 1946 4616 bone,
1973 4553 2113 4606 intra
2142 4569 2192 4629 ι)
2217 4554 2327 4609 Deo
2355 4554 2588 4618 favente,
2610 4552 2812 4608 imitari
2853 4549 3226 4621 applaudimus
3266 4548 3375 4617 qui,
3412 4546 3618 4602 relictis
3658 4546 3793 4600 olim

1643 4660 2010 4719 GODEFRIDI
2045 4660 2457 4718 IIENSCHENII
2494 4661 2728 4718 ΝΟΤιΕ.

614 4787 727 4861 (36)
758 4785 1074 4861 Stephanum
1100 4779 1343 4861 videlicet.
1375 4792 1588 4861 uomuit.
1622 4773 2103 4861 Stepltanus‘erfeal-

544 4841 723 4914 tus‘tv'
759 4841 940 4912 Nonas
967 4853 1190 4922 Augusti
1221 4848 1348 4903 anni
1397 4846 1555 4911 1057,
1598 4841 1841 4899 moriens
1895 4857 1945 4895 tv
1988 4841 2106 4895 Kal.

543 4930 744 5000 Aprilis
771 4927 896 5000 anni
919 4924 1083 5000 _l05_8.
1132 4990 1144 5000 _
1191 4990 1202 5000 ‘
1332 4989 1362 5000 μ
1427 4997 1434 5000 Α
1513 4986 1525 4998 ο
1674 4985 1691 5000 Δ
1795 4998 1806 5000 _
1847 4981 1977 5000 mm

616 4981 734 5069 (57)?
754 4995 961 5080 An‘nnlo
989 4990 1144 5048 simul
1168 4989 1363 5080 deteri!
1390 4997 1444 5080 et
1478 4986 1642 5080 virga.
1663 4985 1818 5039 Anno
1843 4981 1998 5046 1058,
2036 4981 2114 5032 uti

2226 4777 2229 4780 ’
2284 4774 2395 4845 (Η)
2425 4771 2672 4845 Quoniam
2701 4773 2947 4845 {terarum
2970 4767 3169 4845 of/icia.
3194 4765 3456 4845 Afl‘eetu_ttt
3478 4778 3636 4845 suum
3663 4779 3794 4845 erga

2213 4834 2564 4899 horas'oflieii
2620 4843 2677 4895 Β.
2706 4840 2940 4906 Virginis
2969 4834 3208 4906 lleiparae
3255 4837 3440 4906 pandit
3595 4834 3797 4890 Petrus

2213 4928 2398 4984 epusc.
2450 4913 2515 4966 10
2553 4912 2626 4965 De
2670 4903 2826 4984 horis
2853 4903 3161 4984 canonicis,
3190 4903 3310 4984 cap.
3355 4905 3440 4969 l0,
3481 4903 3570 4957 ubi
3598 4917 3795 4984 narrat

2215 4976 2470 5065 horarum
2497 4980 2821 5074 beatissima:
2842 4976 3085 5072 .Virg‘iinis
3107 4977 3792 5072 studiosum:peeeatoru‘p

2322 5053 2424 5076 εει..-
2453 5066 2548 5076 ..Α-ι
2572 5049 2809 5076 ηΛι-ιοΙΑ-ιι
2842 5047 3158 5074 ζ..ικιιΙ-ιιιηη
3206 5043 3494 5072 οΛ-οιιαιῖιιη
3519 5043 3593 5070 0:.
3629 5059 3642 5068 ι
3684 5061 3697 5068 .
3734 5045 3770 5068 ί,

2215 5067 2406 5078 ..ΑΕΒ-σι*
