3982 5350
171 219 267 274 155

1055 201 1593 266 PROLEGOMENA.
1636 229 1702 238 —
1735 197 1846 250 ΥΠ
1851 197 1892 249 Α
1927 194 1986 250 S.
2023 195 2229 251 PETRI
2263 193 2566 252 DAMIANI.

3332 182 3440 249 ὧν

168 328 375 389 cunctis
436 324 712 383 canonicis
760 321 1042 386 institutis,
1100 329 1156 376 et
1208 336 1238 374 ει
1276 315 1580 373 communis
1626 313 1755 366 vitae
1782 317 1830 374 Α
1859 309 2086 380 contigit
2119 307 2332 364 fervore
2357 309 2636 374 succendi,
2673 317 2732 364 ut
2779 324 2878 380 pro
2924 307 3091 364 tantis
3140 305 3440 363 sceleribus

166 421 350 476 ordine
370 432 598 489 prorsus
629 421 969 471 recesserant
989 419 1044 466 et
1081 411 1132 465 in
1161 408 1389 480 singulis
1409 406 1617 462 laribus
1646 418 1753 458 una

167 527 285 567 cum
314 509 652 566 mulierculis
678 506 1017 563 sceculariter
1044 503 1341 576 degebant.

745 616 974 674 CAPUT
994 652 1006 658 ~
1024 615 1167 671 XVI.

168 711 526 769 Simoniacam
575 721 622 764 et
671 707 1063 762 Nicolaitarum
1105 707 1328 760 hereses
1380 701 1596 766 evellit;
1627 701 1756 754 Am-

234 782 539 835 brosianum
584 777 878 833 Ecclesium
921 791 1040 830 cum
1065 773 1303 830 Romana
1354 773 1680 828 reconciliet.

237 868 294 922 ln
322 867 638 922 Simoniaca
679 880 894 936 quoque
931 864 1049 919 labe
1077 863 1194 935 (42)
1221 872 1277 918 et
1313 863 1508 918 hazresi
1556 877 1621 916 ac
1658 859 1756 914 Ni-

171 958 492 1014 colaitarum
522 956 638 1027 (L3)
676 955 968 1012 evellendis
994 970 1100 1008 non
1126 953 1409 1007 minimum
1453 952 1753 1016 laboravit;

169 1065 282 1121 quae
297 1047 550 1103 videlicet
562 1055 742 1118 pestes
761 1057 869 1101 tam
887 1044 1188 1117 perniciosa
1203 1043 1595 1099 consuetudine
1621 1058 1758 1112 pras-

167 1143 465 1206 valuerant,
486 1149 705 1210 tamque
718 1138 935 1209 impune
950 1145 1118 1192 totam
1134 1136 1303 1191 ferme
1325 1136 1622 1191 Ecclesiam
1640 1135 1755 1206 (Η)

171 1236 219 1292 in
255 1234 405 1290 omni
437 1233 688 1289 Romano
717 1232 847 1286 orbe
871 1229 1227 1293 fadaverant,
1257 1237 1315 1283 ut
1342 1229 1426 1282 vix
1446 1225 1557 1298 jam
1576 1242 1760 1296 repre-

170 1328 485 1392 hensorem,
515 1335 776 1396 tanquam
791 1323 959 1387 licite,
985 1321 1357 1376 formidarent.
1377 1319 1543 1387 Quas,
1567 1335 1599 1374 ο
1619 1319 1759 1373 bone

171 1418 449 1489 lesu,jam
480 1433 581 1473 nos
612 1432 710 1487 per
737 1416 884 1471 hunc
917 1424 1068 1469 tuum
1104 1413 1380 1486 egregium
1419 1412 1756 1479 bellatorem,

172 1523 506 1585 ceterosque
531 1527 733 1583 paucos
761 1510 866 1566 sibi
893 1509 1255 1572 adhaerentes,
1283 1508 1593 1563 eliminatos
1615 1521 1756 1572 esse,

174 1618 222 1662 te
247 1613 608 1676 cooperante,
638 1603 957 1675 gaudemus,
1001 1600 1399 1671 prostratisque
1449 1599 1648 1653 hilares
1679 1597 1760 1651 iu-

1857 397 2143 463 diluendis,
2198 399 2510 469 apostolicae
2541 398 2684 453 sedis
2726 397 3040 470 sullragium
3083 397 3444 467 requisissent

1856 488 2018 560 (45‘).
2046 489 2124 544 Ad
2155 491 2297 560 quod
2330 491 2510 562 itaque
2531 491 2896 562 peragendum
2928 506 3174 546 summus
3200 489 3444 561 pontifex

1855 575 2326 651 NicolausllUG),
2358 582 2721 652 hunc,quem
2779 591 2886 636 tam
2951 581 3232 652 sapientiae
3279 596 3445 651 quam

1856 667 2164 725 sanctitatis
2183 671 2507 725 auctoritate
2552 672 2839 741 praeditum
2885 680 3131 737 noverat,
3165 672 3445 728 destinare

1857 759 2088 814 curavit.
2124 758 2227 826 Qui
2251 776 2374 814 cum
2403 761 2676 830 profectus
2697 761 2887 818 fuisset
2910 760 3047 834 (47),
3065 761 3446 832 condignaquo

1857 852 1959 908 sibi
1985 861 2151 922 atque
2179 851 2490 924 apostolicae
2517 852 2632 907 sedi
2685 869 2909 923 prorsus
2937 855 3284 909 veneratione
3311 869 3439 908 sus-

1856 953 2064 1013 ceptus,
2098 958 2322 998 causam
2379 943 2460 998 sui
2497 944 2917 1014 apocrisariatus
2963 944 3127 999 totius
3187 944 3448 1000 Ecclesiae

1858 1035 2080 1089 auribus
2103 1013 2544 1100 intimavitJQuo
2576 1033 2777 1089 factum
2805 1046 2891 1090 est
2914 1045 2971 1089 ut
3003 1052 3125 1090 mox
3149 1045 3271 1106 post
3299 1037 3444 1092 diem
3505 1013 3522 1096 \

1859 1123 2089 1178 alterum
2121 1124 2356 1180 factione
2381 1124 2707 1180 clericorum
2741 1119 2965 1194 repente
2997 1128 3051 1181 in
3074 1127 3274 1197 populo
3298 1143 3451 1181 mur-

1860 1229 1982 1268 mur
2002 1214 2332 1280 exoriretur,
2356 1229 2460 1269 non
2477 1214 2674 1270 debere
2699 1217 3117 1271 Ambrosianam
3140 1216 3446 1272 Ecclesium

1861 1303 2119 1359 Romanis
2154 1304 2366 1374 legibus
2410 1304 2712 1374 subjacere,
2773 1306 3091 1375 nullumque
3139 1305 3448 1374 judicandi,

1862 1395 1944 1451 vel
1973 1395 2291 1465 disponendi
2314 1396 2403 1466 jus
2417 1395 2662 1452 Romano
2685 1396 2927 1466 pontiﬁci
2950 1396 3001 1451 in
3029 1396 3117 1451 illa
3148 1397 3276 1452 sede
3305 1411 3457 1451 com-

1863 1497 2064 1560 petere.
2091 1489 2258 1545 Nimis
2293 1490 2596 1560 indignum,
2633 1491 2906 1561 inquiunt,
2935 1499 2994 1544 ut
3039 1507 3160 1560 quae
3190 1491 3291 1546 sub
3320 1507 3451 1562 pro-

1863 1578 2202 1650 genitoribus
2229 1580 2432 1634 uostris
2453 1595 2668 1651 semper
2713 1580 2926 1635 exstitit
2953 1581 3120 1635 libera
3158 1581 3226 1636 ad
3258 1589 3458 1636 nostra

174 1667 460 1753 sultanius.
495 1667 741 1764 Obvquas
771 1667 1028 1747 nimirum
1056 1705 1124 1746 ex
1153 1667 1512 1745 Ambrosiana
1549 1701 1763 1758 quoque

1881 1668 2202 1724 :onfusionis
2221 1670 2571 1740 opprobrium
2603 1688 2747 1727 nunc
2782 1671 2939 1726 alteri
2992 1673 3084 1737 sit,
3121 1673 3264 1742 quod
3289 1673 3458 1737 absit,

173 1786 413 1842 Ecclesia
444 1782 860 1856 propulsandas,
886 1791 1088 1851 quanto
1117 1796 1176 1836 se
1220 1780 1518 1836 discrimini
1543 1779 1767 1835 immer-

176 1864 301 1931 serit
339 1889 692 1944 nequaquam
740 1872 958 1928 silentio
1006 1860 1440 1942 praetereundum
1487 1880 1761 1941 putamus.

175 1967 412 2037 Denique
436 1967 661 2021 utidem
707 1965 759 2019 in
793 1963 1040 2035 quodam
1077 1979 1176 2019 suo
1225 1962 1390 2028 libro,
1441 1976 1601 2032 quem
1650 1961 1765 2032 ipse

175 2073 326 2129 super
383 2059 485 2112 hoc
531 2056 754 2127 speciali
813 2055 1030 2124 negotio
1069 2054 1260 2120 edidit,
1310 2053 1397 2108 cui
1441 2052 1764 2109 vocabulum

174 2151 330 2203 Actus
386 2147 680 2202 Mediolani
714 2147 851 2216 (45),
881 2142 1036 2216 juxta
1077 2145 1160 2200 sui
1194 2145 1579 2216 proprietatem
1626 2143 1767 2198 imii-

175 2241 261 2304 dit,
289 2241 602 2296 luculenter
626 2240 916 2310 expressit.
953 2237 1178 2308 Pr0pter
1225 2239 1323 2292 has
1367 2238 1616 2308 geminas
1658 2237 1768 2291 hae:

178 2350 334 2401 reses,
407 2333 780 2388 Simoniacam
814 2331 1023 2385 scilicet
1073 2339 1126 2384 et
1165 2330 1579 2394 Nicolaitarum,
1624 2327 1768 2382 inter

179 2423 414 2492 prafaun
437 2421 699 2476 Ecclesia:
717 2420 972 2492 populum
1002 2428 1057 2474 et
1083 2419 1286 2475 clerum
1319 2435 1425 2474 non
1458 2434 1622 2490 parva
1654 2417 1768 2472 fue-

178 2524 249 2569 rat
277 2513 481 2569 oborta
531 2511 750 2568 seditio.
808 2511 1077 2577 Quoniam
1117 2509 1335 2591 quidem
1385 2510 1500 2589 haec
1553 2509 1768 2580 gemina

177 2605 334 2675 pestis
365 2602 727 2660 exsecrabilis
759 2603 834 2656 ita
860 2601 999 2670 apud
1025 2600 1146 2655 illos
1170 2587 1487 2666 inoleverat,
1540 2609 1770 2654 tantam-

182 2709 276 2765 que
303 2693 628 2749 libertatem
657 2698 1050 2761 assumpserat,
1074 2697 1136 2743 ut
1163 2689 1230 2744 ad
1257 2688 1520 2744 fmditatis
1542 2704 1654 2744 suae
1681 2704 1769 2744 ne-

179 2787 401 2855 quitiam
469 2781 862 2855 peragendam,
911 2795 1252 2852 nequaquam
1317 2779 1430 2850 jam
1486 2779 1769 2836 latibulum

181 2883 465 2947 quaereret,
487 2873 585 2929 sed
614 2871 762 2928 velut
784 2871 932 2928 licita
954 2871 1291 2941 honestaque
1317 2871 1528 2942 negotia
1557 2870 1774 2942 publice

136 2949 146 2960 ι
181 2974 487 3020 exerceret.
511 2962 651 3017 Nam
676 2963 722 3018 si
745 2963 869 3032 quis
907 2962 977 3016 ad
1015 2960 1315 3032 quemlibet
1339 2960 1772 3018 ecclesiasticum

181 3067 287 3111 erat
313 3056 577 3112 ordinem
627 3053 1053 3124 promovendus,
1112 3051 1417 3108 nullatenus
1456 3053 1660 3124 absque
1686 3069 1776 3108 ve-

183 3143 414 3199 nalitatis
443 3141 782 3199 commercio
828 3141 897 3196 ad
941 3142 1339 3205 consecrantis,
1370 3143 1479 3198 imo
1505 3143 1776 3198 contami-

184 3235 352 3289 nantis
377 3247 584 3288 manus
605 3230 823 3287 valebat
847 3233 1127 3312 accedere.
1158 3232 1402 3312 Alterius
1442 3248 1570 3300 vero
1615 3233 1777 3290 {mdi-

189 3335 264 3381 tas
290 3336 524 3382 eatenus
551 3340 611 3380 se
644 3324 987 3395 impudenter
1013 3305 1298 3390 etl‘tidErat,
1323 3305 1401 3380 'ut
1426 3321 1628 3397 nuptiae
1654 3343 1780 3397 pre-

187 3418 525 3487 sbyterorum
556 3415 631 3470 nil
660 3415 975 3484 discrepare
1004 3414 1322 3470 viderentur
1365 3414 1434 3470 ab
1479 3417 1779 3472 ambitione

189 3507 541 3562 stcularium.
569 3505 726 3562 Unde
750 3504 934 3559 divino
954 3502 1235 3569 instinctu,
1269 3514 1447 3560 tactus
1468 3505 1617 3561 zelus
1645 3506 1778 3562 lide-

188 3595 314 3651 lium
335 3598 604 3653 laicorum
631 3596 895 3654 adversus
929 3594 1277 3652 detestabiles
1313 3596 1447 3652 istas
1491 3597 1641 3653 labes
1687 3600 1780 3669 pio

1869 1760 2124 1818 Ecclesiae
2147 1762 2412 1831 subjecta.
2437 1763 2718 1818 Postremo
2758 1764 3203 1820 tumultuantium
3247 1763 3460 1820 clamor

1867 1854 2156 1920 attollitur,
2187 1855 2256 1910 ad
2283 1855 2592 1926 episcopale
2613 1856 2870 1926 palatium
2917 1857 3156 1927 undique
3201 1857 3461 1912 conveni-

1869 1954 1986 2014 tur;
2019 1947 2213 2002 deinde
2234 1947 2595 2002 tintinnabula
2637 1956 3008 2018 perstrepunt,
3045 1946 3457 2003 tubarnmclan-

1867 2039 2087 2109 goribus
2117 2047 2226 2094 tota
2257 2038 2450 2094 civitas
2474 2039 2706 2093 intonat.
2744 2037 3111 2102 lutentabant,
3145 2046 3204 2092 ut
3244 2039 3318 2092 ita
3368 2038 3448 2093 los

1867 2147 2026 2202 quar,
2058 2132 2108 2187 ei
2155 2127 2342 2188 omnia
2393 2140 2645 2198 mortem,
2681 2140 2737 2185 et
2766 2131 2872 2186 sibi
2898 2146 2926 2184 a
2958 2129 3282 2200 quibusdam
3345 2130 3463 2185 suis

1868 2222 2221 2278 dilectoribus
2250 2232 2306 2278 et
2356 2221 2732 2292 compatieudo
2767 2221 3148 2286 manentibus,
3207 2234 3464 2291 suggere-

1868 2312 2030 2367 batur
2077 2314 2222 2383 quod
2253 2311 2500 2368 nonnulli
2554 2309 2671 2380 ejus
2716 2311 2975 2366 sitiebant
3011 2325 3281 2367 cruorem.
3321 2309 3466 2366 Con-

1870 2415 2095 2478 grcgato
2144 2408 2324 2476 itaque
2354 2406 2408 2460 iu
2433 2404 2662 2460 ecclesia
2705 2403 2853 2458 clero
2881 2411 2938 2459 et
2965 2402 3185 2474 p0pulo,
3221 2402 3468 2458 ascendit

1871 2498 2156 2567 pulpitum.
2187 2496 2304 2564 Quo
2329 2497 2419 2551 vix
2448 2497 2663 2551 tandem
2695 2495 2900 2558 sedato,
2943 2494 3029 2550 his
3067 2495 3250 2550 verbis
3302 2509 3467 2550 exor-

1872 2603 1965 2644 SUS
1989 2597 2071 2642 est
2097 2605 2110 2641 ζ

1944 2679 2167 2735 Noverit
2195 2679 2438 2733 charitas
2465 2687 2670 2744 vestra,
2702 2679 3060 2746 dilectissimi,
3094 2695 3202 2735 non
3247 2695 3333 2735 me
3361 2695 3463 2750 pro

1875 2772 2136 2828 Romanae
2177 2773 2286 2828 huc
2313 2772 2570 2829 Ecclesiae
2604 2773 2809 2829 honore
2835 2775 3072 2839 venisse,
3103 2775 3197 2830 sed
3229 2783 3469 2830 vestram

1881 2881 2108 2936 prorsus
2138 2866 2366 2936 gloriam
2395 2881 2659 2936 quaerere,
2708 2882 2772 2921 ac
2815 2867 2968 2922 vobis
2997 2867 3229 2922 salutem
3270 2875 3325 2922 et
3353 2881 3473 2938 gra-

1877 2958 2032 3023 tiam,
2061 2973 2179 3026 quzc
2211 2966 2295 3013 est
2331 2957 2384 3012 in
2417 2957 2634 3014 Christo
2659 2957 2808 3021 Iesu,
2847 2974 2972 3014 cum
3011 2957 3129 3028 ejus
3165 2959 3390 3025 auxilio,
3423 2957 3472 3015 si

1877 3048 2218 3118 permittitis,
2245 3062 2562 3118 procurare.
2587 3048 2707 3115 Quo
2731 3049 2876 3104 enim
2904 3059 3065 3120 pacto
3092 3051 3300 3106 honore
3332 3050 3476 3106 indi-

1877 3151 1968 3212 get
1993 3141 2200 3212 parvuli
2229 3141 2483 3205 hominis.
2514 3157 2635 3212 qua:
2661 3140 2880 3197 laudum
2909 3143 3182 3213 praeconia
3206 3159 3273 3198 ex
3301 3143 3474 3214 ipsius

1875 3249 1972 3290 ore
2005 3235 2196 3288 sortita
2229 3242 2314 3288 est
2341 3233 2677 3288 Salvatoris?
2703 3233 2834 3300 Quae
2855 3242 3035 3289 autem
3065 3233 3343 3305 provincia
3376 3248 3475 3304 per

1876 3325 2058 3380 omnia
2088 3339 2253 3396 regna
2287 3334 2556 3380 terrarum
2588 3324 2657 3378 ab
2683 3322 2803 3393 ejus
2831 3323 3037 3380 ditione
3071 3333 3332 3380 extranea
3382 3340 3475 3380 re-

1877 3420 2111 3489 peritur,
2143 3417 2298 3486 cujus
2332 3419 2560 3474 arbitrio
2607 3419 2783 3488 ipsum
2829 3433 3046 3489 quoque
3087 3419 3286 3474 cretum
3319 3429 3376 3475 et
3407 3419 3476 3475 li-

1882 3521 2040 3580 gatur
2065 3520 2120 3565 et
2165 3509 2439 3564 solvitur?
2470 3501 2688 3580 (Matth.
2718 3510 2855 3582 xw.)
2887 3511 3125 3566 Caeteras
3146 3512 3346 3582 quippe
3371 3513 3477 3568 Ec-

1881 3602 2076 3658 clesias
2101 3600 2469 3673 cujuscunque
2505 3599 2804 3671 dignitatis,
2841 3601 2957 3656 sive
2987 3617 3102 3666 rex,
3136 3603 3252 3657 sive
3292 3601 3478 3671 cujus-

1276 3728 1650 3786 GODEFRIDI
1688 3731 2104 3790 HENSCHENII
2144 3729 2376 3788 ΝΟΤᾹΞ.

251 3848 362 3919 (42)
404 3847 474 3901 In
504 3845 814 3919 Simoniaga
840 3858 1044 3914 quoque
1070 3841 1202 3919 labe.
1247 3841 1542 3919 Simonem
1564 3842 1781 3919 Magum

189 3912 464 3973 auctorem
483 3919 543 3972 in
568 3915 719 3970 Novo
741 3912 1090 3969 Testamento
1113 3912 1474 3976 Simoniaa,ab
1490 3913 1580 3968 illo
1603 3913 1784 3982 dictae,

193 3989 344 4044 tradit
378 3989 446 4042 Β.
483 3987 682 4042 Petrus
704 4000 823 4055 cap.
846 3984 905 4049 4,
935 3999 1124 4054 opusc.
1153 3983 1208 4047 5,
1237 3983 1304 4037 ad
1326 3982 1633 4055 cardinales
1660 3985 1782 4054 epi-

190 4075 370 4129 sc0pos
400 4056 725 4129 apostolica:
771 4053 946 4120 sedis,
978 4053 1095 4124 quo
1119 4123 1131 4129 _
1152 4060 1386 4129 tractatu
1440 4053 1555 4124 agit
1591 4053 1787 4110 contra

195 4123 584 4200 pliilargyiijiam
612 4135 667 4200 et
699 4140 983 4200 munerum
1008 4123 1384 4200 cupiditatem.

253 4193 841 4271 μων-Νεεοιᾳίιρταρι,
876 4195 1264 4271 Nicolaitarum
1314 4193 1456 4271 (acta
1501 4209 1561 4250 se
1601 4194 1782 4251 odisse

193 4263 270 4325 ait
293 4263 559 4325 Christus
589 4267 641 4320 in
666 4264 726 4336 S.
762 4263 990 4320 Joannis
1021 4264 1344 4336 Apocalypsi
1373 4280 1492 4334 cap.
1531 4281 1594 4331 tt,
1631 4283 1776 4320 vers.

193 4339 248 4405 7;
275 4342 340 4396 de
360 4340 574 4411 quibus
597 4335 726 4411 vide
747 4336 1069 4411 interpretes
1085 4335 1451 4411 etB‘a’ronium
1481 4338 1548 4411 ad
1577 4353 1669 4411 am
1693 4337 1780 4411 68,

1882 3847 1961 3972 git
1989 3845 2190 3970 _Sl..sLeo
2213 3845 2287 3900 IX
2338 3847 2408 3903 ab
2449 3860 2593 3901 anno
2635 3844 2772 3902 1049
2809 3845 2874 3901 ad
2911 3843 3065 3910 1056,
3101 3856 3210 3904 ouo
3238 3844 3374 3900 obiit
3403 3845 3478 3902 l9

1931 3933 2010 3972 Dl'l
2040 3934 2050 3968 I
2092 3955 2105 3968 .

1969 3932 2105 3971 l'IIIS.

1930 3933 2257 4057 Ἦὲῗᾋειω
2303 3985 2613 4042 Mediolani.
2641 3987 2810 4042 Actus
2833 3985 3141 4050 Mediolani,
3174 3985 3242 4040 de
3270 3986 3488 4054 privile-

1883 4058 1976 4129 gio
2001 4057 2258 4112 Romam?
2285 4057 2539 4129 Ecclesiae
2563 4057 2631 4112 ad
2659 4057 3082 4129 ﬂildebrandum
3121 4057 3483 4129 cardinalem,

1885 4125 2008 4184 dein
2051 4129 2245 4199 papain
2291 4127 2616 4199 Gregorium
2660 4125 2773 4193 γη,
2801 4135 2982 4184 exstat
3022 4142 3211 4198 opusc.
3241 4127 3295 4193 5,
3327 4130 3489 4198 cujus

1891 4201 2194 4269 etiamgipsa
2223 4200 2388 4253 verba
2414 4200 2502 4254 hic
2534 4200 2734 4253 inserta
2758 4209 2904 4254 sunt.

1963 4267 2114 4340 (45’)
2127 4269 2438 4340 Apostolice
2451 4270 2588 4324 sedis
2607 4270 2922 4340 su/fmgium
2947 4267 3299 4340 requisissent.
3320 4268 3486 4323 Gesta

1893 4339 2118 4410 antiqua
2158 4339 2530 4395 Romanorum
2575 4339 2919 4410 pontificum,
2954 4355 2982 4393 a
3024 4339 3482 4410 NicolaoAragu-

196 4386 584 4479 satisﬁeri}.
613 4386 941 4479 genus;
961 4386 1789 4479 igh‘.ii{i.‘.ii'.;_eié..iars-1.11
1817 4386 1867 4446 Ι)
1894 4386 2982 4472 ἶιίὶὶ’’ἑᾶιῗιιίίἰᾶἰῖἑὸῖῐὲἔίξι.Ἤᾷἶῖἰεῖὖὲὸίἒ
3016 4386 3043 4460 ἱ
3058 4386 3254 4479 rgias
3272 4386 3488 4479 "rigas.

193 4480 386 4559 lenses,
412 4478 518 4534 sed
567 4494 598 4532 a
649 4475 882 4559 posteris
926 4475 1292 4559 interpolata,
1330 4477 1450 4558 lucc
1493 4477 1782 4559 leguntur:

198 4571 213 4623 ε
255 4551 462 4623 Fugite
492 4545 712 4619 quoque
743 4545 1205 4623 immundissimos
1225 4545 1343 4600 falsi
1359 4545 1600 4623 nominis
1623 4547 1790 4602 Nico-

195 4616 370 4685 laitas‘,
431 4616 716 4674 amatores
764 4617 1025 4680 libidinis,
1081 4616 1250 4671 malos
1289 4617 1730 4673 calumniatores.
1765 4638 1784 4671 ι

197 4694 471 4746 (laterum
511 4699 701 4743 contra
738 4689 1075 4742 Simoniacos
1103 4697 1159 4742 et
1203 4685 1496 4742 Nicolaitas
1536 4690 1616 4742 sui
1658 4701 1792 4741 tem-

195 4765 336 4832 poris
361 4769 554 4832 exstat
584 4759 824 4832 B.Pctri
865 4759 1024 4828 epist.
1061 4759 1128 4813 15
1157 4756 1250 4812 lib.
1287 4773 1339 4824 v,
1371 4759 1439 4812 ad
1482 4759 1794 4829 capellanos

197 4830 387 4887 Gothil'
387 4831 512 4886 redi
541 4830 717 4884 ducis.

263 4900 461 4985 (Qle
463 4911 603 4953 01am
635 4901 804 4985 [erute
841 4894 1165 4985 Ecclesium!
1199 4898 1488 4985 BrPctrrus
1515 4915 1702 4985 opusc.
1737 4898 1792 4981 ii,

198 4968 285 5042 qui
319 4968 484 5042 Liber
508 4968 818 5042 appellatur
838 4968 879 5023 ϐ
889 4970 1202 5042 rarissimus,
1231 4984 1346 5039 cap.
1376 4970 1472 5042 27,
1519 4968 1633 5027 hch
1657 4971 1796 5042 scrif

201 5040 277 5097 bit
311 5061 324 5098 :
358 5060 379 5095 ι
438 5040 570 5108 Quis
617 5041 769 5096 enim
804 5040 1030 5103 ttesciat,
1062 5054 1234 5110 usque
1263 5041 1330 5092 ad
1373 5041 1535 5110 hujus
1573 5041 1794 5098 Henrici

202 5113 614 5168 clementissimi
643 5113 790 5182 regis
821 5111 1104 5178 imperimn
1138 5110 1597 5182 prsesulatumque
1643 5127 1795 5182 reves

204 5185 383 5252 renda:
406 5183 683 5237 memoria:
701 5181 1002 5252 Clementis
1022 5179 1189 5252 papas,
1204 5179 1471 5252 ristiusque
1494 5179 1798 5239 beatissimi

206 5251 408 5350 Leonis
439 5251 718 5324 apostolici
749 5251 884 5350 (quo
907 5265 1046 5350 auge
1075 5251 1323 5350 fidel‘icel
1352 5254 1798 5350 pne‘stile.sariqta

206 5337 263 5350 Α..
294 5340 361 5350 _..
388 5325 583 5350 .-η-..-ε
615 5329 772 5350 η--ηιιι
804 5338 829 5350 η
864 5335 926 5350 nn
1017 5338 1073 5350 4...
1098 5323 1203 5350 ιιι-ε..
1287 5335 1385 5350 nn.-
1475 5325 1572 5350 ηαξ,
1599 5335 1721 5350 ﬁ...“
1752 5325 1796 5350 in

1287 5335 1385 5350 “nl.
1426 5323 1796 5350 nn.-:..A_Iln';n

1893 4481 2146 4535 lanenscs
2172 4490 2439 4536 venerunt
2461 4481 2527 4535 ad
2559 4482 2808 4535 eumdem
2834 4478 3486 4549 pontificem’Nicolaum,

1893 4552 2214 4622 suppliciter
2257 4561 2578 4616 exorantes,
2636 4559 2696 4604 ut
2743 4548 3172 4622 Mediolanensis
3229 4548 3491 4622 Ecclesia:

1893 4618 2314 4692 contritionibus
2340 4622 2658 4692 dignaretur
2683 4621 2932 4676 misereri
2953 4631 3055 4692 ,_et
3078 4620 3340 4692 compati.
3372 4618 3490 4692 llu-_-

1886 4690 1978 4760 jus
2009 4694 2084 4747 rei
2126 4693 2301 4758 gratia
2348 4689 2712 4747 venerabilem
2743 4692 2917 4745 virum
2973 4689 3191 4760 Petrum
3239 4689 3492 4744 Damiani

1893 4759 2199 4818 Ostiensem
2229 4763 2538 4832 episcopum
2587 4761 2840 4815 Nicolaus
2874 4777 3008 4831 papa
3055 4759 3494 4832 isthucdestiua-

1896 4834 1995 4898 vit,
2025 4847 2081 4889 et
2108 4830 2407 4888 vires—suas
2432 4837 2484 4887 in
2524 4830 2914 4897 corrigendis,.
2947 4830 3010 4886 ac
3044 4831 3345 4886 statuendis
3373 4830 3495 4895 his,

1936 4921 2019 4959 uae
2048 4906 2112 4961 ad
2141 4904 2439 4959 Ecclesium
2471 4905 2622 4960 illam
2652 4902 3035 4972 pertinebant,
3060 4901 3108 4957 ei
3132 4901 3434 4972 concessit.
3469 4920 3493 4952 ι

1936 4921 2019 4959 uae
2048 4919 2112 4961 au
2141 4919 2439 4959 ecclesunn
2471 4919 2622 4960 tuam
2652 4919 3001 4972 pertinebant
3021 4944 3035 4968 ,
3060 4919 3108 4957 ei
3142 4919 3434 4958 concessu.
3469 4920 3493 4952 ›

1897 4919 2130 5032 ἓυιιδυιθ
2159 4975 2450 5029 Baronium
2488 4976 2556 5030 ad
2599 4990 2689 5028 an.
2723 4974 2863 5042 1059
2884 5015 2899 5039 ,
2929 4990 3074 5028 num.
3118 4970 3309 5042 Ηιυι
3335 4970 3497 5042 Sigo-

1897 5045 2050 5101 niutn
2082 5048 2149 5100 de
2181 5060 2344 5114 regno
2366 5044 2660 5114 ltaliaa,qui
2683 5041 2834 5098 addit
2866 5063 2878 5098 :
2916 5062 2934 5096 ι
2969 5062 2999 5098 a
3031 5041 3348 5112 Landulpho
3369 5041 3499 5114 Cot-

1904 5124 1956 5169 ta
1982 5116 2162 5188 populi
2194 5113 2446 5186 praefecto
2475 5113 2756 5172 Arialdum
2791 5115 3052 5171 clericum
3095 5116 3324 5170 Romam
3368 5113 3501 5166 niis-

1901 5203 2022 5242 sum
2055 5188 2243 5255 fuisse.
2267 5203 2302 5255 _r
2721 5254 2730 5255 ί
3187 5253 3229 5255 ,_
3292 5252 3306 5255 _
3496 5253 3498 5255 ,

2115 5250 2676 5350 ryt'fquu‘uslfecunduf.
2711 5254 2864 5350 sedit
2904 5255 3161 5350 lficolaus
3187 5253 3230 5309 ll
3260 5252 3502 5350 abnapno'
