3982 5350
481 166 589 256 re

1386 194 1445 251 S.
1489 193 1764 250 PETRUS
1807 192 2162 249 DAMIANUS
2204 195 2260 248 S.
2305 194 2371 250 R.
2415 195 2475 250 Ε.
2505 195 2940 253 CARDI'NALIS.

3667 197 3766 253 156

478 317 616 374 libet
665 312 993 372 conditionis
1044 310 1207 366 homo
1253 326 1422 381 purus
1462 297 1733 375 instituit;
1787 316 1863 374 et,
1916 318 2074 378 prout
2104 323 2148 378 Α
2179 320 2398 380 accepta
2428 311 2746 381 paenitentia
2769 297 2919 368 inter
2948 311 3236 366 missarum
3269 309 3528 366 solemnia
3573 325 3768 365 recou-

479 413 735 467 voluntas
774 419 929 472 "erat,
965 416 1058 461 aut
1102 405 1353 470 facultas,
1401 404 1713 475 specialiuni
1759 402 2072 474 pratrogati-

476 516 668 556 varum
699 499 816 569 ejus
841 500 962 569 jura
1010 495 1269 566 praefixit;
1322 496 1622 550 Romanam
1659 503 1840 548 autem
1884 493 2070 548 Eccle-

475 593 612 647 siam
641 589 786 645 solus
815 588 903 643 ille
935 585 1214 653 fundavit,
1243 595 1297 642 et
1333 602 1496 657 super
1525 594 1733 656 petram
1784 585 1906 639 fidei
1946 600 2070 638 mox

476 681 760 737 nascentis
808 679 986 734 erexit
1033 677 1244 749 (.Ibid.),
1295 679 1387 748 qui
1434 677 1595 732 beato
1630 678 1752 732 caeli
1803 676 2071 749 clavigero

475 771 640 827 Petro
671 770 877 826 terreni
905 769 1065 824 simul
1095 778 1150 823 et
1184 769 1423 824 cmlestis
1449 767 1662 839 imperii
1695 767 1818 837 jura
1847 768 2071 822 commi-

475 864 567 917 sit.
602 860 752 915 lllius
780 875 910 930 ergo
953 858 1238 930 privilegio
1270 858 1529 930 fungitur,
1563 859 1707 914 illius
1743 860 2070 914 auctoritate

474 951 716 1007 fulcitur.
770 949 922 1006 Unde
958 966 1064 1006 non
1109 951 1333 1007 dubium
1369 952 1512 1022 quod
1559 952 1804 1022 quisquis
1849 952 2070 1008 cuilibet

476 1041 734 1097 Ecclesiae
777 1039 866 1109 jus
907 1056 1062 1095 suum
1097 1041 1358 1106 detrahit,
1404 1040 1721 1111 iniustitiam
1768 1041 1926 1106 facit;
1977 1041 2067 1111 qui

474 1140 660 1186 autem
685 1124 948 1185 Romana:
974 1129 1614 1201 Beclesize'privilegium,
1632 1130 1700 1186 ab
1720 1131 1836 1200 ipso
1856 1123 2068 1185 summo

473 1222 842 1278 Ecelesiarum
868 1223 1110 1278 omnium
1147 1224 1326 1293 capite
1353 1216 1636 1289 traditum,
1663 1223 1878 1278 auferre
1907 1238 2068 1277 cona-

475 1324 588 1380 tur,
621 1315 710 1368 hic
739 1313 981 1383 profeeto
1008 1314 1061 1368 in
1102 1315 1353 1370 haeresim
1397 1301 1617 1371 labimr.
1655 1306 1842 1370 Fidem
1871 1317 2068 1386 quippe

473 1406 642 1461 violat
670 1407 762 1476 qui
808 1406 1068 1462 adversus
1104 1407 1251 1460 illam
1297 1405 1428 1476 agit,
1463 1423 1584 1478 quae
1610 1415 1786 1461 mater
1809 1397 2062 1470 est'titlci,

472 1507 529 1554 et
555 1498 697 1553 illius
733 1507 1025 1553 contumax
1064 1486 1338 1552 invenitur
1366 1500 1458 1568 qui
1489 1513 1608 1551 eam
1639 1499 1850 1553 eunetis
1882 1497 2066 1552 Eccle-

473 1591 570 1646 siis
607 1591 913 1660 praetulisse
943 1590 1310 1660 cognoscitur.
1351 1587 1447 1646 liis
1479 1591 1662 1660 itaque
1692 1590 1917 1660 aliisque
1949 1589 2060 1660 (48)

2167 401 2516 467 'ciliarentur,
2542 413 2862 457 ornamenta
2893 403 2959 456 de
2985 419 3146 458 manu
3171 401 3406 471 episcopi
3436 418 3504 456 ex
3529 403 3774 457 auctori-

2179 504 2288 550 tate
2314 495 2559 550 Toletani
2587 496 2803 551 concilii
2832 496 3173 566 recipientes.
3219 494 3313 549 Eis
3357 496 3541 565 itaque
3588 495 3774 550 taliter

2177 588 2581 655 reconciliatis,
2624 589 2903 644 decretum
2958 597 3042 644 est
3100 597 3159 642 ut
3217 603 3324 641 non
3383 603 3510 642 mox
3563 587 3769 657 passim

2175 680 2426 737 omnibus
2464 677 2787 736 redderetur
2819 679 3083 745 officium,
3115 680 3209 735 sed
3254 680 3339 734 his
3379 679 3648 734 duntaxat
3677 678 3767 746 qui

2175 780 2360 826 essent
2386 751 2441 824 et
2469 770 2664 826 litteris
2690 770 2907 835 eruditi,
2943 778 2999 824 et
3019 770 3153 824 casti
3183 778 3236 824 et
3259 785 3470 824 morum
3497 768 3770 838 gravitate

2176 862 2390 918 honesti
2434 863 2782 928 viderentur;
2834 861 3047 917 caeteris
3093 871 3275 915 autem
3322 858 3594 916 sufficeret
3621 858 3769 929 quod

2175 964 2377 1010 sanctae
2409 954 2665 1010 Ecclesiae
2703 969 2800 1024 per
2829 953 3066 1007 divinam
3098 952 3325 1023 gratiam
3352 959 3537 1006 essent
3574 963 3768 1028 rursus

2176 1049 2388 1111 inserti,
2422 1065 2453 1101 a
2480 1063 2585 1117 qua
2611 1055 2840 1102 eatenus
2875 1046 3092 1101 fuerant
3122 1046 3316 1101 divinae
3355 1045 3599 1101 scientia:
3628 1022 3769 1100 falce

2174 1139 2413 1208 praecisi.
2454 1137 2534 1192 llli
2580 1144 2761 1193 autem
2805 1137 3068 1208 episcopi,
3111 1137 3305 1207 quibus
3349 1133 3766 1190 administrandi

2174 1230 2391 1284 licentia
2431 1231 2692 1292 redditur,
2724 1246 2830 1284 non
2858 1245 2926 1285 ex
2966 1229 3104 1283 male
3140 1237 3380 1283 mercata
3413 1228 3582 1285 veteri
3611 1225 3766 1282 ordi-

2175 1322 2394 1387 natione
2430 1322 2497 1376 ad
2543 1321 2798 1393 amissum
2846 1331 3171 1390 reparantur
3209 1319 3477 1383 officium,
3531 1320 3624 1376 sed
3673 1319 3768 1377 illa

2173 1413 2353 1482 potius
2383 1413 2524 1468 beati
2566 1413 2931 1487 apostolorum
2960 1413 3220 1484 principis
3257 1411 3627 1468 efﬁcacissima
3669 1425 3768 1464 au-

2175 1502 2448 1566 ctoritate.
2480 1519 2585 1573 qua
2635 1504 2689 1558 in
2716 1505 2932 1558 beatum
2975 1503 3338 1572 Apollinarem
3384 1512 3607 1571 repente
3634 1516 3769 1555 usus

2174 1602 2288 1658 est,
2323 1595 2552 1650 dicens:
2587 1595 2779 1666 Surge,
2829 1595 3012 1664 accipe
3061 1595 3321 1665 Spiritum
3373 1607 3642 1657 sanctum,
3691 1594 3768 1648 si-

474 1681 884 1751 quampfuribus
911 1682 1216 1736 rationibus
1265 1681 1331 1736 de
1359 1684 1715 1754 prmrogativa
1745 1691 1797 1737 et
1829 1682 2064 1751 primatu
2099 1699 2143 1757 Β
2173 1685 2391 1755 mulque
2413 1686 2807 1756 pontificatum.
2835 1685 2959 1740 Haec
2985 1696 3167 1740 autem
3199 1687 3473 1740 succincte
3497 1683 3767 1753 perstrin:

470 1776 616 1829 sedis
643 1774 954 1846 apostolica:
981 1773 1228 1838 redditis,
1273 1775 1502 1843 populus
1529 1775 1752 1830 omnino
1776 1774 2067 1829 benevolus

470 1869 735 1932 redditur,
781 1883 1005 1937 seseque
1049 1876 1431 1921 exsecuturum
1475 1868 1737 1937 quidquid
1785 1866 2068 1938 iniungere

469 1960 765 2030 placuisset
793 1959 1122 2013 unanimiter
1151 1959 1458 2031 pollicetur.
1489 1959 1627 2024 Quid
1664 1958 1847 2013 multis
1877 1959 2067 2012 inuno-

471 2051 598 2104 ror?
640 2051 812 2105 Adest
839 2049 1164 2104 clericorum
1206 2050 1569 2120 perplurimus
1613 2050 1702 2105 ille
1741 2061 2062 2116 conventus,

469 2141 564 2209 qui
596 2156 664 2195 ex
693 2140 842 2194 omni
881 2139 1240 2194 Ambrosiana
1294 2141 1573 2210 parochia,
1622 2140 1776 2210 quasi
1822 2142 1888 2196 ad
1935 2156 2063 2212 syn-

468 2230 660 2296 odum,
696 2229 873 2285 fuerat
901 2238 1251 2285 convocatus.
1276 2229 1650 2286 Communiter
1678 2246 1808 2302 ergo
1831 2240 1886 2287 et
1913 2231 2065 2301 sigil-

471 2323 624 2378 latim
660 2324 889 2392 quisque
933 2322 1290 2392 perquiritur,
1343 2332 1397 2377 et
1427 2322 1518 2377 vix
1568 2337 1598 2378 e
1651 2332 1804 2378 tanto
1840 2338 2066 2378 numero

473 2414 744 2484 quispiam
772 2420 1052 2483 promotus
1075 2412 1142 2465 ad
1167 2411 1389 2466 ordines
1420 2412 1538 2467 sine
1567 2413 1742 2483 pretio
1769 2413 2061 2483 reperitur.

473 2503 573 2557 Hie
606 2504 786 2572 itaque
808 2511 942 2572 quot
970 2502 1114 2558 curis
1137 2499 1391 2568 amictus,
1417 2511 1549 2572 quot
1573 2503 1644 2558 sit
1675 2504 2064 2575 cogitationum

469 2593 709 2648 stimulis
745 2593 993 2648 taediatus
1027 2592 1151 2661 quis
1176 2592 1449 2663 explicet?
1488 2592 1620 2648 Tam
1650 2593 1772 2649 lata:
1797 2595 2064 2665 siquidem

470 2684 744 2749 diwcesis,
775 2694 884 2739 tam
913 2683 1115 2738 nobilis
1142 2683 1292 2738 urbis
1334 2699 1524 2739 omnes
1552 2685 1832 2749 ecclesias.
1859 2697 1919 2742 ut
1948 2702 2066 2741 ver-

470 2775 556 2830 bis
582 2784 704 2828 utar
749 2775 943 2846 ipsius,
988 2776 1160 2830 sacris
1203 2777 1476 2847 mysteriis
1513 2777 1914 2847 quodammodo
1942 2794 2066 2848 pro-

471 2866 686 2932 fanare,
715 2867 1038 2922 Christianae
1066 2868 1348 2922 videbatur
1376 2867 1656 2939 religionis
1691 2870 1927 2924 eversio.
1960 2870 2065 2925 Sed

470 2969 526 3016 et
557 2960 851 3031 litigiosum
892 2968 1010 3014 erat
1059 2959 1336 3030 indulgere
1381 2962 1590 3030 paucis,
1639 2977 1760 3016 cum
1807 2963 1923 3018 fere
1951 2979 2066 3017 om-

2170 1792 2298 1847 gere
2328 1777 2538 1842 curavi,-
2580 1786 2639 1830 ut
2685 1786 2881 1832 caetera
2926 1777 3094 1847 ipsius
3123 1784 3294 1846 gesta,
3342 1777 3537 1830 horum
3584 1775 3772 1844 inspe-

2169 1868 2373 1934 ctione,
2403 1869 2614 1940 possint
2642 1869 2870 1923 adverti.
2901 1868 3017 1934 Quo
3045 1869 3275 1938 denique
3305 1867 3462 1922 modo
3489 1882 3591 1938 ego
3622 1867 3768 1920 illius

2167 1969 2291 2014 acta
2326 1975 2520 2030 queam
2566 1959 2838 2030 sigillatim
2869 1959 3194 2030 exprimere,
3242 1957 3334 2028 qui
3382 1972 3662 2028 nunquam
3711 1958 3764 2010 in

2167 2041 2352 2107 sancta
2393 2052 2633 2107 Ecclesia
2663 2052 2980 2118 desistebat,
3021 2049 3284 2122 quidquid
3328 2064 3580 2120 pravum,
3608 2048 3768 2118 quid-

2166 2144 2298 2214 quid
2348 2143 2584 2198 insolens
2629 2143 2942 2212 emergebat
2989 2150 3268 2206 evertere;
3319 2140 3586 2210 quidquid
3635 2154 3765 2193 vero

2164 2235 2314 2306 pium
2341 2249 2406 2289 ac
2433 2234 2748 2306 religiosum
2783 2233 3169 2288 advertebatur
3192 2232 3258 2287 ad
3288 2231 3490 2288 Christi
3531 2230 3764 2303 gloriam

2168 2327 2490 2382 instituere?
2519 2326 2576 2381 In
2605 2327 2801 2396 quibus
2826 2340 2956 2380 sane
2989 2313 3280 2396 operandis
3302 2340 3408 2380 non
3438 2338 3606 2394 parva
3639 2338 3763 2377 eum

2165 2417 2398 2473 facultas
2427 2417 2686 2473 divinitus
2727 2416 3111 2481 comitabatur,
3159 2431 3282 2469 cum
3323 2413 3493 2484 ipsius
3524 2413 3766 2467 auctori-

2168 2511 2296 2564 tatis
2324 2523 2559 2566 censura
2607 2508 2890 2580 penderet,
2937 2508 3066 2578 quid
3121 2507 3173 2560 in
3225 2521 3288 2560 ea
3340 2504 3763 2565 admittendum,

2165 2601 2364 2672 quidve
2404 2600 2671 2671 agendmn
2707 2599 2985 2654 canonicis
3024 2597 3396 2653 sanctionibus
3431 2594 3593 2650 foret.
3626 2593 3767 2650 Huic

2168 2693 2386 2762 quidem
2415 2691 2701 2746 assertioni
2730 2699 2839 2745 tota
2866 2689 3125 2744 Romanae
3154 2689 3304 2744 urbis
3338 2695 3632 2742 attestatur
3661 2685 3763 2739 Ec-

2165 2781 2353 2844 clesia,
2395 2795 2514 2850 quae
2549 2780 2781 2849 quodam
2829 2769 3090 2834 doctrinm
3120 2779 3262 2832 illius
3307 2776 3599 2846 splendore
3643 2775 3766 2829 illu-

2165 2883 2337 2930 strata
2381 2873 2603 2944 ejusque
2631 2872 2952 2926 auctoritate
2993 2871 3245 2932 subnixa,
3298 2858 3465 2939 ipsius
3504 2869 3766 2947 abscessu

2167 2977 2222 3022 et
2261 2968 2330 3022 ab
2359 2965 2756 3022 exhortationis
2797 2963 2964 3018 verbo
3011 2978 3070 3017 se
3114 2977 3252 3031 pene
3296 2959 3660 3023 obmutuisse,
3713 2966 3766 3011 ct

471 3053 622 3106 nium
649 3060 793 3107 esset
817 3051 970 3121 culpa
1001 3053 1338 3119 communis;
1379 3067 1478 3108 nec
1515 3053 1814 3125 legitimum
1845 3055 2062 3110 videbao
2090 3055 2134 3117 C
2168 3055 2696 3128 irrecompensabilis
2763 3051 3106 3109 auctoritatis
3163 3051 3460 3105 munimine
3516 3047 3764 3103 caruisse

471 3151 560 3196 tur
595 3142 864 3197 diversam
905 3143 958 3194 in
995 3156 1089 3195 eos
1126 3142 1344 3212 prodire
1373 3145 1731 3211 sententiam,
1766 3160 1888 3198 cum
1921 3154 2064 3200 esset

474 3248 581 3286 una
628 3232 878 3287 omnibus
912 3247 1097 3287 causa.
1152 3234 1264 3286 lloc
1306 3233 1471 3288 etiam
1508 3250 1633 3290 suas
1679 3237 2066 3304 augmentabal

471 3324 766 3393 angustias.
798 3323 934 3389 Quia
965 3323 1067 3378 nisi
1098 3323 1531 3394 qualemcunque
1559 3326 1848 3381 decisionis
1880 3327 2065 3382 calcu-

472 3413 587 3469 lum
630 3430 793 3470 causa
830 3416 933 3470 ista
978 3416 1302 3486 susciperet,
1338 3417 1444 3472 nisi
1485 3432 1610 3472 cum
1653 3433 1844 3487 magna
1892 3420 2065 3473 homi-

473 3521 604 3560 num
638 3515 822 3577 strage
862 3505 1094 3562 furentis
1129 3507 1308 3578 populi
1348 3523 1406 3563 se
1429 3507 1610 3577 jurgia
1640 3525 1748 3564 non
1787 3511 2061 3565 sedarent.

473 3599 530 3654 in
559 3608 712 3654 arcto
744 3599 928 3669 itaque
957 3601 1186 3670 positus,
1213 3601 1339 3671 quia
1369 3617 1478 3656 non
1509 3611 1724 3672 poterat
1753 3603 1892 3657 mala
1922 3603 2064 3658 illius

471 3692 728 3747 Ecclesia:
767 3707 916 3748 mera
953 3707 1223 3748 canonum
1255 3695 1582 3749 auctoritate
1617 3694 1914 3765 corrigere,
1951 3703 2064 3748 stu-

469 3782 588 3837 duit
615 3782 808 3837 saltem
833 3784 1104 3853 perversis
1130 3785 1248 3854 ejus
1271 3785 1460 3839 usibus
1484 3783 1643 3839 finem
1677 3785 1974 3855 imponere,
2001 3799 2064 3840 ac

469 3875 713 3944 gratuito
766 3877 1125 3945 promotionis
1173 3876 1423 3932 ordinem
1478 3877 1674 3932 futuris
1730 3879 2064 3948 temporibus

475 3966 782 4036 providere.
831 3966 1020 4038 Exegit
1068 3968 1252 4036 itaque
1297 3984 1406 4023 non
1457 3968 1629 4023 solum
1677 3969 1746 4023 ab
1796 3970 2064 4039 archiepi-

473 4075 642 4130 scopo
685 4059 821 4131 (49),
867 4076 1053 4116 verum
1081 4062 1246 4115 etiam
1273 4077 1303 4115 a
1346 4062 1557 4116 cunctis
1587 4060 1702 4128 ejus
1726 4060 2059 4126 oﬂicialibus,

473 4152 542 4206 ad
585 4166 724 4221 quos
771 4152 1042 4221 pertinere
1073 4153 1378 4217 videbatur,
1425 4152 1786 4207 inviolabilem
1817 4152 2062 4221 sponsio-

473 4256 595 4296 nem
626 4257 724 4312 per
755 4241 1084 4296 monimenta
1124 4240 1426 4296 litterarum
1453 4240 1588 4312 (50),
1628 4255 1726 4312 per
1753 4255 1923 4295 sacrae
1950 4255 2064 4292 ma-

469 4348 579 4388 nus
609 4341 893 4398 attactum,
922 4341 1196 4402 postremo
1231 4347 1327 4403 per
1341 4332 1717 4402 evangelicum
1753 4343 2062 4385 sacramen-

2166 3149 2426 3219 depioret.
2459 3148 2605 3206 Illius
2652 3159 2846 3215 nempe
2890 3144 3190 3200 auctoritas
3227 3157 3416 3196 onlnes
3445 3139 3766 3195 confutabat

2165 3255 2424 3296 errores:
2455 3238 2882 3306 vacillantesque
2921 3223 3251 3289 confirmans
3293 3230 3549 3302 ambigua
3595 3229 3763 3284 stabi-

2165 3332 2362 3397 liebat,
2405 3330 2730 3402 litigantium
2774 3343 2872 3382 ora
2914 3328 3195 3382 ref'rcnans
3228 3325 3590 3394 superborum
3625 3321 3761 3377 colla

2163 3423 2467 3494 premebat,
2502 3429 2820 3490 mentesque
2848 3419 3134 3475 humilium
3161 3417 3411 3470 animans
3439 3413 3760 3470 roborabat.

2680 3588 2683 3589 ν
2755 3550 2986 3608 CAPUT
3025 3547 3185 3605 XVII.

2203 3667 2381 3723 Pietas
2413 3684 2474 3722 ac
2504 3665 2791 3721 liberalitas
2816 3665 2872 3718 in
2899 3675 3150 3735 pauperes
3178 3678 3241 3715 ac
3267 3659 3538 3730 religiosos
3563 3657 3728 3713 viros.

2234 3779 2392 3835 Circa
2420 3776 2809 3833 misericordiae
2835 3789 3050 3844 quoque
3085 3787 3249 3842 opera
3275 3769 3474 3841 qualis,
3498 3777 3764 3839 quantus-

2163 3887 2268 3943 que
2294 3871 2456 3927 fuerit
2479 3872 2602 3941 quis
2625 3871 2784 3940 digne
2811 3865 3103 3937 loquatur?
3129 3863 3260 3930 Quis
3286 3877 3416 3917 sane
3445 3862 3498 3916 in
3523 3849 3766 3916 eleemo-

2164 3979 2419 4036 synarum
2465 3963 2644 4018 studio
2674 3959 2992 4030 pr0pensior
3023 3957 3136 4028 (51)
3163 3972 3176 4020 ;
3207 3955 3328 4025 quis
3373 3954 3426 4008 in
3473 3952 3763 4008 abluendis

2164 4068 2458 4123 pauperum
2503 4051 2726 4120 pedibus
2755 4047 3035 4104 devotion?
3065 4045 3197 4112 Quis
3225 4045 3276 4098 in
3321 4043 3619 4098 vestiendis
3665 4058 3762 4095 nu-

2163 4147 2267 4210 dis,
2299 4145 2352 4199 in
2381 4143 2684 4198 reficiendis
2707 4142 2916 4211 egenis,
2941 4140 2993 4194 iu
3020 4137 3303 4194 visitandis
3323 4135 3545 4206 aegrotis
3570 4149 3758 4203 prom-

2164 4239 2306 4308 ptior
2349 4236 2440 4290 illo
2467 4235 2643 4305 potuit
2673 4247 2793 4287 esse
2823 4231 3097 4301 unquam?
3140 4228 3222 4283 Ab
3253 4225 3555 4282 istiusmodi
3598 4240 3759 4278 nam-

2164 4345 2268 4398 que
2293 4327 2547 4398 operibus
2582 4324 2726 4379 nulla
2756 4339 2889 4394 pene
2926 4322 2999 4376 illi
3028 4321 3143 4401 dies
3167 4317 3417 4384 vacabat,
3447 4317 3762 4385 ubicunque

469 4431 607 4488 tum,
655 4425 721 4478 de
750 4423 1058 4479 Simoniaca
1104 4423 1226 4480 labe
1267 4433 1322 4479 et
1351 4423 1734 4480 Nicolaitarum
1769 4422 1961 4478 haeresi
1992 4438 2057 4477 ex
2092 4422 2138 4479 Ι)
2167 4424 2268 4478 hoc
2296 4423 2409 4477 fieri
2441 4421 2700 4500 temporis
2725 4427 2820 4473 aut
2861 4418 2966 4472 loci
2992 4414 3346 4488 congruentia
3382 4410 3758 4481 permittebat,

472 4520 606 4567 tunc
627 4521 684 4570 et
707 4511 961 4584 deinceps
985 4513 1232 4578 delenda,
1271 4514 1618 4583 funditustrue
1655 4528 1753 4585 pro
1791 4513 1904 4568 suis
1936 4514 2062 4568 viri-

475 4604 579 4660 bus
611 4599 840 4661 fideliter
866 4606 1237 4676 eXStitpanda.
1270 4605 1366 4661 His
1396 4620 1523 4660 vero
1551 4607 1623 4660 ita
1664 4605 1852 4676 gestis,
1895 4605 2062 4674 pluri—

473 4711 692 4752 morum
735 4707 1044 4753 sanctorum
1081 4697 1300 4750 Patrum
1331 4713 1598 4753 canonum
1645 4695 1939 4750 auctoritas
1965 4710 2061 4749 ex-

472 4787 744 4858 quiritur;
789 4790 984 4860 quibus
1011 4789 1396 4855 consideratis,
1424 4787 1750 4844 necessariae
1777 4785 2060 4841 discretio~

473 4882 563 4937 nis
611 4883 978 4938 moderamine
1025 4885 1199 4939 visum
1248 4894 1357 4948 est,
1411 4891 1470 4936 ut
1517 4892 1707 4935 omnes
1747 4877 1828 4930 illi
1875 4876 2059 4958 clerici

2164 4526 2219 4574 et
2240 4518 2365 4573 dum
2396 4517 2495 4572 ista
2518 4516 2696 4571 ubivis
2715 4515 2955 4568 locorum
2981 4525 3143 4580 agere
3165 4524 3270 4562 non
3293 4506 3602 4568 desisteret,
3628 4501 3758 4574 quid

2165 4596 2484 4678 putandum,
2507 4623 2628 4662 cum
2657 4604 2795 4675 apud
2819 4601 3152 4672 episcOpium
3179 4595 3461 4652 maneret?
3481 4594 3556 4649 Ibi
3581 4594 3757 4661 siqui-

2165 4701 2286 4754 dem
2314 4699 2469 4754 tnrba
2495 4712 2786 4769 pauperum
2810 4691 3134 4762 episcopalia
3160 4689 3342 4744 limina
3367 4685 3614 4756 quotidie
3643 4683 3757 4738 fre-

2165 4796 2480 4857 quentante,
2521 4785 2608 4839 alii
2651 4783 2878 4859 dapibys
2917 4779 3178 4850 appositis
3221 4774 3632 4838 reficiebantur,
3663 4772 3754 4825 alii

2167 4888 2389 4950 accepta
2435 4878 2574 4947 stipe
2618 4873 3062 4938 revertebantur;
3110 4886 3177 4925 ex
3219 4867 3413 4938 quibus
3454 4863 3757 4935 assumptis

1611 5011 1980 5071 GODEFRIDI
2023 5011 2433 5068 IIENSCHENII
2458 5010 2688 5068 NOTE.

546 5129 663 5202 (48)
689 5127 785 5184 His
813 5130 984 5199 itaque
1005 5129 1242 5202 aliisque,
1275 5137 1377 5183 etc.
1403 5128 1532 5184 Alia:
1559 5127 1800 5180 rationes
1821 5136 2065 5176 excussa:

479 5212 609 5258 sunt
637 5205 690 5256 in
730 5203 872 5254 dicto
896 5216 1082 5269 opusc.
1106 5201 1158 5253 5.

507 5343 522 5350 _
551 5271 663 5341 (49)
699 5270 824 5324 Νοη
851 5259 1018 5350 solum
1051 5270 1114 5322 ab
1138 5270 1549 5350 archiepiscopo.
1579 5265 1740 5350 )Vitlo
1767 5259 2061 5350 \lalvasso:

2177 5136 2321 5181 sum,
2351 5118 2482 5172 varii
2511 5135 2542 5174 e
2567 5119 2712 5174 clero
2742 5116 3119 5171 suliserihunt.
3152 5111 3239 5165 ubi
3265 5120 3319 5163 ct
3344 5107 3580 5181 formula
3604 5107 3756 5172 jura-

2177 5179 2375 5253 menti,
2419 5190 2724 5243 testimonia
2755 5197 3062 5240 sanctorum
3091 5183 3314 5253 Patrum
3349 5190 3402 5231 et
3429 5179 3756 5245 pmnitenta

2175 5270 2280 5314 tam
2311 5251 2378 5315 ali
2406 5261 2810 5328 archiepiscopo
2836 5272 2999 5324 quam
3034 5270 3063 5306 a
3113 5251 3325 5307 clericis
3354 5256 3612 5316 suscepta
3646 5258 3755 5300 tra~
