  <div class='ocr_page' id='page_1' title='image "/cluster/home/n/w/nwhite01/storage/ocr_20150623/144/hvd.32044010574010/074.png"; bbox 0 0 3982 5350; ppageno 0'>
   <div class='ocr_carea' id='block_1_1' title="bbox 182 289 280 353">
    <p class='ocr_par' dir='ltr' id='par_1_1' title="bbox 182 289 280 353">
     <span class='ocr_line' id='line_1_1' title="bbox 182 289 280 353; baseline -0.082 1"><span class='ocrx_word' id='word_1_1' title='bbox 182 289 280 353; x_wconf 45' lang='grc' dir='ltr'><strong>ιτς)</strong></span> 
     </span>
    </p>
   </div>
   <div class='ocr_carea' id='block_1_2' title="bbox 951 286 2473 350">
    <p class='ocr_par' dir='ltr' id='par_1_2' title="bbox 951 286 2473 350">
     <span class='ocr_line' id='line_1_2' title="bbox 951 286 2473 350; baseline -0.005 -1"><span class='ocrx_word' id='word_1_2' title='bbox 951 286 1490 350; x_wconf 63' lang='grc' dir='ltr'><strong>ῬΒὈΕΕΠΟΜΕΝᾹ.</strong></span> <span class='ocrx_word' id='word_1_3' title='bbox 1527 319 1596 329; x_wconf 91' lang='lat'><strong>-—</strong></span> <span class='ocrx_word' id='word_1_4' title='bbox 1635 287 1795 345; x_wconf 68' lang='lat' dir='ltr'><strong>“TA</strong></span> <span class='ocrx_word' id='word_1_5' title='bbox 1833 290 1891 345; x_wconf 78' lang='lat' dir='ltr'><strong>S.</strong></span> <span class='ocrx_word' id='word_1_6' title='bbox 1934 289 2136 346; x_wconf 76' lang='lat' dir='ltr'><strong>PETRI</strong></span> <span class='ocrx_word' id='word_1_7' title='bbox 2172 288 2473 348; x_wconf 74' lang='lat' dir='ltr'><strong>DAMIAM.</strong></span> 
     </span>
    </p>
   </div>
   <div class='ocr_carea' id='block_1_3' title="bbox 3329 288 3474 346">
    <p class='ocr_par' dir='ltr' id='par_1_3' title="bbox 3329 288 3474 346">
     <span class='ocr_line' id='line_1_3' title="bbox 3329 288 3474 346; baseline 0.007 -2"><span class='ocrx_word' id='word_1_8' title='bbox 3329 288 3433 346; x_wconf 73' lang='lat' dir='ltr'><strong>I38</strong></span> <span class='ocrx_word' id='word_1_9' title='bbox 3463 323 3474 336; x_wconf 87' lang='lat'><strong>-</strong></span> 
     </span>
    </p>
   </div>
   <div class='ocr_carea' id='block_1_4' title="bbox 184 393 3439 476">
    <p class='ocr_par' dir='ltr' id='par_1_4' title="bbox 184 393 3439 476">
     <span class='ocr_line' id='line_1_4' title="bbox 184 393 3439 476; baseline 0.001 -19"><span class='ocrx_word' id='word_1_10' title='bbox 184 408 464 460; x_wconf 76' lang='lat' dir='ltr'><strong>duodecim</strong></span> <span class='ocrx_word' id='word_1_11' title='bbox 492 420 680 462; x_wconf 88' lang='lat' dir='ltr'><strong>eorum</strong></span> <span class='ocrx_word' id='word_1_12' title='bbox 701 404 925 461; x_wconf 57' lang='lat' dir='ltr'><strong>assidue</strong></span> <span class='ocrx_word' id='word_1_13' title='bbox 949 404 1112 475; x_wconf 80' lang='lat' dir='ltr'><strong>pedes</strong></span> <span class='ocrx_word' id='word_1_14' title='bbox 1133 400 1371 461; x_wconf 86' lang='lat' dir='ltr'><strong>lavabat.</strong></span> <span class='ocrx_word' id='word_1_15' title='bbox 1413 393 1758 456; x_wconf 55' lang='lat' dir='ltr'><strong>Pra‘te&#39;rea‘m</strong></span> <span class='ocrx_word' id='word_1_16' title='bbox 1787 403 1836 464; x_wconf 80' lang='grc' dir='ltr'><strong>Α</strong></span> <span class='ocrx_word' id='word_1_17' title='bbox 1864 401 2072 456; x_wconf 60' lang='lat' dir='ltr'><strong>cellula!</strong></span> <span class='ocrx_word' id='word_1_18' title='bbox 2104 400 2380 458; x_wconf 88' lang='lat' dir='ltr'><strong>mactabat</strong></span> <span class='ocrx_word' id='word_1_19' title='bbox 2420 400 2725 473; x_wconf 74' lang='lat' dir='ltr'><strong>ergastulo;</strong></span> <span class='ocrx_word' id='word_1_20' title='bbox 2772 402 3047 476; x_wconf 73' lang='lat' dir='ltr'><strong>quotidie,</strong></span> <span class='ocrx_word' id='word_1_21' title='bbox 3095 415 3296 476; x_wconf 77' lang='lat' dir='ltr'><strong>prteter</strong></span> <span class='ocrx_word' id='word_1_22' title='bbox 3320 406 3439 466; x_wconf 79' lang='lat' dir='ltr'><strong>dies</strong></span> 
     </span>
    </p>
   </div>
   <div class='ocr_carea' id='block_1_5' title="bbox 181 492 1756 568">
    <p class='ocr_par' dir='ltr' id='par_1_5' title="bbox 181 492 1756 568">
     <span class='ocr_line' id='line_1_5' title="bbox 181 492 1756 568; baseline -0.004 -16"><span class='ocrx_word' id='word_1_23' title='bbox 181 499 290 552; x_wconf 84' lang='lat' dir='ltr'><strong>suis</strong></span> <span class='ocrx_word' id='word_1_24' title='bbox 311 493 656 562; x_wconf 69' lang='lat' dir='ltr'><strong>conviviitlis,</strong></span> <span class='ocrx_word' id='word_1_25' title='bbox 683 511 801 568; x_wconf 59' lang='lat' dir='ltr'><strong>quas</strong></span> <span class='ocrx_word' id='word_1_26' title='bbox 836 510 1050 566; x_wconf 82' lang='lat' dir='ltr'><strong>semper</strong></span> <span class='ocrx_word' id='word_1_27' title='bbox 1073 510 1141 549; x_wconf 79' lang='lat' dir='ltr'><strong>ex</strong></span> <span class='ocrx_word' id='word_1_28' title='bbox 1183 502 1332 549; x_wconf 87' lang='lat' dir='ltr'><strong>more</strong></span> <span class='ocrx_word' id='word_1_29' title='bbox 1366 508 1489 548; x_wconf 91' lang='lat' dir='ltr'><strong>cum</strong></span> <span class='ocrx_word' id='word_1_30' title='bbox 1530 492 1756 562; x_wconf 84' lang='lat' dir='ltr'><strong>hospiti-</strong></span> 
     </span>
    </p>
   </div>
   <div class='ocr_carea' id='block_1_6' title="bbox 181 573 1763 658">
    <p class='ocr_par' dir='ltr' id='par_1_6' title="bbox 181 573 1763 658">
     <span class='ocr_line' id='line_1_6' title="bbox 181 573 1763 658; baseline -0.001 -19"><span class='ocrx_word' id='word_1_31' title='bbox 181 587 276 644; x_wconf 87' lang='lat' dir='ltr'><strong>bus</strong></span> <span class='ocrx_word' id='word_1_32' title='bbox 301 587 760 654; x_wconf 88' lang='lat' dir='ltr'><strong>communicabat,</strong></span> <span class='ocrx_word' id='word_1_33' title='bbox 804 588 850 642; x_wconf 85' lang='lat' dir='ltr'><strong>si</strong></span> <span class='ocrx_word' id='word_1_34' title='bbox 881 588 973 658; x_wconf 87' lang='lat' dir='ltr'><strong>qui</strong></span> <span class='ocrx_word' id='word_1_35' title='bbox 1017 575 1171 658; x_wconf 85' lang='lat' dir='ltr'><strong>egeni</strong></span> <span class='ocrx_word' id='word_1_36' title='bbox 1209 573 1638 658; x_wconf 76' lang='lat' dir='ltr'><strong>circumquaque</strong></span> <span class='ocrx_word' id='word_1_37' title='bbox 1665 599 1763 655; x_wconf 90' lang='lat' dir='ltr'><strong>per</strong></span> 
     </span>
    </p>
   </div>
   <div class='ocr_carea' id='block_1_7' title="bbox 182 675 1762 749">
    <p class='ocr_par' dir='ltr' id='par_1_7' title="bbox 182 675 1762 749">
     <span class='ocr_line' id='line_1_7' title="bbox 182 675 1762 749; baseline -0.003 -15"><span class='ocrx_word' id='word_1_38' title='bbox 182 680 451 749; x_wconf 72' lang='lat' dir='ltr'><strong>regionem</strong></span> <span class='ocrx_word' id='word_1_39' title='bbox 499 678 711 734; x_wconf 84' lang='lat' dir='ltr'><strong>lectulis</strong></span> <span class='ocrx_word' id='word_1_40' title='bbox 742 680 1158 745; x_wconf 82' lang='lat' dir='ltr'><strong>decumbebant,</strong></span> <span class='ocrx_word' id='word_1_41' title='bbox 1183 677 1428 734; x_wconf 80' lang='lat' dir='ltr'><strong>oblivisci</strong></span> <span class='ocrx_word' id='word_1_42' title='bbox 1458 678 1526 733; x_wconf 86' lang='lat' dir='ltr'><strong>ab</strong></span> <span class='ocrx_word' id='word_1_43' title='bbox 1565 675 1762 732; x_wconf 80' lang='lat' dir='ltr'><strong>conii-</strong></span> 
     </span>
    </p>
   </div>
   <div class='ocr_carea' id='block_1_8' title="bbox 182 770 1763 841">
    <p class='ocr_par' dir='ltr' id='par_1_8' title="bbox 182 770 1763 841">
     <span class='ocr_line' id='line_1_8' title="bbox 182 770 1763 841; baseline 0 -19"><span class='ocrx_word' id='word_1_44' title='bbox 182 771 319 824; x_wconf 88' lang='lat' dir='ltr'><strong>nime</strong></span> <span class='ocrx_word' id='word_1_45' title='bbox 345 779 622 840; x_wconf 81' lang='lat' dir='ltr'><strong>poterant,</strong></span> <span class='ocrx_word' id='word_1_46' title='bbox 647 771 770 825; x_wconf 90' lang='lat' dir='ltr'><strong>dum</strong></span> <span class='ocrx_word' id='word_1_47' title='bbox 797 770 1094 841; x_wconf 89' lang='lat' dir='ltr'><strong>quemlibet</strong></span> <span class='ocrx_word' id='word_1_48' title='bbox 1119 785 1365 833; x_wconf 88' lang='lat' dir='ltr'><strong>suorum,</strong></span> <span class='ocrx_word' id='word_1_49' title='bbox 1387 785 1546 840; x_wconf 86' lang='lat' dir='ltr'><strong>quem</strong></span> <span class='ocrx_word' id='word_1_50' title='bbox 1571 770 1763 824; x_wconf 86' lang='lat' dir='ltr'><strong>timere</strong></span> 
     </span>
    </p>
   </div>
   <div class='ocr_carea' id='block_1_9' title="bbox 184 857 1761 930">
    <p class='ocr_par' dir='ltr' id='par_1_9' title="bbox 184 857 1761 930">
     <span class='ocr_line' id='line_1_9' title="bbox 184 857 1761 930; baseline -0.003 -15"><span class='ocrx_word' id='word_1_51' title='bbox 184 863 340 915; x_wconf 82' lang='lat' dir='ltr'><strong>Deum</strong></span> <span class='ocrx_word' id='word_1_52' title='bbox 385 863 593 915; x_wconf 83' lang='lat' dir='ltr'><strong>arctius</strong></span> <span class='ocrx_word' id='word_1_53' title='bbox 632 861 814 924; x_wconf 82' lang='lat' dir='ltr'><strong>sciret,</strong></span> <span class='ocrx_word' id='word_1_54' title='bbox 841 861 907 915; x_wconf 85' lang='lat' dir='ltr'><strong>ad</strong></span> <span class='ocrx_word' id='word_1_55' title='bbox 934 862 1126 915; x_wconf 87' lang='lat' dir='ltr'><strong>horum</strong></span> <span class='ocrx_word' id='word_1_56' title='bbox 1159 861 1517 915; x_wconf 80' lang='lat' dir='ltr'><strong>ministerium</strong></span> <span class='ocrx_word' id='word_1_57' title='bbox 1551 857 1761 930; x_wconf 86' lang='lat' dir='ltr'><strong>specia-</strong></span> 
     </span>
    </p>
   </div>
   <div class='ocr_carea' id='block_1_10' title="bbox 177 949 1764 1022">
    <p class='ocr_par' dir='ltr' id='par_1_10' title="bbox 177 949 1764 1022">
     <span class='ocr_line' id='line_1_10' title="bbox 177 949 1764 1022; baseline -0.001 -18"><span class='ocrx_word' id='word_1_58' title='bbox 177 951 295 1004; x_wconf 88' lang='lat' dir='ltr'><strong>liter</strong></span> <span class='ocrx_word' id='word_1_59' title='bbox 317 951 640 1021; x_wconf 86' lang='lat' dir='ltr'><strong>deputatum</strong></span> <span class='ocrx_word' id='word_1_60' title='bbox 664 965 878 1020; x_wconf 80' lang='lat' dir='ltr'><strong>semper</strong></span> <span class='ocrx_word' id='word_1_61' title='bbox 917 951 1162 1006; x_wconf 84' lang='lat' dir='ltr'><strong>haberet.</strong></span> <span class='ocrx_word' id='word_1_62' title='bbox 1208 949 1524 1022; x_wconf 87' lang='lat' dir='ltr'><strong>Hujusmodi</strong></span> <span class='ocrx_word' id='word_1_63' title='bbox 1565 949 1764 1020; x_wconf 81' lang='lat' dir='ltr'><strong>quippe</strong></span> 
     </span>
    </p>
   </div>
   <div class='ocr_carea' id='block_1_11' title="bbox 178 1040 1762 1112">
    <p class='ocr_par' dir='ltr' id='par_1_11' title="bbox 178 1040 1762 1112">
     <span class='ocr_line' id='line_1_11' title="bbox 178 1040 1762 1112; baseline -0.003 -16"><span class='ocrx_word' id='word_1_64' title='bbox 178 1042 367 1098; x_wconf 83' lang='lat' dir='ltr'><strong>studiis</strong></span> <span class='ocrx_word' id='word_1_65' title='bbox 393 1043 618 1097; x_wconf 86' lang='lat' dir='ltr'><strong>assidua</strong></span> <span class='ocrx_word' id='word_1_66' title='bbox 649 1043 1035 1097; x_wconf 76' lang='lat' dir='ltr'><strong>exercitatione</strong></span> <span class='ocrx_word' id='word_1_67' title='bbox 1065 1041 1382 1112; x_wconf 85' lang='lat' dir='ltr'><strong>persistens,</strong></span> <span class='ocrx_word' id='word_1_68' title='bbox 1417 1040 1614 1095; x_wconf 83' lang='lat' dir='ltr'><strong>talibus</strong></span> <span class='ocrx_word' id='word_1_69' title='bbox 1633 1055 1762 1111; x_wconf 78' lang='lat' dir='ltr'><strong>gra-</strong></span> 
     </span>
    </p>
   </div>
   <div class='ocr_carea' id='block_1_12' title="bbox 179 1129 1764 1189">
    <p class='ocr_par' dir='ltr' id='par_1_12' title="bbox 179 1129 1764 1189">
     <span class='ocr_line' id='line_1_12' title="bbox 179 1129 1764 1189; baseline -0.001 -3"><span class='ocrx_word' id='word_1_70' title='bbox 179 1133 452 1186; x_wconf 85' lang='lat' dir='ltr'><strong>tulabatur</strong></span> <span class='ocrx_word' id='word_1_71' title='bbox 511 1132 793 1188; x_wconf 82' lang='lat' dir='ltr'><strong>latioribus</strong></span> <span class='ocrx_word' id='word_1_72' title='bbox 848 1131 1133 1189; x_wconf 72' lang='lat' dir='ltr'><strong>facultates</strong></span> <span class='ocrx_word' id='word_1_73' title='bbox 1187 1129 1447 1188; x_wconf 71' lang='lat' dir='ltr'><strong>Ecclesia:</strong></span> <span class='ocrx_word' id='word_1_74' title='bbox 1496 1129 1764 1186; x_wconf 67' lang='lat' dir='ltr'><strong>thesauris</strong></span> 
     </span>
    </p>
   </div>
   <div class='ocr_carea' id='block_1_13' title="bbox 179 1222 1764 1294">
    <p class='ocr_par' dir='ltr' id='par_1_13' title="bbox 179 1222 1764 1294">
     <span class='ocr_line' id='line_1_13' title="bbox 179 1222 1764 1294; baseline -0.002 -16"><span class='ocrx_word' id='word_1_75' title='bbox 179 1222 430 1278; x_wconf 73' lang='lat' dir='ltr'><strong>infercire</strong></span> <span class='ocrx_word' id='word_1_76' title='bbox 447 1224 796 1290; x_wconf 65' lang='lat' dir='ltr'><strong>codcstibus,</strong></span> <span class='ocrx_word' id='word_1_77' title='bbox 833 1239 970 1294; x_wconf 89' lang='lat' dir='ltr'><strong>quas</strong></span> <span class='ocrx_word' id='word_1_78' title='bbox 1012 1223 1217 1280; x_wconf 86' lang='lat' dir='ltr'><strong>scilicet</strong></span> <span class='ocrx_word' id='word_1_79' title='bbox 1240 1223 1302 1279; x_wconf 84' lang='lat' dir='ltr'><strong>in</strong></span> <span class='ocrx_word' id='word_1_80' title='bbox 1348 1223 1582 1294; x_wconf 76' lang='lat' dir='ltr'><strong>prppriis</strong></span> <span class='ocrx_word' id='word_1_81' title='bbox 1622 1239 1764 1276; x_wconf 87' lang='lat' dir='ltr'><strong>sum-</strong></span> 
     </span>
    </p>
   </div>
   <div class='ocr_carea' id='block_1_14' title="bbox 179 1315 1762 1386">
    <p class='ocr_par' dir='ltr' id='par_1_14' title="bbox 179 1315 1762 1386">
     <span class='ocr_line' id='line_1_14' title="bbox 179 1315 1762 1386; baseline 0.001 -19"><span class='ocrx_word' id='word_1_82' title='bbox 179 1328 394 1383; x_wconf 85' lang='lat' dir='ltr'><strong>mopere</strong></span> <span class='ocrx_word' id='word_1_83' title='bbox 422 1315 701 1371; x_wconf 84' lang='lat' dir='ltr'><strong>devilabat</strong></span> <span class='ocrx_word' id='word_1_84' title='bbox 724 1328 1004 1371; x_wconf 89' lang='lat' dir='ltr'><strong>assumere</strong></span> <span class='ocrx_word' id='word_1_85' title='bbox 1040 1315 1361 1386; x_wconf 84' lang='lat' dir='ltr'><strong>sumptibus.</strong></span> <span class='ocrx_word' id='word_1_86' title='bbox 1401 1315 1594 1372; x_wconf 79' lang='lat' dir='ltr'><strong>Aiebat</strong></span> <span class='ocrx_word' id='word_1_87' title='bbox 1617 1316 1762 1372; x_wconf 76' lang='lat' dir='ltr'><strong>cuitu</strong></span> 
     </span>
    </p>
   </div>
   <div class='ocr_carea' id='block_1_15' title="bbox 170 1406 1761 1470">
    <p class='ocr_par' dir='ltr' id='par_1_15' title="bbox 170 1406 1761 1470">
     <span class='ocr_line' id='line_1_15' title="bbox 170 1406 1761 1470; baseline 0 -11"><span class='ocrx_word' id='word_1_88' title='bbox 170 1413 230 1459; x_wconf 57' lang='lat' dir='ltr'><strong>te</strong></span> <span class='ocrx_word' id='word_1_89' title='bbox 261 1407 674 1462; x_wconf 71' lang='lat' dir='ltr'><strong>Doluinicarunt</strong></span> <span class='ocrx_word' id='word_1_90' title='bbox 708 1416 888 1464; x_wconf 84' lang='lat' dir='ltr'><strong>rerum</strong></span> <span class='ocrx_word' id='word_1_91' title='bbox 917 1409 1266 1463; x_wconf 80' lang='lat' dir='ltr'><strong>constitutam</strong></span> <span class='ocrx_word' id='word_1_92' title='bbox 1297 1406 1410 1462; x_wconf 84' lang='lat' dir='ltr'><strong>lore</strong></span> <span class='ocrx_word' id='word_1_93' title='bbox 1435 1406 1761 1470; x_wconf 84' lang='lat' dir='ltr'><strong>ministrum,</strong></span> 
     </span>
    </p>
   </div>
   <div class='ocr_carea' id='block_1_16' title="bbox 179 1494 1765 1569">
    <p class='ocr_par' dir='ltr' id='par_1_16' title="bbox 179 1494 1765 1569">
     <span class='ocr_line' id='line_1_16' title="bbox 179 1494 1765 1569; baseline 0 -19"><span class='ocrx_word' id='word_1_94' title='bbox 179 1512 278 1550; x_wconf 90' lang='lat' dir='ltr'><strong>non</strong></span> <span class='ocrx_word' id='word_1_95' title='bbox 307 1497 627 1563; x_wconf 86' lang='lat' dir='ltr'><strong>dominum;</strong></span> <span class='ocrx_word' id='word_1_96' title='bbox 661 1499 1109 1569; x_wconf 82' lang='lat' dir='ltr'><strong>dispensatorem,</strong></span> <span class='ocrx_word' id='word_1_97' title='bbox 1141 1513 1246 1552; x_wconf 83' lang='lat' dir='ltr'><strong>non</strong></span> <span class='ocrx_word' id='word_1_98' title='bbox 1276 1511 1662 1568; x_wconf 84' lang='lat' dir='ltr'><strong>possessorem.</strong></span> <span class='ocrx_word' id='word_1_99' title='bbox 1695 1494 1765 1552; x_wconf 89' lang='lat' dir='ltr'><strong>Ut</strong></span> 
     </span>
    </p>
   </div>
   <div class='ocr_carea' id='block_1_17' title="bbox 1861 478 3437 565">
    <p class='ocr_par' dir='ltr' id='par_1_17' title="bbox 1861 478 3437 565">
     <span class='ocr_line' id='line_1_17' title="bbox 1861 478 3437 565; baseline 0.005 -19"><span class='ocrx_word' id='word_1_100' title='bbox 1861 491 2048 556; x_wconf 79' lang='lat' dir='ltr'><strong>festos,</strong></span> <span class='ocrx_word' id='word_1_101' title='bbox 2072 491 2388 565; x_wconf 87' lang='lat' dir='ltr'><strong>jejunando.</strong></span> <span class='ocrx_word' id='word_1_102' title='bbox 2425 492 2686 548; x_wconf 80' lang='lat' dir='ltr'><strong>cantabra</strong></span> <span class='ocrx_word' id='word_1_103' title='bbox 2717 509 2858 563; x_wconf 87' lang='lat' dir='ltr'><strong>pane</strong></span> <span class='ocrx_word' id='word_1_104' title='bbox 2889 478 3002 565; x_wconf 68' lang='lat'><strong>(53)</strong></span> <span class='ocrx_word' id='word_1_105' title='bbox 3030 509 3152 549; x_wconf 90' lang='lat' dir='ltr'><strong>cum</strong></span> <span class='ocrx_word' id='word_1_106' title='bbox 3183 497 3437 554; x_wconf 86' lang='lat' dir='ltr'><strong>hesterna</strong></span> 
     </span>
    </p>
   </div>
   <div class='ocr_carea' id='block_1_18' title="bbox 1859 583 3439 657">
    <p class='ocr_par' dir='ltr' id='par_1_18' title="bbox 1859 583 3439 657">
     <span class='ocr_line' id='line_1_18' title="bbox 1859 583 3439 657; baseline 0.004 -19"><span class='ocrx_word' id='word_1_107' title='bbox 1859 595 1997 653; x_wconf 86' lang='lat' dir='ltr'><strong>aqua</strong></span> <span class='ocrx_word' id='word_1_108' title='bbox 2021 587 2307 651; x_wconf 82' lang='lat' dir='ltr'><strong>vescendo,</strong></span> <span class='ocrx_word' id='word_1_109' title='bbox 2338 599 2544 656; x_wconf 89' lang='lat' dir='ltr'><strong>suoque</strong></span> <span class='ocrx_word' id='word_1_110' title='bbox 2563 584 2811 655; x_wconf 82' lang='lat' dir='ltr'><strong>corpori.</strong></span> <span class='ocrx_word' id='word_1_111' title='bbox 2843 585 2968 642; x_wconf 88' lang='lat' dir='ltr'><strong>licet</strong></span> <span class='ocrx_word' id='word_1_112' title='bbox 2995 583 3278 657; x_wconf 74' lang='lat' dir='ltr'><strong>senlojam</strong></span> <span class='ocrx_word' id='word_1_113' title='bbox 3309 604 3439 644; x_wconf 87' lang='lat' dir='ltr'><strong>con-</strong></span> 
     </span>
    </p>
   </div>
   <div class='ocr_carea' id='block_1_19' title="bbox 1862 664 3438 750">
    <p class='ocr_par' dir='ltr' id='par_1_19' title="bbox 1862 664 3438 750">
     <span class='ocr_line' id='line_1_19' title="bbox 1862 664 3438 750; baseline 0.001 -18"><span class='ocrx_word' id='word_1_114' title='bbox 1862 678 2003 734; x_wconf 79' lang='lat' dir='ltr'><strong>fecto</strong></span> <span class='ocrx_word' id='word_1_115' title='bbox 2032 693 2096 734; x_wconf 81' lang='lat' dir='ltr'><strong>ac</strong></span> <span class='ocrx_word' id='word_1_116' title='bbox 2115 664 2356 748; x_wconf 72' lang='lat' dir='ltr'><strong>pluribus</strong></span> <span class='ocrx_word' id='word_1_117' title='bbox 2388 675 2580 734; x_wconf 78' lang='lat' dir='ltr'><strong>ferreis</strong></span> <span class='ocrx_word' id='word_1_118' title='bbox 2605 677 2830 735; x_wconf 80' lang='lat' dir='ltr'><strong>nexibus</strong></span> <span class='ocrx_word' id='word_1_119' title='bbox 2859 677 3095 750; x_wconf 91' lang='lat' dir='ltr'><strong>undique</strong></span> <span class='ocrx_word' id='word_1_120' title='bbox 3123 680 3438 745; x_wconf 86' lang='lat' dir='ltr'><strong>constricto,</strong></span> 
     </span>
    </p>
   </div>
   <div class='ocr_carea' id='block_1_20' title="bbox 1853 767 3438 842">
    <p class='ocr_par' dir='ltr' id='par_1_20' title="bbox 1853 767 3438 842">
     <span class='ocr_line' id='line_1_20' title="bbox 1853 767 3438 842; baseline 0.001 -18"><span class='ocrx_word' id='word_1_121' title='bbox 1853 784 1892 824; x_wconf 66' lang='grc' dir='ltr'><strong>τι</strong></span> <span class='ocrx_word' id='word_1_122' title='bbox 1937 770 2337 841; x_wconf 79' lang='lat' dir='ltr'><strong>disciplinarum</strong></span> <span class='ocrx_word' id='word_1_123' title='bbox 2367 769 2841 842; x_wconf 87' lang='lat' dir='ltr'><strong>palmatarumque</strong></span> <span class='ocrx_word' id='word_1_124' title='bbox 2863 767 3060 825; x_wconf 88' lang='lat' dir='ltr'><strong>ictibus</strong></span> <span class='ocrx_word' id='word_1_125' title='bbox 3097 784 3438 842; x_wconf 86' lang='lat' dir='ltr'><strong>nequaquam</strong></span> 
     </span>
    </p>
   </div>
   <div class='ocr_carea' id='block_1_21' title="bbox 1861 860 3440 933">
    <p class='ocr_par' dir='ltr' id='par_1_21' title="bbox 1861 860 3440 933">
     <span class='ocr_line' id='line_1_21' title="bbox 1861 860 3440 933; baseline 0.001 -18"><span class='ocrx_word' id='word_1_126' title='bbox 1861 862 1975 916; x_wconf 89' lang='lat' dir='ltr'><strong>suis</strong></span> <span class='ocrx_word' id='word_1_127' title='bbox 1998 861 2209 917; x_wconf 79' lang='lat' dir='ltr'><strong>vicibus</strong></span> <span class='ocrx_word' id='word_1_128' title='bbox 2243 861 2585 932; x_wconf 82' lang='lat' dir='ltr'><strong>indulgendo,</strong></span> <span class='ocrx_word' id='word_1_129' title='bbox 2622 860 2848 932; x_wconf 87' lang='lat' dir='ltr'><strong>jugique</strong></span> <span class='ocrx_word' id='word_1_130' title='bbox 2887 861 3180 933; x_wconf 85' lang='lat' dir='ltr'><strong>psallendi,</strong></span> <span class='ocrx_word' id='word_1_131' title='bbox 3226 863 3440 925; x_wconf 88' lang='lat' dir='ltr'><strong>orandi,</strong></span> 
     </span>
    </p>
   </div>
   <div class='ocr_carea' id='block_1_22' title="bbox 1862 945 3444 1022">
    <p class='ocr_par' dir='ltr' id='par_1_22' title="bbox 1862 945 3444 1022">
     <span class='ocr_line' id='line_1_22' title="bbox 1862 945 3444 1022; baseline 0 -17"><span class='ocrx_word' id='word_1_132' title='bbox 1862 951 2070 1022; x_wconf 77' lang='lat' dir='ltr'><strong>legendi</strong></span> <span class='ocrx_word' id='word_1_133' title='bbox 2109 960 2273 1022; x_wconf 79' lang='lat' dir='ltr'><strong>atque</strong></span> <span class='ocrx_word' id='word_1_134' title='bbox 2311 945 2547 1008; x_wconf 80' lang='lat' dir='ltr'><strong>dictandi</strong></span> <span class='ocrx_word' id='word_1_135' title='bbox 2593 950 2911 1006; x_wconf 83' lang='lat' dir='ltr'><strong>insistendo.</strong></span> <span class='ocrx_word' id='word_1_136' title='bbox 2960 949 3071 1008; x_wconf 84' lang='lat' dir='ltr'><strong>Nec</strong></span> <span class='ocrx_word' id='word_1_137' title='bbox 3114 960 3444 1022; x_wconf 65' lang='lat' dir='ltr'><strong>prmtercuu-</strong></span> 
     </span>
    </p>
   </div>
   <div class='ocr_carea' id='block_1_23' title="bbox 1859 1040 3445 1116">
    <p class='ocr_par' dir='ltr' id='par_1_23' title="bbox 1859 1040 3445 1116">
     <span class='ocr_line' id='line_1_23' title="bbox 1859 1040 3445 1116; baseline 0.001 -22"><span class='ocrx_word' id='word_1_138' title='bbox 1859 1041 2009 1106; x_wconf 90' lang='lat' dir='ltr'><strong>dum,</strong></span> <span class='ocrx_word' id='word_1_139' title='bbox 2037 1042 2179 1111; x_wconf 84' lang='lat' dir='ltr'><strong>quod</strong></span> <span class='ocrx_word' id='word_1_140' title='bbox 2210 1042 2261 1097; x_wconf 78' lang='lat' dir='ltr'><strong>ia</strong></span> <span class='ocrx_word' id='word_1_141' title='bbox 2287 1040 2474 1097; x_wconf 89' lang='lat' dir='ltr'><strong>eadem</strong></span> <span class='ocrx_word' id='word_1_142' title='bbox 2510 1040 2793 1111; x_wconf 86' lang='lat' dir='ltr'><strong>pelvicula,</strong></span> <span class='ocrx_word' id='word_1_143' title='bbox 2817 1055 2924 1112; x_wconf 87' lang='lat' dir='ltr'><strong>qua</strong></span> <span class='ocrx_word' id='word_1_144' title='bbox 2945 1055 3242 1116; x_wconf 85' lang='lat' dir='ltr'><strong>pauperum</strong></span> <span class='ocrx_word' id='word_1_145' title='bbox 3279 1043 3445 1113; x_wconf 86' lang='lat' dir='ltr'><strong>pedes</strong></span> 
     </span>
    </p>
   </div>
   <div class='ocr_carea' id='block_1_24' title="bbox 1853 1129 3444 1206">
    <p class='ocr_par' dir='ltr' id='par_1_24' title="bbox 1853 1129 3444 1206">
     <span class='ocr_line' id='line_1_24' title="bbox 1853 1129 3444 1206; baseline -0.001 -20"><span class='ocrx_word' id='word_1_146' title='bbox 1853 1132 2098 1198; x_wconf 75' lang='lat' dir='ltr'><strong>lavabat,</strong></span> <span class='ocrx_word' id='word_1_147' title='bbox 2116 1133 2366 1189; x_wconf 77' lang='lat' dir='ltr'><strong>reﬁciens</strong></span> <span class='ocrx_word' id='word_1_148' title='bbox 2385 1147 2580 1204; x_wconf 90' lang='lat' dir='ltr'><strong>panem</strong></span> <span class='ocrx_word' id='word_1_149' title='bbox 2599 1132 2932 1200; x_wconf 84' lang='lat' dir='ltr'><strong>comederet,</strong></span> <span class='ocrx_word' id='word_1_150' title='bbox 2951 1140 3008 1190; x_wconf 86' lang='lat' dir='ltr'><strong>et</strong></span> <span class='ocrx_word' id='word_1_151' title='bbox 3029 1147 3190 1206; x_wconf 87' lang='lat' dir='ltr'><strong>super</strong></span> <span class='ocrx_word' id='word_1_152' title='bbox 3208 1129 3444 1189; x_wconf 88' lang='lat' dir='ltr'><strong>bibleam</strong></span> 
     </span>
    </p>
   </div>
   <div class='ocr_carea' id='block_1_25' title="bbox 1861 1206 3444 1297">
    <p class='ocr_par' dir='ltr' id='par_1_25' title="bbox 1861 1206 3444 1297">
     <span class='ocr_line' id='line_1_25' title="bbox 1861 1206 3444 1297; baseline -0.003 -16"><span class='ocrx_word' id='word_1_153' title='bbox 1861 1234 2065 1282; x_wconf 88' lang='lat' dir='ltr'><strong>cratem</strong></span> <span class='ocrx_word' id='word_1_154' title='bbox 2087 1224 2208 1297; x_wconf 70' lang='grc'>(54)</span> <span class='ocrx_word' id='word_1_155' title='bbox 2254 1227 2452 1282; x_wconf 86' lang='lat' dir='ltr'><strong>nudam</strong></span> <span class='ocrx_word' id='word_1_156' title='bbox 2489 1224 2663 1281; x_wconf 90' lang='lat' dir='ltr'><strong>somni</strong></span> <span class='ocrx_word' id='word_1_157' title='bbox 2695 1223 2932 1296; x_wconf 86' lang='lat' dir='ltr'><strong>quietem</strong></span> <span class='ocrx_word' id='word_1_158' title='bbox 2973 1232 3216 1296; x_wconf 81' lang='lat' dir='ltr'><strong>caperet.</strong></span> <span class='ocrx_word' id='word_1_159' title='bbox 3253 1206 3444 1288; x_wconf 78' lang='lat' dir='ltr'><strong>I’orro,</strong></span> 
     </span>
    </p>
   </div>
   <div class='ocr_carea' id='block_1_26' title="bbox 1861 1313 3450 1388">
    <p class='ocr_par' dir='ltr' id='par_1_26' title="bbox 1861 1313 3450 1388">
     <span class='ocr_line' id='line_1_26' title="bbox 1861 1313 3450 1388; baseline -0.001 -17"><span class='ocrx_word' id='word_1_160' title='bbox 1861 1331 1985 1371; x_wconf 87' lang='lat' dir='ltr'><strong>cum</strong></span> <span class='ocrx_word' id='word_1_161' title='bbox 2009 1315 2298 1388; x_wconf 83' lang='lat' dir='ltr'><strong>aliquando</strong></span> <span class='ocrx_word' id='word_1_162' title='bbox 2312 1316 2389 1371; x_wconf 75' lang='lat' dir='ltr'><strong>ad</strong></span> <span class='ocrx_word' id='word_1_163' title='bbox 2407 1315 2704 1387; x_wconf 83' lang='lat' dir='ltr'><strong>capitulum</strong></span> <span class='ocrx_word' id='word_1_164' title='bbox 2727 1313 2956 1371; x_wconf 75' lang='lat' dir='ltr'><strong>fratrum</strong></span> <span class='ocrx_word' id='word_1_165' title='bbox 2978 1315 3238 1372; x_wconf 82' lang='lat' dir='ltr'><strong>accedere</strong></span> <span class='ocrx_word' id='word_1_166' title='bbox 3259 1315 3450 1372; x_wconf 88' lang='lat' dir='ltr'><strong>decre-</strong></span> 
     </span>
    </p>
   </div>
   <div class='ocr_carea' id='block_1_27' title="bbox 1864 1408 3443 1478">
    <p class='ocr_par' dir='ltr' id='par_1_27' title="bbox 1864 1408 3443 1478">
     <span class='ocr_line' id='line_1_27' title="bbox 1864 1408 3443 1478; baseline -0.001 -16"><span class='ocrx_word' id='word_1_167' title='bbox 1864 1411 2046 1471; x_wconf 79' lang='lat' dir='ltr'><strong>visset.</strong></span> <span class='ocrx_word' id='word_1_168' title='bbox 2082 1410 2223 1466; x_wconf 79' lang='lat' dir='ltr'><strong>facta</strong></span> <span class='ocrx_word' id='word_1_169' title='bbox 2261 1409 2661 1477; x_wconf 76' lang='lat' dir='ltr'><strong>exhortatione,</strong></span> <span class='ocrx_word' id='word_1_170' title='bbox 2692 1421 2816 1464; x_wconf 81' lang='lat' dir='ltr'><strong>mox</strong></span> <span class='ocrx_word' id='word_1_171' title='bbox 2859 1422 2890 1464; x_wconf 88' lang='lat' dir='ltr'><strong>e</strong></span> <span class='ocrx_word' id='word_1_172' title='bbox 2928 1408 3057 1466; x_wconf 88' lang='lat' dir='ltr'><strong>sede</strong></span> <span class='ocrx_word' id='word_1_173' title='bbox 3093 1422 3443 1478; x_wconf 84' lang='lat' dir='ltr'><strong>consurgens.</strong></span> 
     </span>
    </p>
   </div>
   <div class='ocr_carea' id='block_1_28' title="bbox 1863 1484 3449 1572">
    <p class='ocr_par' dir='ltr' id='par_1_28' title="bbox 1863 1484 3449 1572">
     <span class='ocr_line' id='line_1_28' title="bbox 1863 1484 3449 1572; baseline -0.001 -17"><span class='ocrx_word' id='word_1_174' title='bbox 1863 1501 1933 1556; x_wconf 92' lang='lat' dir='ltr'><strong>de</strong></span> <span class='ocrx_word' id='word_1_175' title='bbox 1972 1500 2086 1557; x_wconf 87' lang='lat' dir='ltr'><strong>suis</strong></span> <span class='ocrx_word' id='word_1_176' title='bbox 2129 1484 2536 1556; x_wconf 44' lang='lat' dir='ltr'><strong>se&quot;excessibus</strong></span> <span class='ocrx_word' id='word_1_177' title='bbox 2563 1501 2885 1565; x_wconf 80' lang='lat' dir='ltr'><strong>accusabat;</strong></span> <span class='ocrx_word' id='word_1_178' title='bbox 2917 1514 3018 1571; x_wconf 90' lang='lat' dir='ltr'><strong>pro</strong></span> <span class='ocrx_word' id='word_1_179' title='bbox 3058 1499 3257 1572; x_wconf 88' lang='lat' dir='ltr'><strong>quibus</strong></span> <span class='ocrx_word' id='word_1_180' title='bbox 3287 1499 3449 1554; x_wconf 91' lang='lat' dir='ltr'><strong>disci-</strong></span> 
     </span>
    </p>
   </div>
   <div class='ocr_carea' id='block_1_29' title="bbox 178 1589 3449 1666">
    <p class='ocr_par' dir='ltr' id='par_1_29' title="bbox 178 1589 3449 1666">
     <span class='ocr_line' id='line_1_29' title="bbox 178 1589 3449 1666; baseline 0.001 -25"><span class='ocrx_word' id='word_1_181' title='bbox 178 1597 350 1643; x_wconf 88' lang='lat' dir='ltr'><strong>autem</strong></span> <span class='ocrx_word' id='word_1_182' title='bbox 397 1605 624 1644; x_wconf 88' lang='lat' dir='ltr'><strong>suorum</strong></span> <span class='ocrx_word' id='word_1_183' title='bbox 669 1606 884 1662; x_wconf 90' lang='lat' dir='ltr'><strong>quoque</strong></span> <span class='ocrx_word' id='word_1_184' title='bbox 925 1591 1209 1646; x_wconf 87' lang='lat' dir='ltr'><strong>clientium</strong></span> <span class='ocrx_word' id='word_1_185' title='bbox 1257 1592 1323 1646; x_wconf 90' lang='lat' dir='ltr'><strong>ad</strong></span> <span class='ocrx_word' id='word_1_186' title='bbox 1368 1591 1488 1646; x_wconf 64' lang='lat' dir='ltr'><strong>haec</strong></span> <span class='ocrx_word' id='word_1_187' title='bbox 1533 1589 1766 1646; x_wconf 79' lang='lat' dir='ltr'><strong>ﬁdeliter</strong></span> <span class='ocrx_word' id='word_1_188' title='bbox 1864 1594 2023 1666; x_wconf 71' lang='lat' dir='ltr'><strong>plina:</strong></span> <span class='ocrx_word' id='word_1_189' title='bbox 2043 1593 2305 1666; x_wconf 79' lang='lat' dir='ltr'><strong>judicium</strong></span> <span class='ocrx_word' id='word_1_190' title='bbox 2336 1607 2403 1649; x_wconf 79' lang='lat' dir='ltr'><strong>ex</strong></span> <span class='ocrx_word' id='word_1_191' title='bbox 2433 1607 2585 1649; x_wconf 86' lang='lat' dir='ltr'><strong>more</strong></span> <span class='ocrx_word' id='word_1_192' title='bbox 2622 1593 2943 1664; x_wconf 86' lang='lat' dir='ltr'><strong>suscipiens,</strong></span> <span class='ocrx_word' id='word_1_193' title='bbox 2976 1591 3204 1665; x_wconf 81' lang='lat' dir='ltr'><strong>geminis</strong></span> <span class='ocrx_word' id='word_1_194' title='bbox 3233 1591 3449 1661; x_wconf 79' lang='lat' dir='ltr'><strong>vapula-</strong></span> 
     </span>
    </p>
   </div>
   <div class='ocr_carea' id='block_1_30' title="bbox 169 1681 3448 1755">
    <p class='ocr_par' dir='ltr' id='par_1_30' title="bbox 169 1681 3448 1755">
     <span class='ocr_line' id='line_1_30' title="bbox 169 1681 3448 1755; baseline 0 -20"><span class='ocrx_word' id='word_1_195' title='bbox 169 1684 479 1737; x_wconf 74' lang='lat' dir='ltr'><strong>exercenda</strong></span> <span class='ocrx_word' id='word_1_196' title='bbox 507 1683 732 1738; x_wconf 85' lang='lat' dir='ltr'><strong>devotas</strong></span> <span class='ocrx_word' id='word_1_197' title='bbox 768 1693 978 1738; x_wconf 87' lang='lat' dir='ltr'><strong>mentes</strong></span> <span class='ocrx_word' id='word_1_198' title='bbox 1011 1683 1354 1748; x_wconf 78' lang='lat' dir='ltr'><strong>accendoret,</strong></span> <span class='ocrx_word' id='word_1_199' title='bbox 1397 1681 1764 1752; x_wconf 90' lang='lat' dir='ltr'><strong>hujuscemodi</strong></span> <span class='ocrx_word' id='word_1_200' title='bbox 1865 1687 1958 1742; x_wconf 91' lang='lat' dir='ltr'><strong>bat</strong></span> <span class='ocrx_word' id='word_1_201' title='bbox 1984 1685 2239 1755; x_wconf 83' lang='lat' dir='ltr'><strong>utrinque</strong></span> <span class='ocrx_word' id='word_1_202' title='bbox 2261 1683 2595 1740; x_wconf 82' lang='lat' dir='ltr'><strong>verberibus.</strong></span> <span class='ocrx_word' id='word_1_203' title='bbox 2624 1682 2966 1752; x_wconf 80' lang='lat' dir='ltr'><strong>Rursumque</strong></span> <span class='ocrx_word' id='word_1_204' title='bbox 2998 1683 3053 1736; x_wconf 86' lang='lat' dir='ltr'><strong>in</strong></span> <span class='ocrx_word' id='word_1_205' title='bbox 3086 1696 3242 1738; x_wconf 75' lang='lat' dir='ltr'><strong>suum</strong></span> <span class='ocrx_word' id='word_1_206' title='bbox 3269 1681 3448 1750; x_wconf 68' lang='lat' dir='ltr'><strong>locum</strong></span> 
     </span>
    </p>
   </div>
   <div class='ocr_carea' id='block_1_31' title="bbox 170 1771 3448 1847">
    <p class='ocr_par' dir='ltr' id='par_1_31' title="bbox 170 1771 3448 1847">
     <span class='ocr_line' id='line_1_31' title="bbox 170 1771 3448 1847; baseline 0 -22"><span class='ocrx_word' id='word_1_207' title='bbox 170 1785 269 1827; x_wconf 54' lang='lat' dir='ltr'><strong>res</strong></span> <span class='ocrx_word' id='word_1_208' title='bbox 310 1771 664 1828; x_wconf 86' lang='lat' dir='ltr'><strong>sermonibus</strong></span> <span class='ocrx_word' id='word_1_209' title='bbox 708 1774 990 1844; x_wconf 76' lang='lat' dir='ltr'><strong>satagebat</strong></span> <span class='ocrx_word' id='word_1_210' title='bbox 1033 1787 1377 1828; x_wconf 88' lang='lat' dir='ltr'><strong>commonere</strong></span> <span class='ocrx_word' id='word_1_211' title='bbox 1404 1771 1714 1843; x_wconf 78' lang='lat' dir='ltr'><strong>frequenter</strong></span> <span class='ocrx_word' id='word_1_212' title='bbox 1742 1781 1765 1827; x_wconf 80' lang='lat'><strong>‘:</strong></span> <span class='ocrx_word' id='word_1_213' title='bbox 1800 1773 1843 1833; x_wconf 87' lang='grc' dir='ltr'><strong>Β</strong></span> <span class='ocrx_word' id='word_1_214' title='bbox 1872 1775 2201 1847; x_wconf 73' lang='lat' dir='ltr'><strong>regrediens,</strong></span> <span class='ocrx_word' id='word_1_215' title='bbox 2233 1788 2338 1830; x_wconf 90' lang='lat' dir='ltr'><strong>non</strong></span> <span class='ocrx_word' id='word_1_216' title='bbox 2387 1773 2637 1828; x_wconf 68' lang='lat' dir='ltr'><strong>cessabat</strong></span> <span class='ocrx_word' id='word_1_217' title='bbox 2689 1786 2784 1828; x_wconf 87' lang='lat' dir='ltr'><strong>eos</strong></span> <span class='ocrx_word' id='word_1_218' title='bbox 2818 1772 2932 1827; x_wconf 90' lang='lat' dir='ltr'><strong>suis</strong></span> <span class='ocrx_word' id='word_1_219' title='bbox 2975 1771 3319 1827; x_wconf 86' lang='lat' dir='ltr'><strong>sermonibus</strong></span> <span class='ocrx_word' id='word_1_220' title='bbox 3364 1771 3448 1826; x_wconf 80' lang='lat' dir='ltr'><strong>iu-</strong></span> 
     </span>
    </p>
   </div>
   <div class='ocr_carea' id='block_1_32' title="bbox 183 1861 3450 1936">
    <p class='ocr_par' dir='ltr' id='par_1_32' title="bbox 183 1861 3450 1936">
     <span class='ocr_line' id='line_1_32' title="bbox 183 1861 3450 1936; baseline -0.001 -19"><span class='ocrx_word' id='word_1_221' title='bbox 183 1865 470 1930; x_wconf 55' lang='lat' dir='ltr'><strong>bas-eritis,</strong></span> <span class='ocrx_word' id='word_1_222' title='bbox 507 1864 625 1930; x_wconf 80' lang='lat' dir='ltr'><strong>lilii,</strong></span> <span class='ocrx_word' id='word_1_223' title='bbox 650 1866 832 1920; x_wconf 81' lang='lat' dir='ltr'><strong>omnia</strong></span> <span class='ocrx_word' id='word_1_224' title='bbox 871 1865 970 1920; x_wconf 86' lang='lat' dir='ltr'><strong>ista</strong></span> <span class='ocrx_word' id='word_1_225' title='bbox 1007 1881 1158 1919; x_wconf 88' lang='lat' dir='ltr'><strong>sacra</strong></span> <span class='ocrx_word' id='word_1_226' title='bbox 1191 1879 1310 1919; x_wconf 84' lang='lat' dir='ltr'><strong>esse</strong></span> <span class='ocrx_word' id='word_1_227' title='bbox 1338 1877 1392 1920; x_wconf 90' lang='lat' dir='ltr'><strong>et</strong></span> <span class='ocrx_word' id='word_1_228' title='bbox 1418 1873 1768 1936; x_wconf 82' lang='lat' dir='ltr'><strong>peccatorum</strong></span> <span class='ocrx_word' id='word_1_229' title='bbox 1870 1865 2107 1922; x_wconf 79' lang='lat' dir='ltr'><strong>formare</strong></span> <span class='ocrx_word' id='word_1_230' title='bbox 2136 1862 2274 1936; x_wconf 83' lang='lat'><strong>(55),</strong></span> <span class='ocrx_word' id='word_1_231' title='bbox 2300 1862 2460 1920; x_wconf 89' lang='lat' dir='ltr'><strong>modo</strong></span> <span class='ocrx_word' id='word_1_232' title='bbox 2482 1863 2590 1927; x_wconf 76' lang='lat' dir='ltr'><strong>his,</strong></span> <span class='ocrx_word' id='word_1_233' title='bbox 2619 1863 2780 1917; x_wconf 89' lang='lat' dir='ltr'><strong>modo</strong></span> <span class='ocrx_word' id='word_1_234' title='bbox 2805 1862 2928 1929; x_wconf 85' lang='lat' dir='ltr'><strong>illis,</strong></span> <span class='ocrx_word' id='word_1_235' title='bbox 2959 1861 3118 1916; x_wconf 90' lang='lat' dir='ltr'><strong>modo</strong></span> <span class='ocrx_word' id='word_1_236' title='bbox 3145 1863 3450 1916; x_wconf 90' lang='lat' dir='ltr'><strong>communi-</strong></span> 
     </span>
    </p>
   </div>
   <div class='ocr_carea' id='block_1_33' title="bbox 172 1953 3445 2027">
    <p class='ocr_par' dir='ltr' id='par_1_33' title="bbox 172 1953 3445 2027">
     <span class='ocr_line' id='line_1_33' title="bbox 172 1953 3445 2027; baseline 0.001 -20"><span class='ocrx_word' id='word_1_237' title='bbox 172 1955 376 2025; x_wconf 80' lang='lat' dir='ltr'><strong>pretia;</strong></span> <span class='ocrx_word' id='word_1_238' title='bbox 421 1956 567 2010; x_wconf 85' lang='lat' dir='ltr'><strong>mule</strong></span> <span class='ocrx_word' id='word_1_239' title='bbox 606 1970 950 2026; x_wconf 83' lang='lat' dir='ltr'><strong>summopere</strong></span> <span class='ocrx_word' id='word_1_240' title='bbox 986 1956 1284 2009; x_wconf 85' lang='lat' dir='ltr'><strong>cavendum</strong></span> <span class='ocrx_word' id='word_1_241' title='bbox 1317 1970 1384 2010; x_wconf 90' lang='lat' dir='ltr'><strong>ne</strong></span> <span class='ocrx_word' id='word_1_242' title='bbox 1412 1955 1537 2026; x_wconf 83' lang='lat' dir='ltr'><strong>quid</strong></span> <span class='ocrx_word' id='word_1_243' title='bbox 1575 1956 1767 2010; x_wconf 89' lang='lat' dir='ltr'><strong>horum</strong></span> <span class='ocrx_word' id='word_1_244' title='bbox 1865 1967 1954 2014; x_wconf 76' lang='lat' dir='ltr'><strong>ter</strong></span> <span class='ocrx_word' id='word_1_245' title='bbox 2011 1956 2264 2012; x_wconf 89' lang='lat' dir='ltr'><strong>omnibus</strong></span> <span class='ocrx_word' id='word_1_246' title='bbox 2320 1957 2571 2027; x_wconf 86' lang='lat' dir='ltr'><strong>loquens.</strong></span> <span class='ocrx_word' id='word_1_247' title='bbox 2637 1953 2949 2011; x_wconf 71' lang='lat' dir='ltr'><strong>Iunioribus</strong></span> <span class='ocrx_word' id='word_1_248' title='bbox 2996 1969 3128 2024; x_wconf 86' lang='lat' dir='ltr'><strong>ergo</strong></span> <span class='ocrx_word' id='word_1_249' title='bbox 3184 1954 3445 2010; x_wconf 84' lang='lat' dir='ltr'><strong>dicebat:</strong></span> 
     </span>
    </p>
   </div>
   <div class='ocr_carea' id='block_1_34' title="bbox 182 2044 1767 2117">
    <p class='ocr_par' dir='ltr' id='par_1_34' title="bbox 182 2044 1767 2117">
     <span class='ocr_line' id='line_1_34' title="bbox 182 2044 1767 2117; baseline 0.001 -19"><span class='ocrx_word' id='word_1_250' title='bbox 182 2047 427 2109; x_wconf 73' lang='lat' dir='ltr'><strong>avaritia,</strong></span> <span class='ocrx_word' id='word_1_251' title='bbox 481 2061 578 2100; x_wconf 90' lang='lat' dir='ltr'><strong>seu</strong></span> <span class='ocrx_word' id='word_1_252' title='bbox 625 2045 871 2116; x_wconf 80' lang='lat' dir='ltr'><strong>qualibet</strong></span> <span class='ocrx_word' id='word_1_253' title='bbox 925 2047 1260 2117; x_wconf 72' lang='lat' dir='ltr'><strong>negligentiae</strong></span> <span class='ocrx_word' id='word_1_254' title='bbox 1309 2047 1516 2101; x_wconf 70' lang='lat' dir='ltr'><strong>incuria</strong></span> <span class='ocrx_word' id='word_1_255' title='bbox 1565 2044 1767 2101; x_wconf 76' lang='lat' dir='ltr'><strong>Christi</strong></span> 
     </span>
    </p>
   </div>
   <div class='ocr_carea' id='block_1_35' title="bbox 179 2134 1772 2205">
    <p class='ocr_par' dir='ltr' id='par_1_35' title="bbox 179 2134 1772 2205">
     <span class='ocr_line' id='line_1_35' title="bbox 179 2134 1772 2205; baseline 0.001 -18"><span class='ocrx_word' id='word_1_256' title='bbox 179 2135 510 2204; x_wconf 67' lang='lat' dir='ltr'><strong>pauperibus</strong></span> <span class='ocrx_word' id='word_1_257' title='bbox 549 2135 923 2200; x_wconf 84' lang='lat' dir='ltr'><strong>subtrahatur,</strong></span> <span class='ocrx_word' id='word_1_258' title='bbox 952 2136 1146 2205; x_wconf 84' lang='lat' dir='ltr'><strong>quibus</strong></span> <span class='ocrx_word' id='word_1_259' title='bbox 1186 2144 1370 2190; x_wconf 84' lang='lat' dir='ltr'><strong>nostra</strong></span> <span class='ocrx_word' id='word_1_260' title='bbox 1411 2134 1621 2190; x_wconf 82' lang='lat' dir='ltr'><strong>residua</strong></span> <span class='ocrx_word' id='word_1_261' title='bbox 1659 2149 1772 2189; x_wconf 90' lang='lat' dir='ltr'><strong>om-</strong></span> 
     </span>
    </p>
   </div>
   <div class='ocr_carea' id='block_1_36' title="bbox 180 2226 1772 2297">
    <p class='ocr_par' dir='ltr' id='par_1_36' title="bbox 180 2226 1772 2297">
     <span class='ocr_line' id='line_1_36' title="bbox 180 2226 1772 2297; baseline 0 -16"><span class='ocrx_word' id='word_1_262' title='bbox 180 2229 258 2282; x_wconf 88' lang='lat' dir='ltr'><strong>nia</strong></span> <span class='ocrx_word' id='word_1_263' title='bbox 299 2227 514 2282; x_wconf 86' lang='lat' dir='ltr'><strong>illibata</strong></span> <span class='ocrx_word' id='word_1_264' title='bbox 553 2227 837 2283; x_wconf 77' lang='lat' dir='ltr'><strong>debentur.</strong></span> <span class='ocrx_word' id='word_1_265' title='bbox 889 2227 1026 2284; x_wconf 80' lang='lat' dir='ltr'><strong>Cum</strong></span> <span class='ocrx_word' id='word_1_266' title='bbox 1065 2226 1221 2282; x_wconf 85' lang='lat' dir='ltr'><strong>nobis</strong></span> <span class='ocrx_word' id='word_1_267' title='bbox 1253 2227 1438 2297; x_wconf 85' lang='lat' dir='ltr'><strong>itaque</strong></span> <span class='ocrx_word' id='word_1_268' title='bbox 1479 2236 1772 2296; x_wconf 87' lang='lat' dir='ltr'><strong>suppetant</strong></span> 
     </span>
    </p>
   </div>
   <div class='ocr_carea' id='block_1_37' title="bbox 173 2317 1772 2392">
    <p class='ocr_par' dir='ltr' id='par_1_37' title="bbox 173 2317 1772 2392">
     <span class='ocr_line' id='line_1_37' title="bbox 173 2317 1772 2392; baseline -0.002 -17"><span class='ocrx_word' id='word_1_269' title='bbox 173 2321 370 2392; x_wconf 75' lang='lat' dir='ltr'><strong>quibus</strong></span> <span class='ocrx_word' id='word_1_270' title='bbox 415 2319 577 2392; x_wconf 79' lang='lat' dir='ltr'><strong>egeni</strong></span> <span class='ocrx_word' id='word_1_271' title='bbox 623 2329 680 2375; x_wconf 87' lang='lat' dir='ltr'><strong>et</strong></span> <span class='ocrx_word' id='word_1_272' title='bbox 716 2317 902 2378; x_wconf 88' lang='lat' dir='ltr'><strong>tuiseri</strong></span> <span class='ocrx_word' id='word_1_273' title='bbox 946 2319 1159 2374; x_wconf 75' lang='lat' dir='ltr'><strong>valeant</strong></span> <span class='ocrx_word' id='word_1_274' title='bbox 1203 2317 1459 2382; x_wconf 76' lang='lat' dir='ltr'><strong>refoveri,</strong></span> <span class='ocrx_word' id='word_1_275' title='bbox 1485 2317 1772 2388; x_wconf 74' lang='lat' dir='ltr'><strong>diligenter</strong></span> 
     </span>
    </p>
   </div>
   <div class='ocr_carea' id='block_1_38' title="bbox 172 2407 1771 2482">
    <p class='ocr_par' dir='ltr' id='par_1_38' title="bbox 172 2407 1771 2482">
     <span class='ocr_line' id='line_1_38' title="bbox 172 2407 1771 2482; baseline -0.001 -17"><span class='ocrx_word' id='word_1_276' title='bbox 172 2409 471 2481; x_wconf 72' lang='lat' dir='ltr'><strong>exquirite,</strong></span> <span class='ocrx_word' id='word_1_277' title='bbox 507 2409 597 2482; x_wconf 89' lang='lat' dir='ltr'><strong>pie</strong></span> <span class='ocrx_word' id='word_1_278' title='bbox 633 2409 982 2466; x_wconf 84' lang='lat' dir='ltr'><strong>considerate</strong></span> <span class='ocrx_word' id='word_1_279' title='bbox 1017 2409 1109 2478; x_wconf 93' lang='lat' dir='ltr'><strong>qui</strong></span> <span class='ocrx_word' id='word_1_280' title='bbox 1139 2407 1330 2464; x_wconf 88' lang='lat' dir='ltr'><strong>vicinis</strong></span> <span class='ocrx_word' id='word_1_281' title='bbox 1367 2407 1421 2463; x_wconf 91' lang='lat' dir='ltr'><strong>in</strong></span> <span class='ocrx_word' id='word_1_282' title='bbox 1460 2407 1771 2479; x_wconf 78' lang='lat' dir='ltr'><strong>regionibus</strong></span> 
     </span>
    </p>
   </div>
   <div class='ocr_carea' id='block_1_39' title="bbox 173 2495 1772 2571">
    <p class='ocr_par' dir='ltr' id='par_1_39' title="bbox 173 2495 1772 2571">
     <span class='ocr_line' id='line_1_39' title="bbox 173 2495 1772 2571; baseline -0.002 -16"><span class='ocrx_word' id='word_1_283' title='bbox 173 2508 466 2571; x_wconf 81' lang='lat' dir='ltr'><strong>-:egroteut,</strong></span> <span class='ocrx_word' id='word_1_284' title='bbox 497 2499 594 2569; x_wconf 88' lang='lat' dir='ltr'><strong>qui</strong></span> <span class='ocrx_word' id='word_1_285' title='bbox 630 2497 717 2554; x_wconf 88' lang='lat' dir='ltr'><strong>vel</strong></span> <span class='ocrx_word' id='word_1_286' title='bbox 744 2498 964 2565; x_wconf 87' lang='lat' dir='ltr'><strong>esuriei,</strong></span> <span class='ocrx_word' id='word_1_287' title='bbox 997 2498 1081 2553; x_wconf 87' lang='lat' dir='ltr'><strong>vel</strong></span> <span class='ocrx_word' id='word_1_288' title='bbox 1099 2497 1338 2568; x_wconf 66' lang='lat' dir='ltr'><strong>penuriae</strong></span> <span class='ocrx_word' id='word_1_289' title='bbox 1366 2495 1656 2565; x_wconf 81' lang='lat' dir='ltr'><strong>cujuslibet</strong></span> <span class='ocrx_word' id='word_1_290' title='bbox 1680 2513 1772 2552; x_wconf 83' lang='lat' dir='ltr'><strong>an-</strong></span> 
     </span>
    </p>
   </div>
   <div class='ocr_carea' id='block_1_40' title="bbox 173 2585 1768 2660">
    <p class='ocr_par' dir='ltr' id='par_1_40' title="bbox 173 2585 1768 2660">
     <span class='ocr_line' id='line_1_40' title="bbox 173 2585 1768 2660; baseline -0.002 -17"><span class='ocrx_word' id='word_1_291' title='bbox 173 2604 300 2660; x_wconf 67' lang='lat' dir='ltr'><strong>gore</strong></span> <span class='ocrx_word' id='word_1_292' title='bbox 327 2589 606 2655; x_wconf 77' lang='lat' dir='ltr'><strong>laborent,</strong></span> <span class='ocrx_word' id='word_1_293' title='bbox 635 2596 901 2659; x_wconf 89' lang='lat' dir='ltr'><strong>quatenus</strong></span> <span class='ocrx_word' id='word_1_294' title='bbox 927 2585 1233 2656; x_wconf 75' lang='lat' dir='ltr'><strong>huiusmodi</strong></span> <span class='ocrx_word' id='word_1_295' title='bbox 1263 2585 1352 2656; x_wconf 90' lang='lat' dir='ltr'><strong>pie</strong></span> <span class='ocrx_word' id='word_1_296' title='bbox 1371 2585 1768 2655; x_wconf 86' lang='lat' dir='ltr'><strong>compatiendo,</strong></span> 
     </span>
    </p>
   </div>
   <div class='ocr_carea' id='block_1_41' title="bbox 174 2673 1770 2748">
    <p class='ocr_par' dir='ltr' id='par_1_41' title="bbox 174 2673 1770 2748">
     <span class='ocr_line' id='line_1_41' title="bbox 174 2673 1770 2748; baseline -0.003 -16"><span class='ocrx_word' id='word_1_297' title='bbox 174 2679 502 2748; x_wconf 41' lang='lat' dir='ltr'><strong>necessaria.</strong></span> <span class='ocrx_word' id='word_1_298' title='bbox 527 2678 934 2745; x_wconf 88' lang='lat' dir='ltr'><strong>ministrantes,</strong></span> <span class='ocrx_word' id='word_1_299' title='bbox 976 2686 1196 2734; x_wconf 68' lang='lat' dir='ltr'><strong>aeterna:</strong></span> <span class='ocrx_word' id='word_1_300' title='bbox 1233 2673 1498 2731; x_wconf 86' lang='lat' dir='ltr'><strong>mercedis</strong></span> <span class='ocrx_word' id='word_1_301' title='bbox 1535 2674 1770 2728; x_wconf 81' lang='lat' dir='ltr'><strong>fructum</strong></span> 
     </span>
    </p>
   </div>
   <div class='ocr_carea' id='block_1_42' title="bbox 182 2766 1769 2843">
    <p class='ocr_par' dir='ltr' id='par_1_42' title="bbox 182 2766 1769 2843">
     <span class='ocr_line' id='line_1_42' title="bbox 182 2766 1769 2843; baseline -0.003 -19"><span class='ocrx_word' id='word_1_302' title='bbox 182 2774 325 2827; x_wconf 88' lang='lat' dir='ltr'><strong>nobis</strong></span> <span class='ocrx_word' id='word_1_303' title='bbox 354 2772 625 2843; x_wconf 88' lang='lat' dir='ltr'><strong>vobisque</strong></span> <span class='ocrx_word' id='word_1_304' title='bbox 653 2783 996 2826; x_wconf 82' lang='lat' dir='ltr'><strong>communem</strong></span> <span class='ocrx_word' id='word_1_305' title='bbox 1026 2768 1080 2826; x_wconf 90' lang='lat' dir='ltr'><strong>in</strong></span> <span class='ocrx_word' id='word_1_306' title='bbox 1118 2766 1428 2824; x_wconf 67' lang='lat' dir='ltr'><strong>caelestibus</strong></span> <span class='ocrx_word' id='word_1_307' title='bbox 1453 2766 1769 2837; x_wconf 87' lang='lat' dir='ltr'><strong>acquiratis.</strong></span> 
     </span>
    </p>
   </div>
   <div class='ocr_carea' id='block_1_43' title="bbox 180 2860 1772 2934">
    <p class='ocr_par' dir='ltr' id='par_1_43' title="bbox 180 2860 1772 2934">
     <span class='ocr_line' id='line_1_43' title="bbox 180 2860 1772 2934; baseline -0.004 -14"><span class='ocrx_word' id='word_1_308' title='bbox 180 2864 442 2934; x_wconf 77' lang='lat' dir='ltr'><strong>Quoniam</strong></span> <span class='ocrx_word' id='word_1_309' title='bbox 472 2865 690 2934; x_wconf 89' lang='lat' dir='ltr'><strong>quidem</strong></span> <span class='ocrx_word' id='word_1_310' title='bbox 718 2863 763 2919; x_wconf 89' lang='lat' dir='ltr'><strong>si</strong></span> <span class='ocrx_word' id='word_1_311' title='bbox 793 2861 952 2918; x_wconf 88' lang='lat' dir='ltr'><strong>modo</strong></span> <span class='ocrx_word' id='word_1_312' title='bbox 981 2863 1034 2918; x_wconf 93' lang='lat' dir='ltr'><strong>iu</strong></span> <span class='ocrx_word' id='word_1_313' title='bbox 1062 2861 1381 2918; x_wconf 87' lang='lat' dir='ltr'><strong>seminando</strong></span> <span class='ocrx_word' id='word_1_314' title='bbox 1404 2861 1590 2916; x_wconf 78' lang='lat' dir='ltr'><strong>ﬁdeles</strong></span> <span class='ocrx_word' id='word_1_315' title='bbox 1616 2860 1772 2915; x_wconf 85' lang='lat' dir='ltr'><strong>nobis</strong></span> 
     </span>
    </p>
   </div>
   <div class='ocr_carea' id='block_1_44' title="bbox 172 2949 1772 3027">
    <p class='ocr_par' dir='ltr' id='par_1_44' title="bbox 172 2949 1772 3027">
     <span class='ocr_line' id='line_1_44' title="bbox 172 2949 1772 3027; baseline -0.004 -13"><span class='ocrx_word' id='word_1_316' title='bbox 172 2966 566 3027; x_wconf 68' lang='lat' dir='ltr'><strong>cooperatores</strong></span> <span class='ocrx_word' id='word_1_317' title='bbox 593 2954 940 3021; x_wconf 81' lang='lat' dir='ltr'><strong>exstiteritis,</strong></span> <span class='ocrx_word' id='word_1_318' title='bbox 969 2953 1035 3011; x_wconf 90' lang='lat' dir='ltr'><strong>de</strong></span> <span class='ocrx_word' id='word_1_319' title='bbox 1071 2952 1344 3008; x_wconf 84' lang='lat' dir='ltr'><strong>communi</strong></span> <span class='ocrx_word' id='word_1_320' title='bbox 1382 2951 1573 3024; x_wconf 86' lang='lat' dir='ltr'><strong>procul</strong></span> <span class='ocrx_word' id='word_1_321' title='bbox 1608 2949 1772 3007; x_wconf 88' lang='lat' dir='ltr'><strong>dubio</strong></span> 
     </span>
    </p>
   </div>
   <div class='ocr_carea' id='block_1_45' title="bbox 183 3042 1768 3115">
    <p class='ocr_par' dir='ltr' id='par_1_45' title="bbox 183 3042 1768 3115">
     <span class='ocr_line' id='line_1_45' title="bbox 183 3042 1768 3115; baseline -0.002 -16"><span class='ocrx_word' id='word_1_322' title='bbox 183 3046 461 3101; x_wconf 86' lang='lat' dir='ltr'><strong>uobiscum</strong></span> <span class='ocrx_word' id='word_1_323' title='bbox 507 3044 690 3100; x_wconf 75' lang='lat' dir='ltr'><strong>[ructu</strong></span> <span class='ocrx_word' id='word_1_324' title='bbox 736 3043 895 3100; x_wconf 88' lang='lat' dir='ltr'><strong>beata</strong></span> <span class='ocrx_word' id='word_1_325' title='bbox 942 3044 996 3100; x_wconf 88' lang='lat' dir='ltr'><strong>itt</strong></span> <span class='ocrx_word' id='word_1_326' title='bbox 1045 3043 1398 3100; x_wconf 82' lang='lat' dir='ltr'><strong>retributione</strong></span> <span class='ocrx_word' id='word_1_327' title='bbox 1440 3042 1768 3115; x_wconf 74' lang='lat' dir='ltr'><strong>gaudebitis.</strong></span> 
     </span>
    </p>
   </div>
   <div class='ocr_carea' id='block_1_46' title="bbox 1871 2043 3450 2116">
    <p class='ocr_par' dir='ltr' id='par_1_46' title="bbox 1871 2043 3450 2116">
     <span class='ocr_line' id='line_1_46' title="bbox 1871 2043 3450 2116; baseline -0.005 -10"><span class='ocrx_word' id='word_1_328' title='bbox 1871 2050 2024 2106; x_wconf 84' lang='lat' dir='ltr'><strong>Scire</strong></span> <span class='ocrx_word' id='word_1_329' title='bbox 2054 2048 2284 2114; x_wconf 87' lang='lat' dir='ltr'><strong>debetis,</strong></span> <span class='ocrx_word' id='word_1_330' title='bbox 2313 2047 2430 2113; x_wconf 85' lang='lat' dir='ltr'><strong>ﬁlii,</strong></span> <span class='ocrx_word' id='word_1_331' title='bbox 2462 2060 2899 2116; x_wconf 83' lang='lat' dir='ltr'><strong>unumquemque</strong></span> <span class='ocrx_word' id='word_1_332' title='bbox 2924 2054 3163 2100; x_wconf 86' lang='lat' dir='ltr'><strong>vestrum</strong></span> <span class='ocrx_word' id='word_1_333' title='bbox 3193 2055 3300 2100; x_wconf 90' lang='lat' dir='ltr'><strong>tam</strong></span> <span class='ocrx_word' id='word_1_334' title='bbox 3343 2043 3450 2099; x_wconf 82' lang='lat' dir='ltr'><strong>fer-</strong></span> 
     </span>
    </p>
   </div>
   <div class='ocr_carea' id='block_1_47' title="bbox 1869 2136 3451 2210">
    <p class='ocr_par' dir='ltr' id='par_1_47' title="bbox 1869 2136 3451 2210">
     <span class='ocr_line' id='line_1_47' title="bbox 1869 2136 3451 2210; baseline -0.003 -14"><span class='ocrx_word' id='word_1_335' title='bbox 1869 2143 1991 2196; x_wconf 85' lang='lat' dir='ltr'><strong>vide</strong></span> <span class='ocrx_word' id='word_1_336' title='bbox 2037 2151 2201 2210; x_wconf 87' lang='lat' dir='ltr'><strong>atque</strong></span> <span class='ocrx_word' id='word_1_337' title='bbox 2240 2149 2462 2196; x_wconf 90' lang='lat' dir='ltr'><strong>strenue</strong></span> <span class='ocrx_word' id='word_1_338' title='bbox 2507 2153 2677 2194; x_wconf 83' lang='lat' dir='ltr'><strong>sacrae</strong></span> <span class='ocrx_word' id='word_1_339' title='bbox 2741 2136 2901 2207; x_wconf 83' lang='lat' dir='ltr'><strong>hujus</strong></span> <span class='ocrx_word' id='word_1_340' title='bbox 2946 2145 3197 2208; x_wconf 88' lang='lat' dir='ltr'><strong>oportere</strong></span> <span class='ocrx_word' id='word_1_341' title='bbox 3242 2136 3451 2192; x_wconf 78' lang='lat' dir='ltr'><strong>militia:</strong></span> 
     </span>
    </p>
   </div>
   <div class='ocr_carea' id='block_1_48' title="bbox 1861 2227 3528 2299">
    <p class='ocr_par' dir='ltr' id='par_1_48' title="bbox 1861 2227 3528 2299">
     <span class='ocr_line' id='line_1_48' title="bbox 1861 2227 3528 2299; baseline -0.004 -11"><span class='ocrx_word' id='word_1_342' title='bbox 1861 2233 2116 2288; x_wconf 82' lang='lat' dir='ltr'><strong>tirocinia</strong></span> <span class='ocrx_word' id='word_1_343' title='bbox 2139 2233 2433 2297; x_wconf 87' lang='lat' dir='ltr'><strong>inchoare;</strong></span> <span class='ocrx_word' id='word_1_344' title='bbox 2463 2237 2724 2299; x_wconf 90' lang='lat' dir='ltr'><strong>tantoque</strong></span> <span class='ocrx_word' id='word_1_345' title='bbox 2744 2241 2821 2292; x_wconf 89' lang='lat' dir='ltr'><strong>se,</strong></span> <span class='ocrx_word' id='word_1_346' title='bbox 2850 2227 2975 2282; x_wconf 89' lang='lat' dir='ltr'><strong>dum</strong></span> <span class='ocrx_word' id='word_1_347' title='bbox 3002 2242 3279 2298; x_wconf 72' lang='lat' dir='ltr'><strong>corporea:</strong></span> <span class='ocrx_word' id='word_1_348' title='bbox 3305 2228 3452 2283; x_wconf 85' lang='lat' dir='ltr'><strong>vires</strong></span> <span class='ocrx_word' id='word_1_349' title='bbox 3518 2261 3528 2271; x_wconf 87' lang='lat'><strong>-</strong></span> 
     </span>
    </p>
   </div>
   <div class='ocr_carea' id='block_1_49' title="bbox 1869 2317 3450 2393">
    <p class='ocr_par' dir='ltr' id='par_1_49' title="bbox 1869 2317 3450 2393">
     <span class='ocr_line' id='line_1_49' title="bbox 1869 2317 3450 2393; baseline -0.003 -16"><span class='ocrx_word' id='word_1_350' title='bbox 1869 2331 2182 2393; x_wconf 88' lang='lat' dir='ltr'><strong>suppetunt,</strong></span> <span class='ocrx_word' id='word_1_351' title='bbox 2220 2319 2288 2375; x_wconf 85' lang='lat' dir='ltr'><strong>ad</strong></span> <span class='ocrx_word' id='word_1_352' title='bbox 2327 2317 2474 2376; x_wconf 85' lang='lat' dir='ltr'><strong>celsa</strong></span> <span class='ocrx_word' id='word_1_353' title='bbox 2516 2317 2786 2373; x_wconf 90' lang='lat' dir='ltr'><strong>tendendo</strong></span> <span class='ocrx_word' id='word_1_354' title='bbox 2818 2331 3076 2373; x_wconf 85' lang='lat' dir='ltr'><strong>exercere</strong></span> <span class='ocrx_word' id='word_1_355' title='bbox 3107 2317 3316 2383; x_wconf 84' lang='lat' dir='ltr'><strong>labore,</strong></span> <span class='ocrx_word' id='word_1_356' title='bbox 3341 2332 3450 2388; x_wconf 86' lang='lat' dir='ltr'><strong>quo</strong></span> 
     </span>
    </p>
   </div>
   <div class='ocr_carea' id='block_1_50' title="bbox 1868 2407 3453 2479">
    <p class='ocr_par' dir='ltr' id='par_1_50' title="bbox 1868 2407 3453 2479">
     <span class='ocr_line' id='line_1_50' title="bbox 1868 2407 3453 2479; baseline -0.003 -12"><span class='ocrx_word' id='word_1_357' title='bbox 1868 2420 1982 2468; x_wconf 84' lang='lat' dir='ltr'><strong>tota</strong></span> <span class='ocrx_word' id='word_1_358' title='bbox 2017 2413 2187 2467; x_wconf 89' lang='lat' dir='ltr'><strong>series</strong></span> <span class='ocrx_word' id='word_1_359' title='bbox 2227 2419 2494 2467; x_wconf 75' lang='lat' dir='ltr'><strong>secutum</strong></span> <span class='ocrx_word' id='word_1_360' title='bbox 2531 2409 2674 2476; x_wconf 57' lang='lat' dir='ltr'><strong>vitae,</strong></span> <span class='ocrx_word' id='word_1_361' title='bbox 2711 2409 2778 2464; x_wconf 91' lang='lat' dir='ltr'><strong>ad</strong></span> <span class='ocrx_word' id='word_1_362' title='bbox 2809 2407 3023 2464; x_wconf 80' lang='lat' dir='ltr'><strong>fortiter</strong></span> <span class='ocrx_word' id='word_1_363' title='bbox 3061 2409 3328 2479; x_wconf 84' lang='lat' dir='ltr'><strong>agendum</strong></span> <span class='ocrx_word' id='word_1_364' title='bbox 3358 2425 3453 2463; x_wconf 82' lang='lat' dir='ltr'><strong>va-</strong></span> 
     </span>
    </p>
   </div>
   <div class='ocr_carea' id='block_1_51' title="bbox 1870 2497 3450 2569">
    <p class='ocr_par' dir='ltr' id='par_1_51' title="bbox 1870 2497 3450 2569">
     <span class='ocr_line' id='line_1_51' title="bbox 1870 2497 3450 2569; baseline 0 -15"><span class='ocrx_word' id='word_1_365' title='bbox 1870 2500 1979 2558; x_wconf 84' lang='lat' dir='ltr'><strong>leat</strong></span> <span class='ocrx_word' id='word_1_366' title='bbox 2037 2498 2320 2555; x_wconf 75' lang='lat' dir='ltr'><strong>informari</strong></span> <span class='ocrx_word' id='word_1_367' title='bbox 2366 2509 2622 2569; x_wconf 87' lang='lat' dir='ltr'><strong>tanquam</strong></span> <span class='ocrx_word' id='word_1_368' title='bbox 2673 2497 3028 2568; x_wconf 87' lang='lat' dir='ltr'><strong>impressione</strong></span> <span class='ocrx_word' id='word_1_369' title='bbox 3088 2497 3203 2553; x_wconf 88' lang='lat' dir='ltr'><strong>veri</strong></span> <span class='ocrx_word' id='word_1_370' title='bbox 3259 2498 3450 2568; x_wconf 78' lang='lat' dir='ltr'><strong>sigilli.</strong></span> 
     </span>
    </p>
   </div>
   <div class='ocr_carea' id='block_1_52' title="bbox 1869 2585 3450 2652">
    <p class='ocr_par' dir='ltr' id='par_1_52' title="bbox 1869 2585 3450 2652">
     <span class='ocr_line' id='line_1_52' title="bbox 1869 2585 3450 2652; baseline -0.003 -5"><span class='ocrx_word' id='word_1_371' title='bbox 1869 2590 2303 2647; x_wconf 85' lang='lat' dir='ltr'><strong>Provectioribus</strong></span> <span class='ocrx_word' id='word_1_372' title='bbox 2323 2603 2454 2645; x_wconf 85' lang='lat' dir='ltr'><strong>vero</strong></span> <span class='ocrx_word' id='word_1_373' title='bbox 2481 2589 2548 2644; x_wconf 81' lang='lat' dir='ltr'><strong>de</strong></span> <span class='ocrx_word' id='word_1_374' title='bbox 2575 2585 2829 2644; x_wconf 75' lang='lat' dir='ltr'><strong>conﬂictu</strong></span> <span class='ocrx_word' id='word_1_375' title='bbox 2857 2587 3133 2652; x_wconf 86' lang='lat' dir='ltr'><strong>vitiorum,</strong></span> <span class='ocrx_word' id='word_1_376' title='bbox 3155 2588 3221 2643; x_wconf 87' lang='lat' dir='ltr'><strong>de</strong></span> <span class='ocrx_word' id='word_1_377' title='bbox 3246 2588 3450 2642; x_wconf 78' lang='lat' dir='ltr'><strong>discre-</strong></span> 
     </span>
    </p>
   </div>
   <div class='ocr_carea' id='block_1_53' title="bbox 1867 2677 3452 2752">
    <p class='ocr_par' dir='ltr' id='par_1_53' title="bbox 1867 2677 3452 2752">
     <span class='ocr_line' id='line_1_53' title="bbox 1867 2677 3452 2752; baseline -0.003 -16"><span class='ocrx_word' id='word_1_378' title='bbox 1867 2683 2017 2737; x_wconf 84' lang='lat' dir='ltr'><strong>tione</strong></span> <span class='ocrx_word' id='word_1_379' title='bbox 2051 2680 2462 2752; x_wconf 78' lang='lat' dir='ltr'><strong>cogitationum,</strong></span> <span class='ocrx_word' id='word_1_380' title='bbox 2489 2679 2554 2733; x_wconf 90' lang='lat' dir='ltr'><strong>de</strong></span> <span class='ocrx_word' id='word_1_381' title='bbox 2580 2677 3031 2748; x_wconf 86' lang='lat' dir='ltr'><strong>compunctionis,</strong></span> <span class='ocrx_word' id='word_1_382' title='bbox 3075 2692 3170 2733; x_wconf 89' lang='lat' dir='ltr'><strong>seu</strong></span> <span class='ocrx_word' id='word_1_383' title='bbox 3199 2686 3452 2734; x_wconf 86' lang='lat' dir='ltr'><strong>contem-</strong></span> 
     </span>
    </p>
   </div>
   <div class='ocr_carea' id='block_1_54' title="bbox 1870 2773 3449 2849">
    <p class='ocr_par' dir='ltr' id='par_1_54' title="bbox 1870 2773 3449 2849">
     <span class='ocr_line' id='line_1_54' title="bbox 1870 2773 3449 2849; baseline -0.001 -19"><span class='ocrx_word' id='word_1_384' title='bbox 1870 2777 2123 2847; x_wconf 89' lang='lat' dir='ltr'><strong>plationis</strong></span> <span class='ocrx_word' id='word_1_385' title='bbox 2179 2777 2354 2849; x_wconf 81' lang='lat' dir='ltr'><strong>gratia</strong></span> <span class='ocrx_word' id='word_1_386' title='bbox 2407 2777 2715 2846; x_wconf 88' lang='lat' dir='ltr'><strong>mentisque</strong></span> <span class='ocrx_word' id='word_1_387' title='bbox 2772 2774 3013 2848; x_wconf 87' lang='lat' dir='ltr'><strong>puritate</strong></span> <span class='ocrx_word' id='word_1_388' title='bbox 3079 2773 3449 2845; x_wconf 84' lang='lat' dir='ltr'><strong>conquirenda</strong></span> 
     </span>
    </p>
   </div>
   <div class='ocr_carea' id='block_1_55' title="bbox 1870 2864 3452 2947">
    <p class='ocr_par' dir='ltr' id='par_1_55' title="bbox 1870 2864 3452 2947">
     <span class='ocr_line' id='line_1_55' title="bbox 1870 2864 3452 2947; baseline 0.001 -28"><span class='ocrx_word' id='word_1_389' title='bbox 1870 2868 2116 2937; x_wconf 80' lang='lat' dir='ltr'><strong>quaedam</strong></span> <span class='ocrx_word' id='word_1_390' title='bbox 2143 2867 2394 2923; x_wconf 90' lang='lat' dir='ltr'><strong>subtilius</strong></span> <span class='ocrx_word' id='word_1_391' title='bbox 2439 2867 2762 2922; x_wconf 88' lang='lat' dir='ltr'><strong>disserebat.</strong></span> <span class='ocrx_word' id='word_1_392' title='bbox 2801 2864 2994 2932; x_wconf 89' lang='lat' dir='ltr'><strong>Porro,</strong></span> <span class='ocrx_word' id='word_1_393' title='bbox 3025 2879 3148 2920; x_wconf 91' lang='lat' dir='ltr'><strong>cum</strong></span> <span class='ocrx_word' id='word_1_394' title='bbox 3196 2864 3452 2947; x_wconf 63' lang='lat' dir='ltr'><strong>inipsins</strong></span> 
     </span>
    </p>
   </div>
   <div class='ocr_carea' id='block_1_56' title="bbox 1871 2953 3452 3029">
    <p class='ocr_par' dir='ltr' id='par_1_56' title="bbox 1871 2953 3452 3029">
     <span class='ocr_line' id='line_1_56' title="bbox 1871 2953 3452 3029; baseline -0.004 -16"><span class='ocrx_word' id='word_1_395' title='bbox 1871 2958 2415 3015; x_wconf 84' lang='lat' dir='ltr'><strong>sermocinationibus</strong></span> <span class='ocrx_word' id='word_1_396' title='bbox 2470 2956 2734 3029; x_wconf 88' lang='lat' dir='ltr'><strong>ejusmodi</strong></span> <span class='ocrx_word' id='word_1_397' title='bbox 2787 2955 2941 3011; x_wconf 90' lang='lat' dir='ltr'><strong>locus</strong></span> <span class='ocrx_word' id='word_1_398' title='bbox 2996 2953 3282 3019; x_wconf 88' lang='lat' dir='ltr'><strong>incideret,</strong></span> <span class='ocrx_word' id='word_1_399' title='bbox 3342 2969 3452 3023; x_wconf 81' lang='lat' dir='ltr'><strong>quo</strong></span> 
     </span>
    </p>
   </div>
   <div class='ocr_carea' id='block_1_57' title="bbox 1871 3043 3451 3118">
    <p class='ocr_par' dir='ltr' id='par_1_57' title="bbox 1871 3043 3451 3118">
     <span class='ocr_line' id='line_1_57' title="bbox 1871 3043 3451 3118; baseline -0.004 -14"><span class='ocrx_word' id='word_1_400' title='bbox 1871 3050 2101 3105; x_wconf 79' lang='lat' dir='ltr'><strong>fratrum</strong></span> <span class='ocrx_word' id='word_1_401' title='bbox 2128 3060 2340 3106; x_wconf 87' lang='lat' dir='ltr'><strong>mentes</strong></span> <span class='ocrx_word' id='word_1_402' title='bbox 2371 3049 2437 3105; x_wconf 91' lang='lat' dir='ltr'><strong>ad</strong></span> <span class='ocrx_word' id='word_1_403' title='bbox 2465 3048 2689 3105; x_wconf 82' lang='lat' dir='ltr'><strong>fortiora</strong></span> <span class='ocrx_word' id='word_1_404' title='bbox 2712 3047 2965 3118; x_wconf 80' lang='lat' dir='ltr'><strong>quaelibet</strong></span> <span class='ocrx_word' id='word_1_405' title='bbox 2983 3045 3204 3102; x_wconf 79' lang='lat' dir='ltr'><strong>excitari</strong></span> <span class='ocrx_word' id='word_1_406' title='bbox 3231 3043 3451 3099; x_wconf 75' lang='lat' dir='ltr'><strong>debuis~</strong></span> 
     </span>
    </p>
   </div>
   <div class='ocr_carea' id='block_1_58' title="bbox 181 3117 3454 3207">
    <p class='ocr_par' dir='ltr' id='par_1_58' title="bbox 181 3117 3454 3207">
     <span class='ocr_line' id='line_1_58' title="bbox 181 3117 3454 3207; baseline -0.001 -16"><span class='ocrx_word' id='word_1_407' title='bbox 181 3135 565 3206; x_wconf 79' lang='lat' dir='ltr'><strong>llujuscemodi</strong></span> <span class='ocrx_word' id='word_1_408' title='bbox 597 3135 798 3206; x_wconf 85' lang='lat' dir='ltr'><strong>quippe</strong></span> <span class='ocrx_word' id='word_1_409' title='bbox 827 3117 1046 3190; x_wconf 67' lang='lat' dir='ltr'><strong>monitis</strong></span> <span class='ocrx_word' id='word_1_410' title='bbox 1071 3133 1194 3206; x_wconf 88' lang='lat' dir='ltr'><strong>pius</strong></span> <span class='ocrx_word' id='word_1_411' title='bbox 1219 3133 1383 3190; x_wconf 85' lang='lat' dir='ltr'><strong>Pater</strong></span> <span class='ocrx_word' id='word_1_412' title='bbox 1417 3148 1545 3190; x_wconf 82' lang='lat' dir='ltr'><strong>Suos</strong></span> <span class='ocrx_word' id='word_1_413' title='bbox 1581 3142 1771 3189; x_wconf 82' lang='lat' dir='ltr'><strong>conltt-</strong></span> <span class='ocrx_word' id='word_1_414' title='bbox 1795 3127 1840 3188; x_wconf 88' lang='lat' dir='ltr'><strong><em>C</em></strong></span> <span class='ocrx_word' id='word_1_415' title='bbox 1871 3148 2012 3206; x_wconf 86' lang='lat' dir='ltr'><strong>sent,</strong></span> <span class='ocrx_word' id='word_1_416' title='bbox 2061 3140 2163 3196; x_wconf 90' lang='lat' dir='ltr'><strong>hoc</strong></span> <span class='ocrx_word' id='word_1_417' title='bbox 2208 3140 2388 3196; x_wconf 86' lang='lat' dir='ltr'><strong>dicere</strong></span> <span class='ocrx_word' id='word_1_418' title='bbox 2423 3128 2630 3196; x_wconf 80' lang='lat' dir='ltr'><strong>solebat</strong></span> <span class='ocrx_word' id='word_1_419' title='bbox 2665 3157 2679 3193; x_wconf 87' lang='lat'><strong>:</strong></span> <span class='ocrx_word' id='word_1_420' title='bbox 2721 3117 2984 3194; x_wconf 71' lang='lat' dir='ltr'><strong>Strenuus</strong></span> <span class='ocrx_word' id='word_1_421' title='bbox 3005 3137 3230 3207; x_wconf 88' lang='lat' dir='ltr'><strong>quisque</strong></span> <span class='ocrx_word' id='word_1_422' title='bbox 3259 3135 3454 3190; x_wconf 80' lang='lat' dir='ltr'><strong>divinae</strong></span> 
     </span>
    </p>
   </div>
   <div class='ocr_carea' id='block_1_59' title="bbox 179 3225 1775 3300">
    <p class='ocr_par' dir='ltr' id='par_1_59' title="bbox 179 3225 1775 3300">
     <span class='ocr_line' id='line_1_59' title="bbox 179 3225 1775 3300; baseline -0.001 -14"><span class='ocrx_word' id='word_1_423' title='bbox 179 3230 430 3286; x_wconf 86' lang='lat' dir='ltr'><strong>bernales</strong></span> <span class='ocrx_word' id='word_1_424' title='bbox 485 3229 556 3284; x_wconf 93' lang='lat' dir='ltr'><strong>ad</strong></span> <span class='ocrx_word' id='word_1_425' title='bbox 610 3229 998 3286; x_wconf 70' lang='lat' dir='ltr'><strong>misericordiae</strong></span> <span class='ocrx_word' id='word_1_426' title='bbox 1044 3242 1208 3298; x_wconf 77' lang='lat' dir='ltr'><strong>Opera</strong></span> <span class='ocrx_word' id='word_1_427' title='bbox 1266 3226 1578 3300; x_wconf 86' lang='lat' dir='ltr'><strong>instigabat.</strong></span> <span class='ocrx_word' id='word_1_428' title='bbox 1638 3225 1775 3284; x_wconf 87' lang='lat' dir='ltr'><strong>llinc</strong></span> 
     </span>
    </p>
   </div>
   <div class='ocr_carea' id='block_1_60' title="bbox 178 3315 1776 3390">
    <p class='ocr_par' dir='ltr' id='par_1_60' title="bbox 178 3315 1776 3390">
     <span class='ocr_line' id='line_1_60' title="bbox 178 3315 1776 3390; baseline -0.002 -17"><span class='ocrx_word' id='word_1_429' title='bbox 178 3335 308 3376; x_wconf 85' lang='lat' dir='ltr'><strong>sane</strong></span> <span class='ocrx_word' id='word_1_430' title='bbox 343 3319 684 3390; x_wconf 88' lang='lat' dir='ltr'><strong>pensandum</strong></span> <span class='ocrx_word' id='word_1_431' title='bbox 729 3327 835 3383; x_wconf 85' lang='lat' dir='ltr'><strong>est,</strong></span> <span class='ocrx_word' id='word_1_432' title='bbox 879 3317 1056 3389; x_wconf 84' lang='lat' dir='ltr'><strong>qualis</strong></span> <span class='ocrx_word' id='word_1_433' title='bbox 1103 3317 1157 3372; x_wconf 90' lang='lat' dir='ltr'><strong>in</strong></span> <span class='ocrx_word' id='word_1_434' title='bbox 1199 3317 1519 3372; x_wconf 79' lang='lat' dir='ltr'><strong>exbibeudis</strong></span> <span class='ocrx_word' id='word_1_435' title='bbox 1563 3315 1776 3371; x_wconf 81' lang='lat' dir='ltr'><strong>confra-</strong></span> 
     </span>
    </p>
   </div>
   <div class='ocr_carea' id='block_1_61' title="bbox 183 3405 1779 3478">
    <p class='ocr_par' dir='ltr' id='par_1_61' title="bbox 183 3405 1779 3478">
     <span class='ocr_line' id='line_1_61' title="bbox 183 3405 1779 3478; baseline -0.001 -18"><span class='ocrx_word' id='word_1_436' title='bbox 183 3420 327 3464; x_wconf 82' lang='lat' dir='ltr'><strong>trum</strong></span> <span class='ocrx_word' id='word_1_437' title='bbox 357 3408 690 3465; x_wconf 84' lang='lat' dir='ltr'><strong>necessariis</strong></span> <span class='ocrx_word' id='word_1_438' title='bbox 713 3408 882 3464; x_wconf 81' lang='lat' dir='ltr'><strong>fuisse</strong></span> <span class='ocrx_word' id='word_1_439' title='bbox 908 3408 1184 3475; x_wconf 87' lang='lat' dir='ltr'><strong>credatur,</strong></span> <span class='ocrx_word' id='word_1_440' title='bbox 1213 3407 1306 3478; x_wconf 89' lang='lat' dir='ltr'><strong>qui</strong></span> <span class='ocrx_word' id='word_1_441' title='bbox 1339 3416 1500 3463; x_wconf 72' lang='lat' dir='ltr'><strong>tanta:</strong></span> <span class='ocrx_word' id='word_1_442' title='bbox 1531 3405 1779 3477; x_wconf 84' lang='lat' dir='ltr'><strong>benigni-</strong></span> 
     </span>
    </p>
   </div>
   <div class='ocr_carea' id='block_1_62' title="bbox 184 3493 1777 3568">
    <p class='ocr_par' dir='ltr' id='par_1_62' title="bbox 184 3493 1777 3568">
     <span class='ocr_line' id='line_1_62' title="bbox 184 3493 1777 3568; baseline -0.001 -18"><span class='ocrx_word' id='word_1_443' title='bbox 184 3498 315 3553; x_wconf 79' lang='lat' dir='ltr'><strong>tatis</strong></span> <span class='ocrx_word' id='word_1_444' title='bbox 354 3512 485 3566; x_wconf 81' lang='lat' dir='ltr'><strong>erga</strong></span> <span class='ocrx_word' id='word_1_445' title='bbox 529 3496 816 3553; x_wconf 78' lang='lat' dir='ltr'><strong>universos</strong></span> <span class='ocrx_word' id='word_1_446' title='bbox 861 3497 1135 3553; x_wconf 75' lang='lat' dir='ltr'><strong>exstitisse</strong></span> <span class='ocrx_word' id='word_1_447' title='bbox 1172 3496 1532 3568; x_wconf 82' lang='lat' dir='ltr'><strong>dignoscitur.</strong></span> <span class='ocrx_word' id='word_1_448' title='bbox 1576 3493 1777 3552; x_wconf 81' lang='lat' dir='ltr'><strong>Verum</strong></span> 
     </span>
    </p>
   </div>
   <div class='ocr_carea' id='block_1_63' title="bbox 185 3587 1776 3660">
    <p class='ocr_par' dir='ltr' id='par_1_63' title="bbox 185 3587 1776 3660">
     <span class='ocr_line' id='line_1_63' title="bbox 185 3587 1776 3660; baseline -0.001 -17"><span class='ocrx_word' id='word_1_449' title='bbox 185 3589 317 3660; x_wconf 83' lang='lat' dir='ltr'><strong>quid</strong></span> <span class='ocrx_word' id='word_1_450' title='bbox 342 3589 405 3644; x_wconf 90' lang='lat' dir='ltr'><strong>de</strong></span> <span class='ocrx_word' id='word_1_451' title='bbox 429 3589 833 3645; x_wconf 59' lang='lat' dir='ltr'><strong>cohaerentibus</strong></span> <span class='ocrx_word' id='word_1_452' title='bbox 848 3589 959 3646; x_wconf 84' lang='lat' dir='ltr'><strong>sibi</strong></span> <span class='ocrx_word' id='word_1_453' title='bbox 986 3588 1320 3645; x_wconf 81' lang='lat' dir='ltr'><strong>memorem?</strong></span> <span class='ocrx_word' id='word_1_454' title='bbox 1342 3587 1776 3658; x_wconf 87' lang='lat' dir='ltr'><strong>quandoquidem</strong></span> 
     </span>
    </p>
   </div>
   <div class='ocr_carea' id='block_1_64' title="bbox 180 3677 1780 3753">
    <p class='ocr_par' dir='ltr' id='par_1_64' title="bbox 180 3677 1780 3753">
     <span class='ocr_line' id='line_1_64' title="bbox 180 3677 1780 3753; baseline -0.003 -17"><span class='ocrx_word' id='word_1_455' title='bbox 180 3695 314 3753; x_wconf 78' lang='lat' dir='ltr'><strong>erga</strong></span> <span class='ocrx_word' id='word_1_456' title='bbox 333 3680 566 3737; x_wconf 82' lang='lat' dir='ltr'><strong>cunctos</strong></span> <span class='ocrx_word' id='word_1_457' title='bbox 589 3679 689 3736; x_wconf 88' lang='lat' dir='ltr'><strong>Dei</strong></span> <span class='ocrx_word' id='word_1_458' title='bbox 717 3679 950 3737; x_wconf 79' lang='lat' dir='ltr'><strong>fanmlos</strong></span> <span class='ocrx_word' id='word_1_459' title='bbox 976 3680 1032 3735; x_wconf 89' lang='lat' dir='ltr'><strong>in</strong></span> <span class='ocrx_word' id='word_1_460' title='bbox 1067 3695 1238 3736; x_wconf 67' lang='lat' dir='ltr'><strong>sacrae</strong></span> <span class='ocrx_word' id='word_1_461' title='bbox 1264 3679 1470 3735; x_wconf 85' lang='lat' dir='ltr'><strong>militiae</strong></span> <span class='ocrx_word' id='word_1_462' title='bbox 1503 3677 1780 3750; x_wconf 83' lang='lat' dir='ltr'><strong>proposito</strong></span> 
     </span>
    </p>
   </div>
   <div class='ocr_carea' id='block_1_65' title="bbox 183 3769 1780 3840">
    <p class='ocr_par' dir='ltr' id='par_1_65' title="bbox 183 3769 1780 3840">
     <span class='ocr_line' id='line_1_65' title="bbox 183 3769 1780 3840; baseline -0.001 -13"><span class='ocrx_word' id='word_1_463' title='bbox 183 3773 537 3839; x_wconf 87' lang='lat' dir='ltr'><strong>constitutos,</strong></span> <span class='ocrx_word' id='word_1_464' title='bbox 582 3787 649 3828; x_wconf 90' lang='lat' dir='ltr'><strong>eo</strong></span> <span class='ocrx_word' id='word_1_465' title='bbox 690 3771 998 3828; x_wconf 89' lang='lat' dir='ltr'><strong>dilectionis</strong></span> <span class='ocrx_word' id='word_1_466' title='bbox 1024 3771 1362 3827; x_wconf 80' lang='lat' dir='ltr'><strong>vinciebatur</strong></span> <span class='ocrx_word' id='word_1_467' title='bbox 1405 3769 1626 3836; x_wconf 70' lang='lat' dir='ltr'><strong>aﬂectu,</strong></span> <span class='ocrx_word' id='word_1_468' title='bbox 1671 3783 1780 3840; x_wconf 91' lang='lat' dir='ltr'><strong>quo</strong></span> 
     </span>
    </p>
   </div>
   <div class='ocr_carea' id='block_1_66' title="bbox 184 3861 1798 3936">
    <p class='ocr_par' dir='ltr' id='par_1_66' title="bbox 184 3861 1798 3936">
     <span class='ocr_line' id='line_1_66' title="bbox 184 3861 1798 3936; baseline -0.003 -15"><span class='ocrx_word' id='word_1_469' title='bbox 184 3878 375 3921; x_wconf 79' lang='lat' dir='ltr'><strong>eorum</strong></span> <span class='ocrx_word' id='word_1_470' title='bbox 428 3863 666 3936; x_wconf 84' lang='lat' dir='ltr'><strong>amplius</strong></span> <span class='ocrx_word' id='word_1_471' title='bbox 696 3877 860 3935; x_wconf 83' lang='lat' dir='ltr'><strong>quam</strong></span> <span class='ocrx_word' id='word_1_472' title='bbox 891 3863 1111 3934; x_wconf 79' lang='lat' dir='ltr'><strong>proprio</strong></span> <span class='ocrx_word' id='word_1_473' title='bbox 1140 3861 1514 3934; x_wconf 86' lang='lat' dir='ltr'><strong>gratulabatur</strong></span> <span class='ocrx_word' id='word_1_474' title='bbox 1564 3861 1798 3918; x_wconf 81' lang='lat' dir='ltr'><strong>solatio-</strong></span> 
     </span>
    </p>
   </div>
   <div class='ocr_carea' id='block_1_67' title="bbox 766 3972 1216 4030">
    <p class='ocr_par' dir='ltr' id='par_1_67' title="bbox 766 3972 1216 4030">
     <span class='ocr_line' id='line_1_67' title="bbox 766 3972 1216 4030; baseline -0.007 0"><span class='ocrx_word' id='word_1_475' title='bbox 766 3972 995 4030; x_wconf 79' lang='lat' dir='ltr'><strong>CAPUT</strong></span> <span class='ocrx_word' id='word_1_476' title='bbox 1034 3972 1216 4030; x_wconf 76' lang='lat' dir='ltr'><strong>XVIII.</strong></span> 
     </span>
    </p>
   </div>
   <div class='ocr_carea' id='block_1_68' title="bbox 189 4051 1781 4134">
    <p class='ocr_par' dir='ltr' id='par_1_68' title="bbox 189 4051 1781 4134">
     <span class='ocr_line' id='line_1_68' title="bbox 189 4051 1781 4134; baseline -0.001 -15"><span class='ocrx_word' id='word_1_477' title='bbox 189 4063 256 4120; x_wconf 73' lang='lat' dir='ltr'><strong>la</strong></span> <span class='ocrx_word' id='word_1_478' title='bbox 283 4081 448 4120; x_wconf 77' lang='lat' dir='ltr'><strong>suum</strong></span> <span class='ocrx_word' id='word_1_479' title='bbox 479 4065 856 4121; x_wconf 73' lang='lat' dir='ltr'><strong>monasterium</strong></span> <span class='ocrx_word' id='word_1_480' title='bbox 887 4051 1172 4134; x_wconf 28' lang='lat' dir='ltr'><strong>se‘vreeipit,</strong></span> <span class='ocrx_word' id='word_1_481' title='bbox 1198 4063 1369 4134; x_wconf 80' lang='lat' dir='ltr'><strong>ibique</strong></span> <span class='ocrx_word' id='word_1_482' title='bbox 1391 4054 1629 4134; x_wconf 63' lang='lat' dir='ltr'><strong>jejunus,</strong></span> <span class='ocrx_word' id='word_1_483' title='bbox 1662 4080 1781 4118; x_wconf 87' lang='lat' dir='ltr'><strong>ora-</strong></span> 
     </span>
    </p>
   </div>
   <div class='ocr_carea' id='block_1_69' title="bbox 257 4134 1782 4205">
    <p class='ocr_par' dir='ltr' id='par_1_69' title="bbox 257 4134 1782 4205">
     <span class='ocr_line' id='line_1_69' title="bbox 257 4134 1782 4205; baseline -0.001 -17"><span class='ocrx_word' id='word_1_484' title='bbox 257 4137 420 4200; x_wconf 80' lang='lat' dir='ltr'><strong>tione,</strong></span> <span class='ocrx_word' id='word_1_485' title='bbox 448 4136 750 4205; x_wconf 66' lang='lat' dir='ltr'><strong>ceterisque</strong></span> <span class='ocrx_word' id='word_1_486' title='bbox 771 4136 1005 4204; x_wconf 75' lang='lat' dir='ltr'><strong>corporis</strong></span> <span class='ocrx_word' id='word_1_487' title='bbox 1029 4147 1182 4204; x_wconf 68' lang='lat' dir='ltr'><strong>atque</strong></span> <span class='ocrx_word' id='word_1_488' title='bbox 1207 4135 1372 4189; x_wconf 75' lang='lat' dir='ltr'><strong>animi</strong></span> <span class='ocrx_word' id='word_1_489' title='bbox 1399 4134 1782 4190; x_wconf 70' lang='lat' dir='ltr'><strong>exercitationi-</strong></span> 
     </span>
    </p>
   </div>
   <div class='ocr_carea' id='block_1_70' title="bbox 261 4204 932 4260">
    <p class='ocr_par' dir='ltr' id='par_1_70' title="bbox 261 4204 932 4260">
     <span class='ocr_line' id='line_1_70' title="bbox 261 4204 932 4260; baseline -0.001 -1"><span class='ocrx_word' id='word_1_490' title='bbox 261 4207 354 4259; x_wconf 76' lang='lat' dir='ltr'><strong>bus</strong></span> <span class='ocrx_word' id='word_1_491' title='bbox 385 4204 667 4260; x_wconf 70' lang='lat' dir='ltr'><strong>excolitur.</strong></span> <span class='ocrx_word' id='word_1_492' title='bbox 928 4231 932 4237; x_wconf 90' lang='lat'><em>-</em></span> 
     </span>
    </p>
   </div>
   <div class='ocr_carea' id='block_1_71' title="bbox 260 4311 1779 4387">
    <p class='ocr_par' dir='ltr' id='par_1_71' title="bbox 260 4311 1779 4387">
     <span class='ocr_line' id='line_1_71' title="bbox 260 4311 1779 4387; baseline 0.005 -20"><span class='ocrx_word' id='word_1_493' title='bbox 260 4313 456 4380; x_wconf 72' lang='lat' dir='ltr'><strong>Porro,</strong></span> <span class='ocrx_word' id='word_1_494' title='bbox 480 4314 606 4369; x_wconf 81' lang='lat' dir='ltr'><strong>dum</strong></span> <span class='ocrx_word' id='word_1_495' title='bbox 637 4313 708 4371; x_wconf 77' lang='lat' dir='ltr'><strong>ab</strong></span> <span class='ocrx_word' id='word_1_496' title='bbox 729 4311 1089 4370; x_wconf 79' lang='lat' dir='ltr'><strong>exterioribus</strong></span> <span class='ocrx_word' id='word_1_497' title='bbox 1116 4313 1236 4370; x_wconf 86' lang='lat' dir='ltr'><strong>istis</strong></span> <span class='ocrx_word' id='word_1_498' title='bbox 1261 4313 1398 4387; x_wconf 72' lang='lat'><strong>(52),</strong></span> <span class='ocrx_word' id='word_1_499' title='bbox 1425 4313 1554 4372; x_wconf 88' lang='lat' dir='ltr'><strong>licet</strong></span> <span class='ocrx_word' id='word_1_500' title='bbox 1576 4317 1779 4374; x_wconf 88' lang='lat' dir='ltr'><strong>sanctis</strong></span> 
     </span>
    </p>
   </div>
   <div class='ocr_carea' id='block_1_72' title="bbox 190 4404 1779 4483">
    <p class='ocr_par' dir='ltr' id='par_1_72' title="bbox 190 4404 1779 4483">
     <span class='ocr_line' id='line_1_72' title="bbox 190 4404 1779 4483; baseline 0.003 -22"><span class='ocrx_word' id='word_1_501' title='bbox 190 4415 246 4461; x_wconf 86' lang='lat' dir='ltr'><strong>et</strong></span> <span class='ocrx_word' id='word_1_502' title='bbox 277 4407 386 4462; x_wconf 87' lang='lat' dir='ltr'><strong>Deo</strong></span> <span class='ocrx_word' id='word_1_503' title='bbox 408 4406 594 4482; x_wconf 80' lang='lat' dir='ltr'><strong>gratis,</strong></span> <span class='ocrx_word' id='word_1_504' title='bbox 629 4404 699 4462; x_wconf 90' lang='lat' dir='ltr'><strong>ad</strong></span> <span class='ocrx_word' id='word_1_505' title='bbox 729 4405 907 4463; x_wconf 89' lang='lat' dir='ltr'><strong>dulcia</strong></span> <span class='ocrx_word' id='word_1_506' title='bbox 927 4407 1096 4462; x_wconf 85' lang='lat' dir='ltr'><strong>eremi</strong></span> <span class='ocrx_word' id='word_1_507' title='bbox 1143 4418 1378 4475; x_wconf 87' lang='lat' dir='ltr'><strong>secreta,</strong></span> <span class='ocrx_word' id='word_1_508' title='bbox 1423 4417 1531 4465; x_wconf 91' lang='lat' dir='ltr'><strong>tam</strong></span> <span class='ocrx_word' id='word_1_509' title='bbox 1559 4425 1660 4483; x_wconf 92' lang='lat' dir='ltr'><strong>pro</strong></span> <span class='ocrx_word' id='word_1_510' title='bbox 1694 4425 1779 4466; x_wconf 90' lang='lat' dir='ltr'><strong>re-</strong></span> 
     </span>
    </p>
   </div>
   <div class='ocr_carea' id='block_1_73' title="bbox 1872 3227 3455 3304">
    <p class='ocr_par' dir='ltr' id='par_1_73' title="bbox 1872 3227 3455 3304">
     <span class='ocr_line' id='line_1_73' title="bbox 1872 3227 3455 3304; baseline -0.005 -16"><span class='ocrx_word' id='word_1_511' title='bbox 1872 3233 2078 3292; x_wconf 79' lang='lat' dir='ltr'><strong>militiae</strong></span> <span class='ocrx_word' id='word_1_512' title='bbox 2115 3233 2369 3304; x_wconf 60' lang='lat' dir='ltr'><strong>praelatus</strong></span> <span class='ocrx_word' id='word_1_513' title='bbox 2421 3232 2474 3289; x_wconf 91' lang='lat' dir='ltr'><strong>in</strong></span> <span class='ocrx_word' id='word_1_514' title='bbox 2529 3231 2674 3286; x_wconf 90' lang='lat' dir='ltr'><strong>omni</strong></span> <span class='ocrx_word' id='word_1_515' title='bbox 2721 3229 2950 3301; x_wconf 87' lang='lat' dir='ltr'><strong>spiritali</strong></span> <span class='ocrx_word' id='word_1_516' title='bbox 2999 3227 3292 3283; x_wconf 86' lang='lat' dir='ltr'><strong>certamine</strong></span> <span class='ocrx_word' id='word_1_517' title='bbox 3327 3240 3455 3280; x_wconf 86' lang='lat' dir='ltr'><strong>suas</strong></span> 
     </span>
    </p>
   </div>
   <div class='ocr_carea' id='block_1_74' title="bbox 1874 3318 3456 3397">
    <p class='ocr_par' dir='ltr' id='par_1_74' title="bbox 1874 3318 3456 3397">
     <span class='ocr_line' id='line_1_74' title="bbox 1874 3318 3456 3397; baseline -0.004 -17"><span class='ocrx_word' id='word_1_518' title='bbox 1874 3322 2035 3380; x_wconf 84' lang='lat' dir='ltr'><strong>debet</strong></span> <span class='ocrx_word' id='word_1_519' title='bbox 2077 3325 2220 3379; x_wconf 83' lang='lat' dir='ltr'><strong>vires</strong></span> <span class='ocrx_word' id='word_1_520' title='bbox 2254 3338 2567 3397; x_wconf 83' lang='lat' dir='ltr'><strong>agnoscere.</strong></span> <span class='ocrx_word' id='word_1_521' title='bbox 2615 3321 3032 3394; x_wconf 83' lang='lat' dir='ltr'><strong>lgnominiosum</strong></span> <span class='ocrx_word' id='word_1_522' title='bbox 3075 3320 3271 3392; x_wconf 89' lang='lat' dir='ltr'><strong>quippe</strong></span> <span class='ocrx_word' id='word_1_523' title='bbox 3297 3318 3456 3373; x_wconf 87' lang='lat' dir='ltr'><strong>valde</strong></span> 
     </span>
    </p>
   </div>
   <div class='ocr_carea' id='block_1_75' title="bbox 1873 3409 3453 3484">
    <p class='ocr_par' dir='ltr' id='par_1_75' title="bbox 1873 3409 3453 3484">
     <span class='ocr_line' id='line_1_75' title="bbox 1873 3409 3453 3484; baseline -0.003 -17"><span class='ocrx_word' id='word_1_524' title='bbox 1873 3422 1961 3468; x_wconf 88' lang='lat' dir='ltr'><strong>est</strong></span> <span class='ocrx_word' id='word_1_525' title='bbox 1988 3415 2254 3470; x_wconf 85' lang='lat' dir='ltr'><strong>monacho</strong></span> <span class='ocrx_word' id='word_1_526' title='bbox 2281 3422 2336 3470; x_wconf 88' lang='lat' dir='ltr'><strong>et</strong></span> <span class='ocrx_word' id='word_1_527' title='bbox 2364 3412 2662 3484; x_wconf 75' lang='lat' dir='ltr'><strong>spiritualis</strong></span> <span class='ocrx_word' id='word_1_528' title='bbox 2693 3412 2898 3467; x_wconf 67' lang='lat' dir='ltr'><strong>militia:</strong></span> <span class='ocrx_word' id='word_1_529' title='bbox 2935 3410 3322 3482; x_wconf 75' lang='lat' dir='ltr'><strong>profess‘onem</strong></span> <span class='ocrx_word' id='word_1_530' title='bbox 3353 3409 3453 3462; x_wconf 88' lang='lat' dir='ltr'><strong>ha-</strong></span> 
     </span>
    </p>
   </div>
   <div class='ocr_carea' id='block_1_76' title="bbox 1875 3501 3454 3577">
    <p class='ocr_par' dir='ltr' id='par_1_76' title="bbox 1875 3501 3454 3577">
     <span class='ocr_line' id='line_1_76' title="bbox 1875 3501 3454 3577; baseline -0.005 -16"><span class='ocrx_word' id='word_1_531' title='bbox 1875 3505 2025 3572; x_wconf 88' lang='lat' dir='ltr'><strong>bere,</strong></span> <span class='ocrx_word' id='word_1_532' title='bbox 2051 3514 2107 3562; x_wconf 84' lang='lat' dir='ltr'><strong>et</strong></span> <span class='ocrx_word' id='word_1_533' title='bbox 2138 3505 2448 3577; x_wconf 75' lang='lat' dir='ltr'><strong>experiendi</strong></span> <span class='ocrx_word' id='word_1_534' title='bbox 2495 3505 2732 3574; x_wconf 75' lang='lat' dir='ltr'><strong>ignavia,</strong></span> <span class='ocrx_word' id='word_1_535' title='bbox 2774 3505 2901 3574; x_wconf 88' lang='lat' dir='ltr'><strong>quid</strong></span> <span class='ocrx_word' id='word_1_536' title='bbox 2942 3503 2996 3559; x_wconf 90' lang='lat' dir='ltr'><strong>in</strong></span> <span class='ocrx_word' id='word_1_537' title='bbox 3030 3501 3325 3558; x_wconf 87' lang='lat' dir='ltr'><strong>certamine</strong></span> <span class='ocrx_word' id='word_1_538' title='bbox 3357 3516 3454 3553; x_wconf 84' lang='lat' dir='ltr'><strong>va-</strong></span> 
     </span>
    </p>
   </div>
   <div class='ocr_carea' id='block_1_77' title="bbox 1879 3593 3455 3668">
    <p class='ocr_par' dir='ltr' id='par_1_77' title="bbox 1879 3593 3455 3668">
     <span class='ocr_line' id='line_1_77' title="bbox 1879 3593 3455 3668; baseline -0.003 -18"><span class='ocrx_word' id='word_1_539' title='bbox 1879 3594 2008 3662; x_wconf 88' lang='lat' dir='ltr'><strong>leat,</strong></span> <span class='ocrx_word' id='word_1_540' title='bbox 2040 3597 2316 3668; x_wconf 77' lang='lat' dir='ltr'><strong>ignorare.</strong></span> <span class='ocrx_word' id='word_1_541' title='bbox 2367 3595 2436 3650; x_wconf 83' lang='lat' dir='ltr'><strong>Et</strong></span> <span class='ocrx_word' id='word_1_542' title='bbox 2475 3597 2692 3666; x_wconf 88' lang='lat' dir='ltr'><strong>quidem</strong></span> <span class='ocrx_word' id='word_1_543' title='bbox 2733 3596 2862 3665; x_wconf 91' lang='lat' dir='ltr'><strong>quid</strong></span> <span class='ocrx_word' id='word_1_544' title='bbox 2891 3596 3004 3665; x_wconf 89' lang='lat' dir='ltr'><strong>ipse</strong></span> <span class='ocrx_word' id='word_1_545' title='bbox 3028 3596 3147 3649; x_wconf 77' lang='lat' dir='ltr'><strong>haec</strong></span> <span class='ocrx_word' id='word_1_546' title='bbox 3187 3593 3455 3664; x_wconf 88' lang='lat' dir='ltr'><strong>loquendo</strong></span> 
     </span>
    </p>
   </div>
   <div class='ocr_carea' id='block_1_78' title="bbox 1879 3681 3453 3756">
    <p class='ocr_par' dir='ltr' id='par_1_78' title="bbox 1879 3681 3453 3756">
     <span class='ocr_line' id='line_1_78' title="bbox 1879 3681 3453 3756; baseline -0.004 -16"><span class='ocrx_word' id='word_1_547' title='bbox 1879 3694 2120 3741; x_wconf 82' lang='lat' dir='ltr'><strong>moneret</strong></span> <span class='ocrx_word' id='word_1_548' title='bbox 2146 3681 2418 3756; x_wconf 88' lang='lat' dir='ltr'><strong>discipulis</strong></span> <span class='ocrx_word' id='word_1_549' title='bbox 2452 3686 2565 3740; x_wconf 88' lang='lat' dir='ltr'><strong>suis</strong></span> <span class='ocrx_word' id='word_1_550' title='bbox 2597 3684 2800 3755; x_wconf 87' lang='lat' dir='ltr'><strong>liquido</strong></span> <span class='ocrx_word' id='word_1_551' title='bbox 2831 3684 3140 3738; x_wconf 87' lang='lat' dir='ltr'><strong>insinuabat</strong></span> <span class='ocrx_word' id='word_1_552' title='bbox 3170 3683 3453 3752; x_wconf 77' lang='lat' dir='ltr'><strong>exemplis,</strong></span> 
     </span>
    </p>
   </div>
   <div class='ocr_carea' id='block_1_79' title="bbox 1877 3773 3455 3845">
    <p class='ocr_par' dir='ltr' id='par_1_79' title="bbox 1877 3773 3455 3845">
     <span class='ocr_line' id='line_1_79' title="bbox 1877 3773 3455 3845; baseline 0 -16"><span class='ocrx_word' id='word_1_553' title='bbox 1877 3790 1946 3830; x_wconf 76' lang='lat' dir='ltr'><strong>ex</strong></span> <span class='ocrx_word' id='word_1_554' title='bbox 1969 3773 2164 3845; x_wconf 81' lang='lat' dir='ltr'><strong>quibus</strong></span> <span class='ocrx_word' id='word_1_555' title='bbox 2186 3775 2436 3830; x_wconf 88' lang='lat' dir='ltr'><strong>videlicet</strong></span> <span class='ocrx_word' id='word_1_556' title='bbox 2463 3775 2578 3830; x_wconf 63' lang='lat' dir='ltr'><strong>haec</strong></span> <span class='ocrx_word' id='word_1_557' title='bbox 2599 3789 2626 3828; x_wconf 88' lang='lat' dir='ltr'><strong>a</strong></span> <span class='ocrx_word' id='word_1_558' title='bbox 2650 3775 2804 3829; x_wconf 86' lang='lat' dir='ltr'><strong>nobis</strong></span> <span class='ocrx_word' id='word_1_559' title='bbox 2829 3773 2944 3829; x_wconf 84' lang='lat' dir='ltr'><strong>fore</strong></span> <span class='ocrx_word' id='word_1_560' title='bbox 2975 3774 3455 3829; x_wconf 84' lang='lat' dir='ltr'><strong>commemoranda</strong></span> 
     </span>
    </p>
   </div>
   <div class='ocr_carea' id='block_1_80' title="bbox 1878 3865 3453 3937">
    <p class='ocr_par' dir='ltr' id='par_1_80' title="bbox 1878 3865 3453 3937">
     <span class='ocr_line' id='line_1_80' title="bbox 1878 3865 3453 3937; baseline 0.001 -17"><span class='ocrx_word' id='word_1_561' title='bbox 1878 3881 1983 3922; x_wconf 90' lang='lat' dir='ltr'><strong>non</strong></span> <span class='ocrx_word' id='word_1_562' title='bbox 2014 3867 2251 3925; x_wconf 87' lang='lat' dir='ltr'><strong>inaniter</strong></span> <span class='ocrx_word' id='word_1_563' title='bbox 2279 3877 2426 3936; x_wconf 89' lang='lat' dir='ltr'><strong>puto.</strong></span> <span class='ocrx_word' id='word_1_564' title='bbox 2463 3881 2656 3936; x_wconf 90' lang='lat' dir='ltr'><strong>nempe</strong></span> <span class='ocrx_word' id='word_1_565' title='bbox 2681 3867 2785 3921; x_wconf 84' lang='lat' dir='ltr'><strong>vidi</strong></span> <span class='ocrx_word' id='word_1_566' title='bbox 2811 3867 2956 3921; x_wconf 88' lang='lat' dir='ltr'><strong>illum</strong></span> <span class='ocrx_word' id='word_1_567' title='bbox 2979 3883 3076 3937; x_wconf 90' lang='lat' dir='ltr'><strong>per</strong></span> <span class='ocrx_word' id='word_1_568' title='bbox 3095 3865 3453 3937; x_wconf 81' lang='lat' dir='ltr'><strong>quadraginta</strong></span> 
     </span>
    </p>
   </div>
   <div class='ocr_carea' id='block_1_81' title="bbox 1776 3953 3453 4028">
    <p class='ocr_par' dir='ltr' id='par_1_81' title="bbox 1776 3953 3453 4028">
     <span class='ocr_line' id='line_1_81' title="bbox 1776 3953 3453 4028; baseline 0.002 -19"><span class='ocrx_word' id='word_1_569' title='bbox 1776 3955 1805 3979; x_wconf 83' lang='grc'><strong>·’</strong></span> <span class='ocrx_word' id='word_1_570' title='bbox 1879 3955 1996 4011; x_wconf 88' lang='lat' dir='ltr'><strong>dies</strong></span> <span class='ocrx_word' id='word_1_571' title='bbox 2025 3954 2119 4021; x_wconf 84' lang='lat' dir='ltr'><strong>nil,</strong></span> <span class='ocrx_word' id='word_1_572' title='bbox 2151 3953 2295 4028; x_wconf 90' lang='lat' dir='ltr'><strong>quod</strong></span> <span class='ocrx_word' id='word_1_573' title='bbox 2318 3971 2414 4026; x_wconf 86' lang='lat' dir='ltr'><strong>per</strong></span> <span class='ocrx_word' id='word_1_574' title='bbox 2438 3956 2614 4026; x_wconf 88' lang='lat' dir='ltr'><strong>ignem</strong></span> <span class='ocrx_word' id='word_1_575' title='bbox 2645 3955 2859 4022; x_wconf 88' lang='lat' dir='ltr'><strong>transit,</strong></span> <span class='ocrx_word' id='word_1_576' title='bbox 2902 3957 2955 4011; x_wconf 91' lang='lat' dir='ltr'><strong>in</strong></span> <span class='ocrx_word' id='word_1_577' title='bbox 2994 3956 3116 4013; x_wconf 88' lang='lat' dir='ltr'><strong>cibo</strong></span> <span class='ocrx_word' id='word_1_578' title='bbox 3139 3959 3453 4028; x_wconf 85' lang='lat' dir='ltr'><strong>sumpsisse.</strong></span> 
     </span>
    </p>
   </div>
   <div class='ocr_carea' id='block_1_82' title="bbox 1877 4046 3457 4119">
    <p class='ocr_par' dir='ltr' id='par_1_82' title="bbox 1877 4046 3457 4119">
     <span class='ocr_line' id='line_1_82' title="bbox 1877 4046 3457 4119; baseline 0.003 -18"><span class='ocrx_word' id='word_1_579' title='bbox 1877 4046 1974 4102; x_wconf 87' lang='lat' dir='ltr'><strong>sed</strong></span> <span class='ocrx_word' id='word_1_580' title='bbox 2038 4057 2245 4105; x_wconf 86' lang='lat' dir='ltr'><strong>tantum</strong></span> <span class='ocrx_word' id='word_1_581' title='bbox 2315 4048 2489 4117; x_wconf 91' lang='lat' dir='ltr'><strong>pomis</strong></span> <span class='ocrx_word' id='word_1_582' title='bbox 2535 4048 2824 4119; x_wconf 87' lang='lat' dir='ltr'><strong>crudisque</strong></span> <span class='ocrx_word' id='word_1_583' title='bbox 2871 4059 3028 4105; x_wconf 68' lang='lat' dir='ltr'><strong>terrae</strong></span> <span class='ocrx_word' id='word_1_584' title='bbox 3087 4051 3457 4114; x_wconf 85' lang='lat' dir='ltr'><strong>nascentibus.</strong></span> 
     </span>
    </p>
   </div>
   <div class='ocr_carea' id='block_1_83' title="bbox 1879 4139 3560 4214">
    <p class='ocr_par' dir='ltr' id='par_1_83' title="bbox 1879 4139 3560 4214">
     <span class='ocr_line' id='line_1_83' title="bbox 1879 4139 3560 4214; baseline -0.001 -20"><span class='ocrx_word' id='word_1_585' title='bbox 1879 4141 2083 4214; x_wconf 87' lang='lat' dir='ltr'><strong>absque</strong></span> <span class='ocrx_word' id='word_1_586' title='bbox 2133 4139 2280 4195; x_wconf 89' lang='lat' dir='ltr'><strong>omni</strong></span> <span class='ocrx_word' id='word_1_587' title='bbox 2312 4155 2533 4211; x_wconf 89' lang='lat' dir='ltr'><strong>prorsus</strong></span> <span class='ocrx_word' id='word_1_588' title='bbox 2562 4151 2713 4211; x_wconf 88' lang='lat' dir='ltr'><strong>potu,</strong></span> <span class='ocrx_word' id='word_1_589' title='bbox 2756 4151 3068 4196; x_wconf 88' lang='lat' dir='ltr'><strong>contentum</strong></span> <span class='ocrx_word' id='word_1_590' title='bbox 3112 4140 3314 4209; x_wconf 75' lang='lat' dir='ltr'><strong>luisse;</strong></span> <span class='ocrx_word' id='word_1_591' title='bbox 3357 4143 3461 4198; x_wconf 84' lang='lat' dir='ltr'><strong>hoc</strong></span> <span class='ocrx_word' id='word_1_592' title='bbox 3547 4183 3560 4192; x_wconf 92' lang='lat'><strong>.</strong></span> 
     </span>
    </p>
   </div>
   <div class='ocr_carea' id='block_1_84' title="bbox 1879 4232 3460 4305">
    <p class='ocr_par' dir='ltr' id='par_1_84' title="bbox 1879 4232 3460 4305">
     <span class='ocr_line' id='line_1_84' title="bbox 1879 4232 3460 4305; baseline 0 -18"><span class='ocrx_word' id='word_1_593' title='bbox 1879 4233 2097 4304; x_wconf 88' lang='lat' dir='ltr'><strong>quidem</strong></span> <span class='ocrx_word' id='word_1_594' title='bbox 2146 4232 2261 4303; x_wconf 89' lang='lat' dir='ltr'><strong>ipse</strong></span> <span class='ocrx_word' id='word_1_595' title='bbox 2297 4247 2535 4305; x_wconf 66' lang='lat' dir='ltr'><strong>prmscns</strong></span> <span class='ocrx_word' id='word_1_596' title='bbox 2576 4233 2787 4303; x_wconf 85' lang='lat' dir='ltr'><strong>agnovi.</strong></span> <span class='ocrx_word' id='word_1_597' title='bbox 2819 4233 2999 4300; x_wconf 84' lang='lat' dir='ltr'><strong>Aliud,</strong></span> <span class='ocrx_word' id='word_1_598' title='bbox 3028 4235 3170 4304; x_wconf 90' lang='lat' dir='ltr'><strong>quod</strong></span> <span class='ocrx_word' id='word_1_599' title='bbox 3215 4234 3460 4289; x_wconf 80' lang='lat' dir='ltr'><strong>dicturus</strong></span> 
     </span>
    </p>
   </div>
   <div class='ocr_carea' id='block_1_85' title="bbox 1878 4323 3459 4396">
    <p class='ocr_par' dir='ltr' id='par_1_85' title="bbox 1878 4323 3459 4396">
     <span class='ocr_line' id='line_1_85' title="bbox 1878 4323 3459 4396; baseline 0.002 -17"><span class='ocrx_word' id='word_1_600' title='bbox 1878 4339 2025 4390; x_wconf 85' lang='lat' dir='ltr'><strong>sum,</strong></span> <span class='ocrx_word' id='word_1_601' title='bbox 2076 4323 2371 4394; x_wconf 87' lang='lat' dir='ltr'><strong>majoribus</strong></span> <span class='ocrx_word' id='word_1_602' title='bbox 2437 4325 2572 4379; x_wconf 88' lang='lat' dir='ltr'><strong>meis</strong></span> <span class='ocrx_word' id='word_1_603' title='bbox 2631 4325 3011 4396; x_wconf 84' lang='lat' dir='ltr'><strong>condiscipulis</strong></span> <span class='ocrx_word' id='word_1_604' title='bbox 3078 4327 3459 4393; x_wconf 75' lang='lat' dir='ltr'><strong>referentibus,</strong></span> 
     </span>
    </p>
   </div>
   <div class='ocr_carea' id='block_1_86' title="bbox 1883 4415 3461 4487">
    <p class='ocr_par' dir='ltr' id='par_1_86' title="bbox 1883 4415 3461 4487">
     <span class='ocr_line' id='line_1_86' title="bbox 1883 4415 3461 4487; baseline 0.003 -17"><span class='ocrx_word' id='word_1_605' title='bbox 1883 4418 2062 4473; x_wconf 86' lang='lat' dir='ltr'><strong>audivi</strong></span> <span class='ocrx_word' id='word_1_606' title='bbox 2095 4417 2342 4472; x_wconf 88' lang='lat' dir='ltr'><strong>eumdem</strong></span> <span class='ocrx_word' id='word_1_607' title='bbox 2374 4415 2624 4472; x_wconf 88' lang='lat' dir='ltr'><strong>videlicet</strong></span> <span class='ocrx_word' id='word_1_608' title='bbox 2674 4417 2894 4472; x_wconf 89' lang='lat' dir='ltr'><strong>totidem</strong></span> <span class='ocrx_word' id='word_1_609' title='bbox 2947 4417 3238 4487; x_wconf 89' lang='lat' dir='ltr'><strong>aliquando</strong></span> <span class='ocrx_word' id='word_1_610' title='bbox 3268 4418 3461 4475; x_wconf 89' lang='lat' dir='ltr'><strong>diebus</strong></span> 
     </span>
    </p>
   </div>
   <div class='ocr_carea' id='block_1_87' title="bbox 194 4476 3459 4577">
    <p class='ocr_par' dir='ltr' id='par_1_87' title="bbox 194 4476 3459 4577">
     <span class='ocr_line' id='line_1_87' title="bbox 194 4476 3459 4577; baseline 0.003 -28"><span class='ocrx_word' id='word_1_611' title='bbox 194 4476 436 4552; x_wconf 73' lang='lat' dir='ltr'><strong>lectione</strong></span> <span class='ocrx_word' id='word_1_612' title='bbox 471 4496 669 4552; x_wconf 89' lang='lat' dir='ltr'><strong>mentis</strong></span> <span class='ocrx_word' id='word_1_613' title='bbox 692 4511 857 4568; x_wconf 90' lang='lat' dir='ltr'><strong>quam</strong></span> <span class='ocrx_word' id='word_1_614' title='bbox 896 4513 996 4568; x_wconf 85' lang='lat' dir='ltr'><strong>pro</strong></span> <span class='ocrx_word' id='word_1_615' title='bbox 1023 4497 1299 4555; x_wconf 85' lang='lat' dir='ltr'><strong>ablutione</strong></span> <span class='ocrx_word' id='word_1_616' title='bbox 1324 4476 1610 4571; x_wconf 80' lang='lat' dir='ltr'><strong>cujuslibet</strong></span> <span class='ocrx_word' id='word_1_617' title='bbox 1649 4517 1782 4560; x_wconf 90' lang='lat' dir='ltr'><strong>con-</strong></span> <span class='ocrx_word' id='word_1_618' title='bbox 1804 4476 1858 4535; x_wconf 67' lang='grc' dir='ltr'>Β</span> <span class='ocrx_word' id='word_1_619' title='bbox 1888 4507 2035 4561; x_wconf 89' lang='lat' dir='ltr'><strong>nullo</strong></span> <span class='ocrx_word' id='word_1_620' title='bbox 2065 4505 2318 4562; x_wconf 80' lang='lat' dir='ltr'><strong>refecisse</strong></span> <span class='ocrx_word' id='word_1_621' title='bbox 2345 4506 2487 4571; x_wconf 89' lang='lat' dir='ltr'><strong>cibo,</strong></span> <span class='ocrx_word' id='word_1_622' title='bbox 2523 4506 2622 4561; x_wconf 91' lang='lat' dir='ltr'><strong>nisi</strong></span> <span class='ocrx_word' id='word_1_623' title='bbox 2650 4512 2815 4576; x_wconf 70' lang='lat' dir='ltr'><strong>pauco</strong></span> <span class='ocrx_word' id='word_1_624' title='bbox 2862 4476 3145 4577; x_wconf 76' lang='lat' dir='ltr'><strong>leguminis</strong></span> <span class='ocrx_word' id='word_1_625' title='bbox 3193 4505 3459 4562; x_wconf 84' lang='lat' dir='ltr'><strong>infusida-</strong></span> 
     </span>
    </p>
   </div>
   <div class='ocr_carea' id='block_1_88' title="bbox 196 4587 1778 4660">
    <p class='ocr_par' dir='ltr' id='par_1_88' title="bbox 196 4587 1778 4660">
     <span class='ocr_line' id='line_1_88' title="bbox 196 4587 1778 4660; baseline 0.006 -20"><span class='ocrx_word' id='word_1_626' title='bbox 196 4589 356 4644; x_wconf 86' lang='lat' dir='ltr'><strong>tracti</strong></span> <span class='ocrx_word' id='word_1_627' title='bbox 397 4587 661 4660; x_wconf 84' lang='lat' dir='ltr'><strong>pulveris,</strong></span> <span class='ocrx_word' id='word_1_628' title='bbox 705 4587 887 4642; x_wconf 86' lang='lat' dir='ltr'><strong>redire</strong></span> <span class='ocrx_word' id='word_1_629' title='bbox 911 4589 1263 4654; x_wconf 81' lang='lat' dir='ltr'><strong>decrevisset,</strong></span> <span class='ocrx_word' id='word_1_630' title='bbox 1307 4589 1472 4646; x_wconf 88' lang='lat' dir='ltr'><strong>nimia</strong></span> <span class='ocrx_word' id='word_1_631' title='bbox 1507 4607 1567 4648; x_wconf 90' lang='lat' dir='ltr'><strong>se</strong></span> <span class='ocrx_word' id='word_1_632' title='bbox 1601 4592 1778 4650; x_wconf 86' lang='lat' dir='ltr'><strong>inedia</strong></span> 
     </span>
    </p>
   </div>
   <div class='ocr_carea' id='block_1_89' title="bbox 1888 4597 3464 4672">
    <p class='ocr_par' dir='ltr' id='par_1_89' title="bbox 1888 4597 3464 4672">
     <span class='ocr_line' id='line_1_89' title="bbox 1888 4597 3464 4672; baseline 0.001 -18"><span class='ocrx_word' id='word_1_633' title='bbox 1888 4601 1970 4654; x_wconf 90' lang='lat' dir='ltr'><strong>rio</strong></span> <span class='ocrx_word' id='word_1_634' title='bbox 1999 4599 2111 4672; x_wconf 80' lang='lat'><strong>(56)</strong></span> <span class='ocrx_word' id='word_1_635' title='bbox 2149 4617 2164 4654; x_wconf 90' lang='lat'><strong>:</strong></span> <span class='ocrx_word' id='word_1_636' title='bbox 2197 4600 2338 4671; x_wconf 92' lang='lat' dir='ltr'><strong>quod</strong></span> <span class='ocrx_word' id='word_1_637' title='bbox 2369 4607 2567 4665; x_wconf 88' lang='lat' dir='ltr'><strong>tamen,</strong></span> <span class='ocrx_word' id='word_1_638' title='bbox 2599 4599 2646 4656; x_wconf 90' lang='lat' dir='ltr'><strong>si</strong></span> <span class='ocrx_word' id='word_1_639' title='bbox 2672 4597 2811 4655; x_wconf 78' lang='lat' dir='ltr'><strong>forte</strong></span> <span class='ocrx_word' id='word_1_640' title='bbox 2835 4599 3202 4670; x_wconf 87' lang='lat' dir='ltr'><strong>hujuscemodi</strong></span> <span class='ocrx_word' id='word_1_641' title='bbox 3232 4599 3464 4655; x_wconf 87' lang='lat' dir='ltr'><strong>nimium</strong></span> 
     </span>
    </p>
   </div>
   <div class='ocr_carea' id='block_1_90' title="bbox 1335 4685 2423 4768">
    <p class='ocr_par' dir='ltr' id='par_1_90' title="bbox 1335 4685 2423 4768">
     <span class='ocr_line' id='line_1_90' title="bbox 1335 4685 2423 4768; baseline 0.004 -9"><span class='ocrx_word' id='word_1_642' title='bbox 1335 4700 1705 4761; x_wconf 71' lang='lat' dir='ltr'><strong>conectunt</strong></span> <span class='ocrx_word' id='word_1_643' title='bbox 1747 4685 2156 4767; x_wconf 79' lang='lat' dir='ltr'><strong>HENSCHENII</strong></span> <span class='ocrx_word' id='word_1_644' title='bbox 2193 4705 2423 4768; x_wconf 69' lang='lat' dir='ltr'><strong>nom.</strong></span> 
     </span>
    </p>
   </div>
   <div class='ocr_carea' id='block_1_91' title="bbox 267 4812 1774 4889">
    <p class='ocr_par' dir='ltr' id='par_1_91' title="bbox 267 4812 1774 4889">
     <span class='ocr_line' id='line_1_91' title="bbox 267 4812 1774 4889; baseline -0.002 -20"><span class='ocrx_word' id='word_1_645' title='bbox 267 4813 380 4889; x_wconf 68' lang='lat'><strong>(52)</strong></span> <span class='ocrx_word' id='word_1_646' title='bbox 406 4812 579 4889; x_wconf 75' lang='lat' dir='ltr'><strong>Porro</strong></span> <span class='ocrx_word' id='word_1_647' title='bbox 609 4814 740 4868; x_wconf 83' lang='lat' dir='ltr'><strong>dum</strong></span> <span class='ocrx_word' id='word_1_648' title='bbox 753 4813 829 4889; x_wconf 70' lang='lat' dir='ltr'><strong>ub</strong></span> <span class='ocrx_word' id='word_1_649' title='bbox 853 4813 1193 4889; x_wconf 48' lang='lat' dir='ltr'><strong>gereriort&#39;bus</strong></span> <span class='ocrx_word' id='word_1_650' title='bbox 1218 4815 1350 4870; x_wconf 75' lang='lat' dir='ltr'><strong>istis.</strong></span> <span class='ocrx_word' id='word_1_651' title='bbox 1369 4816 1658 4889; x_wconf 86' lang='lat' dir='ltr'><strong>Impetrata</strong></span> <span class='ocrx_word' id='word_1_652' title='bbox 1691 4822 1774 4878; x_wconf 85' lang='lat' dir='ltr'><strong>l&#39;a-</strong></span> 
     </span>
    </p>
   </div>
   <div class='ocr_carea' id='block_1_92' title="bbox 196 4883 1452 4955">
    <p class='ocr_par' dir='ltr' id='par_1_92' title="bbox 196 4883 1452 4955">
     <span class='ocr_line' id='line_1_92' title="bbox 196 4883 1452 4955; baseline 0.003 -16"><span class='ocrx_word' id='word_1_653' title='bbox 196 4883 400 4939; x_wconf 37' lang='lat' dir='ltr'><strong>cul’tat‘e</strong></span> <span class='ocrx_word' id='word_1_654' title='bbox 421 4886 487 4955; x_wconf 79' lang='lat' dir='ltr'><strong>ab</strong></span> <span class='ocrx_word' id='word_1_655' title='bbox 511 4884 831 4955; x_wconf 74' lang='lat' dir='ltr'><strong>Alexandro</strong></span> <span class='ocrx_word' id='word_1_656' title='bbox 853 4883 923 4955; x_wconf 60' lang='lat' dir='ltr'><strong>Il1</strong></span> <span class='ocrx_word' id='word_1_657' title='bbox 944 4895 1004 4955; x_wconf 72' lang='lat' dir='ltr'><strong>ut</strong></span> <span class='ocrx_word' id='word_1_658' title='bbox 1039 4900 1199 4955; x_wconf 81' lang='lat' dir='ltr'><strong>supra</strong></span> <span class='ocrx_word' id='word_1_659' title='bbox 1219 4883 1452 4942; x_wconf 79' lang='lat' dir='ltr'><strong>&#39;dictum.</strong></span> 
     </span>
    </p>
   </div>
   <div class='ocr_carea' id='block_1_93' title="bbox 267 4951 1774 5032">
    <p class='ocr_par' dir='ltr' id='par_1_93' title="bbox 267 4951 1774 5032">
     <span class='ocr_line' id='line_1_93' title="bbox 267 4951 1774 5032; baseline 0.006 -25"><span class='ocrx_word' id='word_1_660' title='bbox 267 4955 381 5025; x_wconf 75' lang='lat'><strong>(55)</strong></span> <span class='ocrx_word' id='word_1_661' title='bbox 409 4951 677 5032; x_wconf 65' lang='grc' dir='ltr'><strong>ϐαῃῖοὺτο</strong></span> <span class='ocrx_word' id='word_1_662' title='bbox 701 4969 870 5032; x_wconf 62' lang='lat' dir='ltr'><strong>parte.</strong></span> <span class='ocrx_word' id='word_1_663' title='bbox 978 4951 1170 5032; x_wconf 81' lang='lat' dir='ltr'><strong>Petrus</strong></span> <span class='ocrx_word' id='word_1_664' title='bbox 1195 4971 1380 5032; x_wconf 78' lang='lat' dir='ltr'><strong>opusc.</strong></span> <span class='ocrx_word' id='word_1_665' title='bbox 1402 4958 1497 5032; x_wconf 85' lang='lat' dir='ltr'><strong>_l5,</strong></span> <span class='ocrx_word' id='word_1_666' title='bbox 1530 4977 1650 5032; x_wconf 71' lang='lat' dir='ltr'><strong>cap.</strong></span> <span class='ocrx_word' id='word_1_667' title='bbox 1684 4963 1774 5028; x_wconf 68' lang='lat' dir='ltr'><strong>ll,</strong></span> 
     </span>
    </p>
   </div>
   <div class='ocr_carea' id='block_1_94' title="bbox 199 5023 1796 5106">
    <p class='ocr_par' dir='ltr' id='par_1_94' title="bbox 199 5023 1796 5106">
     <span class='ocr_line' id='line_1_94' title="bbox 199 5023 1796 5106; baseline 0.009 -30"><span class='ocrx_word' id='word_1_668' title='bbox 199 5024 274 5077; x_wconf 87' lang='lat' dir='ltr'><strong>ait</strong></span> <span class='ocrx_word' id='word_1_669' title='bbox 302 5023 593 5106; x_wconf 58' lang='lat' dir='ltr'><strong>quemdam</strong></span> <span class='ocrx_word' id='word_1_670' title='bbox 624 5023 940 5106; x_wconf 59' lang='grc' dir='ltr'><strong>ςςιηςαριξιίίὶ</strong></span> <span class='ocrx_word' id='word_1_671' title='bbox 968 5027 1118 5105; x_wconf 71' lang='lat' dir='ltr'><strong>ponis</strong></span> <span class='ocrx_word' id='word_1_672' title='bbox 1140 5023 1343 5106; x_wconf 47' lang='lat' dir='ltr'><strong>quadra</strong></span> <span class='ocrx_word' id='word_1_673' title='bbox 1366 5023 1552 5106; x_wconf 67' lang='lat' dir='ltr'><strong>cixisse</strong></span> <span class='ocrx_word' id='word_1_674' title='bbox 1572 5023 1635 5088; x_wconf 70' lang='grc' dir='ltr'><strong>τῖε</strong></span> <span class='ocrx_word' id='word_1_675' title='bbox 1655 5036 1739 5090; x_wconf 77' lang='lat' dir='ltr'><strong>dte</strong></span> 
     </span>
    </p>
   </div>
   <div class='ocr_carea' id='block_1_95' title="bbox 203 5092 1778 5167">
    <p class='ocr_par' dir='ltr' id='par_1_95' title="bbox 203 5092 1778 5167">
     <span class='ocr_line' id='line_1_95' title="bbox 203 5092 1778 5167; baseline 0.008 -19"><span class='ocrx_word' id='word_1_676' title='bbox 203 5104 259 5167; x_wconf 87' lang='lat' dir='ltr'><strong>et</strong></span> <span class='ocrx_word' id='word_1_677' title='bbox 301 5092 358 5150; x_wconf 82' lang='lat' dir='ltr'><strong>iit</strong></span> <span class='ocrx_word' id='word_1_678' title='bbox 383 5094 502 5167; x_wconf 61' lang='lat' dir='ltr'><strong>Vita</strong></span> <span class='ocrx_word' id='word_1_679' title='bbox 541 5094 603 5150; x_wconf 85' lang='lat' dir='ltr'><strong>S.</strong></span> <span class='ocrx_word' id='word_1_680' title='bbox 632 5092 908 5162; x_wconf 74' lang='lat' dir='ltr'><strong>Rodulphi</strong></span> <span class='ocrx_word' id='word_1_681' title='bbox 947 5092 1179 5167; x_wconf 80' lang='lat' dir='ltr'><strong>episcopi</strong></span> <span class='ocrx_word' id='word_1_682' title='bbox 1207 5097 1473 5165; x_wconf 68' lang='lat' dir='ltr'><strong>Eugnbiui</strong></span> <span class='ocrx_word' id='word_1_683' title='bbox 1508 5093 1582 5156; x_wconf 85' lang='lat' dir='ltr'><strong>ait</strong></span> <span class='ocrx_word' id='word_1_684' title='bbox 1633 5092 1778 5160; x_wconf 81' lang='lat' dir='ltr'><strong>hunc</strong></span> 
     </span>
    </p>
   </div>
   <div class='ocr_carea' id='block_1_96' title="bbox 198 5166 1775 5244">
    <p class='ocr_par' dir='ltr' id='par_1_96' title="bbox 198 5166 1775 5244">
     <span class='ocr_line' id='line_1_96' title="bbox 198 5166 1775 5244; baseline 0.025 -26"><span class='ocrx_word' id='word_1_685' title='bbox 198 5166 313 5219; x_wconf 59' lang='lat' dir='ltr'><strong>cule.</strong></span> <span class='ocrx_word' id='word_1_686' title='bbox 329 5180 360 5220; x_wconf 90' lang='lat' dir='ltr'><strong>e</strong></span> <span class='ocrx_word' id='word_1_687' title='bbox 379 5166 582 5244; x_wconf 51' lang='lat' dir='ltr'><strong>solere._</strong></span> <span class='ocrx_word' id='word_1_688' title='bbox 597 5181 620 5217; x_wconf 86' lang='grc'><em>‹</em></span> <span class='ocrx_word' id='word_1_689' title='bbox 655 5168 1088 5244; x_wconf 55' lang='grc' dir='ltr'><strong>ιιυ³¹⁸¹έ⁰⁰⁸³ἓ¹ί1¹¹ἓ</strong></span> <span class='ocrx_word' id='word_1_690' title='bbox 1109 5166 1318 5235; x_wconf 61' lang='grc' dir='ltr'><strong>βοιθνηί</strong></span> <span class='ocrx_word' id='word_1_691' title='bbox 1342 5169 1567 5244; x_wconf 49' lang='lat' dir='ltr'><strong>impar“</strong></span> <span class='ocrx_word' id='word_1_692' title='bbox 1578 5191 1652 5239; x_wconf 69' lang='grc' dir='ltr'><strong>Γθν</strong></span> <span class='ocrx_word' id='word_1_693' title='bbox 1678 5191 1775 5244; x_wconf 62' lang='lat' dir='ltr'><strong>Pa&quot;</strong></span> 
     </span>
    </p>
   </div>
   <div class='ocr_carea' id='block_1_97' title="bbox 204 5233 1782 5308">
    <p class='ocr_par' dir='ltr' id='par_1_97' title="bbox 204 5233 1782 5308">
     <span class='ocr_line' id='line_1_97' title="bbox 204 5233 1782 5308; baseline 0.005 -22"><span class='ocrx_word' id='word_1_694' title='bbox 204 5249 349 5308; x_wconf 83' lang='lat' dir='ltr'><strong>nem,</strong></span> <span class='ocrx_word' id='word_1_695' title='bbox 376 5239 462 5308; x_wconf 91' lang='lat' dir='ltr'><strong>qui</strong></span> <span class='ocrx_word' id='word_1_696' title='bbox 502 5235 586 5308; x_wconf 77' lang='lat' dir='ltr'><strong>vel</strong></span> <span class='ocrx_word' id='word_1_697' title='bbox 639 5247 797 5308; x_wconf 63' lang='lat' dir='ltr'><strong>puro</strong></span> <span class='ocrx_word' id='word_1_698' title='bbox 828 5233 1029 5308; x_wconf 86' lang='lat' dir='ltr'><strong>hordeo</strong></span> <span class='ocrx_word' id='word_1_699' title='bbox 1059 5233 1238 5295; x_wconf 71' lang='lat' dir='ltr'><strong>iicret.</strong></span> <span class='ocrx_word' id='word_1_700' title='bbox 1273 5237 1352 5308; x_wconf 83' lang='lat' dir='ltr'><strong>vel</strong></span> <span class='ocrx_word' id='word_1_701' title='bbox 1399 5233 1467 5294; x_wconf 77' lang='lat' dir='ltr'><strong>ex</strong></span> <span class='ocrx_word' id='word_1_702' title='bbox 1515 5233 1782 5300; x_wconf 72' lang='lat' dir='ltr'><strong>cantabra</strong></span> 
     </span>
    </p>
   </div>
   <div class='ocr_carea' id='block_1_98' title="bbox 202 5303 1781 5350">
    <p class='ocr_par' dir='ltr' id='par_1_98' title="bbox 202 5303 1781 5350">
     <span class='ocr_line' id='line_1_98' title="bbox 202 5303 1781 5350; baseline 0 0"><span class='ocrx_word' id='word_1_703' title='bbox 202 5303 407 5350; x_wconf 63' lang='lat' dir='ltr'><strong>hmine.w</strong></span> <span class='ocrx_word' id='word_1_704' title='bbox 430 5307 570 5350; x_wconf 78' lang='lat' dir='ltr'><strong>mimi</strong></span> <span class='ocrx_word' id='word_1_705' title='bbox 601 5303 999 5350; x_wconf 51' lang='lat' dir='ltr'><strong>nini-iciemlnm</strong></span> <span class='ocrx_word' id='word_1_706' title='bbox 1024 5309 1247 5350; x_wconf 64' lang='lat' dir='ltr'><strong>canibus</strong></span> <span class='ocrx_word' id='word_1_707' title='bbox 1274 5307 1339 5350; x_wconf 67' lang='grc' dir='ltr'><strong>ιιμ</strong></span> <span class='ocrx_word' id='word_1_708' title='bbox 1365 5324 1651 5350; x_wconf 69' lang='grc' dir='ltr'><strong>ηιιρι-ηι-ιηη</strong></span> <span class='ocrx_word' id='word_1_709' title='bbox 1682 5327 1781 5350; x_wconf 72' lang='grc' dir='ltr'><strong>ηει-</strong></span> 
     </span>
    </p>
   </div>
   <div class='ocr_carea' id='block_1_99' title="bbox 1883 4826 3483 4897">
    <p class='ocr_par' dir='ltr' id='par_1_99' title="bbox 1883 4826 3483 4897">
     <span class='ocr_line' id='line_1_99' title="bbox 1883 4826 3483 4897; baseline 0.001 -18"><span class='ocrx_word' id='word_1_710' title='bbox 1883 4841 2004 4895; x_wconf 65' lang='lat' dir='ltr'><strong>quae</strong></span> <span class='ocrx_word' id='word_1_711' title='bbox 2049 4842 2154 4883; x_wconf 90' lang='lat' dir='ltr'><strong>nou</strong></span> <span class='ocrx_word' id='word_1_712' title='bbox 2183 4837 2407 4885; x_wconf 56' lang='lat' dir='ltr'><strong>tantum</strong></span> <span class='ocrx_word' id='word_1_713' title='bbox 2457 4826 2637 4884; x_wconf 90' lang='lat' dir='ltr'><strong>colore</strong></span> <span class='ocrx_word' id='word_1_714' title='bbox 2666 4827 2927 4883; x_wconf 85' lang='lat' dir='ltr'><strong>militibus</strong></span> <span class='ocrx_word' id='word_1_715' title='bbox 2961 4835 3117 4884; x_wconf 86' lang='lat' dir='ltr'><strong>erant</strong></span> <span class='ocrx_word' id='word_1_716' title='bbox 3145 4843 3242 4897; x_wconf 89' lang='lat' dir='ltr'><strong>pro</strong></span> <span class='ocrx_word' id='word_1_717' title='bbox 3281 4827 3483 4896; x_wconf 76' lang='lat' dir='ltr'><strong>signo,</strong></span> 
     </span>
    </p>
   </div>
   <div class='ocr_carea' id='block_1_100' title="bbox 1886 4898 3498 4968">
    <p class='ocr_par' dir='ltr' id='par_1_100' title="bbox 1886 4898 3498 4968">
     <span class='ocr_line' id='line_1_100' title="bbox 1886 4898 3498 4968; baseline 0.002 -19"><span class='ocrx_word' id='word_1_718' title='bbox 1886 4899 1978 4968; x_wconf 84' lang='lat' dir='ltr'><strong>sed</strong></span> <span class='ocrx_word' id='word_1_719' title='bbox 2009 4910 2064 4953; x_wconf 91' lang='lat' dir='ltr'><strong>et</strong></span> <span class='ocrx_word' id='word_1_720' title='bbox 2092 4899 2332 4953; x_wconf 86' lang='lat' dir='ltr'><strong>carmine</strong></span> <span class='ocrx_word' id='word_1_721' title='bbox 2377 4913 2470 4951; x_wconf 89' lang='lat' dir='ltr'><strong>seu</strong></span> <span class='ocrx_word' id='word_1_722' title='bbox 2496 4901 2727 4968; x_wconf 82' lang='lat' dir='ltr'><strong>nomine</strong></span> <span class='ocrx_word' id='word_1_723' title='bbox 2774 4898 2958 4968; x_wconf 91' lang='lat' dir='ltr'><strong>aliquo</strong></span> <span class='ocrx_word' id='word_1_724' title='bbox 3005 4899 3318 4962; x_wconf 88' lang='lat' dir='ltr'><strong>cantabant,</strong></span> <span class='ocrx_word' id='word_1_725' title='bbox 3354 4898 3498 4968; x_wconf 65' lang='lat' dir='ltr'><strong>sive</strong></span> 
     </span>
    </p>
   </div>
   <div class='ocr_carea' id='block_1_101' title="bbox 1885 4965 3509 5038">
    <p class='ocr_par' dir='ltr' id='par_1_101' title="bbox 1885 4965 3509 5038">
     <span class='ocr_line' id='line_1_101' title="bbox 1885 4965 3509 5038; baseline 0.001 -18"><span class='ocrx_word' id='word_1_726' title='bbox 1885 4967 2266 5032; x_wconf 71' lang='lat' dir='ltr'><strong>signiﬁcabant.</strong></span> <span class='ocrx_word' id='word_1_727' title='bbox 2306 4968 2412 5023; x_wconf 88' lang='lat' dir='ltr'><strong>illis</strong></span> <span class='ocrx_word' id='word_1_728' title='bbox 2457 4967 2662 5036; x_wconf 82' lang='lat' dir='ltr'><strong>aliquid</strong></span> <span class='ocrx_word' id='word_1_729' title='bbox 2710 4965 2962 5038; x_wconf 47' lang='lat' dir='ltr'><strong>grati&#39;et</strong></span> <span class='ocrx_word' id='word_1_730' title='bbox 2999 4969 3242 5036; x_wconf 85' lang='lat' dir='ltr'><strong>jncundi.</strong></span> <span class='ocrx_word' id='word_1_731' title='bbox 3288 4986 3306 5020; x_wconf 72' lang='grc' dir='ltr'><strong><em>ι</em></strong></span> <span class='ocrx_word' id='word_1_732' title='bbox 3360 4965 3509 5038; x_wconf 41' lang='lat' dir='ltr'><strong>Sest</strong></span> 
     </span>
    </p>
   </div>
   <div class='ocr_carea' id='block_1_102' title="bbox 1886 5035 3520 5107">
    <p class='ocr_par' dir='ltr' id='par_1_102' title="bbox 1886 5035 3520 5107">
     <span class='ocr_line' id='line_1_102' title="bbox 1886 5035 3520 5107; baseline 0.001 -18"><span class='ocrx_word' id='word_1_733' title='bbox 1886 5039 2071 5106; x_wconf 85' lang='lat' dir='ltr'><strong>quidni</strong></span> <span class='ocrx_word' id='word_1_734' title='bbox 2099 5049 2256 5094; x_wconf 86' lang='lat' dir='ltr'><strong>erant</strong></span> <span class='ocrx_word' id='word_1_735' title='bbox 2299 5039 2448 5107; x_wconf 83' lang='lat' dir='ltr'><strong>signa</strong></span> <span class='ocrx_word' id='word_1_736' title='bbox 2501 5035 2756 5094; x_wconf 71' lang='lat' dir='ltr'><strong>militaria</strong></span> <span class='ocrx_word' id='word_1_737' title='bbox 2810 5053 2841 5092; x_wconf 88' lang='lat' dir='ltr'><strong>a</strong></span> <span class='ocrx_word' id='word_1_738' title='bbox 2895 5035 3188 5095; x_wconf 84' lang='lat' dir='ltr'><strong>Cantabris</strong></span> <span class='ocrx_word' id='word_1_739' title='bbox 3212 5035 3520 5107; x_wconf 69' lang='lat' dir='ltr'><strong>Hispanis</strong></span> 
     </span>
    </p>
   </div>
   <div class='ocr_carea' id='block_1_103' title="bbox 1885 5104 3370 5178">
    <p class='ocr_par' dir='ltr' id='par_1_103' title="bbox 1885 5104 3370 5178">
     <span class='ocr_line' id='line_1_103' title="bbox 1885 5104 3370 5178; baseline -0.001 -16"><span class='ocrx_word' id='word_1_740' title='bbox 1885 5104 2147 5178; x_wconf 80' lang='lat' dir='ltr'><strong>accepta?</strong></span> <span class='ocrx_word' id='word_1_741' title='bbox 2183 5111 2264 5164; x_wconf 80' lang='lat' dir='ltr'><strong>Au</strong></span> <span class='ocrx_word' id='word_1_742' title='bbox 2295 5104 2435 5178; x_wconf 73' lang='lat' dir='ltr'><strong>idem</strong></span> <span class='ocrx_word' id='word_1_743' title='bbox 2465 5107 2533 5161; x_wconf 89' lang='lat' dir='ltr'><strong>de</strong></span> <span class='ocrx_word' id='word_1_744' title='bbox 2571 5110 2842 5164; x_wconf 83' lang='lat' dir='ltr'><strong>crassiore</strong></span> <span class='ocrx_word' id='word_1_745' title='bbox 2867 5124 3012 5177; x_wconf 85' lang='lat' dir='ltr'><strong>pane</strong></span> <span class='ocrx_word' id='word_1_746' title='bbox 3041 5104 3370 5178; x_wconf 55' lang='lat' dir='ltr'><strong>dicendum?</strong></span> 
     </span>
    </p>
   </div>
   <div class='ocr_carea' id='block_1_104' title="bbox 1887 5172 3530 5250">
    <p class='ocr_par' dir='ltr' id='par_1_104' title="bbox 1887 5172 3530 5250">
     <span class='ocr_line' id='line_1_104' title="bbox 1887 5172 3530 5250; baseline -0.007 -13"><span class='ocrx_word' id='word_1_747' title='bbox 1887 5235 1900 5250; x_wconf 78' lang='lat'><strong>._</strong></span> <span class='ocrx_word' id='word_1_748' title='bbox 1958 5172 2071 5249; x_wconf 60' lang='grc'>(53)</span> <span class='ocrx_word' id='word_1_749' title='bbox 2103 5179 2274 5248; x_wconf 71' lang='lat' dir='ltr'><strong>Super</strong></span> <span class='ocrx_word' id='word_1_750' title='bbox 2318 5175 2540 5250; x_wconf 66' lang='lat' dir='ltr'><strong>biblea)»</strong></span> <span class='ocrx_word' id='word_1_751' title='bbox 2585 5191 2804 5250; x_wconf 72' lang='lat' dir='ltr'><strong>cratem.</strong></span> <span class='ocrx_word' id='word_1_752' title='bbox 2831 5172 2996 5250; x_wconf 68' lang='lat' dir='ltr'><strong>Inter</strong></span> <span class='ocrx_word' id='word_1_753' title='bbox 3035 5179 3141 5250; x_wconf 64' lang='lat' dir='ltr'><strong>alia</strong></span> <span class='ocrx_word' id='word_1_754' title='bbox 3196 5172 3530 5250; x_wconf 71' lang='lat' dir='ltr'><strong>siguillcat</strong></span> 
     </span>
    </p>
   </div>
   <div class='ocr_carea' id='block_1_105' title="bbox 1880 5245 3534 5312">
    <p class='ocr_par' dir='ltr' id='par_1_105' title="bbox 1880 5245 3534 5312">
     <span class='ocr_line' id='line_1_105' title="bbox 1880 5245 3534 5312; baseline 0 -13"><span class='ocrx_word' id='word_1_755' title='bbox 1880 5245 2106 5312; x_wconf 57' lang='lat' dir='ltr'><strong>juncu&#39;m</strong></span> <span class='ocrx_word' id='word_1_756' title='bbox 2161 5245 2216 5306; x_wconf 83' lang='lat' dir='ltr'><strong>et</strong></span> <span class='ocrx_word' id='word_1_757' title='bbox 2261 5247 2519 5303; x_wconf 84' lang='lat' dir='ltr'><strong>corticem</strong></span> <span class='ocrx_word' id='word_1_758' title='bbox 2565 5265 2579 5301; x_wconf 88' lang='lat'><strong>:</strong></span> <span class='ocrx_word' id='word_1_759' title='bbox 2622 5252 2748 5304; x_wconf 88' lang='lat' dir='ltr'><strong>hinc</strong></span> <span class='ocrx_word' id='word_1_760' title='bbox 2793 5248 2968 5304; x_wconf 90' lang='lat' dir='ltr'><strong>biblea</strong></span> <span class='ocrx_word' id='word_1_761' title='bbox 3011 5248 3176 5303; x_wconf 88' lang='lat' dir='ltr'><strong>cratis</strong></span> <span class='ocrx_word' id='word_1_762' title='bbox 3223 5245 3308 5300; x_wconf 83' lang='lat' dir='ltr'><strong>est</strong></span> <span class='ocrx_word' id='word_1_763' title='bbox 3347 5245 3534 5308; x_wconf 50' lang='lat' dir='ltr'><strong>jun‘</strong></span> 
     </span>
    </p>
   </div>
   <div class='ocr_carea' id='block_1_106' title="bbox 2147 5315 2423 5350">
    <p class='ocr_par' dir='ltr' id='par_1_106' title="bbox 2147 5315 2423 5350">
     <span class='ocr_line' id='line_1_106' title="bbox 2147 5315 2423 5350; baseline 0 0"><span class='ocrx_word' id='word_1_764' title='bbox 2147 5319 2186 5350; x_wconf 69' lang='lat' dir='ltr'><strong>h-</strong></span> <span class='ocrx_word' id='word_1_765' title='bbox 2272 5315 2423 5350; x_wconf 68' lang='grc' dir='ltr'>ηηίηα</span> 
     </span>
    </p>
   </div>
   <div class='ocr_carea' id='block_1_107' title="bbox 1887 5316 3511 5350">
    <p class='ocr_par' dir='ltr' id='par_1_107' title="bbox 1887 5316 3511 5350">
     <span class='ocr_line' id='line_1_107' title="bbox 1887 5316 3511 5350; baseline 0 0"><span class='ocrx_word' id='word_1_766' title='bbox 1887 5329 1981 5350; x_wconf 73' lang='lat' dir='ltr'><strong>‘nnn</strong></span> <span class='ocrx_word' id='word_1_767' title='bbox 2024 5319 2186 5350; x_wconf 70' lang='grc' dir='ltr'><strong>Λιυιιὲιι</strong></span> <span class='ocrx_word' id='word_1_768' title='bbox 2272 5316 2423 5350; x_wconf 67' lang='grc' dir='ltr'><strong>ηιιίηα</strong></span> <span class='ocrx_word' id='word_1_769' title='bbox 2461 5330 2623 5350; x_wconf 69' lang='grc' dir='ltr'><strong>ΙΙΩΙΙ.“</strong></span> <span class='ocrx_word' id='word_1_770' title='bbox 2664 5318 2920 5350; x_wconf 58' lang='grc' dir='ltr'><strong>Αοειηῆίιὶι</strong></span> <span class='ocrx_word' id='word_1_771' title='bbox 2975 5318 3173 5350; x_wconf 60' lang='grc' dir='ltr'><strong>ηΙέιιῖηρ</strong></span> <span class='ocrx_word' id='word_1_772' title='bbox 3219 5316 3291 5350; x_wconf 62' lang='lat' dir='ltr'><strong>Illa</strong></span> <span class='ocrx_word' id='word_1_773' title='bbox 3361 5322 3511 5350; x_wconf 64' lang='grc' dir='ltr'><strong>τι.</strong></span> 
     </span>
    </p>
   </div>
   <div class='ocr_carea' id='block_1_108' title="bbox 2481 5318 2920 5350">
    <p class='ocr_par' dir='ltr' id='par_1_108' title="bbox 2481 5318 2920 5350">
     <span class='ocr_line' id='line_1_108' title="bbox 2481 5318 2920 5350; baseline 0 0"><span class='ocrx_word' id='word_1_774' title='bbox 2481 5331 2623 5350; x_wconf 65' lang='lat' dir='ltr'><strong>lonnn</strong></span> <span class='ocrx_word' id='word_1_775' title='bbox 2664 5318 2920 5350; x_wconf 64' lang='grc' dir='ltr'><strong>δοεηνῖίιῖι</strong></span> 
     </span>
    </p>
   </div>
  </div>
