3982 5350
495 395 500 400 ι
541 333 642 392 £39

1338 330 1414 388 's.
1455 332 1749 390 remus.
1789 317 2143 394 psalmus
2175 337 2230 392 s.
2273 338 2342 395 ιι.
2368 339 2429 394 s.
2462 325 2893 399 clamamus.

3664 329 3672 337 '
3688 329 3793 402 ito

528 476 599 528 ,se
629 454 839 527 fatigari
879 452 1236 522 conspiceret,
1284 467 1625 523 nequaquam
1664 455 2110 511 eontcnmcndum
2138 463 2185 521 Λ
2216 459 2678 518 vitatecantabant
2703 462 2850 528 illud,
2875 467 3082 523 scilicet
3103 467 3352 533 Alleluia,
3375 472 3519 540 quod
3549 472 3788 526 dicitur:

539 549 770 603 ducebat
817 542 1167 600 imbecillitati
1203 558 1476 611 corporea:
1508 544 1742 598 discreta
1794 547 2116 602 remissione

539 640 874 708 aliquatenus
899 635 1204 697 subvenire,
1229 649 1337 703 quo
1365 635 1656 704 resumptis
1683 636 1877 691 iterum
1908 637 2114 694 viribus

535 729 762 781 validior
792 727 856 778 ad
898 726 1258 794 aliudposset
1299 723 1475 779 redire
1521 735 1818 779 certamen.
1851 724 1970 802 Non.
2011 729 2114 782 uti-

533 836 639 890 que
670 821 816 879 vitio.
843 820 937 874 sed
970 819 1151 890 virtuti
1181 818 1380 887 potius
1425 802 1838 873 adscribendum
1878 822 2108 884 dicebat.

533 916 576 968 si
609 914 730 984 quis
757 903 898 984 fessa
929 909 1087 981 paulo
1119 910 1340 964 brachia
1379 909 1586 984 idcirco
1614 911 1874 978 remittat,
1910 920 1968 967 ut
1990 921 2111 982 post

534 981 807 1062 robustior
849 1003 914 1058 ad
965 1002 1177 1074 fortiter
1214 983 1478 1070 agendum
1506 1012 1816 1074 consurgat.
1841 981 2108 1059 Praeterea

533 1111 652 1150 mos
681 1094 754 1148 illi
796 1103 933 1156 erat,
981 1101 1036 1146 ut
1081 1090 1220 1146 inter
1261 1089 1442 1144 divina
1481 1101 1586 1144 tam
1644 1101 1903 1146 nocturna
1946 1108 2109 1161 quam

530 1189 718 1242 diurna
739 1185 917 1252 officia
943 1177 1074 1239 nulli
1100 1175 1258 1253 podio
1297 1183 1531 1253 psallens
1558 1184 1811 1238 luereret.
1857 1185 1912 1238 In
1960 1187 2105 1252 Qua-

528 1279 848 1349 dragesimaz
877 1291 1088 1346 quoque
1133 1275 1415 1344 utriusque
1461 1274 1638 1338 initio,
1666 1275 1846 1328 triduo
1893 1277 2106 1346 penitus

531 1370 837 1424 abstinebat
867 1382 895 1421 a
920 1367 1077 1432 cibo;
1108 1366 1175 1421 ad
1205 1363 1347 1434 quod
1380 1378 1510 1419 sane
1541 1363 1668 1417 licet
1695 1364 1962 1418 neminem
1994 1365 2107 1434 ipse

528 1477 748 1532 quoque
776 1459 1130 1532 persuaserit,
1161 1457 1431 1528 .quiddam
1480 1466 1658 1511 tamen
1703 1456 1769 1510 ad
1808 1457 2105 1528 spiritualis

443 1541 447 1544 ’
527 1553 689 1606 studii
734 1559 1049 1622 proventum
1078 1549 1464 1618 qumrentibus,
1515 1549 1832 1602 tradendum
1873 1549 2104 1619 putavit,

525 1660 634 1714 quo
662 1631 894 1712 suscepti
922 1641 1114 1712 jejunii
1144 1640 1276 1710 ipsis
1302 1649 1486 1711 posset
1515 1625 1694 1694 initiis.
1708 1641 1934 1695 Domino
1962 1656 2105 1696 como

525 1737 792 1791 mendari.
837 1733 1287 1804 llancprofeeto
1334 1733 1652 1812 voluntaria:
1709 1733 2102 1789 observationis

2215 550 2380 606 Dulce
2419 553 2641 624 lignum,
2694 556 2871 610 dulces
2919 558 3116 624 claros,
3162 571 3268 617 etc.
3320 563 3544 617 Videbat
3596 564 3790 627 etiam,

2205 643 2356 712 quod
2383 659 2479 713 per
2506 661 2696 704 omnes
2723 648 2996 725 refectorii
3040 667 3252 708 mensas
3300 637 3469 725 panes
3495 665 3658 710 erant
3701 672 3794 724 ap.

2211 732 2397 800 positi,
2425 742 2479 788 et
2501 737 2881 804 specienitidi,
2912 741 3150 794 nectarei
3189 753 3384 812 gustus
3419 743 3617 813 sapore
3661 745 3796 798 mel-

2211 821 2312 876 liti.
2339 821 2485 878 Inter
2514 824 2712 880 fratres
2755 828 2918 906 etiam
2969 832 3205 900 undique
3239 833 3650 888 discumbentes
3676 845 3794 890 erat

2210 912 2313 976 vir,
2339 915 2382 969 si
2413 917 2514 970 rite
2544 926 2725 982 teneo,
2756 919 3245 990 vahleprzcclarus‘
3263 934 3318 978 et
3347 925 3546 995 inStgni
3593 926 3793 980 decore

2212 1005 2566 1073 Conspicuus;
2603 1007 2698 1077 qui
2738 1009 3030 1076 requisitus
3073 1014 3215 1066 unde
3263 1013 3397 1068 tales
3443 1015 3794 1070 advenissent

2211 1111 2396 1164 panes,
2426 1098 2623 1172 quibus
2646 1099 2897 1156 videlicet
2918 1102 3123 1157 similes
3139 1113 3367 1159 eatenus
3389 1113 3492 1159 u‘on
3516 1107 3788 1161 vidissvt":

2211 1182 2274 1238 lli
2303 1193 2448 1249 sunt,
2493 1185 2686 1257 inquit,
2722 1203 2910 1257 panes,
2964 1191 3161 1260 quibus
3211 1190 3304 1246 filii
3340 1178 3540 1260 'lsrael,
3586 1212 3788 1249 manna

2206 1276 2621 1348 percipientese
2649 1279 2804 1340 cmlo,
2821 1279 2933 1333 aliti
2957 1290 3083 1335 sunt
3104 1281 3156 1334 in
3178 1282 3396 1336 deserto
3419 1283 3622 1355 (Exod.
3650 1287 3786 1353 xvi).

2213 1366 2314 1420 llic
2342 1382 2554 1436 quoque
2583 1369 2666 1422 vir
2705 1368 2824 1422 tulit
2849 1382 3090 1424 mensam
3121 1372 3350 1435 abbatis,
3379 1388 3498 1441 qua:
3529 1373 3790 1428 occiden-

2210 1466 2314 1512 tem
2345 1473 2534 1513 versus
2573 1458 2747 1514 fuerat
2781 1460 3098 1525 constituta,
3130 1471 3183 1516 et
3223 1463 3296 1515 ad
3339 1464 3664 1517 orientalem
3687 1465 3790 1534 po-

2206 1549 2313 1601 suit
2342 1546 2612 1604 refectorii
2645 1549 2890 1620 plagam;
2923 1550 3010 1604 ubi
3036 1538 3290 1608 videlicet
3321 1553 3499 1625 imago
3537 1556 3787 1609 crucifixi

2203 1638 2415 1693 Domini
2468 1637 2644 1698 fuerat
2690 1640 2741 1692 in
2786 1640 2994 1710 pariete
3042 1657 3139 1711 per
3185 1644 3451 1712 picturam
3501 1659 3785 1714 expressa.

2204 1717 2480 1797 Perpende
2529 1746 2655 1800 ergo
2701 1733 3034 1801 mysterium,
3073 1742 3126 1788 et
3160 1735 3398 1806 mys1ica:
3438 1736 3789 1791 revelationls

524 1843 766 1881 normam
815 1825 866 1879 in
925 1823 1200 1880 nonnullis
1255 1824 1764 1892 menasteriis,.pia
1816 1824 2176 1888 devotione-lt
2206 1818 2439 1888 ittlcllige
2479 1829 2899 1874 sacramentum.
2942 1821 3079 1888 Quid
3107 1831 3188 1877 est
3219 1825 3363 1878 enim
3409 1824 3554 1894 quod
3596 1825 3788 1880 laudes

507 1915 970 1988 .ampleetcntibns
999 1915 1287 1970 excitando
1309 1913 1567 1992 instituit,
1593 1924 1860 1983 quatenus
1877 1914 2102 1985 przefatn

509 2005 844 2074 .jejuniorum
879 2004 1055 2070 triduo
1098 2011 1242 2058 totus
1283 2013 1584 2058 conventus
1629 2004 1858 2077 fratrum
1900 2003 2103 2073 pariter

524 2102 576 2154 in
601 2100 841 2154 claustro
871 2097 1102 2164 rigorem
1145 2096 1342 2150 silentii
1388 2100 1773 2160 conservaret;
1812 2109 1911 2149 nec
1949 2095 2098 2164 quis-

522 2189 664 2257 piam
695 2189 898 2256 absque
928 2183 1220 2240 inevitabili
1255 2171 1580 2238 necesSitate
1607 2173 1973 2236 calceamenta
1999 2175 2099 2235 sibi

521 2281 788 2341 indueret,
815 2279 983 2332 donec
1013 2274 1372 2331 communiter
1405 2263 1726 2330 Psalterium
1758 2273 1948 2329 diebus
1991 2274 2101 2328 siu-

519 2370 680 2438 gnlis.
721 2367 1170 2437 complevisscnt;
1232 2379 1520 2435 scoparum
1587 2378 1800 2435 quoque
1864 2362 2098 2433 discipli-

520 2479 644 2530 nam
697 2461 808 2529 (57)
852 2461 906 2514 in
942 2457 1178 2530 capitulo
1219 2457 1399 2512 cuncti
1449 2443 1816 2526 susciperent;
1865 2455 1920 2510 in
1962 2466 2100 2526 pane

522 2555 694 2608 solum
719 2563 773 2607 et
794 2567 940 2622 aqua.
960 2550 1168 2622 pariter
1189 2535 1544 2622 abstinerent.

1101 2658 1330 2715 CAPUT
1367 2657 1508 2714 XIX.
1546 2715 1548 2717 ,
1607 2712 1610 2714 γ

503 2754 789 2825 Jrjuuium
820 2761 978 2825 sexta;
1000 2749 1146 2825 ferire
1175 2750 1229 2802 in
1264 2749 1508 2825 liquorem
1549 2747 1607 2803 S.
1641 2749 1813 2825 cruris
1844 2748 2093 2803 instituit.

666 2823 818 2888 Quod
849 2833 895 2875 et
926 2818 1206 2876 visionibus
1237 2818 1522 2872 cmlestibus
1553 2821 1940 2888 comprobatur.

589 2914 696 2969 Sed
721 2922 774 2968 et
807 2921 1015 2968 sextam
1066 2911 1212 2966 omni
1253 2919 1496 2979 tempore
1533 2908 1723 2964 feriam
1758 2919 1955 2979 praeter
1995 2911 2095 2965 Pa-

517 3006 749 3069 schales,
783 3006 862 3059 vel
895 3012 1119 3058 caeteros
1141 3002 1258 3057 dies
1289 3001 1577 3068 solemnes,
1627 3003 1727 3058 sub
1759 3005 1948 3058 eadem
1985 3015 2095 3058 tam

506 3093 817 3164 disciplima
851 3108 1011 3161 quam
1031 3090 1386 3146 abstinentiae
1417 3106 1606 3144 norma
1638 3091 1707 3144 ob
1737 3093 2094 3147 reverentiam

2203 1909 2382 1963 «fucis
2404 1909 2604 1964 chorus
2633 1909 2720 1964 ille
2757 1911 3102 1978 psallentium
3147 1912 3370 1967 melodis
3388 1914 3617 1968 vocibus
3659 1930 3785 1968 con-

2203 1995 2478 2068 crepabat,
2509 1999 2612 2054 nisi
2637 2000 2760 2068 quia
2787 1999 3027 2054 futurum
3067 2011 3206 2070 erat,
3239 1995 3468 2057 ut'dum
3519 2005 3573 2058 in
3619 2006 3786 2059 henn-

2203 2103 2316 2143 rem
2362 2076 2542 2144 crucis
2581 2081 2822 2144 solemne
2871 2089 3134 2159 jejunium
3186 2092 3558 2157 instituerant,
3613 2109 3780 2163 quam

2198 2179 2397 2258 dulces
2436 2169 2485 2236 ei
2533 2180 2750 2236 laudum
2804 2183 3051 2238 modulos
3102 2185 3338 2237 Straviter
3378 2174 3781 2262 pcrsoqarent?

2203 2267 2469 2341 llymnum
2502 2272 2697 2342 quippe
2725 2273 2776 2328 in
2827 2274 3216 2330 heatzc‘crucis
3254 2277 3456 2332 honere
3495 2277 3776 2337 decantat,

2200 2361 2292 2432 qui
2315 2377 2378 2416 ea
2405 2352 2655 2418 videlicet
2677 2363 2765 2418 die
2809 2380 2917 2434 qua
2949 2352 3201 2420 Christus
3222 2367 3273 2421 in
3299 2383 3459 2423 cruce
3484 2384 3782 2439 suspensus

2199 2460 2302 2516 est,
2331 2441 2595 2522 jejunium
2653 2453 2910 2508 celebrat.
2965 2454 3030 2509 Et
3079 2455 3208 2525 quid
3253 2467 3335 2511 cst
3385 2459 3528 2527 quod
3580 2457 3771 2513 melliri

2189 2531 2519 2612 videbantur
2547 2532 2787 2618 panesin
2817 2562 3020 2613 mensa,
3053 2548 3155 2602 nisi
3190 2558 3250 2604 ut
3295 2533 3550 2603 nimirum
3603 2550 3780 2604 dulcia

2189 2639 2422 2714 spiritus
2467 2637 2719 2694 alimenta
2748 2639 3120 2705 comederent,
3148 2640 3294 2714 dum
3316 2656 3414 2710 per
3464 2641 3781 2695 amaritudi-

2199 2745 2322 2784 nem
2347 2729 2528 2784 carnis
2555 2729 2736 2784 dulces
2759 2729 2869 2784 Deo
2895 2727 3110 2784 laudum
3145 2712 3386 2783 modulos
3421 2721 3782 2784 resonarent'?

2200 2821 2372 2875 Tanto
2395 2822 2591 2891 quippe
2631 2819 2842 2876 dulcior
2868 2830 3060 2891 gustus
3097 2823 3340 2876 exoritur
3365 2821 3414 2874 in
3447 2821 3634 2890 palato
3667 2821 3779 2876 c'or-

2204 2912 2309 2974 dis,
2334 2921 2537 2981 quanto
2566 2909 2741 2980 major
2766 2912 3068 2965 amaritudo
3110 2911 3465 2966 districtionis
3499 2911 3780 2980 perturbat

2205 3005 2486 3059 lasciviam
2538 3003 2738 3059 carnis.
2769 3002 2904 3070 Quid
2942 3013 3023 3058 est
3069 3003 3232 3057 etiam
3280 3017 3522 3055 mensam
3567 3001 3780 3056 abbatis

2202 3097 2302 3150 sub
2330 3082 2572 3151 crucifixi
2601 3095 3230 3175 Redemptorispedibus
3275 3105 3501 3163 ponere,
3534 3092 3640 3146 nisi
3684 3107 3780 3161 per

517 3185 696 3240 crucis
751 3182 856 3237 illis
901 3181 1291 3236 observandam
1341 3179 1599 3234 adhibuit.
1636 3181 1876 3250 Denique
1923 3182 2100 3236 omnis
2127 3168 2466 3252 C'jejunium
2504 3193 2669 3240 sexta:
2696 3174 2883 3246 feriae,
2914 3199 3033 3254 quae
3072 3168 3189 3238 dies
3233 3183 3412 3238 crucis
3457 3191 3563 3244 est.
3603 3191 3776 3236 totum

519 3279 663 3332 illius
692 3275 1001 3331 adhortatio
1023 3276 1182 3340 adeo,
1212 3282 1538 3344 cooperante
1579 3275 1828 3340 Domino,
1863 3275 2094 3330 fructifi-

499 3349 688 3426 .casse.
719 3367 1078 3440 dignoscitur,
1123 3375 1180 3420 ut
1227 3366 1438 3436 insigne
1482 3353 1611 3420 illud
1659 3372 1874 3437 quoque
1913 3367 2092 3423 Casini

515 3463 714 3519 montis
742 3461 1046 3518 cmnobium
1085 3459 1196 3532 (58)
1228 3468 1378 3515 tanto
1409 3476 1530 3515 eam
1577 3458 1791 3516 fervore
1836 3460 2096 3531 sumpsis-

513 3565 618 3621 set,
650 3554 793 3624 quod
843 3552 1069 3623 prmfata
1113 3551 1292 3606 omnia
1343 3551 1485 3606 inter
1530 3551 1797 3622 regularia
1842 3551 2093 3606 mandata

497 3646 902 3704 .conscribenda
937 3644 1235 3700 statuisset.
1265 3643 1365 3697 Hic
1396 3658 1558 3714 porro
1583 3658 1924 3713 nequaquam
1955 3644 2095 3697 otio-

499 3757 632 3796 sum
663 3748 942 3810 putamus
999 3735 1244 3806 quaedam
1291 3733 1683 3789 revelationum
1736 3723 2088 3798 monimenta,

499 3846 631 3900 qum
662 3829 802 3885 idem
831 3828 945 3898 ipse
971 3826 1206 3894 scripsit,
1232 3839 1615 3889 annumerare,
1646 3824 1843 3895 quibus
1869 3835 2094 3880 sanctus

496 3921 601 3974 .ille
630 3927 775 3972 totus
814 3917 868 3971 in
912 3917 1013 3970 hac
1067 3913 1447 3970 observatione
1499 3923 1667 3967 sexta:
1707 3912 1857 3969 ferite
1894 3913 2094 3968 obnixe

503 4000 615 4063 fuit
647 4009 932 4063 solidatus.
962 4005 1080 4074 Ipsa
1135 3993 1533 4075 itaque'ipsius
1580 4005 1742 4060 verba
1770 4019 2033 4075 ponamus
2076 4024 2089 4059 :

513 4101 568 4153 lu
600 4096 976 4169 :egrotantium
1015 4095 1149 4151 cella
1183 4109 1351 4150 senex
1380 4095 1600 4164 quidam
1631 4105 1785 4164 pater
1812 4084 2093 4156 erat.‘Leo

515 4194 758 4259 nomine,
791 4191 883 4263 qui
909 4189 1147 4262 jejuniis,
1179 4176 1406 4260 psalmis
1438 4201 1501 4244 et
1519 4191 1855 4245 orationibus
1885 4192 2094 4248 insiste-

490 4288 606 4340 .bat
648 4283 929 4346 attentius,
983 4291 1038 4336 et
1082 4281 1210 4335 licet
1238 4279 1519 4350 corporeis
1547 4287 1692 4335 esset
1730 4280 1937 4336 viribus
1963 4281 2094 4335 effe-

515 4389 621 4442 tus,
657 4373 880 4446 juvenili
923 4381 1102 4428 tamen
1143 4369 1334 4426 fervidi
1378 4370 1602 4440 spiritus
1632 4378 1752 4425 erat
1790 4370 1975 4440 vigore
2005 4384 2092 4423 ro-

511 4469 724 4524 bustus.
751 4465 850 4521 llic
876 4461 1122 4534 proxima
1167 4469 1346 4526 nocte,
1380 4475 1485 4532 qua
1515 4461 1798 4516 statuenda
1827 4467 1946 4515 erat
1974 4458 2090 4514 hzcc

2204 3261 2546 3330 refectorium
2563 3260 2861 3330 salutifer-.c
2882 3275 3059 3330 crucis
3081 3273 3358 3339 signaculo
3394 3273 3687 3327 dedicare?
3716 3267 3778 3325 Et

2195 3366 2323 3436 quid
2349 3375 2434 3420 est
2457 3367 2557 3422 sub
2581 3365 2826 3421 crucifixi
2869 3364 3080 3419 Domini
3111 3364 3336 3433 pedibus
3375 3364 3640 3429 residere,
3674 3363 3776 3416 nisi

2173 3471 2316 3531 -post
2343 3460 2460 3530 ejus
2491 3463 2712 3533 vestigia
2740 3463 2991 3528 tendere;
3020 3462 3075 3516 et
3100 3476 3196 3532 per
3216 3476 3362 3528 eum,
3382 3475 3488 3530 quo
3515 3475 3614 3516 nos
3637 3475 3777 3531 pric-

2194 3554 2379 3618 cessit,
2412 3553 2681 3607 tramitem
2712 3552 2913 3622 jugiter
2943 3537 3258 3607 ambulare?

2265 3641 2463 3698 Verum
2493 3644 2559 3698 ad
2601 3644 2704 3698 hoc
2756 3627 2958 3698 arctius
3007 3627 3517 3707 commendandum,
3560 3651 3615 3698 et
3644 3626 3776 3698 illud

2194 3733 2472 3802 aptissime
2513 3733 2738 3803 contigit
2774 3742 2833 3788 ut
2872 3741 3092 3787 sanctus
3136 3733 3354 3804 quidam
3399 3721 3535 3788 alius
3578 3733 3773 3794 frater,

2197 3823 2386 3880 Petrus
2411 3824 2647 3889 nomine,
2670 3823 2794 3878 dum
2820 3823 2871 3876 id
2895 3822 3330 3886 constitueretur,
3356 3824 3592 3878 abesset.
3648 3821 3770 3890 Qui,

2177 3928 2381 3990 postea
2411 3917 2597 3987 quinta
2629 3917 2859 3986 quadam
2885 3915 3023 3974 feria
3067 3932 3366 3992 regressus,
3393 3901 3585 3973 eadem
3613 3917 3772 3998 nocte

2195 4024 2291 4079 per
2319 4008 2586 4062 somnium
2617 4007 2751 4061 vidit
2794 4007 2936 4075 quod
2993 4008 3222 4062 domnus
3269 4006 3460 4062 Petrus
3503 4007 3654 4061 illum
3705 4008 3772 4060 ad

2195 4098 2478 4168 prandium
2499 4101 2821 4152 convocaret
2847 4100 3137 4166 s‘eru‘mque
3159 4097 3270 4166 ipse
3292 4099 3515 4151 conviva
3538 4096 3773 4150 discum-

2170 4177 2366 4265 beret.
2395 4186 2651 4257 Sequenti
2674 4201 2803 4242 vero
2826 4187 2911 4242 die
2947 4188 3000 4241 in
3043 4186 3336 4258 capitulum
3386 4185 3770 4241 veniens‘cum

2193 4277 2405 4333 czeteris
2435 4276 2691 4332 fratribus
2718 4277 3057 4347 disciplinam
3088 4277 3210 4331 novi
3264 4278 3402 4332 ritus
3441 4277 3676 4348 accepit,
3719 4287 3772 4331 et

2191 4369 2272 4425 sic
2294 4369 2467 4434 laetus,
2497 4377 2551 4425 et
2575 4369 2758 4425 alacer
2787 4369 2981 4436 factus,
3006 4369 3291 4426 exsultavit
3325 4370 3377 4426 in
3405 4369 3610 4441 Spiritu
3651 4389 3772 4427 san-

2193 4469 2302 4527 cto,
2336 4461 2559 4516 dicens:
2593 4444 2897 4526 Ecce,'Dco
2935 4463 3156 4532 gratias,
3198 4463 3504 4531 prandium,
3533 4466 3597 4518 ad
3626 4467 3770 4536 quod

510 4573 740 4616 censura
765 4533 977 4625 jejunii,
1005 4554 1140 4608 vidit
1183 4568 1282 4624 per
1310 4553 1578 4608 somnium
1619 4539 1957 4624 magnum-in
1998 4533 2172 4606 ec-‘D
2197 4566 2284 4606 me
2305 4551 2538 4608 domnus
2567 4536 3088 4608 Petrus-Damiauus
3116 4563 3424 4609 vocaverat.
3449 4553 3559 4609 Nec
3581 4533 3772 4608 inime-

507 4653 675 4708 clesia
726 4649 953 4705 chorum
1010 4647 1418 4702 eonsistentium
1466 4645 1716 4710 fratrum,
1758 4632 1872 4716 qui,
1902 4658 2093 4712 nempe

509 4742 789 4815 prteclaris
816 4727 1061 4795 candidis
1104 4729 1348 4792 vestibus
1402 4735 1703 4792 luculenter
1745 4735 1935 4796 induti,
1979 4725 2094 4788 dul-

511 4835 699 4888 cisoua
753 4833 886 4888 satis
927 4839 1088 4899 atque
1122 4826 1375 4883 melliflua
1414 4827 1612 4883 meIOdi
1643 4836 1936 4881 concentus
1965 4841 2092 4880 sua-

2198 4641 2302 4696 rito
2327 4657 2456 4697 sane
2485 4650 2681 4696 nostra:
2721 4642 2903 4697 carnis
2929 4633 3146 4697 afﬂictio
3180 4658 3387 4707 mensa,
3429 4642 3509 4698 vel
3549 4642 3770 4698 refectio

2195 4737 2413 4800 dicitur,
2461 4736 2734 4806 quoniam,
2783 4737 2922 4790 unde
2966 4739 3336 4806 nostrum'per
3381 4725 3769 4791 continentiam

2185 4835 2394 4899 corpus
2418 4829 2692 4890 atteritur,
2722 4828 2844 4882 inde
2872 4827 3096 4897 spiritus
3135 4841 3384 4898 superna:
3430 4827 3622 4899 gratia:
3642 4829 3764 4898 pin-

1640 4935 2008 4994 consrmm
2045 4923 2459 5008 nsnsensnit
2495 4937 2728 4994 NOTAE.

513 5077 700 5136 opttsc.
731 5049 824 5136 li},
856 5063 921 5116 de
970 5065 1080 5136 suae
1123 5055 1847 5136 congregationisinsututis
1882 5069 2004 5125 cap.
2030 5054 2086 5136 6,
2143 5101 2150 5108 .

515 5125 612 5199 ait,
638 5131 834 5188 multos
855 5131 1145 5183 monachos
1169 5125 1666 5199 in'Quadragesima
1691 5125 1864 5199 solum
1894 5142 1912 5175 ε
1940 5127 2090 5199 vesci

517 5195 722 5278 pomis,
745 5201 1106 5278 etherbarum
1132 5200 1423 5278 radicibus,
1449 5195 1911 5278 ac_l_egnmiuibus_
1937 5195 2023 5250 inf
2024 5208 2086 5276 nu

515 5267 611 5332 sis.
642 5275 726 5328 ve!
747 5272 908 5324 etiam
946 5269 1121 5323 elixis.
1159 5286 1177 5318 ι
1214 5267 1745 5336 Hine-inferidarium
1772 5267 1982 5320 videtur
2011 5267 2087 5318 si-

2172 5055 2352 5125 -plin:e
2377 5053 2690 5110 indicatlib.
2713 5063 2798 5120 'vr,
2831 5052 2988 5124 epist.
3017 5039 3114 5120 ει,
3143 5052 3209 5107 ad
3249 5068 3360 5108 suae
3385 5045 3769 5126 Longregatio-

2193 5134 2277 5180 nis
2310 5134 2588 5180 eremitas.

2200 5266 2207 5268 _
2263 5195 2472 5268 (58)_Ut
2504 5196 2706 5268 insigne
2744 5193 2877 5268 illud
2909 5210 3114 5268 quoque
3153 5192 3334 5268 Casini
3373 5194 3567 5248 montis
3600 5211 3766 5248 emno-

2191 5264 2363 5339 (fiunt.
2382 5266 2619 5340 Praeerat
2638 5265 3051 5340 Cassiuegzsibns
3077 5264 3649 5340 Desiderius,‘creatus
3676 5278 3761 5316 an.
