3982 5350
228 209 318 264 Ni

1077 192 1618 262 ruontzcousxa.
1662 234 1728 244 —
1773 204 1931 258 \‘rrs
2057 203 2259 258 verm
2292 204 2598 260 unum.

3390 199 3492 252 Hi

217 313 452 389 ~gnedinc
479 320 777 390 saginatur.
801 318 1022 375 Cunctis
1045 320 1227 390 itaque
1257 324 1622 388 hujuscemodi
1652 328 1805 374 reve-
1830 323 1878 381 Α
1909 317 2166 387 temporis
2211 328 2588 372 asseverantes
2646 317 2865 372 aiebant
2913 333 3035 373 cum
3082 317 3329 374 videlicet
3385 327 3492 390 pro

231 411 695 479 tationihusplane
725 409 1094 474 noscentibus,
1120 424 1183 462 ea
1215 407 1320 463 illis
1343 403 1556 464 coalitus
1580 407 1802 476 tradita,

231 517 342 572 quae
369 516 468 570 per
495 515 559 554 os
587 499 882 553 beatissimi
924 498 1022 552 viri
1053 499 1266 554 noviter
1289 500 1390 553 sibi
1437 498 1652 554 fuerant
1677 513 1801 568 pro-

234 593 482 657 mulgata.
514 607 624 645 non
665 592 834 646 solum
881 591 947 645 ad
991 593 1225 662 ipsorum
1255 593 1654 648 observantiam
1701 591 1807 647 fer-

233 685 437 740 ventius
477 683 726 738 succensi
773 691 921 746 sunt,
967 698 1155 736 verum
1202 685 1364 738 etiam
1415 699 1536 740 eum
1586 687 1808 754 insuper

236 783 554 844 rogaverunt
585 783 666 834 ut,
693 771 737 827 si
765 773 894 841 quid
919 773 1108 828 deesse
1136 773 1275 842 apud
1316 790 1410 829 eos
1440 776 1616 830 adhuc
1659 776 1833 844 vide-_

238 875 394 930 retur,
418 862 760 934 iujungeret;
787 863 831 918 si
855 863 984 934 quid
1012 865 1361 933 superﬂuum,
1393 868 1629 933 tolleret;
1664 869 1807 938 quod

239 970 356 1008 vero
400 954 784 1023 corrigendum
833 952 994 1017 foret,
1063 955 1274 1008 cunctis
1337 955 1806 1025 applaudentibus,

245 1043 568 1098 emendaret.
607 1042 754 1096 Unde
779 1041 982 1098 factum
1008 1053 1092 1098 est
1126 1045 1270 1098 inter
1307 1055 1500 1100 cmtera
1545 1058 1603 1100 ut
1643 1047 1810 1117 proji-

246 1141 416 1186 cerent
439 1133 663 1202 copulas
695 1135 889 1204 quibus
909 1137 1065 1204 quasi
1089 1136 1411 1204 quibusdam
1432 1138 1592 1204 pileis
1632 1139 1808 1206 capita

243 1224 614 1293 contegebant,
645 1239 753 1292 quo
792 1224 859 1279 de
902 1235 1102 1279 caetero
1149 1227 1280 1280 solis
1321 1228 1550 1296 caputiis
1586 1228 1811 1282 honesto

245 1328 411 1371 essent
433 1320 830 1373 monachorum
861 1333 1012 1374 more
1041 1320 1305 1373 contenti.
1336 1317 1653 1373 Statuerunt
1678 1336 1812 1389 quo-

244 1424 334 1477 que
363 1418 422 1462 ttt
449 1409 520 1463 de
540 1410 842 1479 peregrinis
879 1411 1169 1465 involucris
1210 1409 1348 1464 ultra
1373 1410 1484 1479 jam
1511 1411 1812 1480 grandioris

245 1500 383 1568 pretii
420 1501 743 1554 vestimenta
795 1515 901 1554 non
945 1510 1211 1566 emerent,
1246 1501 1340 1555 sed
1377 1515 1443 1554 cx
1487 1503 1808 1556 rusticorum

245 1589 480 1643 textrinis
510 1589 636 1642 vilia
668 1590 846 1660 potius
878 1606 942 1646 ac
972 1589 1254 1646 vernacula
1279 1600 1680 1661 compararent.

831 1701 1061 1758 CAPUT
1100 1702 1218 1758 XX.

247 1791 430 1846 Pueros
477 1793 734 1863 quosdam
779 1811 812 1846 α
848 1794 1169 1847 άαθηιοηὶὁιιε
1199 1805 1407 1849 vexatos
1437 1795 1490 1847 iu
1517 1804 1688 1848 monte
1708 1793 1811 1848 Cu-

303 1866 433 1924 sino,
464 1865 556 1916 ubi
578 1864 813 1934 basilica:
837 1865 898 1918 S.
924 1863 1193 1918 Benedicti
1235 1864 1562 1932 mdiﬁcauda:
1597 1881 1807 1934 cperam

305 1934 496 1985 dabunt
508 1972 524 1998 ,
566 1933 776 1986 liberat.

251 2078 254 2080 γ
301 2025 474 2094 Ipsum
516 2038 645 2077 vero
673 2023 957 2092 prmfatum
1000 2023 1304 2078 ctenobium
1346 2023 1642 2080 Casinense
1685 2023 1810 2078 dum

243 2115 521 2184 aliquando
572 2114 713 2167 idem
765 2115 996 2168 domnus
1035 2114 1229 2170 Petrus
1274 2129 1338 2169 ex
1397 2129 1550 2170 more
1600 2114 1813 2170 visitas-

242 2216 313 2262 sct
341 2205 476 2274 (59),
509 2219 634 2258 cum
664 2213 810 2259 esset
831 2206 925 2269 ibi,
961 2205 1257 2260 beatissimi
1286 2205 1562 2261 Benedicti
1590 2206 1813 2261 basilica

244 2299 565 2353 [nudabatur
591 2300 707 2369 (60)
730 2315 744 2363 ;
771 2314 890 2368 qua:
918 2315 1054 2353 auro
1077 2314 1141 2354 ac
1171 2299 1438 2368 lapidibus
1464 2301 1624 2355 modo
1649 2302 1811 2356 ador-

244 2388 672 2458 nalaperspicue
700 2389 959 2442 cernitur.
992 2390 1309 2457 Aliquantos
1337 2389 1410 2444 ibi
1449 2390 1653 2460 reperit
1685 2403 1816 2458 pue-

244 2496 337 2541 ros,
362 2482 454 2549 qui
480 2496 580 2548 pro
619 2480 899 2534 vectandis
932 2480 1202 2550 lapidibus
1246 2490 1529 2544 venerant,
1569 2491 1815 2550 arreptos

242 2572 512 2624 ibi-inuniis
540 2570 744 2625 acriter
775 2571 996 2636 vexari;
1043 2586 1274 2640 quorum
1305 2571 1432 2626 licet
1469 2572 1694 2626 modicis
1723 2588 1814 2625 ar-

243 2662 411 2725 tubus,
442 2671 654 2716 tantum
682 2662 750 2716 ab
774 2661 906 2732 ipsis
927 2663 1208 2718 daemoniis
1231 2663 1425 2718 virium
1455 2663 1734 2717 ferebatur
1759 2673 1819 2716 ut

240 2768 266 2802 a
291 2751 454 2814 binis,
486 2747 572 2805 vel
619 2750 793 2804 ternis
831 2751 1225 2806 robustissimis
1272 2751 1402 2805 viris
1440 2751 1637 2818 singuli
1665 2765 1815 2804 com-

238 2841 504 2909 prehensi,
533 2840 625 2893 vix
654 2839 999 2908 aliquatenus
1039 2849 1262 2910 possent
1297 2841 1522 2894 arctari.
1555 2840 1690 2895 Cum
1720 2855 1819 2894 au-

241 2941 335 2990 tem
363 2932 455 2985 die
477 2931 716 3000 quadam
743 2932 998 2985 domnum
1023 2931 1249 2986 Petrum
1289 2932 1356 2985 ad
1383 2947 1520 3000 opus
1560 2929 1687 2984 illud
1727 2930 1809 2983 in-

1909 409 2040 478 ipsis
2069 407 2302 462 latenter
2336 425 2542 473 orasse,
2591 411 2777 480 sicque
2814 411 2894 472 eis
2937 410 3165 465 salutem
3197 427 3225 464 a
3257 412 3486 466 Domina

1910 498 2268 568 impetrasse?
2297 498 2369 553 At
2395 501 2519 569 quia
2551 499 2702 553 nobis
2751 500 2984 564 diiiicile,
3017 499 3127 553 imo
3153 501 3486 570 impossibile

1906 596 1990 642 est
2025 587 2168 641 illius
2197 595 2343 658 gesta
2373 599 2565 642 cuncta
2599 603 2840 650 narrare,
2865 598 3225 658 Opportunum
3256 587 3487 643 dicimus

1899 677 2012 748 jam
2040 679 2106 733 ad
2133 689 2373 734 extrema
2416 679 2612 751 stylum
2657 679 2906 748 dirigere,
2959 689 3014 734 et
3051 678 3282 748 qualiter
3323 695 3482 734 suum

1907 783 2125 823 cursum
2152 769 2505 838 compleverit
2529 780 2689 839 atque
2717 770 2843 824 hinc
2872 769 2938 822 ad
2962 784 3193 840 superna
3220 769 3490 838 migrave-

1907 860 2000 925 rit,
2032 859 2258 913 Domino
2287 861 2608 929 opitulante,
2640 859 2977 928 depromere.

2487 969 2714 1025 CAPUT
2751 969 2894 1024 XXI.

1911 1058 2100 1114 Urbem
2122 1044 2419 1114 Ravennam
2443 1059 2591 1112 Rom.
2636 1059 2895 1127 pontiﬁcis
2939 1059 3137 1128 legatus
3165 1076 3196 1112 a
3227 1059 3489 1121 censuris,

2122 1130 2496 1198 archiepiscopi
2522 1129 2645 1180 vitio
2671 1129 2996 1189 obstrictum,
3024 1129 3263 1181 absolvit.

1987 1219 2122 1274 Dum
2156 1219 2278 1289 pius
2305 1219 2467 1288 igitur
2491 1217 2688 1272 Christi
2720 1217 2974 1272 sacerdos
3003 1215 3371 1284 hujuscemodi
3402 1218 3484 1271 lu-

1911 1308 2238 1362 crandarum
2285 1307 2590 1360 animarum
2631 1308 2824 1361 studiis
2877 1306 3149 1361 inhianter
3197 1307 3488 1361 inhzereret

1912 1398 2140 1465 vitaeque
2179 1397 2463 1464 prtesentis
2511 1395 2662 1449 labbr
2707 1390 2966 1450 extremae
3002 1394 3114 1462 jam
3158 1411 3294 1464 pene
3338 1397 3493 1450 linem

1913 1503 2118 1543 moram
2165 1497 2397 1550 teneret,
2441 1485 2594 1554 jussu
2649 1486 2942 1541 Alexandri
2999 1486 3040 1541 ll
3101 1486 3215 1557 (6|)
3258 1487 3487 1541 Romani

1913 1567 2569 1646 pontificis,'ltavennam,
2597 1577 2828 1644 patriam
2849 1591 3022 1640 suam,
3051 1577 3318 1646 proficisci
3350 1592 3492 1647 prte-

1845 1664 1886 1720 B
1915 1667 2133 1734 cipitnr,
2173 1682 2286 1720 rem
2317 1667 2471 1721 valde
2506 1668 2870 1722 necessariam
2920 1667 3078 1721 saluti
3115 1668 3276 1722 totius
3319 1669 3490 1730 urbis,

1915 1756 2070 1819 cleri,
2111 1770 2173 1808 ac
2203 1755 2380 1824 populi
2422 1767 2760 1826 peracturus.
2797 1757 2926 1810 Erat
2961 1756 3158 1825 quippe
3190 1765 3316 1812 tunc
3357 1753 3496 1812 tem-

1914 1844 2061 1915 poris
2090 1843 2376 1898 defunctus
2425 1845 2666 1912 ejusdem
2709 1846 2858 1898 urbis
2890 1846 3329 1916 archiepiscopus
3353 1846 3490 1916 (62),

1913 1937 2002 2004 qui
2043 1951 2142 2006 pro
2181 1951 2276 1991 sua
2331 1937 2620 2006 protervia,
2678 1938 2944 1990 sententia
2999 1937 3256 1991 Romanae
3304 1937 3494 2007 synodi

1912 2029 2039 2080 olim
2073 2027 2251 2082 fuerat
2293 2027 2671 2082 communione
2713 2031 2986 2097 privatus;
3044 2029 3129 2082 cui
3166 2039 3344 2084 tamen
3369 2045 3494 2083 cum

1915 2118 2080 2171 nimia
2109 2119 2412 2172 temeritate
2437 2132 2777 2187 nequaquam
2807 2119 2876 2171 ob
2902 2118 3104 2171 illatam
3141 2117 3242 2172 sibi
3273 2129 3494 2172 senten-

1917 2208 2048 2262 tiam
2075 2207 2186 2277 (6'5)
2213 2207 2585 2273 tremefactus,
2607 2208 2678 2262 ab
2698 2207 3144 2276 archicpiscopali
3171 2217 3500 2276 temperaret

1915 2297 2110 2363 cilicio,
2139 2301 2562 2353 Consentaneum
2610 2298 2712 2353 sibi
2749 2298 3002 2369 populum
3045 2314 3141 2353 sua
3178 2301 3500 2370 contagione

1917 2391 2114 2446 misere
2146 2389 2388 2457 ftedavit,
2420 2399 2696 2461 totamque
2721 2391 3007 2447 ecclesiam
3053 2391 3254 2447 illicitis
3281 2393 3501 2448 ausibus

1917 2479 2244 2551 profanavit.
2275 2480 2512 2537 Tandem
2541 2497 2670 2536 vero
2690 2482 2758 2538 de
2786 2483 2981 2548 medio,
3006 2483 3352 2553 profanatore
3373 2486 3502 2539 sub-

1917 2575 2062 2636 lato,
2112 2572 2368 2642 prtefatus
2431 2574 2759 2644 apostolicus
2811 2583 2918 2628 tam
2989 2576 3261 2628 numerosi
3317 2578 3500 2644 pepuli

1917 2663 2136 2717 exitiale
2176 2665 2487 2733 contagium
2540 2664 2796 2718 fraternis
2842 2665 3134 2719 viscerilms
3190 2667 3498 2724 miseratus.

1919 2765 2128 2808 tantum
2162 2766 2394 2825 patrem,
2427 2757 2516 2826 qui
2552 2757 2876 2810 auctoritate
2925 2759 3214 2827 apostolica
3247 2760 3500 2814 eumdem

1921 2849 2322 2906 reconciliando
2374 2849 2710 2914 absolveret,
2766 2850 2856 2904 illo
2921 2849 3170 2921 delegare
3235 2851 3500 2918 decrevit,

1920 2943 2190 2995 neminem
2220 2941 2430 2996 scilicet
2466 2942 2531 2994 ad
2571 2941 2672 2996 Itoc
2700 2956 2834 3011 opus
2862 2942 3155 3012 gerendum
3201 2943 3503 3012 digniorem

241 3024 487 3076 tuendum
515 3022 836 3091 contigisset
869 3023 1043 3086 exire,
1111 3023 1439 3085 Desiderius,
1494 3021 1818 3076 Venerabilis
1846 3014 1889 3072 (ἶ
1924 3031 2005 3086 γει
2049 3033 2313 3101 apﬁorem
2364 3033 2703 3096 existimans.
2753 3047 2819 3088 ρο
2867 3035 3010 3103 quod
3048 3035 3094 3089 is
3135 3049 3242 3089 non
3291 3036 3504 3091 mo,;ica

233 3112 471 3180 ejusdem
504 3112 736 3166 cmnobii
775 3111 1086 3167 Casinensis
1125 3112 1312 3176 abbas,
1359 3114 1556 3181 ipsum,
1588 3121 1647 3164 ut
1691 3127 1823 3165 coq-

243 3211 512 3267 sneverat,
542 3217 606 3256 ex
640 3201 1118 3270 nominejucnnde
1161 3202 1512 3272 compellans,
1547 3203 1623 3256 ait
1658 3216 1678 3256 :
1717 3204 1822 3256 Do-

239 3292 374 3346 mine
399 3292 585 3355 Petrc,
615 3308 713 3346 cur
749 3294 880 3347 istos
911 3303 1124 3348 nostros
1172 3307 1276 3348 non
1309 3309 1470 3348 curas
1504 3293 1825 3362 aperarios?

241 3384 325 3437 Cui
359 3385 452 3438 ille
485 3401 498 3436 :
528 3383 739 3440 Habent
773 3385 895 3448 hic,
923 3385 1122 3454 inquit,
1165 3386 1493 3440 sanctissimi
1545 3386 1821 3440 Benedicti

237 3476 602 3541 pueseutiam,
628 3475 718 3544 qui
757 3478 857 3538 eis,
891 3475 935 3530 si
975 3476 1124 3539 velit,
1159 3475 1304 3530 valet
1337 3475 1529 3530 salutis
1576 3476 1824 3531 conferre

246 3566 519 3624 medelam.
555 3566 667 3637 Ego
709 3567 855 3622 enim
897 3568 1026 3636 quid
1060 3569 1218 3621 sum?
1261 3567 1605 3622 Existimavit
1641 3577 1821 3624 tamen

239 3656 398 3710 abbas
427 3673 493 3711 ex
523 3657 605 3711 eis
646 3657 858 3726 aliquos
893 3659 960 3712 ad
993 3659 1162 3725 ipsius
1208 3657 1326 3712 fore
1374 3659 1666 3729 hospitium
1692 3658 1825 3714 diri-

227 3745 456 3813 gendos,
489 3754 764 3814 quatenus
810 3746 1022 3801 illorum
1075 3748 1418 3802 vexationem
1455 3749 1818 3818 conspiciens,

235 3837 492 3894 attentius
521 3851 622 3906 pro
665 3837 746 3892 eis
775 3837 1031 3893 misertus
1056 3849 1258 3893 oraret.
1291 3839 1442 3906 Quod
1483 3841 1702 3909 quidem
1734 3841 1822 3894 ille

231 3929 451 3982 omnino
483 3927 782 3997 prohibuit,
816 3945 920 3983 non
971 3945 1101 3984 sane
1141 3930 1552 3985 inlmmanitatis
1597 3931 1820 3997 duritia,

233 4017 319 4070 sed
353 4017 732 4083 observandae,
762 4019 905 4088 quod
949 4020 1123 4090 magis
1155 4021 1511 4086 censemlmn,
1544 4022 1819 4076 humilita-

233 4108 296 4163 tis
360 4111 629 4164 custodia.
691 4107 1074 4165 Verumtamen
1133 4112 1260 4165 dum
1330 4121 1456 4167 tunc
1506 4115 1822 4184 contigisset

230 4213 352 4252 eum
403 4201 595 4272 viginti
652 4199 770 4256 fere
816 4203 1005 4258 diebus
1057 4204 1255 4258 ibidem
1319 4216 1539 4275 propter
1589 4208 1818 4266 fratrum

227 4292 553 4346 eharitatem
610 4294 916 4358 mansisse,
977 4298 1276 4366 eodemque
1340 4298 1513 4366 spatio
1587 4301 1816 4365 dictum,

223 4395 623 4452 cnergumenos
662 4384 783 4440 illos
810 4400 998 4440 omnes
1023 4387 1177 4454 plene
1199 4398 1418 4447 curatos
1466 4389 1661 4456 fuisse;
1697 4395 1818 4460 quis

232 4471 358 4528 illud
403 4476 636 4532 fideliter
669 4492 777 4532 non
823 4479 1035 4542 credat,
1064 4480 1206 4548 quod
1247 4481 1532 4536 etenobita:
1581 4481 1653 4536 illi
1690 4495 1818 4542 tunc

1923 3124 2182 3178 existeret
2223 3125 2548 3178 auctoritate
2577 3125 2860 3187 subnixus,
2891 3141 2954 3180 ac
2999 3140 3095 3196 per
3143 3128 3507 3197 regeneratio-

1925 3214 2008 3267 nis
2039 3215 2268 3283 gratiam
2301 3215 2544 3284 ejusdem
2575 3226 2718 3271 esset
2747 3215 3002 3271 Ecclesia:
3033 3217 3194 3282 filius,
3225 3219 3506 3288 ipsiusque

1921 3304 2085 3357 etiam
2119 3305 2333 3359 hortatu
2359 3305 2492 3378 (64),
2524 3307 2665 3360 idem
2697 3321 3066 3376 saepenumero
3095 3309 3162 3361 ad
3210 3309 3348 3364 hanc
3395 3309 3508 3364 cle-

1921 3394 2182 3449 mentiam
2208 3405 2553 3464 provocatus.
2599 3396 2772 3462 Quam
2815 3398 3002 3466 utique
3032 3397 3362 3468 legatiunem'
3393 3399 3504 3465 ille,

1917 3489 2047 3544 licet
2071 3489 2180 3558 jam
2218 3500 2376 3546 aetate
2400 3491 2703 3556 confectus,
2731 3501 2788 3546 ut
2820 3494 3073 3549 strenuus
3120 3493 3261 3548 filius
3304 3503 3508 3550 mater-

1920 3582 2006 3636 nis
2054 3582 2334 3637 beneficiis
2378 3599 2482 3638 non
2545 3585 2785 3654 ingratus
2821 3594 3007 3654 optato
3066 3587 3323 3656 suscepit.
3368 3586 3504 3642 Nam

1914 3671 2298 3741 gratulabatur
2349 3689 2408 3728 se
2445 3673 2659 3727 tandem
2696 3677 2959 3744 reperisse
2988 3676 3208 3745 aliquid,
3253 3678 3396 3748 quod
3435 3679 3506 3732 ob

1896 3759 2003 3827 “sui
2043 3761 2280 3815 debitmu
2329 3762 2596 3832 obsequii,
2627 3764 2728 3833 piae
2756 3773 2938 3833 posset
2975 3765 3283 3834 persolvere
3319 3771 3503 3822 matri.

1919 3851 2039 3917 Quo
2061 3867 2205 3918 cum,
2240 3853 2465 3908 Domino
2495 3853 2847 3926 snﬂ‘ragante,
2880 3871 3138 3927 prospero
3167 3860 3507 3928 pervenisset

1925 3942 2140 4004 itinere,
2165 3943 2218 3996 in
2254 3960 2414 3998 manu
2440 3945 2638 3999 civium
2675 3955 2961 4016 susceptus
2989 3946 3190 4017 ingenti
3215 3963 3340 4005 cum
3367 3949 3506 4004 laati-

1923 4033 2019 4096 tia,
2048 4033 2130 4086 sui
2159 4049 2378 4088 causam
2408 4035 2662 4103 patefecit
2696 4051 2970 4097 accessus.
3019 4053 3184 4107 super
3217 4056 3326 4110 quo
3352 4043 3503 4098 cives

1905 4121 1997 4176 illi
2055 4122 2343 4177 immodice
2385 4125 2685 4194 jucundati,
2748 4126 3040 4183 immensas
3093 4128 3224 4195 Deo,
3273 4131 3368 4200 qui
3414 4147 3508 4186 eos

1922 4225 2255 4284 respexerat,
2313 4215 2624 4286 Christique
2663 4219 2886 4282 vicario,
2935 4220 3025 4289 qni
3059 4220 3201 4277 hunc
3257 4223 3417 4278 talem
3453 4235 3510 4278 et

1923 4317 2130 4373 tantum
2163 4309 2336 4361 virmn
2387 4311 2453 4362 ad
2495 4325 2553 4364 se
2590 4310 2882 4372 direxerat,
2933 4312 3138 4378 gratias
3185 4313 3504 4377 referentes,

1926 4398 2388 4468 praevaricationis
2411 4413 2521 4453 suae
2539 4401 2914 4468 paenitentiam
2944 4399 3218 4455 lnnniliter
3237 4411 3462 4470 egerunt
3490 4421 3503 4456 :

1927 4489 2066 4543 unde
2110 4495 2168 4542 et
2205 4497 2388 4545 reatus
2432 4490 2666 4551 veniam,
2705 4505 2865 4558 quam
2908 4489 3220 4560 suppliciter
3265 4493 3506 4560 postula-

1244 4615 1613 4675 GODEFRIDI
1653 4617 2057 4682 "ENSCHENII
2096 4627 2325 4686 NOTAE.

297 4744 412 4810 (59)
453 4742 690 4801 Domnus
721 4743 911 4799 Petrus
934 4762 999 4800 ea:
1029 4763 1170 4801 more
1199 4747 1474 4802 visitasset.
1500 4747 1622 4803 Fuit
1650 4764 1714 4804 ea
1740 4751 1815 4806 vi-

236 4813 413 4869 sitatio
460 4832 491 4869 a
548 4818 878 4887 praecedenti
923 4819 1171 4882 diversa,
1201 4818 1300 4871 ‘nti
1341 4834 1405 4871 es
1456 4822 1812 4888 sequentibus

235 4896 502 5023 ιοῗίῗὸἳιλέ.
547 4955 823 5028 Benedicti
848 4954 1064 5011 basilica
1110 4957 1454 5026 fumlabntur.
1510 4959 1699 5028 limpta
1728 4972 1812 5016 est

236 5029 432 5078 exstrui
465 5043 523 5079 ea
554 5026 782 5080 basilica
834 5043 974 5082 anno
1018 5028 1177 5089 1066,
1209 5028 1452 5082 dedicata
1481 5029 1549 5082 ab
1577 5026 1811 5086 Alexan—

1919 4765 1974 4812 et
1994 4757 2264 4843 ‘Dominiei
2316 4759 2551 4817 L0ricati
2591 4761 2893 4832 inscripsit,
2921 4771 2976 4818 et
3001 4763 3101 4818 sub
3125 4777 3255 4832 quo,
3287 4771 3346 4817 ttt
3376 4764 3504 4820 hinc

1920 4831 2382 4972 ἓῶἓῗιᾍιίξηι
2404 4901 2556 4972 furuis
2587 4901 3031 4972 archiepiscopus.
3060 4903 3324 4960 Henricus
3353 4919 3499 4960 anno

1926 4965 2366 5028 l070,'Kalendis
2393 4971 2637 5026 Januarii
2671 4965 2988 5030 defunctus.
3077 5013 3088 5019 -

1989 5039 2214 5090 (65⁸106
2245 5041 2452 5090 illatam
2482 5041 2582 5090 sibi
2617 5042 2929 5090 sententiam
2988 5053 3090 5088 nlo,
3149 5043 3227 5088 Alt
3279 5042 3514 5088 Moun-
