3982 5350
159 223 275 276 N5.

1049 221 1582 281 PROLEGOMENA.
1620 256 1691 270 -
1711 225 1768 282 s.
1799 187 2003 283 Ρεῖιυ
2042 226 2323 286 DAMIANI
2353 227 2510 284 νιτΑ-
2535 228 2598 285 tt:

3317 231 3422 288 illi

153 349 486 398 conversus,
511 350 648 390 etim
672 336 1092 408 magnogemitu
1119 337 1540 402 dixitzDomine,
1588 336 1728 394 Deus
1762 347 1807 405 Λ
1836 341 1986 396 Ιιιιῐηί
2014 357 2076 397 ac
2101 341 2346 412 perfusus
2371 341 2625 416 lacrymis
2649 343 2785 398 facie
2815 345 3061 401 adoravit
3097 357 3154 405 et
3180 346 3423 403 laudavit

154 424 516 494 omnipotens,
546 425 639 499 qui
667 424 867 484 caelum
922 434 977 480 et
1005 434 1203 481 terram
1234 438 1290 482 et
1317 439 1510 483 cuncta
1539 444 1661 498 qua:
1683 429 1736 486 in

155 515 228 569 eis
253 524 388 569 sunt
412 515 725 580 condidisti,
755 513 802 570 si
827 514 922 571 tibi
954 517 1188 572 servitus
1215 518 1401 574 domui
1436 519 1541 574 mei
1569 518 1736 588 Petri,

156 616 206 659 ut
231 605 538 671 credimus,
582 606 928 676 complacuit.
959 607 1126 664 libera
1159 601 1372 681 meper
1400 609 1516 680 ejus
1545 613 1738 669 merita

155 693 219 746 ab
250 694 481 753 instanti
521 711 682 770 quem
715 698 891 767 patior
927 698 1132 753 dolore.
1162 699 1306 754 Dixit
1335 701 1555 769 baec,‘et
1575 704 1741 775 εοερὶι

157 797 314 841 stare.
341 787 413 841 Et
437 803 590 853 ecce,
615 805 719 844 non
750 800 871 860 post
893 789 1108 863 longum
1136 802 1364 864 tempus,
1390 795 1458 850 ab
1477 811 1542 852 eo
1562 798 1740 853 omnis

157 865 329 933 tumor
341 889 402 935 et
429 880 585 936 dolor
604 882 679 937 ita
702 881 932 953 aufugit,
952 899 1015 938 ac
1041 884 1085 938 si
1113 885 1311 956 aliquis
1334 889 1555 944 veniens
1571 905 1738 945 manu

157 970 322 1040 ipsum
355 973 555 1029 vulnus
602 976 671 1030 ab
718 975 836 1044 ejus
873 977 1088 1032 maxilla
1118 978 1201 1033 vel
1234 988 1449 1050 gutture
1478 981 1735 1040 auferret.
1775 971 1778 974 ’

157 1061 248 1128 Qui
279 1066 471 1120 statim
490 1065 657 1136 cespit
676 1066 984 1138 glorificare
1010 1068 1202 1136 Deum,
1233 1085 1297 1126 ac
1323 1071 1588 1129 famulum
1617 1074 1738 1145 ejus
1772 1063 1776 1069 ’

159 1151 373 1206 Petrum
422 1154 904 1229 Damianum,_qui
940 1173 1066 1214 eum
1115 1161 1386 1232 castigare
1431 1163 1628 1234 primo,
1673 1179 1737 1222 ac

159 1242 337 1298 deinde
362 1260 564 1302 sanare
587 1247 833 1327 dignatus
856 1259 958 1304 est.
980 1249 1204 1307 Postera
1239 1253 1472 1325 denique
1494 1254 1582 1311 die
1621 1269 1742 1310 sur-

161 1348 278 1400 gens
299 1333 446 1390 bene
463 1339 846 1409 castigatusjex
868 1342 1113 1408 verbere,
1138 1342 1452 1404 Faventiam
1473 1347 1754 1416 perrexit,

161 1435 207 1478 et
234 1427 614 1486 veniensante
636 1431 814 1489 altare
853 1432 913 1489 S.
951 1433 1132 1491 Maria:
1183 1435 1316 1491 foris
1361 1447 1595 1508 portam,
1645 1438 1735 1494 ubi

1842 445 1906 485 ac
1929 431 2382 488 benedixitDeum
2413 448 2576 503 super
2597 433 2796 503 judicia
2813 435 3039 506 justitia:
3061 453 3191 493 suae.
3216 435 3424 494 Dehinc

1843 519 1976 577 foris
2006 536 2256 592 egressus
2280 522 2346 577 ad
2377 521 2571 578 fratres
2611 539 2738 580 suos
2760 525 2924 596 coepit
2962 542 3190 585 narrare
3217 543 3426 599 przepo-

1842 613 1950 671 sito
1971 627 2035 668 ac
2055 614 2264 668 caeteris
2287 613 2546 669 fratribus
2576 616 2754 671 omnia
2780 629 2900 686 quae
2934 616 3034 672 sibi
3062 618 3424 690 contigerant.

1844 706 2251 774 Quiaudientes
2278 705 2638 761 landaverunt
2683 723 2747 763 ac
2793 707 3187 766 benedixerunt
3230 712 3421 779 Deum.

1844 799 1935 868 qui
1973 796 2097 854 talia
2128 813 2224 868 per
2264 812 2477 852 servum
2509 814 2666 852 suum
2718 799 3004 856 ostendere
3039 801 3290 872 dignatus
3337 812 3425 859 est

1844 890 2134 946 mirabilia.
2165 889 2408 960 Denique
2439 889 2756 960 praepositus
2785 906 2908 946 cum
2940 893 3197 961 praedicto
3225 893 3423 950 abbate

1842 981 2031 1052 Ugano
2058 981 2193 1053 (73),
2219 982 2308 1052 qui
2340 981 2413 1035 ita
2440 981 2753 1044 vocabatur.
2787 997 2850 1036 ac
2901 983 3182 1050 fratribus,
3216 985 3427 1056 ingres-

1843 1089 1939 1130 sus
1983 1073 2274 1130 ecclesiam
2320 1082 2524 1129 sancta:
2575 1073 2666 1128 Dei
2724 1074 3025 1144 genitricis,
3074 1076 3427 1148 pulsaverunt

1840 1165 2022 1223 omnia
2051 1166 2204 1237 signa
2239 1174 2294 1222 et
2339 1173 2636 1236 posuerunt
2669 1175 2946 1237 ceroptata
2982 1165 3093 1239 (7b)
3119 1182 3241 1222 cum
3268 1167 3427 1223 Iumi-

1847 1259 2070 1315 naribus
2099 1268 2222 1312 ante
2244 1273 2426 1312 arcam
2460 1257 2630 1328 ipsius
2657 1258 2827 1322 sancti
2857 1258 3004 1313 Petri
3060 1258 3330 1323 Damian‘l,
3371 1253 3428 1313 et

1845 1348 2183 1404 celebrantes
2209 1349 2422 1413 missas,
2458 1347 2768 1408 obtulerunt
2800 1349 3069 1404 solemnes
3092 1348 3296 1404 hostias
3317 1347 3426 1404 Deo

1845 1439 1898 1493 iu
1920 1438 2140 1494 odorem
2162 1440 2444 1498 suavitatis
2461 1455 2557 1512 pro
2583 1439 2777 1497 anima:
2796 1440 2913 1512 ejus
2932 1441 3268 1496 absolutione
3291 1440 3424 1513 (75).

160 1530 345 1586 corpus
382 1519 594 1580 domini
631 1521 780 1585 Petri
823 1515 1162 1588 recenditum
1193 1526 1394 1596 fuerat,
1437 1537 1742 1599 prostratus
1776 1521 1821 1582 Β
1848 1529 2042 1588 Amen.

1235 1663 1607 1725 GODEFRIDI
1648 1662 2062 1722 HENSCHENH
2101 1662 2334 1721 NOTAE.

225 1793 510 1872 (7'5)._Crun
540 1798 795 1868 praedicto
810 1799 1004 1855 abbate
1035 1798 1247 1872 Ugano.
1277 1797 1549 1855 Urbanum
1579 1809 1735 1856 vocat
1771 1832 1774 1834 η

163 1864 465 1920 Eortttnius.

227 1933 336 2004 (74)
367 1933 674 1992 Potuerunt
695 1939 1302 2011 ceroptata.C¢roptata,
1334 1939 1482 2002 faces
1505 1956 1572 1996 ex
1604 1955 1730 1996 cera
1796 1949 1798 1951 ’

169 2141 752 2174 ηεμμ-ξ--η--ιό

1843 1798 2166 1941 οοῗξὲῗῗίρ
2186 1869 2379 1924 animt:
2389 1866 2503 1941 ejus
2521 1867 2864 1941 absolutione.
2889 1869 2972 1925 An
2991 1867 3201 1926 abbatis
3231 1867 3423 1940 Ugani,

1840 1939 2013 2012 quem
2034 1939 2098 2001 Β.
2130 1939 2324 1996 Petrus
2349 1940 2664 2010 culpaverat
2679 1939 2720 1994 ἓν

883 2565 894 2577 ’λ
1491 2564 1742 2646 vna
1799 2513 2073 2643 AL-IA.
2669 2508 2671 2510 ’

741 2736 1251 2815 ΡΕΚᾺΟᾼΝΝΕΜ
1288 2737 1648 2798 ΑΝΤοΝιωι
1676 2740 1772 2796 η,

1846 2739 2060 2798 ΙΙΝΙΟΜ
2099 2737 2856 2803 ΕΟΚΟΟΟΚΝΕῌΕΝδΕΜέ

1139 2893 1250 2960 Em
1277 2910 1399 2968 ms.
1431 2893 1825 2975 autographa
1861 2893 2035 2977 apud
2062 2893 2465 2962 Faventinos.

232 3232 413 3306 Magna
431 3190 596 3290 soleo
627 3232 905 3305 voluptate
936 3231 1094 3300 allici,
1123 3232 1222 3288 viri
1273 3232 1580 3300 Faventini,
1607 3248 1750 3305 quo.
1772 3221 1825 3281 (ἓ
1849 3236 2108 3293 infantem
2134 3238 2383 3310 persequi
2402 3239 2585 3310 erepit.
2612 3237 2744 3294 Nam
2761 3253 2881 3294 eum
2904 3246 3026 3308 post
3047 3237 3243 3294 multos
3261 3236 3426 3304 ﬁlios,

174 3325 261 3380 tios
285 3336 489 3396 repeto.
511 3342 680 3398 quam
711 3335 866 3396 grata
915 3335 971 3382 et
1008 3341 1172 3397 quam
1192 3324 1430 3396 jucunda
1469 3326 1620 3382 vobis
1649 3328 1775 3383 obs.

171 3419 329 3491 tingat
349 3434 543 3488 opera,
576 3417 827 3490 quamin
872 3418 1259 3483 describendis,
1292 3418 1441 3488 quia
1474 3416 1624 3473 vobis
1655 3433 1744 3474 re-

179 3507 500 3580 ligiosissime
551 3509 826 3575 coluntur,
855 3518 1116 3580 priestare
1163 3510 1323 3579 ccepi,
1353 3518 1498 3564 tanta
1526 3509 1742 3581 quidem

174 3599 329 3652 animi
357 3601 663 3666 alacritate,
691 3609 892 3683 quanta
939 3617 1043 3655 non
1075 3599 1234 3660 facile
1278 3603 1525 3672 praestari
1555 3618 1585 3657 a
1613 3619 1748 3674 quo-

171 3707 318 3766 ipiam
343 3695 513 3749 vestri
546 3694 922 3756 amantissimo
951 3693 1272 3765 queat..lloc
1299 3703 1476 3751 autem
1508 3695 1746 3751 animad-

170 3786 289 3838 verti
322 3786 372 3840 in
410 3787 690 3856 descripta
724 3801 895 3857 nuper
946 3801 977 3840 a
1029 3800 1115 3841 me
1167 3785 1226 3840 Β.
1265 3785 1506 3844 Terentii
1532 3786 1746 3844 confes-

169 3875 314 3942 soris,
348 3879 443 3947 qui
501 3877 637 3932 mihi
684 3878 890 3948 primus
921 3876 1134 3949 oblatus
1181 3887 1285 3944 est,
1333 3893 1399 3934 ac
1441 3877 1502 3933 Β.
1559 3877 1744 3934 Sabini

168 3965 439 4036 episcopi,
513 3975 586 4023 et.
625 3968 879 4040 martyris
926 3968 1058 4022 vita.
1115 3968 1294 4037 Quare
1339 3984 1462 4040 cum
1514 3985 1544 4024 a
1593 3969 1747 4025 vobis

169 4055 408 4125 duorum,
435 4057 532 4129 qui
585 4039 776 4114 adhuc
808 4059 1108 4125 restabant,
1140 4039 1451 4116 sanctorum
1511 4061 1744 4125 similem

170 4163 194 4199 a
219 4165 299 4202 me
335 4166 563 4219 operam
594 4153 903 4222 exspectari
931 4153 1194 4221 audirem,
1222 4154 1413 4225 putavi
1446 4170 1531 4210 me
1550 4154 1748 4212 debere

170 4238 340 4292 eodem
384 4240 572 4295 studio
622 4242 1010 4312 exspectationi
1059 4254 1295 4310 vestrm,
1354 4259 1430 4302 ac.
1477 4243 1744 4300 desiderio

174 4329 503 4396 respondere.
525 4329 844 4400 lgi‘turbeati
860 4331 1000 4387 Petri
1021 4331 1290 4398 Damiani,
1304 4343 1357 4392 et
1373 4332 1428 4389 S.
1446 4334 1744 4401 Emiliani,

172 4435 292 4488 quos
332 4422 643 4492 episcopale
687 4421 961 4496 fastigium
1007 4440 1131 4483 eum
1183 4427 1474 4484 sanctitate
1509 4427 1748 4485 illustres

170 4511 304 4580 fecit,
333 4517 569 4582 duobus,
631 4533 772 4588 quos
805 4518 936 4584 dixi,
984 4518 1254 4590 prioribus
1283 4520 1454 4589 adjeci
1483 4539 1494 4574 :
1527 4531 1585 4574 ut
1627 4536 1747 4593 spe—

171 4613 355 4659 etatnm
400 4605 540 4675 jam,
570 4609 622 4674 ni
673 4607 849 4672 fallor,
880 4623 1116 4665 amorem
1147 4617 1286 4681 erga.
1317 4625 1410 4666 vos
1442 4626 1638 4674 meum,
1694 4621 1752 4671 et
1779 4604 1830 4674 Β
1855 4605 1955 4662 iste
1986 4606 2247 4666 illustrem
2271 4607 2558 4678 aliquando
2608 4608 2750 4671 inter
2772 4624 2902 4665 suos
2944 4609 3121 4664 locum
3161 4608 3424 4664 obtineat.
3526 4627 3530 4630 ·

172 4695 509 4765 voluntatem,
540 4700 694 4757 vobis
715 4699 925 4765 omnia,
944 4717 1061 4770 qua:
1082 4703 1325 4772 praestari
1351 4720 1378 4757 a
1407 4719 1490 4758 me
1513 4704 1740 4774 possint,

171 4790 512 4858 gratificandi,
559 4791 1021 4849 manifestioribus
1064 4795 1306 4865 quotidie
1344 4795 1556 4854 indiciis
1581 4811 1746 4867 expe-

172 4879 384 4940 riamiui.
422 4886 635 4940 Valete.

230 4975 528 5036 Initiasvitae
557 4979 660 5033 viri
706 4976 1017 5043 clarissimi,
1047 4991 1211 5049 atque
1239 4981 1564 5037 sanctissimi
1597 4981 1739 5037 Petri

172 5064 392 5126 Damiani
440 5087 699 5150 magnam
749 5069 1036 5140 unicuique
1081 5072 1494 5128 admirationem
1540 5062 1745 5128 afferre

172 5169 372 5222 possunt
398 5179 411 5214 :
437 5177 508 5231 qu
527 5181 557 5214 ιι
575 5161 720 5214 adeo
744 5157 959 5227 quidem
985 5161 1204 5216 humilia
1221 5160 1391 5229 fuere,
1413 5162 1748 5226 acdillicilia,

174 5253 434 5308 utnonnisi
461 5253 698 5307 divinitu
760 5248 955 5307 factum
982 5252 1308 5324 intelligant,
1327 5257 1416 5327 qui
1437 5273 1497 5312 ea
1527 5265 1748 5320 norunt,

1847 3329 1992 3384 hunc
2007 3344 2223 3400 quoque
2243 3331 2562 3401 peperisset,
2579 3329 2899 3386 exclamavit
2917 3345 3038 3384 cutn
3061 3328 3432 3400 indignatione

1846 3433 1915 3474 ex
1945 3418 2240 3490 majoribus
2268 3428 2393 3474 natu
2438 3419 2559 3475 filiis
2601 3435 2740 3475 unus
2769 3437 2784 3473 :
2818 3419 2882 3474 Et
2907 3418 3177 3489 quomodo
3207 3425 3286 3473 tot
3314 3419 3426 3474 hae-

1849 3511 2006 3568 redes
2033 3511 2212 3582 capiet
2261 3525 2384 3571 una.
2415 3510 2533 3565 lucc
2564 3510 2791 3566 domus?
2844 3510 2968 3566 inde
3006 3507 3182 3580 erepit
3212 3507 3424 3564 infenso

1846 3593 2027 3657 aniino
2058 3617 2284 3672 puerum
2333 3611 2507 3656 mater
2543 3600 2712 3679 algere,
2742 3611 2802 3656 ut
2850 3616 2994 3673 aegre
3025 3598 3312 3656 admodum
3343 3597 3428 3652 lac

1846 3691 1936 3753 illi
1969 3691 2250 3762 praeberet.
2306 3692 2382 3747 Ita
2426 3691 2643 3762 quidem
2693 3691 2835 3747 fame
2898 3700 2954 3748 et
2999 3691 3179 3761 algore
3217 3690 3428 3759 peribat

1846 3783 2102 3853 paulatim
2132 3782 2338 3849 infans;
2363 3783 2460 3848 sed
2485 3782 2826 3851 omnipotens
2852 3782 3012 3846 Deus,
3042 3779 3132 3850 qui
3155 3779 3300 3835 illum
3357 3781 3426 3834 ad

1846 3882 2223 3938 ornamentum
2252 3872 2506 3929 Ecclesia:
2551 3887 2666 3928 sum
2695 3871 2843 3927 nasci
2887 3871 3150 3936 voluerat,
3205 3884 3311 3924 non
3341 3879 3426 3924 est

1847 3983 2036 4038 passus
2059 3965 2262 4021 diutius
2291 3965 2370 4024 sic
2392 3964 2537 4022 omni
2567 3980 2670 4036 ope
2702 3964 2940 4021 destitui.
2984 3963 3254 4020 Excitavit
3276 3962 3422 4018 enim

1848 4059 2094 4128 spiritum
2124 4058 2335 4114 femina:
2369 4057 2668 4129 cujusdam,
2700 4073 2821 4129 qua:
2843 4058 2910 4113 ad
2939 4071 3059 4113 eam
3089 4055 3338 4122 accessit,
3371 4064 3428 4110 et

1849 4147 1992 4206 illius
2025 4149 2284 4203 saevitiam
2313 4148 2514 4203 acriter
2546 4147 2841 4214 accusavit,
2871 4148 3058 4203 dicens
3087 4165 3100 4202 :
3127 4145 3321 4203 Leaena
3371 4153 3428 4201 et

1820 4241 2002 4313 tigris
2044 4255 2171 4296 suos
2221 4256 2343 4296 cum
2392 4241 2695 4295 admirabili
2728 4257 2858 4296 cura
2893 4249 2949 4296 et
2999 4255 3184 4295 amore
3221 4238 3426 4294 catulos

1848 4333 2160 4399 enutriunt;
2187 4343 2241 4388 et
2282 4343 2337 4388 tu
2365 4334 2642 4404 proprium
2685 4333 2866 4397 filium,
2897 4334 2963 4395 ad
3013 4333 3298 4403 imaginem
3329 4330 3424 4387 Dei

1850 4432 2214 4494 procreatum,
2251 4424 2518 4480 hebetatis
2553 4434 2814 4480 materna:
2860 4425 3076 4495 pietatis
3105 4423 3422 4484 visceribus,

1852 4523 1960 4569 tam
1987 4515 2278 4571 crudeliter
2305 4515 2765 4572 tractas?Nescis
2825 4516 2940 4572 fieri
2991 4511 3152 4587 pbsse
3183 4525 3240 4571 ut
3291 4531 3429 4584 puer

1849 4696 1991 4753 Mota
2013 4708 2095 4754 est
2117 4699 2404 4754 occasione
2433 4699 2525 4754 tali
2569 4707 2764 4768 mater,
2797 4716 2862 4754 ac
2900 4701 3156 4766 erubuit;
3204 4710 3258 4754 et
3303 4708 3428 4754 tan-

1849 4806 2008 4860 quam
2036 4806 2103 4848 ex
2135 4791 2243 4845 alto
2289 4790 2524 4847 excitata
2557 4807 2769 4856 somno,
2801 4793 3121 4862 resipiscere
3145 4800 3200 4846 et
3224 4799 3428 4846 mater-

1851 4898 1973 4944 nam
1999 4883 2258 4940 exhibere
2300 4881 2632 4954 diligentiam
2665 4883 2857 4946 infanti
2884 4886 3069 4959 coepit.
3105 4884 3310 4950 Atille,
3338 4888 3437 4954 qui

1852 4980 1962 5025 tam
2003 4973 2141 5027 male
2170 4974 2336 5043 paulo
2364 4984 2500 5033 ante.
2517 4985 2790 5047 acceptus,
2813 4975 3150 5048 obriguerat,
3173 4984 3228 5030 et
3254 4976 3439 5045 potius
3478 5032 3480 5034 ,

1855 5066 2018 5134 pueri.
2057 5067 2247 5125 umbra
2301 5082 2463 5136 quam
2512 5082 2646 5138 puer
2675 5067 2852 5123 videri.
2910 5077 3140 5139 poterat,
3170 5067 3314 5122 vires
3371 5082 3442 5122 ac

1857 5155 2084 5214 formam
2119 5156 2268 5212 brevi
2298 5157 2533 5225 recepit;
2559 5156 2659 5218 sed
2713 5157 3028 5215 inchoatum
3063 5159 3115 5214 iu
3146 5157 3440 5212 lactentem
3483 5205 3488 5208 .

1852 5247 2058 5313 odium,
2102 5246 2152 5300 in
2211 5245 2500 5320 pueritiam
2549 5263 2764 5321 quoque
2817 5248 2960 5306 illius
3011 5250 3300 5307 excitatum
3329 5257 3466 5301 est-
