3982 5350
600 358 625 416 t
642 312 701 415 ἔτ

1420 359 1427 364 ’
1488 353 1545 411 S.
1572 352 1849 413 PETRUS
1889 353 2239 417 DAMIANUS
2275 358 2332 413 S.
2363 356 2427 411 Β.
2468 360 2527 413 Ε.
2554 358 2988 417 CARDINALIS.
3705 367 3791 426 ηε

589 442 865 545 είςπὸςτθ.
898 468 1063 524 Cibus
1094 476 1244 522 taceo
1281 467 1469 524 suibus
1514 468 1982 523 convenientiores
2009 483 2170 543 quam
2201 479 2243 535 Α
2277 465 2469 534 voluit.
2495 486 2562 524 an
2590 472 2714 527 vitae
2741 472 2881 527 illius
2908 472 3276 541 asperitatem,
3306 489 3424 544 qua:
3448 487 3633 544 quanta
3674 494 3797 545 esset

590 559 823 625 homini;
850 557 1026 613 nullus
1053 558 1266 627 corpori
1284 555 1480 623 cultus;
1504 558 1729 613 vestitus
1752 567 1873 613 erat
1892 557 2163 623 sordidus;

589 651 716 710 nudi
742 632 929 727 pedes.
944 648 1149 706 Omitto
1169 637 1366 706 caetera
1382 662 1501 719 quae
1514 649 1606 704 vix
1626 649 1680 704 in
1696 661 1941 706 extrema
1961 634 2166 725 inopia,

589 747 643 798 in
676 738 922 811 mendico
968 732 1197 796 toleres.
1226 740 1497 796 Praetereo
1539 738 1787 807 verbera,
1835 755 2064 812 pugnos.
2111 751 2168 796 et

583 835 785 898 calces,
812 820 1007 903 quibus
1030 831 1345 901 frequenter
1375 829 1602 887 allectus
1626 840 1714 887 est
1742 849 1756 885 :
1784 840 1841 888 et
1867 832 1971 887 alia
2000 831 2166 896 multa

586 925 674 978 vix
701 924 846 978 dictu
869 932 925 978 et
962 922 1169 988 auditu,
1198 921 1401 979 nedum
1423 921 1542 976 visu
1571 921 1901 987 tolerabilia.
1922 922 2014 978 Sic
2035 937 2157 979 acia

580 1025 662 1072 est
692 1014 769 1070 illi
791 1015 1040 1085 pueritia;
1059 1014 1148 1071 ubi
1174 1025 1302 1071 vero
1324 1014 1741 1070 adolescentiam
1764 1014 1968 1086 attigit,
1996 1014 2164 1073 nihilo

580 1105 776 1159 melior
805 1104 878 1159 illi
901 1104 1140 1160 conditio
1161 1105 1413 1161 accessit.
1434 1103 1572 1160 Hinc
1598 1103 1775 1161 facere
1799 1103 2162 1172 conjecturam

581 1195 728 1260 licet,
758 1195 900 1266 quod
924 1194 989 1248 ad
1017 1209 1209 1264 porcos
1224 1196 1421 1251 missus
1441 1204 1524 1252 est
1548 1194 1981 1266 pascendos,‘ubi
2000 1210 2163 1266 quam

579 1289 716 1343 dura
744 1286 928 1342 omnia
956 1287 1027 1342 sit
1066 1301 1277 1357 passus,
1306 1288 1505 1359 cositet
1536 1288 1625 1357 qui
1678 1302 1742 1342 ea
1768 1301 1889 1358 qua:
1933 1274 2165 1358 praeces-

570 1392 704 1451 sere
765 1378 1008 1440 noverit;
1065 1377 1162 1433 sed
1221 1378 1400 1432 divina
1459 1368 1806 1433 Providentia
1876 1378 1956 1434 sic
2006 1391 2160 1432 suum

579 1452 840 1523 excrcerc
864 1465 1146 1533 athletam,
1180 1477 1235 1523 et
1256 1468 1489 1537 espcriri
1513 1468 1704 1535 voluit.
1745 1477 1806 1525 ut
1833 1467 1901 1523 ad
1939 1469 2159 1524 uberio-

583 1560 697 1614 rem
730 1560 956 1631 gratiam
978 1560 1161 1618 omnia
1183 1562 1297 1617 haec
1327 1562 1401 1617 illi
1428 1562 1798 1619 accumularet
1830 1582 1845 1618 :
1873 1571 1927 1619 et
1953 1579 2016 1619 ex
2044 1572 2156 1621 tam

582 1652 824 1724 ignobili,
848 1660 1012 1723 atque
1051 1654 1188 1709 adeo
1211 1654 1482 1724 despecto.
1515 1655 1617 1710 toti
1645 1654 1861 1710 demum
1904 1654 2159 1712 Ecclesiae

583 1756 696 1795 sua:
719 1740 1015 1813 gloriosum
1066 1742 1333 1798 redderet.
1358 1740 1563 1808 Quibus
1582 1749 1764 1798 autem
1795 1743 1964 1800 initiis
1995 1745 2066 1799 ad
2101 1742 2155 1798 id

2270 561 2537 628 audierat,
2563 564 2805 631 perlerre
2829 572 3030 634 posset.
3061 563 3363 631 Quamdam
3420 565 3574 637 igitur
3621 569 3795 638 ingres-

2266 668 2360 711 sus
2394 653 2644 710 cellulam
2668 696 2684 719 ,
2722 657 3075 727 quadraginta
3102 670 3163 723 se
3197 657 3399 716 diebus.
3418 656 3469 713 in
3500 673 3559 715 ea
3587 666 3797 729 exercuit

2264 758 2478 813 corpus.
2518 745 3005 813 suum,‘omnibus,
3035 760 3170 816 quos
3194 752 3495 818 acceperat.
3519 748 3675 802 modis
3703 766 3795 813 mag

2267 846 2460 887 cerans
2483 843 2539 887 et
2584 831 2848 904 afﬂigens.
2877 833 3045 904 Igitur
3087 833 3448 904 multomagis
3484 834 3536 888 in
3564 840 3795 907 sententia

2263 922 2651 993 confirmatus,
2664 934 2871 995 tempus
2904 924 3235 989 observavit.
3263 940 3371 997 quo
3396 936 3794 995 possetcommo-

2263 1012 2484 1072 dissime
2507 1015 2744 1082 salutare
2791 1016 3070 1082 consilium
3126 1010 3399 1088 exsequi;
3438 1026 3563 1085 tunc
3601 1020 3661 1074 de
3705 1023 3799 1077 suis

2262 1102 2421 1159 bonis
2445 1106 2749 1161 necessaria
2780 1106 3023 1179 quaedam
3055 1106 3488 1175 sibiassumens.
3519 1109 3688 1165 insciis
3702 1127 3799 1175 om«_

2263 1193 2424 1249 nibus
2453 1196 2587 1265 suis.
2612 1196 2680 1251 ad
2722 1204 2958 1265 optatam
2986 1210 3224 1251 eremum
3260 1196 3398 1251 clam
3428 1197 3528 1251 iter
3550 1198 3753 1267 arripuit
3784 1218 3795 1254 :

2262 1280 2355 1338 ubi
2391 1299 2582 1356 magna
2618 1301 2742 1341 cum
2768 1285 2951 1351 la'titia
2986 1294 3041 1341 et
3078 1284 3347 1351 hilaritate
3376 1295 3634 1357 receptus,
3663 1290 3798 1345 tradi-
3896 1344 3899 1351 _

2265 1382 2351 1439 tus
2376 1386 2458 1432 est
2514 1378 2602 1433 uni
2643 1394 2727 1445 ex.
2759 1378 3079 1444 senioribus
3120 1377 3193 1445 de
3238 1394 3405 1443 more.
3436 1379 3799 1444 instituendus;

2261 1481 2423 1537 quem
2451 1483 2574 1522 cum
2590 1467 2658 1523 ad
2674 1467 2921 1523 cellulam
2954 1467 3548 1545 perduxisset.etutum
3574 1470 3810 1539 vestibus,

2258 1574 2394 1633 quas
2423 1574 2603 1615 secum
2656 1558 3018 1631 attuleratkin
3056 1560 3233 1619 cilicio
3280 1561 3427 1623 illum
3476 1561 3543 1629 ad
3583 1562 3799 1627 abbatem
3864 1609 3871 1615 .

2259 1650 2494 1716 reduxit,
2527 1651 2620 1723 qui
2647 1653 2906 1709 continuo
2925 1651 3088 1720 jussit
3138 1667 3261 1707 eum
3293 1652 3502 1713 cuculla
3535 1653 3689 1717 indui.
3714 1652 3799 1707 La-

2258 1741 2391 1797 bare
2426 1741 2569 1797 inter
2598 1742 2713 1797 haec
2740 1743 2857 1811 ejus
2888 1743 3105 1799 animus
3127 1741 3307 1813 coepit.
3338 1757 3474 1813 pene
3513 1741 3633 1797 facti
3660 1742 3813 1812 potni-

580 1833 906 1901 pervenerit.
935 1847 1113 1909 opera:
1162 1834 1395 1904 pretium
1424 1842 1509 1889 est
1549 1848 1732 1890 nosse.
1761 1820 1912 1892 Unus
1956 1851 2023 1891 ex
2048 1834 2160 1890 fra-
2189 1821 2233 1879 Β
2265 1842 2403 1900 lens.
2427 1843 2681 1904 tauquam
2709 1832 3030 1901 nimiumad
3054 1832 3155 1896 ista
3182 1830 3516 1900 festinasset,
3542 1846 3657 1889 cum
3678 1831 3802 1898 prius

578 1922 767 1987 tribus.
822 1924 1025 1993 pietate
1074 1938 1181 1994 qua
1209 1923 1394 1980 debuit
1440 1921 1665 1979 fratrem
1693 1923 2160 1996 complexus,.tra-

581 2023 731 2068 ctare
762 2013 911 2067 illum
936 2013 1245 2069 humaniter
1270 2011 1455 2083 cmpit,
1480 2029 1546 2069 ac
1571 2014 1857 2086 diligenter
1877 2030 2073 2071 curare
2098 2021 2160 2070 ut

583 2104 779 2159 litteris
809 2104 1135 2171 erudiretur,
1165 2102 1216 2157 in
1240 2103 1437 2172 quibus
1465 2104 1615 2159 brevi
1669 2112 1878 2159 tantum
1905 2104 2154 2175 profecit,

591 2204 649 2250 ut
671 2195 786 2249 suis
816 2195 980 2249 etiam
1007 2193 1318 2249 doctoribus
1344 2193 1682 2250 admirabilis
1708 2193 1879 2250 ﬂeret.
1917 2195 2179 2265 Cumque.

578 2285 896 2341 liberalibus
926 2285 1133 2341 artibus
1154 2285 1397 2357 apprime
1425 2294 1569 2342 esset
1613 2285 1932 2352 instructus,
1962 2296 2022 2341 ut
2044 2284 2158 2354 jam

583 2378 800 2435 emdire
829 2379 965 2434 alios
991 2389 1191 2448 posset,
1218 2375 1488 2434 conﬂuere
1509 2376 1576 2431 ad
1596 2392 1731 2432 eum
1762 2376 1998 2446 undique
2022 2375 2173 2431 mul-.

578 2472 748 2527 titudo
769 2470 1092 2539 discentium
1116 2468 1297 2540 coepit,
1318 2476 1374 2523 et
1395 2468 1637 2537 quotidie
1662 2468 1854 2537 magis,
1877 2474 2161 2523 crescente

579 2563 719 2617 fama
747 2570 803 2618 et
827 2560 1007 2631 papuli
1039 2558 1247 2625 favore,
1273 2558 1463 2628 opibus
1509 2556 1672 2612 etiam
1702 2556 1904 2627 augeri.
1933 2556 2154 2620 Verum,

576 2668 646 2708 ne
678 2652 907 2708 terrenis
935 2649 1203 2706 illecebris
1242 2647 1591 2711 retineretur.
1631 2647 1813 2702 divina
1842 2647 1986 2707 cavit
2026 2645 2159 2708 Pro-

578 2744 839 2810 videntia,
871 2742 957 2799 cui
983 2749 1219 2798 mentem
1244 2737 1472 2795 immisit
1520 2746 1739 2794 terrena
1769 2753 1996 2809 prorsus
2023 2752 2159 2793 con-

577 2833 872 2895 temnendi.
902 2842 956 2888 et
988 2831 1181 2894 mirum
1232 2829 1414 2901 injecit
1450 2828 1753 2885 cmlestium
1804 2829 2156 2884 desiderium.

581 2923 772 2977 Studia
802 2922 967 2992 igitur
991 2921 1222 2975 lmmaua
1262 2918 1519 2990 paulatim
1564 2918 1841 2980 deserens.
1875 2918 2176 2982 et,divinis.,

578 3012 888 3083 invigilans.
928 3012 1028 3065 sub
1078 3010 1329 3064 mollibus
1385 3024 1450 3063 ac
1491 3007 1737 3063 delicatis
1777 3007 2017 3064 vestibus
2065 3022 2197 3078 ge»

576 3112 721 3160 stire
748 3104 986 3160 cilicium
1028 3102 1211 3173 coepit,
1237 3098 1481 3172 jejuniis,
1501 3102 1838 3158 orationibus
1873 3116 1937 3158 ac
1963 3101 2159 3173 vigiliis

2261 1926 2535 1987 debuisset
2561 1925 2796 1995 experiri
2824 1923 2954 1995 quid
3007 1923 3059 1979 in
3114 1922 3441 1979 monasterio
3490 1931 3688 1992 posset;
3728 1922 3802 1976 sed

2259 2031 2385 2073 mox
2410 2016 2755 2088 resipiscens,
2779 2025 3033 2072 accusata
3056 2014 3204 2072 velut
3244 2013 3455 2087 ignavia
3479 2011 3700 2082 quadam
3720 2026 3799 2066 sua

2259 2118 2317 2164 et
2347 2108 2520 2164 sancti
2549 2107 2820 2164 oblivione
2841 2106 3126 2178 propositi,
3161 2121 3269 2176 quo
3300 2105 3562 2175 impulsus
3590 2111 3802 2163 venerat,

2260 2206 2322 2251 ut
2353 2196 2525 2252 in.tali
2566 2196 2908 2261 austeritate.
2939 2210 3136 2266 corpus
3157 2195 3457 2252 edomitum
3508 2191 3709 2262 spiritui
3754 2206 3807 2246 ac

2260 2287 2409 2343 suavi
2432 2285 2564 2357 jugo
2591 2287 2794 2343 Christi
2815 2285 3423 2356 subjacereuqtanquam
3455 2283 3607 2339 fortis
3631 2281 3802 2351 athleta

2258 2377 2591 2450 spiritalibus
2621 2378 2789 2441 armis
2813 2378 3090 2433 accinctus
3113 2391 3303 2445 pugna:
3337 2390 3396 2429 se
3426 2373 3699 2431 ultroneus
3725 2369 3804 2424 ob-

2260 2470 2383 2530 tulit
2415 2487 2433 2525 :
2471 2469 2525 2525 in
2553 2484 2658 2539 qua
2711 2467 3262 2538 quantusexstiterit.
3292 2479 3355 2518 ea
3390 2479 3513 2534 qua:
3540 2469 3807 2531 sequuntur

2258 2560 2563 2619 ostendent.
2596 2558 2690 2617 Sic
2708 2560 2853 2615 enim
2883 2558 3141 2625 continuo
3159 2569 3354 2624 corpus
3378 2554 3546 2623 cepit
3577 2551 3807 2620 aﬂligere.

2256 2651 2619 2714 orationibus.
2665 2649 2908 2720 jejuniis.
2958 2646 3153 2718 vigiliis
3199 2655 3255 2702 et
3302 2644 3532 2698 aliarum
3578 2642 3807 2696 varietate

2258 2741 2680 2798 macerationum
2716 2748 2987 2813 atterere,
3016 2737 3175 2792 nullis
3204 2734 3588 2791 exercitiorum
3639 2745 3801 2784 mona-

2260 2831 2417 2885 sterii
2436 2827 2712 2884 laboribus
2740 2841 2989 2898 parcere,
3018 2835 3075 2881 ut
3100 2825 3191 2878 diu
3221 2824 3272 2877 in
3299 2820 3623 2878 monasterio
3643 2816 3821 2877 versati.

2259 2931 2312 2974 et
2343 2918 2570 2989 exerciti
2594 2918 2942 2986 mirarentur,
2964 2931 3028 2981 ac
3054 2929 3111 2972 se
3138 2912 3455 2999 ipsostv‘elut
3488 2913 3702 2984 ignavos
3724 2924 3801 2961 ac-

2261 3019 2535 3066 eusarent.

2331 3100 2486 3164 Libet
2542 3100 2645 3156 hoc
2673 3099 2791 3155 loco
2833 3098 2957 3153 vitae
3009 3093 3294 3152 formulam
3342 3091 3653 3151 monasterii
3694 3088 3821 3143 illius

581 3211 765 3250 curam
796 3194 1094 3257 intendere,
1126 3202 1179 3248 et
1206 3191 1438 3248 assiduis
1465 3192 1920 3247 macerationibus
1962 3174 2228 3262 cogerec
2258 3192 3233 3260 sanctissimidescribere,utquant:e
3246 3202 3304 3253 se
3324 3185 3632 3243 austeritati
3649 3186 3810 3239 beatus

578 3298 796 3339 carnem
826 3282 1037 3351 spiritui
1078 3295 1288 3353 parere.
1315 3279 1557 3351 Cumque
1580 3279 1835 3350 juvenilis
1890 3281 2158 3335 interdum

576 3375 727 3431 calor
762 3377 1082 3442 insurgeret.
1110 3385 1165 3430 et
1212 3375 1429 3432 acribus
1477 3375 1653 3431 aetatis
1702 3374 1882 3445 ejusce
1926 3375 2162 3431 stimulis

579 3473 855 3536 ageretur.
894 3465 1220 3535 intempesta
1267 3474 1425 3521 nocte
1451 3463 1621 3519 iratus
1648 3464 1774 3526 sibi.
1802 3479 1833 3518 e
1872 3463 2014 3520 lecto
2037 3447 2161 3525 sur-

580 3555 761 3622 gebat,
795 3570 858 3608 ac
887 3555 1047 3621 domo
1087 3554 1490 3625 egrediebatur,
1527 3561 1583 3608 et
1628 3570 1688 3608 se
1733 3552 1978 3609 ﬂuviatili
2008 3569 2161 3622 aqum

587 3643 968 3716 immergebat.
1002 3645 1175 3700 donec
1212 3644 1397 3715 algore
1430 3643 1596 3699 uiiuio
1623 3643 1868 3701 membra
1896 3644 2157 3714 rigerent.

584 3753 655 3806 et,
680 3739 752 3793 ita
786 3752 1007 3807 prorsus
1033 3751 1154 3792 cum
1203 3737 1362 3809 noxio
1407 3734 1587 3791 calore
1617 3735 1803 3791 molles
1831 3735 1905 3791 illi
1954 3735 2160 3795 calores

586 3837 991 3897 evanescerent.
1025 3827 1333 3898 Egenorum
1370 3828 1603 3898 inopiam
1653 3826 2010 3898 eleemosyuis
2036 3827 2165 3882 sub-

585 3919 813 3984 levabat,
854 3918 1101 3973 convivia
1133 3919 1351 3987 parabat
1384 3918 1576 3973 etsuis
1605 3918 1718 3987 ipse
1758 3918 2008 3973 manibus
2054 3916 2160 3982 illis

581 4016 836 4079 tinguant
863 4006 1078 4063 Christo
1103 4007 1458 4063 ministrabat.
1492 4008 1598 4063 Sed
1616 4009 1775 4063 altior
1800 4004 1873 4069 illi
1892 4007 2004 4077 jam
2028 4022 2157 4060 cura

590 4098 883 4167 insederat,
912 4105 968 4152 et
1006 4097 1280 4166 cogitatio,
1306 4096 1372 4150 ad
1403 4098 1688 4151 iucundam
1717 4096 1999 4160 rationem,
2031 4110 2161 4164 quo-

590 4190 748 4246 modo
776 4187 996 4261 liberius
1030 4198 1083 4242 et
1137 4189 1414 4245 attentius.
1445 4187 1640 4242 amotis
1685 4187 2034 4243 Saecularibus
2062 4188 2161 4240 im-

587 4278 931 4349 pedimentis,
962 4277 1071 4331 Deo
1096 4275 1346 4333 famulari
1400 4284 1596 4346 posset.
1637 4275 1775 4331 Deus
1803 4284 1980 4333 autem
2024 4276 2157 4344 ipse.

587 4372 677 4441 qui
729 4378 963 4426 mentem
1018 4368 1092 4422 illi
1153 4369 1316 4424 talem
1379 4368 1699 4431 immiserat,
1757 4366 1899 4421 viam
1947 4380 2162 4436 queque

585 4464 769 4519 statim
816 4454 1156 4522 monstravit.
1189 4475 1299 4531 qua
1332 4475 1430 4516 suo
1459 4460 1592 4514 satis
1626 4455 1890 4513 desiderio
1931 4455 2153 4513 faceret.

2261 3286 2349 3351 vit:
2373 3285 2701 3355 subjecerit,
2716 3291 2969 3339 constare
2993 3281 3183 3353 possit.
3210 3279 3340 3349 Erat
3381 3288 3511 3341 ante
3534 3275 3812 3343 omniaho-

2252 3374 2485 3443 jusmodi
2511 3375 2846 3437 institutum:
2870 3371 2941 3429 Ut
2961 3371 3072 3439 bini
3098 3386 3193 3441 per
3212 3369 3420 3441 singula
3441 3373 3813 3426 common-antes

2259 3466 2643 3536 cubicula,.die
2684 3474 2954 3534 noctuque
2984 3461 3211 3534 spiritali
3253 3461 3574 3526 certamine,
3604 3457 3740 3521 velut
3767 3456 3811 3507 iu

2261 3557 2376 3620 acie
2403 3556 3043 3631 dimicantes.nunquam
3067 3550 3287 3616 brachia
3319 3544 3813 3617 remitterent;psal-

2262 3649 2455 3707 modia:
2506 3648 2842 3703 incessanter
2872 3686 2901 3715 ,ν
2931 3642 3165 3699 orationi
3211 3658 3277 3707 ac
3323 3642 3586 3711 lectioni,
3630 3651 3814 3701 necnon

2262 3742 2454 3801 inedia:
2493 3754 2557 3803 ac
2599 3738 2919 3797 obedientize
2966 3735 3135 3801 armis
3185 3735 3435 3811 accincti,
3477 3736 3558 3789 ira
3588 3725 3810 3787 instructi

2261 3817 2523 3887 adversus
2550 3844 2722 3885 aereas
2747 3834 3043 3898 potestates
3075 3825 3425 3894 dimicabant.
3472 3822 3668 3879 Inedia;
3693 3832 3817 3878 vero.

2259 3937 2419 3993 quam
2444 3919 2825 3975 abstinentiam
2853 3927 3068 3979 vocant,
3094 3916 3285 3983 modus
3307 3914 3394 3969 bic
3413 3925 3532 3969 erat
3562 3927 3577 3966 :
3602 3910 3819 3978 Quatuor
3906 3962 3907 3967 η

2260 4014 2313 4067 iu
2343 4011 2576 4085 qualibet
2601 4008 2933 4064 bebdomada
2965 4006 3155 4061 diebus
3200 4019 3338 4075 pane
3368 4002 3725 4067 vescebantur
3772 4004 3820 4048 et

2261 4119 2430 4172 aqua;
2464 4100 2625 4161 tertia
2678 4097 2814 4159 feria
2869 4106 2925 4153 et
2979 4097 3165 4167 quinta
3197 4094 3513 4167 pauxillum
3551 4086 3818 4164 leguminis

2262 4193 2534 4245 addebant
2565 4208 2577 4243 :
2609 4189 2769 4259 idque
2800 4190 2851 4241 in
2904 4203 2999 4254 sua
3023 4186 3249 4257 quilibet
3278 4184 3469 4254 cellula
3509 4179 3816 4251 coquebant.

2260 4282 2460 4347 Diebus
2482 4290 2688 4348 autem,
2717 4279 2915 4348 Quibus
2943 4278 3219 4334 decretum
3249 4274 3675 4352 eratjejunium.
3705 4265 3820 4325 nulli

2260 4371 2326 4425 ad
2375 4370 2586 4429 libitum
2629 4366 2820 4424 licebat
2850 4382 3040 4438 panem
3084 4380 3324 4431 sumere,
3368 4366 3462 4422 sed
3508 4358 3824 4420 solummodo

2260 4470 2521 4530 quantum
2556 4460 2770 4514 decreta
2816 4458 3033 4525 Patrum
3059 4457 3347 4525 jubebant;
3390 4454 3520 4523 nulli
3554 4453 3677 4507 vino
3713 4461 3822 4516 per-

544 4598 552 4607 .
586 4557 640 4609 In
667 4556 802 4610 duos
830 4553 975 4609 enim
1003 4526 1299 4609 monachos
1321 4569 1387 4608 ex
1439 4554 1520 4615 iis.
1544 4553 1634 4622 qui
1689 4567 1928 4607 eremum
1966 4550 2058 4605 Fo:
2084 4551 2152 4613 tis
2186 4520 2243 4578 θ
2261 4548 2606 4613 mittebatur,
2630 4557 2988 4619 prreterquam
3042 4545 3094 4605 in
3155 4544 3438 4609 sacriﬁcio.
3464 4549 3557 4608 aut
3595 4539 3647 4592 in
3678 4532 3818 4605 agri-

582 4644 830 4721 Avcllaui
856 4644 932 4716 (id
962 4645 1106 4698 enim
1136 4643 1253 4699 loco
1300 4658 1495 4699 nomen
1523 4643 1664 4710 erat)
1698 4641 1909 4706 incidit,
1934 4639 2151 4710 quibus,

584 4736 719 4809 quid
740 4734 921 4813 animo
949 4734 1153 4801 agitare
1196 4744 1248 4790 et
1280 4740 1498 4803 cuperet
1528 4730 1756 4802 aperuit.
1782 4728 1915 4800 Quia
1940 4744 2066 4784 vero
2086 4729 2155 4787 ad

584 4840 774 4879 eorum
818 4822 1067 4899 abbatem
1095 4820 1209 4889 jam
1242 4821 1417 4876 eaucti
1446 4812 1450 4817 ’
1475 4820 1574 4876 viri
1624 4817 1767 4873 tanta
1817 4824 2155 4887 pervenerat.

588 4902 831 4967 letanter
855 4912 908 4967 id
936 4911 1008 4967 illi
1029 4924 1308 4982 excepere.
1334 4920 1389 4965 et
1406 4925 1505 4968 suo
1524 4921 1776 4965 sermone
1800 4905 1969 4962 multo
1992 4905 2162 4977 magis

591 5003 921 5059 desiderium
944 5004 1086 5059 illius
1112 5002 1425 5057 accendere.
1454 4998 1863 5058 Discedentibus
1893 5007 2077 5053 autem
2096 4996 2161 5051 il-

588 5096 652 5124 Ιζι.
694 5095 984 5124 σιυιιιὲηι-ι--η
1025 5093 1165 5124 ιιι-Λ..
1189 5091 1742 5124 οιιΛΛΙιλΑοῖΑηηιιιιαηΙ
1786 5090 2162 5124 ιΙιημι-οηηηη-

2261 4641 2443 4695 tudine
2476 4640 2585 4704 uti;
2624 4639 2781 4694 nudis
2810 4637 3071 4715 pedibus,
3094 4648 3215 4695 tant
3234 4637 3409 4699 hieme
3437 4648 3601 4715 quam
3630 4637 3822 4684 aestate.

2261 4732 2610 4793 incedebant;
2634 4712 2928 4802 caligarum
2951 4728 3129 4785 nullus
3148 4736 3265 4784 erat
3290 4742 3436 4782 usus.
3460 4712 3687 4780 (lueris
3710 4730 3824 4771 vero

2262 4824 2637 4900 spiritualibus
2685 4823 2982 4899 exercitiis,
3012 4821 3342 4883 verberibus.
3374 4812 3825 4889 genuﬂexionibus

2215 4968 2225 4975 .
2267 4924 2322 4970 et
2344 4914 2564 4987 prolixis
2589 4914 2836 4969 ulnarum
2868 4915 2920 4968 in
2948 4914 3127 4968 crucis
3158 4913 3371 4967 modum
3401 4902 3820 4964 extensionibuS.

2267 5013 2425 5075 prout
2452 5004 2646 5072 cuique
2668 5002 2847 5069 fervor
2896 5012 3011 5065 erat
3056 5002 3351 5071 virtusque,
3382 4997 3666 5053 vacabant.
3694 4990 3829 5060 Vigi-

2344 5110 2457 5124 --ηιι
2488 5109 2617 5124 νηί-Λ
2647 5107 2850 5124 mne-Iun
2885 5094 3027 5124 Incnn
3058 5090 3340 5124 enm-n'htnl
3380 5107 3392 5119 ο
3424 5087 3493 5124 Ill
3516 5086 3676 5124 eicnn
3704 5092 3827 5124 'PIII‘
