3982 5350
247 165 372 222 III"

1024 159 1562 220 PROBEGOMERA.
1605 189 1670 198 —
1709 157 1766 213 S.
1815 154 2022 212 PETRI
2060 153 2542 214 DASIIANIIVITA
2581 141 2670 210 iis"

3417 147 3526 208 {50

243 281 398 342 bnin,
433 277 572 332 adeo
601 277 841 347 quidem,
870 287 930 332 ut
959 276 1046 330 vix
1093 278 1312 332 brevem
1362 289 1558 345 capere
1587 289 1836 330 somnum
1863 275 1912 336 Α
1941 273 2026 326 vir
2051 272 2306 342 gustavit,
2333 285 2627 326 conversus
2655 271 2722 324 ad
2755 268 3076 341 discipulum
3109 285 3121 320 :
3156 266 3298 334 Non,
3323 267 3524 340 inquit,

243 376 680 439 posset:quare
737 373 854 438 post
894 367 1134 422 adhibita
1187 365 1568 430 medicamina,
1619 363 1843 420 sanitati

245 459 558 522 restitutus,
591 457 774 511 mitior
803 457 854 512 in
887 471 1040 512 seac
1075 457 1466 528 temperantior
1493 467 1616 510 esse
1653 455 1840 524 carpit.

243 549 398 602 Raro
435 547 608 617 igitur
635 557 756 616 post
797 546 1181 616 psalmodiam,
1233 545 1480 608 cellulam
1531 543 1838 614 eg:edieus,

241 638 473 694 lctioni
509 637 816 692 vehementi
854 636 1036 692 studio
1083 637 1314 692 vacabat
1343 655 1356 690 :
1392 636 1448 690 in
1495 649 1600 705 qua
1634 643 1843 689 tantum

243 731 394 784 brevi
425 727 682 799 profecit,
714 739 772 781 ut
799 729 852 782 in
881 729 1064 782 divina
1115 727 1398 802 Scriptura
1445 737 1654 781 tantum
1675 725 1848 779 clare-

245 827 450 882 sceret,
481 825 747 888 quantum
781 817 835 872 in
867 817 1116 871 humanis
1146 816 1342 873 litteris
1377 827 1504 872 ante
1549 813 1843 870 claruerat.

249 913 368 978 Quo
401 909 616 966 factum
649 919 754 974 est,
779 919 839 964 ut
885 909 1127 980 magistri
1161 910 1248 964 sui
1265 909 1443 978 jussu,
1485 909 1627 978 apud
1657 919 1882 960 tuona—:

247 1003 398 1064 chos,
429 1001 529 1070 qui
569 1015 678 1054 una
702 1002 1206 1063 comun-rabamur,
1233 997 1620 1052 declamator-io
1663 1009 1842 1060 more,

249 1091 452 1144 crebro
475 1091 645 1144 verba
689 1089 908 1148 faceret.
939 1089 1098 1158 cujus
1143 1089 1224 1144 rei
1251 1097 1534 1144 crescente
1557 1087 1718 1150 fama,
1753 1101 1848 1140 ve-

249 1182 509 1236 nerabilis
539 1181 708 1237 abbas
737 1181 1132 1253 Pomposianus
1172 1183 1240 1236 ad
1269 1180 1386 1250 ejus
1413 1182 1666 1235 abbatem
1711 1195 1847 1233 nun-

251 1273 350 1326 tios
385 1271 565 1339 misit,
601 1272 692 1341 qui
729 1285 856 1326 eum
909 1279 1275 1340 rogarent,put
1309 1271 1514 1326 sineret
1539 1285 1666 1324 eum
1697 1269 1762 1324 ad
1789 1283 1848 1323 se

249 1361 461 1426 venire,
491 1371 552 1416 et
601 1362 806 1432 aliquo;
831 1365 1038 1418 'secum
1065 1361 1180 1416 dies
1213 1361 1560 1416 commorari.
1595 1360 1848 1414 Permisit

251 1456 338 1510 ille
363 1455 705 1520 lntnianiter,
727 1463 785 1508 ut
807 1455 1049 1509 charitas
1071 1453 1344 1524 poscebat,
1365 1451 1516 1520 cujus
1537 1451 1846 1522 praesentia,

255 1558 311 1602 et
346 1546 622 1612 moribus,
646 1561 708 1600 ac
733 1545 858 1600 vine
893 1546 1220 1610 sanctitate,
1245 1543 1442 1598 deinde
1476 1542 1640 1597 divini
1673 1541 1848 1604 verbi,

1939 362 2102 433 jussi,
2133 371 2190 418 ut
2219 361 2354 417 mihi
2393 363 2576 417 vinum
2603 360 2844 417 all'erres.
2897 361 2967 416 At
3003 359 3132 414 ille:
3173 359 3382 429 Aquam
3423 375 3523 427 ego

1945 469 2014 508 ex
2071 452 2220 508 fonte
2267 453 2427 508 hausi
2467 461 2522 508 et
2549 451 2722 506 attuli.
2773 450 3017 524 Negabat
3045 449 3126 506 vir
3169 457 3422 513 sanctus;
3478 457 3536 512 at

1945 549 2242 619 discipulus
2294 559 2606 606 constanter
2647 547 2978 607 afﬁrmabat.
3035 548 3103 604 Ut
3156 563 3286 618 ergo
3333 563 3522 602 verum

1945 641 2271 711 exploraret,
2309 639 2470 696 alium
2503 642 2570 696 ad
2593 640 2794 696 fontem
2819 641 2983 706 misit,
3011 649 3066 696 et
3087 640 3430 704 observavit,
3465 656 3532 692 ne

1946 747 2005 785 se
2053 732 2158 788 alio
2211 731 2496 798 ﬂecteret;
2539 733 2753 798 attulit,
2785 733 3021 805 gustavit
3073 733 3187 802 ipse
3224 739 3325 786 :et
3378 731 3536 800 quasi
3573 783 3584 790 .

1947 837 2058 878 non
2089 823 2318 878 credens
2340 823 2464 888 sibi,
2492 822 2557 878 iis
2590 825 2680 893 qui
2731 825 2976 889 aderant,
3005 823 3324 894 gustandam
3351 821 3532 884 dedit;

1947 928 2134 969 omnes
2189 911 2522 968 alﬁrmarunt
2573 911 2752 970 vinum
2807 931 2930 970 esse
2973 915 3268 984 optimum,
3301 923 3355 968 et
3410 927 3534 967 cum

1945 1004 2150 1076 ingenti
2178 1003 2362 1059 laztitia
2390 1013 2663 1075 stupuere.
2693 1005 2760 1060 At
2783 1007 2896 1075 ipse
2923 1005 2975 1060 in
3008 1021 3101 1061 sua
3130 999 3392 1076 praestans
3426 1005 3528 1058 im-

1948 1093 2460 1160 militate,divinam
2505 1110 2630 1166 erga
2679 1111 2738 1150 se
2779 1095 3154 1152 liberalitatem
3206 1096 3533 1166 intelligens.

1949 1187 2221 1241 silentium
2260 1187 2531 1250 omnibus,
2561 1188 2654 1258 qui
2708 1204 2818 1244 rem
2867 1199 3148 1254 noverant,
3189 1189 3402 1254 indixit,
3455 1205 3524 1244 ne

1951 1277 2093 1347 quis,
2129 1291 2186 1330 se
2211 1277 2352 1340 vivo,
2386 1275 2638 1347 cuiquam
2673 1277 2722 1331 id
2755 1279 3034 1348 panderet.

2025 1369 2132 1424 Sed
2163 1382 2342 1438 neque
2367 1369 2561 1423 minori
2595 1369 2952 1424 admiratione
2994 1367 3216 1440 dignum
3255 1375 3360 1434 est,
3393 1365 3538 1438 quod

1949 1461 2215 1531 sequitur.
2251 1459 2510 1528 Habebat
2540 1459 2616 1513 B.-
2647 1459 2840 1515 Petrus
2888 1460 3204 1529 amphoram
3251 1459 3360 1513 viui
3391 1457 3536 1529 apud

1954 1551 2327 1622 presbyterum
2381 1550 2618 1604 vicinum
2673 1550 2890 1604 :veuit
2949 1549 3105 1604 turba
3159 1549 3427 1614 militum,
3479 1557 3538 1602 et

253 1637 391 1708 quod
435 1653 532 1705 ex,
565 1636 714 1692 illius~
751 1650 848 1692 Ofe
889 1635 1068 1692 ιηθιιὶὸ
1105 1637 1280 1690 insul"
1319 1633 1600 1697 matiam“:
1647 1629 1842 1700 βθῦιιιο
1876 1621 1917 1682 Β
1946 1621 2264 1712 presbj'tero
2291 1647 2476 1708 petere
2497 1640 2678 1693 viuum
2711 1639 2977 1693 instanter
3003 1635 3186 1709 Coepit.
3240 1639 3540 1708 Respondit

253 1730 384 1784 adeo
413 1728 634 1798 quidem
659 1725 859 1792 allecti,
884 1736 1048 1795 atque
1071 1724 1298 1780 demulsi
1321 1731 1448 1780 sunt
1469 1721 1717 1777 monachi
1743 1719 1841 1784 illi,

255 1836 484 1888 quorum
519 1817 836 1890 iugetsibi
885 1806 1339 1879 erat-numerus,
1371 1821 1556 1884 utjote
1601 1821 1842 1876 centum,

255 1925 310 1962 tu.
331 1923 474 1979 :t‘gre
501 1917 624 1980 post
653 1907 930 1962 biennium
959 1907 1027 1962 ad
1057 1923 1213 1962 suum
1246 1906 1424 1961 redire
1453 1903 1846 1959 monasterium

259 2007 402 2059 illum
453 2003 600 2078 passi
647 2001 896 2068 fuerint;
957 2001 1052 2056 sed
1113 1999 1268 2070 jussu
1329 1998 1572 2070 magistri
1623 1997 1708 2052 sui
1761 2009 1846 2050 re-

259 2079 658 2158 vocatus,,cum
711 2089 1034 2147 obedientia:
1078 2088 1407 2146 inviolabilis
1457 2087 1534 2144 illi
1586 2103 1738 2154 cura,
1793 2093 1848 2142 et

255 2189 426 2258 cultus
453 2195 622 2254 esset,
647 2185 818 2243 teneri
859 2185 1000 2241 ultra
1024 2202 1132 2241 non
1169 2185 1363 2256 potuit.
1397 2183 1504 2240 Sed
1535 2182 1697 2254 paulo
1723 2189 1848 2252 post

259 2282 320 2333 ad
373 2279 434 2333 S.
485 2277 754 2334 Vincentii
789 2278 1174 2332 monasterium
1227 2276 1306 2331 ire
1339 2277 1523 2346 jussus
1564 2281 1666 2339 est,
1704 2274 1860 2343 quod

256 2369 470 2437 quidem
501 2367 722 2422 celebre
772 2367 1162 2422 monasterium
1209 2375 1411 2436 quanto
1454 2365 1846 2420 monachorum

259 2460 404 2530 copia
447 2459 791 2528 frequentius
820 2469 939 2514 erat
983 2467 1038 2514 et
1074 2458 1274 2530 opibus,
1297 2457 1526 2524 illustre,
1557 2465 1703 2528 tanto
1733 2471 1850 2510 mo-
1883 2509 1886 2512 .

259 2553 476 2606 nastica:
503 2549 840 2604 austeritatis
868 2565 932 2605 ac
958 2549 1254 2620 disciplina:
1282 2557 1404 2604 erat
1433 2547 1804 2602 admirabilius
1831 2565 1844 2600 :

260 2644 346 2698 ubi
390 2657 611 2712 quoque
659 2657 770 2696 non
813 2639 997 2711 segnis
1027 2641 1079 2696 in
1110 2631 1266 2694 vinea
1307 2638 1518 2693 Domini
1549 2638 1724 2692 cultor
1750 2637 1848 2692 ali-

254 2735 490 2804 quandiu
527 2741 900 2787 commoratus
934 2741 1036 2788 est.
1071 2733 1201 2802 Ejus
1231 2741 1412 2786 autem
1443 2731 1725 2801 magister,
1754 2732 1844 2800 qui

257 2837 407 2880 tanto
457 2823 711 2896 discipuli
751 2822 1139 2893 suitprofectu,
1191 2839 1404 2892 necnon
1451 2821 1757 2893 prudentia,
1794 2833 1847 2878 et

253 2915 564 2970 admirabili
592 2899 720 2983 vita;
748 2913 892 2984 illius
939 2915 1252 2984 integritate
1297 2914 1599 2982 laetabatur,
1629 2899 1846 2970 manda-

255 3008 324 3064 vit
347 3007 452 3070 illi,
485 3017 564 3074 ut‘
591 3006 762 3060 eremi
804 2995 1241 3076 procurationem
1271 3015 1394 3075 post
1436 3019 1494 3061 se
1525 3005 1842 3076 susciperet.
1873 2972 1918 3032 Ο

251 3097 548 3168 ltecusavit
596 3095 694 3165 ille,
738 3105 999 3165 quantum
1045 3095 1242 3166 potuit,
1278 3111 1341 3152 ac
1391 3096 1690 3162 reluctatus
1715 3105 1844 3150 est:

251 3189 338 3244 sed
361 3197 599 3258 urgente
629 3171 957 3256 obedientia,
986 3188 1189 3242 diutius
1217 3189 1482 3243 obsistere
1517 3203 1623 3242 non
1655 3187 1844 3242 valuit.

249 3261 704 3345 Accepta‘igitur
746 3275 846 3330 loci
891 3275 1381 3338 administratione.
1409 3277 1574 3345 cu‘pit
1619 3277 1850 3330 circum-

249 3371 462 3438 apicere
491 3383 560 3421 ac
610 3367 897 3438 diligenter
923 3369 1258 3438 perquirere,
1291 3367 1380 3423 ubi
1422 3368 1525 3422 alia
1557 3370 1850 3423 monacho-

253 3475 366 3515 rum
392 3459 624 3528 cOIICgia
648 3467 1024 3530 congregaret,
1049 3469 1108 3513 ut
1138 3459 1512 3514 ministrorum
1541 3459 1630 3514 Dei
1660 3475 1848 3516 nume-

261 3567 370 3605 rum
399 3549 799 3620 augeret.,Quo
830 3551 1047 3630 quidem
1073 3552 1274 3620 studio,
1313 3568 1376 3607 ac
1405 3552 1650 3622 diligenti
1679 3553 1846 3608 vesti-
1881 3603 1893 3610 .

257 3643 468 3712 gatione
499 3641 668 3695 multa
691 3642 927 3714 diversis
959 3643 1012 3697 in
1039 3643 1175 3712 locis
1201 3645 1484 3699 eremitica
1514 3645 1846 3700 monasteria

255 3734 550 3812 exstruxit,
582 3733 638 3788 in
667 3733 924 3796 Camerti,
955 3735 1008 3788 in
1041 3736 1327 3800 Perusino,
1357 3735 1445 3790 ubi
1489 3736 1738 3792 cellulam
1765 3737 1848 3792 in-

253 3827 418 3886 venit,
449 3841 616 3902 quam
672 3825 1005 3888 inhabitasse
1058 3825 1120 3880 Β.
1167 3825 1529 3880 Romualdum
1581 3825 1850 3882 ferebant.

253 3916 382 3970 item
413 3916 470 3969 in
498 3905 832 3974 Ariminensi
861 3930 1016 3986 agro,
1046 3917 1331 3984 necnonin
1363 3915 1684 3984 Faventino,
1717 3917 1850 3972 duo—

255 4011 348 4062 bus
379 4006 580 4077 vicinis
615 4007 762 4076 inter
785 4021 844 4060 se
889 4005 1054 4072 locis;
1102 4007 1269 4077 priori
1299 4023 1491 4063 nomen
1526 4007 1627 4062 fuit
1651 4007 1853 4063 Cantu-

255 4099 424 4162 nium,
455 4097 750 4166 posteriori
800 4113 940 4160 vero,
977 4098 1230 4156 Acen-etc.
1260 4097 1518 4167 Quamvis
1546 4109 1725 4155 autem
1769 4099 1852 4155 his

257 4190 620 4268 procurandis
649 4198 816 4260 atque
843 4189 1097 4268 gerendis
1150 4189 1387 4262 maritae
1417 4190 1662 4259 intentus
1685 4201 1850 4258 esset,

256 4267 408 4335 suum
437 4291 643 4352 tamen,
669 4281 723 4336 in
751 4267 904 4350 quod
921 4282 1156 4351 primum
1184 4281 1639 4348 sese_addiderat,
1667 4301 1880 4354 mona—_

255 4373 482 4442 steriqu
513 4373 714 4439 crebro
741 4372 974 4438 visebat,
1004 4384 1060 4428 et
1114 4373 1442 4456 praecipuam
1475 4373 1616 4430 illius
1660 4391 1850 4431 curam

257 4465 498 4533 gerebat.
525 4461 770 4534 Caeteros
820 4477 1034 4534 quoque
1090 4463 1284 4518 adibat
1328 4465 1646 4530 monachos,
1671 4473 1726 4521 et
1755 4481 1870 4524 sua
1899 4519 1905 4522 _

259 4555 378 4610 illos
433 4554 725 4625 prtesentia
778 4553 1071 4624 plurimum
1117 4553 1523 4622 consolabatur,
1549 4566 1608 4627 et
1635 4558 1702 4611 ad
1742 4575 1854 4612 ser-

259 4647 510 4714 viendum
529 4647 640 4702 Deo
653 4646 898 4716 quotidie
922 4647 1090 4717 magis
1110 4647 1471 4714 accendebat;
1495 4657 1548 4715 et
1567 4649 1610 4704 si
1635 4647 1852 4718 quando

262 4741 338 4810 ire
374 4755 484 4794 non
521 4739 1040 4810 poterat,’epistolas
1064 4748 1154 4794 aut
1189 4735 1408 4794 nuntios
1444 4740 1709 4796 mittebat.
1745 4741 1852 4798 Sed

261 4845 364 4890 non
389 4847 608 4899 suorum
636 4830 1036 4902 tantummodo,
1067 4831 1158 4886 sed
1213 4839 1269 4884 et
1305 4829 1606 4886 alienorum
1635 4848 1852 4902 quoque

263 4923 742 4990 monasteriorptn,
777 4929 1031 4992 tanquam
1063 4921 1369 4978 communis
1403 4925 1645 4980 omnium
1675 4933 1848 4994 pater,

265 5029 443 5076 curam
473 5013 722 5084 gerebat,
741 4999 966 5082 studens
987 5013 1205 5070 assidue
1228 5013 1642 5087 quibuscunquc
1669 5022 1863 5085 posset

267 5106 456 5172 modis,
475 5105 580 5176 Dei
611 5106 882 5174 honorem
913 5121 1128 5178 augere,
1291 5089 1311 5096 ﬂ
1609 5095 1612 5098 ’
1717 5091 1730 5101 ’

333 5198 662 5268 Νυῐι,.ίΙθΙ)θο
725 5195 938 5264 Silentii)
985 5197 1266 5270 praeterire
1324 5199 1522 5256 mirum
1588 5193 1855 5253 testantia:

1945 1733 2036 1788 ille
2083 1749 2142 1787 se
2169 1731 2304 1787 nihil
2335 1731 2466 1796 vini,
2515 1733 2618 1786 nisi
2671 1731 2812 1801 quod
2848 1731 3006 1784 modo
3033 1732 3267 1785 diximus
3315 1731 3536 1792 habere,

1948 1841 2122 1895 neque
2148 1838 2206 1878 se
2229 1826 2432 1878 audere
2452 1822 2746 1891 quidquant
2783 1837 2848 1875 ex
2877 1837 2942 1875 eo
2971 1821 3221 1886 haurire;
3266 1830 3321 1874 at
3371 1819 3544 1874 multo

1951 1919 2122 1988 magis
2152 1917 2225 1970 illi
2251 1913 2544 1984 elﬂagitare
2569 1899 2691 1969 cum
2735 1913 2866 1967 nihil
2917 1911 3264 1982 proﬁcerent,
3311 1913 3376 1966 ad
3407 1909 3542 1966 itau-

1951 2008 2194 2062 riendum
2223 2006 2324 2076 ipsi
2375 2005 2680 2060 festinant:
2735 2015 2790 2058 at
2841 2003 2966 2058 dum
3016 2003 3074 2058 id
3122 2013 3352 2065 tentant,
3405 2003 3541 2056 nihil

1949 2097 2167 2152 alliuere
2213 2098 2424 2162 vident,
2457 2097 2726 2150 mirantur
2767 2113 2779 2148 :
2819 2096 2992 2158 pet-de
3029 2094 3211 2149 multis
3265 2094 3540 2163 amphora:

1951 2189 2106 2252 locis,
2142 2203 2208 2242 an
2237 2186 2416 2242 elliuat
2460 2187 2836 2256 experiuntur.
2861 2183 2966 2239 Sed
3003 2184 3224 2248 frustra,
3257 2184 3380 2254 quia
3405 2185 3544 2238 nihil

1948 2279 2133 2344 efﬂuit,
2165 2287 2416 2348 exentpto
2473 2277 2687 2332 denmm
2727 2275 2884 2330 vasis
2925 2274 3196 2344 aperculo,
3254 2273 3541 2344 erplorant

1950 2387 2015 2425 an
2047 2369 2175 2426 insit
2207 2370 2414 2434 vinum,
2463 2368 2769 2434 inveniunt,
2802 2367 2896 2422 sed
2934 2367 3076 2436 quod
3114 2383 3218 2422 non
3253 2365 3386 2420 ﬂuat
3433 2375 3548 2420 stu-

1949 2469 2118 2531 pent:
2155 2475 2324 2528 quare
2370 2467 2520 2513 tanta
2561 2459 2758 2527 sa'pius
2807 2458 3076 2512 ittcaSsunt
3127 2471 3312 2526 opera,
3345 2455 3547 2510 disces-

1947 2565 2088 2606 sere.
2125 2549 2282 2605 Venit
2331 2550 2670 2620 postmodum
2713 2549 3032 2618 peregrinus
3085 2549 3327 2618 quidam,
3375 2557 3427 2602 et
3477 2549 3545 2601 ab

1947 2643 2136 2698 eodem
2169 2641 2483 2711 presbytero
2509 2639 2726 2709 petebat
2754 2649 2938 2708 potum
2965 2655 2980 2704 ;
3013 2639 3298 2694 recusabat
3325 2639 3434 2702 ille,
3465 2655 3544 2692 re-

1947 2745 2285 2804 pctensquaa
2340 2733 2603 2787 militibus
2653 2732 2882 2794 dixerat,
2929 2741 2981 2786 et
3028 2733 3156 2802 quid
3207 2731 3546 2801 illiselliagi-

1951 2825 2192 2878 tantibus
2215 2823 2506 2878 acciderat.
2534 2821 2639 2878 Sed
2677 2838 2784 2876 non
2821 2821 3022 2877 idcirco
3071 2837 3261 2893 rogare
3307 2821 3542 2878 desiste—

1949 2915 2058 2978 bat,
2080 2927 2312 2982 arguens
2327 2913 2556 2966 milizum
2579 2913 3062 2983 importunitatem,
3083 2927 3146 2966 ac
3166 2913 3544 2984 petulantiam,

1950 3020 2008 3061 se
2049 3005 2326 3060 lunnilitrr
2355 3005 2408 3058 in
2453 3003 2566 3066 siti,
2596 3020 2699 3074 qua
2749 3012 2946 3074 praater
2977 3003 3194 3059 modum
3241 3013 3543 3076 urgeretur.

1929 3097 2195 3165 poscere.
2221 3095 2296 3148 Ne
2328 3095 2542 3164 longum
2589 3095 2810 3160 faciam;
2841 3095 3014 3150 victus
3074 3095 3355 3166 presbyter
3401 3094 3546 3148 illius

1952 3185 2200 3256 precibus
2229 3189 2540 3255 quanquam
2577 3186 2762 3240 timide
2789 3187 3100 3251 admodum,
3131 3181 3344 3240 tentare
3380 3200 3547 3239 ausus

1952 3286 2032 3330 est
2073 3290 2141 3329 an
2168 3276 2394 3330 haurire
2417 3284 2630 3346 posset;
2678 3275 2771 3330 sed
2807 3273 3026 3330 manuni
3081 3275 3338 3330 tentautis
3377 3275 3550 3330 conti-

1955 3383 2062 3422 uno
2104 3375 2354 3422 secutum
2383 3353 2699 3420 cstvinum.
2759 3365 2901 3420 Bibit
2945 3366 3282 3436 peregrinus,
3331 3371 3386 3420 et
3437 3363 3551 3418 Deo

1953 3473 2018 3512 ac
2043 3459 2388 3528 presbytero,
2415 3457 2798 3512 admirationis
2827 3457 3038 3528 plenus,
3070 3447 3276 3528 gratias
3305 3456 3435 3527 egit.

2027 3548 2122 3602 Die
2148 3547 2253 3602 alio
2298 3557 2610 3602 cmunturus
2630 3589 2644 3611 ,
2675 3548 2895 3602 unicum
2953 3547 3187 3602 habebat
3245 3561 3462 3616 panem,
3494 3553 3550 3598 et

1951 3639 2234 3695 coiivivam
2291 3653 2454 3692 unum
2488 3655 2504 3691 :
2539 3653 2638 3692 nec
2673 3637 2986 3705 aliud,_nisi
3019 3639 3189 3704 olera,
3237 3637 3544 3691 obsonium-

1952 3731 2120 3800 igitur
2165 3729 2572 3798 oleribus-ipse
2619 3729 2766 3783 vesci
2811 3729 3008 3793 voluit;
3060 3744 3257 3798 panem
3309 3729 3548 3782 convivae

1953 3823 2165 3888 obtulit,
2199 3823 2444 3876 hortatus
2501 3806 2559 3874 ut
2603 3835 2890 3890 pauperem
2945 3835 3157 3874 umnam
3193 3835 3350 3890 reque
3378 3819 3547 3874 ferret

1953 3915 2156 3979 animo,
2193 3913 2815 3979 crastinamhabiturus
2863 3913 3164 3984 opiparam.
3219 3911 3332 3968 Nec
3377 3911 3546 3967 falsus

1953 4004 2055 4059 fuit
2085 4013 2254 4059 vates.
2285 4003 2420 4058 Nam
2472 4003 2560 4058 die
2597 4003 2688 4074 qui
2742 4011 2958 4059 secutus
2987 4011 3088 4069 est,
3119 4013 3268 4059 tanta
3299 4004 3572 4060 ciborum.

1954 4097 2116 4166 allata
2164 4107 2249 4168 est
2299 4097 2474 4170 copia,
2533 4105 2592 4154 ut
2641 4097 2694 4152 in
2749 4097 2866 4153 dies
2917 4097 3163 4154 sullicere
3209 4096 3410 4154 multos
3447 4111 3544 4167 po-

1958 4191 2182 4258 tuerint.
2223 4253 2231 4259 η
2425 4179 2430 4182 ”
3491 4175 3500 4178 ’

2033 4283 2127 4337 \‘ir
2156 4283 2375 4354 quidam
2399 4283 2598 4339 nobilis
2621 4297 2683 4337 ac
2709 4281 2859 4338 dives
2889 4283 3042 4338 festis
3059 4281 3402 4351 solemnibus"
3433 4281 3543 4334 vim

1945 4383 2214 4444 “tuagnam
2271 4374 2499 4444 piscium
2555 4375 2774 4430 mittere
2822 4374 3050 4430 solebat.
3099 4375 3302 4429 Aderat
3351 4371 3547 4427 natalis

1955 4464 2160 4530 Christi
2215 4463 2606 4520 celeberrimus
2650 4465 2787 4530 dies,
2819 4479 2926 4520 nec
2955 4463 3197 4519 invenire
3249 4463 3544 4532 quidquam
3595 4513 3602 4516 _

1955 4555 2183 4623 piscium
2215 4563 2498 4625 potuerat;
2533 4554 2834 4626 angebatur
2862 4553 3064 4626 animo,
3121 4569 3220 4609 nec
3257 4553 3546 4624 quiescere

1956 4655 2202 4716 poterat;
2233 4655 2391 4701 nocte
2420 4661 2649 4717 magnus
2677 4645 2750 4698 illi
2787 4645 2952 4715 piscis
2991 4643 3186 4698 allatus
3237 4652 3362 4698 est:
3403 4641 3549 4709 illius

1955 4739 2100 4794 enim
2119 4737 2390 4794 desiderio
2419 4740 2560 4795 Deus
2585 4736 2756 4792 aﬂuit.
2809 4733 3009 4806 Statim
3047 4735 3211 4807 igitur
3255 4751 3474 4802 servum
3514 4753 3546 4787 ιε

1957 4833 2070 4887 suis
2099 4847 2261 4885 unum
2292 4832 2355 4884 ad
2387 4841 2636 4896 sanctum
2667 4830 2841 4882 virum
2893 4845 3016 4884 cum
3065 4828 3212 4899 pisce
3233 4827 3396 4898 jussit
3447 4829 3551 4884 ire.

1917 4923 1924 4928 “’
1960 4925 2290 4994 Nocturnum
2313 4931 2431 4990 erat
2463 4933 2692 4991 tempus,
2720 4929 2774 4990 et
2799 4921 3114 4986 hebetatam
3146 4921 3382 4976 nubibus
3420 4921 3553 4975 stel-

1923 5085 1932 5094 \
1960 5017 2133 5080 larum
2159 5013 2334 5080 lumen
2381 5013 2528 5068 viam
2565 5011 2734 5066 multo
2758 5009 3116 5067 dilliciliorem
3145 5009 3442 5076 efficiebat;
3477 5021 3554 5072 et,

1961 5109 2106 5178 quod
2136 5105 2256 5161 aliis
2305 5105 2666 5160 incommodis
2717 5105 3046 5168 accedebat,
3079 5101 3410 5172 superanda;
3437 5111 3560 5155 erat

1918 5199 1922 5204 ’
1962 5199 2179 5270 praealta
2211 5213 2413 5266 rupes;
2448 5200 2601 5270 cujus
2649 5211 2770 5251 cum
2817 5197 2934 5267 jam
2975 5191 3395 5254 transcendisset
3427 5207 3541 5260 par-
