  <div class='ocr_page' id='page_1' title='image "/cluster/home/n/w/nwhite01/storage/ocr_20150623/144/hvd.32044010574010/082.png"; bbox 0 0 3982 5350; ppageno 0'>
   <div class='ocr_carea' id='block_1_1' title="bbox 201 201 1783 272">
    <p class='ocr_par' dir='ltr' id='par_1_1' title="bbox 201 201 1783 272">
     <span class='ocr_line' id='line_1_1' title="bbox 201 201 1783 272; baseline -0.003 -9"><span class='ocrx_word' id='word_1_1' title='bbox 201 207 286 263; x_wconf 62' lang='grc'><strong>153</strong></span> <span class='ocrx_word' id='word_1_2' title='bbox 967 203 1518 272; x_wconf 68' lang='lat' dir='ltr'><strong>PROLECOMENA.</strong></span> <span class='ocrx_word' id='word_1_3' title='bbox 1539 235 1608 244; x_wconf 93' lang='lat'><strong><em>—</em></strong></span> <span class='ocrx_word' id='word_1_4' title='bbox 1632 201 1692 260; x_wconf 88' lang='lat' dir='ltr'><strong>S.</strong></span> <span class='ocrx_word' id='word_1_5' title='bbox 1733 205 1783 260; x_wconf 81' lang='lat' dir='ltr'><strong>Pl</strong></span> 
     </span>
    </p>
   </div>
   <div class='ocr_carea' id='block_1_2' title="bbox 1886 201 2584 272">
    <p class='ocr_par' dir='ltr' id='par_1_2' title="bbox 1886 205 2584 270">
     <span class='ocr_line' id='line_1_2' title="bbox 1886 205 2584 270; baseline 0.011 -10"><span class='ocrx_word' id='word_1_6' title='bbox 1886 205 1946 260; x_wconf 71' lang='lat' dir='ltr'><strong>ill</strong></span> <span class='ocrx_word' id='word_1_7' title='bbox 1997 207 2286 264; x_wconf 62' lang='grc' dir='ltr'>υΑιιιΑλι·</span> <span class='ocrx_word' id='word_1_8' title='bbox 2319 207 2472 264; x_wconf 67' lang='lat' dir='ltr'><strong>VITA</strong></span> <span class='ocrx_word' id='word_1_9' title='bbox 2520 207 2584 270; x_wconf 80' lang='lat' dir='ltr'><strong>n-.</strong></span> 
     </span>
    </p>
   </div>
   <div class='ocr_carea' id='block_1_3' title="bbox 3347 203 3450 260">
    <p class='ocr_par' dir='ltr' id='par_1_3' title="bbox 3347 203 3450 260">
     <span class='ocr_line' id='line_1_3' title="bbox 3347 203 3450 260; baseline -0.019 0"><span class='ocrx_word' id='word_1_10' title='bbox 3347 203 3450 260; x_wconf 61' lang='grc' dir='ltr'><strong>ιιι</strong></span> 
     </span>
    </p>
   </div>
   <div class='ocr_carea' id='block_1_4' title="bbox 199 303 3454 390">
    <p class='ocr_par' dir='ltr' id='par_1_4' title="bbox 199 303 3454 390">
     <span class='ocr_line' id='line_1_4' title="bbox 199 303 3454 390; baseline -0.003 -8"><span class='ocrx_word' id='word_1_11' title='bbox 199 323 320 376; x_wconf 69' lang='lat' dir='ltr'><strong>liam</strong></span> <span class='ocrx_word' id='word_1_12' title='bbox 359 318 514 374; x_wconf 64' lang='lat'><strong>$0108</strong></span> <span class='ocrx_word' id='word_1_13' title='bbox 547 317 637 382; x_wconf 60' lang='lat' dir='ltr'><strong>ille</strong></span> <span class='ocrx_word' id='word_1_14' title='bbox 665 317 932 386; x_wconf 70' lang='lat' dir='ltr'><strong>mildzn&#39;il,</strong></span> <span class='ocrx_word' id='word_1_15' title='bbox 975 331 1029 376; x_wconf 82' lang='lat' dir='ltr'><strong>ct</strong></span> <span class='ocrx_word' id='word_1_16' title='bbox 1053 335 1216 390; x_wconf 80' lang='lat' dir='ltr'><strong>super</strong></span> <span class='ocrx_word' id='word_1_17' title='bbox 1247 329 1456 390; x_wconf 87' lang='lat' dir='ltr'><strong>petram</strong></span> <span class='ocrx_word' id='word_1_18' title='bbox 1493 317 1767 373; x_wconf 80' lang='lat' dir='ltr'><strong>rt&#39;tscelttis</strong></span> <span class='ocrx_word' id='word_1_19' title='bbox 1795 325 1844 380; x_wconf 83' lang='grc' dir='ltr'><strong>Α</strong></span> <span class='ocrx_word' id='word_1_20' title='bbox 1943 318 2060 376; x_wconf 80' lang='lat' dir='ltr'><strong>Non</strong></span> <span class='ocrx_word' id='word_1_21' title='bbox 2089 319 2248 376; x_wconf 79' lang='lat' dir='ltr'><strong>facile</strong></span> <span class='ocrx_word' id='word_1_22' title='bbox 2269 322 2451 378; x_wconf 85' lang='lat' dir='ltr'><strong>verbis</strong></span> <span class='ocrx_word' id='word_1_23' title='bbox 2480 320 2744 390; x_wconf 74' lang='lat' dir='ltr'><strong>consequi</strong></span> <span class='ocrx_word' id='word_1_24' title='bbox 2763 303 3032 390; x_wconf 77' lang='lat' dir='ltr'><strong>quispiam</strong></span> <span class='ocrx_word' id='word_1_25' title='bbox 3057 325 3257 390; x_wconf 88' lang='lat' dir='ltr'><strong>posset,</strong></span> <span class='ocrx_word' id='word_1_26' title='bbox 3283 333 3454 389; x_wconf 87' lang='lat' dir='ltr'><strong>quan-</strong></span> 
     </span>
    </p>
   </div>
   <div class='ocr_carea' id='block_1_5' title="bbox 198 409 1778 486">
    <p class='ocr_par' dir='ltr' id='par_1_5' title="bbox 198 409 1778 486">
     <span class='ocr_line' id='line_1_5' title="bbox 198 409 1778 486; baseline -0.003 -18"><span class='ocrx_word' id='word_1_27' title='bbox 198 411 748 486; x_wconf 75' lang='lat' dir='ltr'><strong>ﬂdeiexstruxit,_qui</strong></span> <span class='ocrx_word' id='word_1_28' title='bbox 795 412 951 486; x_wconf 77' lang='lat' dir='ltr'><strong>beato</strong></span> <span class='ocrx_word' id='word_1_29' title='bbox 979 411 1486 482; x_wconf 71' lang='lat' dir='ltr'><strong>clavigero‘terreni</strong></span> <span class='ocrx_word' id='word_1_30' title='bbox 1533 409 1778 466; x_wconf 87' lang='lat' dir='ltr'><strong>simulet</strong></span> 
     </span>
    </p>
   </div>
   <div class='ocr_carea' id='block_1_6' title="bbox 199 503 1776 576">
    <p class='ocr_par' dir='ltr' id='par_1_6' title="bbox 199 503 1776 576">
     <span class='ocr_line' id='line_1_6' title="bbox 199 503 1776 576; baseline 0 -17"><span class='ocrx_word' id='word_1_31' title='bbox 199 503 420 559; x_wconf 66' lang='lat' dir='ltr'><strong>calestis</strong></span> <span class='ocrx_word' id='word_1_32' title='bbox 465 505 622 576; x_wconf 84' lang='lat' dir='ltr'><strong>regni</strong></span> <span class='ocrx_word' id='word_1_33' title='bbox 645 505 772 570; x_wconf 87' lang='lat' dir='ltr'><strong>jura</strong></span> <span class='ocrx_word' id='word_1_34' title='bbox 800 504 1094 560; x_wconf 72' lang='lat' dir='ltr'><strong>conmisit.</strong></span> <span class='ocrx_word' id='word_1_35' title='bbox 1135 503 1284 561; x_wconf 90' lang='lat' dir='ltr'><strong>Illius</strong></span> <span class='ocrx_word' id='word_1_36' title='bbox 1328 519 1462 576; x_wconf 88' lang='lat' dir='ltr'><strong>ergo</strong></span> <span class='ocrx_word' id='word_1_37' title='bbox 1489 503 1776 576; x_wconf 81' lang='lat' dir='ltr'><strong>privilegio</strong></span> 
     </span>
    </p>
   </div>
   <div class='ocr_carea' id='block_1_7' title="bbox 202 593 1778 666">
    <p class='ocr_par' dir='ltr' id='par_1_7' title="bbox 202 593 1778 666">
     <span class='ocr_line' id='line_1_7' title="bbox 202 593 1778 666; baseline -0.001 -16"><span class='ocrx_word' id='word_1_38' title='bbox 202 597 464 650; x_wconf 80' lang='lat' dir='ltr'><strong>Romanus</strong></span> <span class='ocrx_word' id='word_1_39' title='bbox 493 595 748 666; x_wconf 36' lang='lat' dir='ltr'><strong>pontifex,</strong></span> <span class='ocrx_word' id='word_1_40' title='bbox 779 593 1040 666; x_wconf 83' lang='lat' dir='ltr'><strong>fungitur,</strong></span> <span class='ocrx_word' id='word_1_41' title='bbox 1071 596 1218 654; x_wconf 88' lang='lat' dir='ltr'><strong>illius</strong></span> <span class='ocrx_word' id='word_1_42' title='bbox 1247 595 1576 652; x_wconf 76' lang='lat' dir='ltr'><strong>auctoritate</strong></span> <span class='ocrx_word' id='word_1_43' title='bbox 1619 593 1778 650; x_wconf 68' lang='grc' dir='ltr'>ΐιιιρὶεε</span> 
     </span>
    </p>
   </div>
   <div class='ocr_carea' id='block_1_8' title="bbox 203 683 1777 758">
    <p class='ocr_par' dir='ltr' id='par_1_8' title="bbox 203 683 1777 758">
     <span class='ocr_line' id='line_1_8' title="bbox 203 683 1777 758; baseline 0.001 -19"><span class='ocrx_word' id='word_1_44' title='bbox 203 695 296 739; x_wconf 89' lang='lat' dir='ltr'><strong>tur.</strong></span> <span class='ocrx_word' id='word_1_45' title='bbox 341 683 524 752; x_wconf 79' lang='lat' dir='ltr'><strong>Quare</strong></span> <span class='ocrx_word' id='word_1_46' title='bbox 572 686 831 758; x_wconf 74' lang='lat' dir='ltr'><strong>quisquis</strong></span> <span class='ocrx_word' id='word_1_47' title='bbox 877 683 974 754; x_wconf 71' lang='lat' dir='ltr'><strong>ille</strong></span> <span class='ocrx_word' id='word_1_48' title='bbox 1019 695 1128 751; x_wconf 75' lang='lat' dir='ltr'><strong>est,</strong></span> <span class='ocrx_word' id='word_1_49' title='bbox 1181 686 1272 756; x_wconf 88' lang='lat' dir='ltr'><strong>qui</strong></span> <span class='ocrx_word' id='word_1_50' title='bbox 1323 687 1486 740; x_wconf 85' lang='lat' dir='ltr'><strong>audet</strong></span> <span class='ocrx_word' id='word_1_51' title='bbox 1517 683 1777 756; x_wconf 83' lang='lat' dir='ltr'><strong>principis</strong></span> 
     </span>
    </p>
   </div>
   <div class='ocr_carea' id='block_1_9' title="bbox 203 775 1777 848">
    <p class='ocr_par' dir='ltr' id='par_1_9' title="bbox 203 775 1777 848">
     <span class='ocr_line' id='line_1_9' title="bbox 203 775 1777 848; baseline -0.001 -14"><span class='ocrx_word' id='word_1_52' title='bbox 203 775 559 844; x_wconf 62' lang='lat' dir='ltr'><strong>Ecclesiasjus</strong></span> <span class='ocrx_word' id='word_1_53' title='bbox 615 776 966 842; x_wconf 76' lang='lat' dir='ltr'><strong>labefactare,</strong></span> <span class='ocrx_word' id='word_1_54' title='bbox 1005 777 1147 832; x_wconf 89' lang='lat' dir='ltr'><strong>haud</strong></span> <span class='ocrx_word' id='word_1_55' title='bbox 1176 777 1398 842; x_wconf 86' lang='lat' dir='ltr'><strong>dubium</strong></span> <span class='ocrx_word' id='word_1_56' title='bbox 1446 785 1530 832; x_wconf 88' lang='lat' dir='ltr'><strong>est</strong></span> <span class='ocrx_word' id='word_1_57' title='bbox 1578 777 1777 848; x_wconf 85' lang='lat' dir='ltr'><strong>injuste</strong></span> 
     </span>
    </p>
   </div>
   <div class='ocr_carea' id='block_1_10' title="bbox 209 865 1778 946">
    <p class='ocr_par' dir='ltr' id='par_1_10' title="bbox 209 865 1778 946">
     <span class='ocr_line' id='line_1_10' title="bbox 209 865 1778 946; baseline -0.001 -24"><span class='ocrx_word' id='word_1_58' title='bbox 209 869 346 927; x_wconf 85' lang='lat' dir='ltr'><strong>illum</strong></span> <span class='ocrx_word' id='word_1_59' title='bbox 377 883 564 939; x_wconf 86' lang='lat' dir='ltr'><strong>agere,</strong></span> <span class='ocrx_word' id='word_1_60' title='bbox 621 883 686 921; x_wconf 86' lang='lat' dir='ltr'><strong>ac</strong></span> <span class='ocrx_word' id='word_1_61' title='bbox 717 869 817 922; x_wconf 83' lang='lat' dir='ltr'><strong>sibi</strong></span> <span class='ocrx_word' id='word_1_62' title='bbox 871 869 1012 946; x_wconf 88' lang='lat' dir='ltr'><strong>male</strong></span> <span class='ocrx_word' id='word_1_63' title='bbox 1042 867 1348 924; x_wconf 84' lang='lat' dir='ltr'><strong>consulere.</strong></span> <span class='ocrx_word' id='word_1_64' title='bbox 1388 865 1524 921; x_wconf 82' lang='lat' dir='ltr'><strong>Nam</strong></span> <span class='ocrx_word' id='word_1_65' title='bbox 1553 867 1644 936; x_wconf 87' lang='lat' dir='ltr'><strong>qui</strong></span> <span class='ocrx_word' id='word_1_66' title='bbox 1675 865 1778 920; x_wconf 80' lang='lat' dir='ltr'><strong>Ro-</strong></span> 
     </span>
    </p>
   </div>
   <div class='ocr_carea' id='block_1_11' title="bbox 203 955 1774 1032">
    <p class='ocr_par' dir='ltr' id='par_1_11' title="bbox 203 955 1774 1032">
     <span class='ocr_line' id='line_1_11' title="bbox 203 955 1774 1032; baseline -0.001 -18"><span class='ocrx_word' id='word_1_67' title='bbox 203 975 362 1014; x_wconf 65' lang='lat' dir='ltr'><strong>mante</strong></span> <span class='ocrx_word' id='word_1_68' title='bbox 387 959 556 1030; x_wconf 84' lang='lat' dir='ltr'><strong>ipsius</strong></span> <span class='ocrx_word' id='word_1_69' title='bbox 579 955 922 1032; x_wconf 72' lang='lat' dir='ltr'><strong>privilegium</strong></span> <span class='ocrx_word' id='word_1_70' title='bbox 948 961 1016 1016; x_wconf 91' lang='lat' dir='ltr'><strong>ab</strong></span> <span class='ocrx_word' id='word_1_71' title='bbox 1039 960 1156 1030; x_wconf 88' lang='lat' dir='ltr'><strong>ipso</strong></span> <span class='ocrx_word' id='word_1_72' title='bbox 1181 957 1774 1024; x_wconf 66' lang='lat' dir='ltr'><strong>summoEcclesiarum</strong></span> 
     </span>
    </p>
   </div>
   <div class='ocr_carea' id='block_1_12' title="bbox 203 1048 1779 1122">
    <p class='ocr_par' dir='ltr' id='par_1_12' title="bbox 203 1048 1779 1122">
     <span class='ocr_line' id='line_1_12' title="bbox 203 1048 1779 1122; baseline 0.001 -20"><span class='ocrx_word' id='word_1_73' title='bbox 203 1049 430 1110; x_wconf 66' lang='lat' dir='ltr'><strong>ciuilium</strong></span> <span class='ocrx_word' id='word_1_74' title='bbox 457 1049 640 1118; x_wconf 88' lang='lat' dir='ltr'><strong>capite</strong></span> <span class='ocrx_word' id='word_1_75' title='bbox 671 1065 1014 1114; x_wconf 72' lang='lat' dir='ltr'><strong>concessure,</strong></span> <span class='ocrx_word' id='word_1_76' title='bbox 1065 1049 1365 1122; x_wconf 76' lang='lat' dir='ltr'><strong>infringere</strong></span> <span class='ocrx_word' id='word_1_77' title='bbox 1395 1059 1628 1106; x_wconf 88' lang='lat' dir='ltr'><strong>conatur</strong></span> <span class='ocrx_word' id='word_1_78' title='bbox 1659 1065 1676 1114; x_wconf 88' lang='lat'><strong>;</strong></span> <span class='ocrx_word' id='word_1_79' title='bbox 1729 1048 1779 1104; x_wconf 80' lang='lat' dir='ltr'><strong>is</strong></span> 
     </span>
    </p>
   </div>
   <div class='ocr_carea' id='block_1_13' title="bbox 203 1141 1779 1216">
    <p class='ocr_par' dir='ltr' id='par_1_13' title="bbox 203 1141 1779 1216">
     <span class='ocr_line' id='line_1_13' title="bbox 203 1141 1779 1216; baseline -0.001 -20"><span class='ocrx_word' id='word_1_80' title='bbox 203 1141 545 1216; x_wconf 74' lang='lat' dir='ltr'><strong>proculdubio</strong></span> <span class='ocrx_word' id='word_1_81' title='bbox 581 1143 636 1196; x_wconf 91' lang='lat' dir='ltr'><strong>in</strong></span> <span class='ocrx_word' id='word_1_82' title='bbox 661 1143 912 1198; x_wconf 78' lang='lat' dir='ltr'><strong>lucresim</strong></span> <span class='ocrx_word' id='word_1_83' title='bbox 943 1142 1186 1210; x_wconf 78' lang='lat' dir='ltr'><strong>labitur;</strong></span> <span class='ocrx_word' id='word_1_84' title='bbox 1237 1144 1400 1198; x_wconf 82' lang='lat' dir='ltr'><strong>tidem</strong></span> <span class='ocrx_word' id='word_1_85' title='bbox 1442 1143 1640 1214; x_wconf 87' lang='lat' dir='ltr'><strong>quippe</strong></span> <span class='ocrx_word' id='word_1_86' title='bbox 1663 1142 1779 1196; x_wconf 85' lang='lat' dir='ltr'><strong>vic-</strong></span> 
     </span>
    </p>
   </div>
   <div class='ocr_carea' id='block_1_14' title="bbox 204 1231 1780 1310">
    <p class='ocr_par' dir='ltr' id='par_1_14' title="bbox 204 1231 1780 1310">
     <span class='ocr_line' id='line_1_14' title="bbox 204 1231 1780 1310; baseline -0.001 -22"><span class='ocrx_word' id='word_1_87' title='bbox 204 1234 290 1288; x_wconf 76' lang='lat' dir='ltr'><strong>lat.</strong></span> <span class='ocrx_word' id='word_1_88' title='bbox 321 1231 422 1298; x_wconf 85' lang='lat' dir='ltr'><strong>Qui</strong></span> <span class='ocrx_word' id='word_1_89' title='bbox 463 1247 600 1310; x_wconf 68' lang='lat' dir='ltr'><strong>ergo</strong></span> <span class='ocrx_word' id='word_1_90' title='bbox 651 1231 912 1298; x_wconf 78' lang='lat' dir='ltr'><strong>adversus</strong></span> <span class='ocrx_word' id='word_1_91' title='bbox 953 1232 1102 1286; x_wconf 90' lang='lat' dir='ltr'><strong>illam</strong></span> <span class='ocrx_word' id='word_1_92' title='bbox 1154 1231 1405 1304; x_wconf 89' lang='lat' dir='ltr'><strong>insurgit,</strong></span> <span class='ocrx_word' id='word_1_93' title='bbox 1445 1249 1566 1304; x_wconf 78' lang='lat' dir='ltr'><strong>qua:</strong></span> <span class='ocrx_word' id='word_1_94' title='bbox 1605 1242 1780 1287; x_wconf 88' lang='lat' dir='ltr'><strong>mater</strong></span> 
     </span>
    </p>
   </div>
   <div class='ocr_carea' id='block_1_15' title="bbox 202 1323 1784 1396">
    <p class='ocr_par' dir='ltr' id='par_1_15' title="bbox 202 1323 1784 1396">
     <span class='ocr_line' id='line_1_15' title="bbox 202 1323 1784 1396; baseline 0 -18"><span class='ocrx_word' id='word_1_95' title='bbox 202 1335 274 1380; x_wconf 83' lang='lat' dir='ltr'><strong>cst</strong></span> <span class='ocrx_word' id='word_1_96' title='bbox 309 1324 656 1390; x_wconf 80' lang='lat' dir='ltr'><strong>lidei,etiam</strong></span> <span class='ocrx_word' id='word_1_97' title='bbox 711 1323 764 1380; x_wconf 91' lang='lat' dir='ltr'><strong>in</strong></span> <span class='ocrx_word' id='word_1_98' title='bbox 817 1324 967 1378; x_wconf 92' lang='lat' dir='ltr'><strong>illum</strong></span> <span class='ocrx_word' id='word_1_99' title='bbox 1009 1333 1306 1380; x_wconf 72' lang='lat' dir='ltr'><strong>contumax</strong></span> <span class='ocrx_word' id='word_1_100' title='bbox 1333 1325 1784 1396; x_wconf 63' lang='lat' dir='ltr'><strong>deprehenditur,</strong></span> 
     </span>
    </p>
   </div>
   <div class='ocr_carea' id='block_1_16' title="bbox 203 1419 1780 1492">
    <p class='ocr_par' dir='ltr' id='par_1_16' title="bbox 203 1419 1780 1492">
     <span class='ocr_line' id='line_1_16' title="bbox 203 1419 1780 1492; baseline 0 -19"><span class='ocrx_word' id='word_1_101' title='bbox 203 1420 286 1488; x_wconf 80' lang='lat' dir='ltr'><strong>qui</strong></span> <span class='ocrx_word' id='word_1_102' title='bbox 331 1435 448 1474; x_wconf 76' lang='lat' dir='ltr'><strong>eam</strong></span> <span class='ocrx_word' id='word_1_103' title='bbox 473 1420 692 1485; x_wconf 77' lang='lat' dir='ltr'><strong>cunctis</strong></span> <span class='ocrx_word' id='word_1_104' title='bbox 733 1419 994 1482; x_wconf 84' lang='lat' dir='ltr'><strong>Ecclesiis</strong></span> <span class='ocrx_word' id='word_1_105' title='bbox 1034 1435 1268 1492; x_wconf 68' lang='lat' dir='ltr'><strong>prmesse</strong></span> <span class='ocrx_word' id='word_1_106' title='bbox 1297 1436 1362 1476; x_wconf 87' lang='lat' dir='ltr'><strong>ac</strong></span> <span class='ocrx_word' id='word_1_107' title='bbox 1391 1421 1661 1490; x_wconf 84' lang='lat' dir='ltr'><strong>imperare</strong></span> <span class='ocrx_word' id='word_1_108' title='bbox 1685 1435 1780 1474; x_wconf 90' lang='lat' dir='ltr'><strong>vo-</strong></span> 
     </span>
    </p>
   </div>
   <div class='ocr_carea' id='block_1_17' title="bbox 203 1509 1780 1578">
    <p class='ocr_par' dir='ltr' id='par_1_17' title="bbox 203 1509 1780 1578">
     <span class='ocr_line' id='line_1_17' title="bbox 203 1509 1780 1578; baseline 0.003 -16"><span class='ocrx_word' id='word_1_109' title='bbox 203 1510 308 1572; x_wconf 69' lang='lat' dir='ltr'><strong>hit.</strong></span> <span class='ocrx_word' id='word_1_110' title='bbox 337 1510 540 1576; x_wconf 40' lang='lat' dir='ltr'><strong>Efficax,</strong></span> <span class='ocrx_word' id='word_1_111' title='bbox 560 1509 662 1564; x_wconf 87' lang='lat' dir='ltr'><strong>fuit</strong></span> <span class='ocrx_word' id='word_1_112' title='bbox 686 1511 818 1566; x_wconf 89' lang='lat' dir='ltr'><strong>tanti</strong></span> <span class='ocrx_word' id='word_1_113' title='bbox 861 1511 960 1566; x_wconf 84' lang='lat' dir='ltr'><strong>viri</strong></span> <span class='ocrx_word' id='word_1_114' title='bbox 988 1513 1184 1578; x_wconf 80' lang='lat' dir='ltr'><strong>oratio,</strong></span> <span class='ocrx_word' id='word_1_115' title='bbox 1213 1521 1270 1567; x_wconf 89' lang='lat' dir='ltr'><strong>et</strong></span> <span class='ocrx_word' id='word_1_116' title='bbox 1309 1512 1364 1568; x_wconf 91' lang='lat' dir='ltr'><strong>in</strong></span> <span class='ocrx_word' id='word_1_117' title='bbox 1395 1511 1558 1566; x_wconf 89' lang='lat' dir='ltr'><strong>corda</strong></span> <span class='ocrx_word' id='word_1_118' title='bbox 1611 1511 1780 1566; x_wconf 86' lang='lat' dir='ltr'><strong>homi-</strong></span> 
     </span>
    </p>
   </div>
   <div class='ocr_carea' id='block_1_18' title="bbox 205 1600 1776 1672">
    <p class='ocr_par' dir='ltr' id='par_1_18' title="bbox 205 1600 1776 1672">
     <span class='ocr_line' id='line_1_18' title="bbox 205 1600 1776 1672; baseline 0 -18"><span class='ocrx_word' id='word_1_119' title='bbox 205 1617 318 1660; x_wconf 82' lang='lat' dir='ltr'><strong>nam</strong></span> <span class='ocrx_word' id='word_1_120' title='bbox 365 1600 676 1670; x_wconf 69' lang='lat' dir='ltr'><strong>penetravit</strong></span> <span class='ocrx_word' id='word_1_121' title='bbox 719 1619 732 1656; x_wconf 93' lang='lat'>:</span> <span class='ocrx_word' id='word_1_122' title='bbox 783 1609 840 1655; x_wconf 87' lang='lat' dir='ltr'><strong>et</strong></span> <span class='ocrx_word' id='word_1_123' title='bbox 883 1601 1074 1670; x_wconf 85' lang='lat' dir='ltr'><strong>majori</strong></span> <span class='ocrx_word' id='word_1_124' title='bbox 1129 1617 1189 1658; x_wconf 84' lang='lat' dir='ltr'><strong>se</strong></span> <span class='ocrx_word' id='word_1_125' title='bbox 1235 1601 1514 1672; x_wconf 87' lang='lat' dir='ltr'><strong>potestati,</strong></span> <span class='ocrx_word' id='word_1_126' title='bbox 1565 1601 1776 1656; x_wconf 86' lang='lat' dir='ltr'><strong>sublata</strong></span> 
     </span>
    </p>
   </div>
   <div class='ocr_carea' id='block_1_19' title="bbox 1879 407 3458 484">
    <p class='ocr_par' dir='ltr' id='par_1_19' title="bbox 1879 407 3458 484">
     <span class='ocr_line' id='line_1_19' title="bbox 1879 407 3458 484; baseline -0.004 -16"><span class='ocrx_word' id='word_1_127' title='bbox 1879 423 1951 480; x_wconf 91' lang='lat' dir='ltr'><strong>to,</strong></span> <span class='ocrx_word' id='word_1_128' title='bbox 1975 421 2033 467; x_wconf 91' lang='lat' dir='ltr'><strong>et</strong></span> <span class='ocrx_word' id='word_1_129' title='bbox 2060 413 2280 484; x_wconf 80' lang='lat' dir='ltr'><strong>quantis</strong></span> <span class='ocrx_word' id='word_1_130' title='bbox 2308 413 2416 468; x_wconf 87' lang='lat' dir='ltr'><strong>Deo</strong></span> <span class='ocrx_word' id='word_1_131' title='bbox 2449 411 2618 484; x_wconf 76' lang='lat' dir='ltr'><strong>gratis</strong></span> <span class='ocrx_word' id='word_1_132' title='bbox 2648 411 2904 480; x_wconf 81' lang='lat' dir='ltr'><strong>operibus</strong></span> <span class='ocrx_word' id='word_1_133' title='bbox 2949 411 3034 465; x_wconf 77' lang='lat' dir='ltr'><strong>vir</strong></span> <span class='ocrx_word' id='word_1_134' title='bbox 3055 419 3279 466; x_wconf 77' lang='lat' dir='ltr'><strong>sanctus</strong></span> <span class='ocrx_word' id='word_1_135' title='bbox 3305 407 3458 464; x_wconf 74' lang='lat' dir='ltr'><strong>eii&#39;ul-</strong></span> 
     </span>
    </p>
   </div>
   <div class='ocr_carea' id='block_1_20' title="bbox 1877 499 3460 578">
    <p class='ocr_par' dir='ltr' id='par_1_20' title="bbox 1877 499 3460 578">
     <span class='ocr_line' id='line_1_20' title="bbox 1877 499 3460 578; baseline -0.003 -19"><span class='ocrx_word' id='word_1_136' title='bbox 1877 503 2029 566; x_wconf 86' lang='lat' dir='ltr'><strong>serit,</strong></span> <span class='ocrx_word' id='word_1_137' title='bbox 2063 513 2156 558; x_wconf 89' lang='lat' dir='ltr'><strong>aut</strong></span> <span class='ocrx_word' id='word_1_138' title='bbox 2207 519 2504 578; x_wconf 84' lang='lat' dir='ltr'><strong>pauperum</strong></span> <span class='ocrx_word' id='word_1_139' title='bbox 2537 503 2768 557; x_wconf 87' lang='lat' dir='ltr'><strong>lavando</strong></span> <span class='ocrx_word' id='word_1_140' title='bbox 2813 501 3000 572; x_wconf 81' lang='lat' dir='ltr'><strong>pedes,</strong></span> <span class='ocrx_word' id='word_1_141' title='bbox 3029 509 3123 555; x_wconf 86' lang='lat' dir='ltr'><strong>aut</strong></span> <span class='ocrx_word' id='word_1_142' title='bbox 3170 499 3342 556; x_wconf 89' lang='lat' dir='ltr'><strong>nudos</strong></span> <span class='ocrx_word' id='word_1_143' title='bbox 3365 515 3460 554; x_wconf 86' lang='lat' dir='ltr'><strong>ve-</strong></span> 
     </span>
    </p>
   </div>
   <div class='ocr_carea' id='block_1_21' title="bbox 1876 593 3463 666">
    <p class='ocr_par' dir='ltr' id='par_1_21' title="bbox 1876 593 3463 666">
     <span class='ocr_line' id='line_1_21' title="bbox 1876 593 3463 666; baseline -0.003 -14"><span class='ocrx_word' id='word_1_144' title='bbox 1876 595 2108 660; x_wconf 87' lang='lat' dir='ltr'><strong>stiendo,</strong></span> <span class='ocrx_word' id='word_1_145' title='bbox 2141 607 2236 652; x_wconf 88' lang='lat' dir='ltr'><strong>aut</strong></span> <span class='ocrx_word' id='word_1_146' title='bbox 2287 597 2555 650; x_wconf 83' lang='lat' dir='ltr'><strong>visitanth</strong></span> <span class='ocrx_word' id='word_1_147' title='bbox 2591 603 2844 666; x_wconf 83' lang='lat' dir='ltr'><strong>aegrotos,</strong></span> <span class='ocrx_word' id='word_1_148' title='bbox 2892 601 2950 650; x_wconf 81' lang='lat' dir='ltr'><strong>et</strong></span> <span class='ocrx_word' id='word_1_149' title='bbox 2995 593 3226 649; x_wconf 79' lang='lat' dir='ltr'><strong>aliiictos</strong></span> <span class='ocrx_word' id='word_1_150' title='bbox 3271 607 3463 648; x_wconf 77' lang='lat' dir='ltr'><strong>conso-</strong></span> 
     </span>
    </p>
   </div>
   <div class='ocr_carea' id='block_1_22' title="bbox 1879 685 3461 760">
    <p class='ocr_par' dir='ltr' id='par_1_22' title="bbox 1879 685 3461 760">
     <span class='ocr_line' id='line_1_22' title="bbox 1879 685 3461 760; baseline -0.003 -18"><span class='ocrx_word' id='word_1_151' title='bbox 1879 689 2062 744; x_wconf 82' lang='lat' dir='ltr'><strong>laudo.</strong></span> <span class='ocrx_word' id='word_1_152' title='bbox 2091 689 2428 760; x_wconf 85' lang='lat' dir='ltr'><strong>Frequentes</strong></span> <span class='ocrx_word' id='word_1_153' title='bbox 2453 697 2610 743; x_wconf 88' lang='lat' dir='ltr'><strong>erant</strong></span> <span class='ocrx_word' id='word_1_154' title='bbox 2638 687 2704 742; x_wconf 91' lang='lat' dir='ltr'><strong>ad</strong></span> <span class='ocrx_word' id='word_1_155' title='bbox 2726 685 2850 758; x_wconf 24' lang='lat' dir='ltr'><strong>ejus.</strong></span> <span class='ocrx_word' id='word_1_156' title='bbox 2873 685 3059 740; x_wconf 83' lang='lat' dir='ltr'><strong>limina</strong></span> <span class='ocrx_word' id='word_1_157' title='bbox 3089 685 3244 756; x_wconf 80' lang='lat' dir='ltr'><strong>egeni</strong></span> <span class='ocrx_word' id='word_1_158' title='bbox 3274 701 3290 751; x_wconf 87' lang='lat'><strong>;</strong></span> <span class='ocrx_word' id='word_1_159' title='bbox 3322 699 3461 754; x_wconf 89' lang='lat' dir='ltr'><strong>quo-</strong></span> 
     </span>
    </p>
   </div>
   <div class='ocr_carea' id='block_1_23' title="bbox 1880 775 3468 848">
    <p class='ocr_par' dir='ltr' id='par_1_23' title="bbox 1880 775 3468 848">
     <span class='ocr_line' id='line_1_23' title="bbox 1880 775 3468 848; baseline -0.001 -14"><span class='ocrx_word' id='word_1_160' title='bbox 1880 796 1998 834; x_wconf 87' lang='lat' dir='ltr'><strong>rum</strong></span> <span class='ocrx_word' id='word_1_161' title='bbox 2047 779 2182 834; x_wconf 88' lang='lat' dir='ltr'><strong>alios</strong></span> <span class='ocrx_word' id='word_1_162' title='bbox 2231 779 2512 835; x_wconf 86' lang='lat' dir='ltr'><strong>reficiebat</strong></span> <span class='ocrx_word' id='word_1_163' title='bbox 2573 779 2695 834; x_wconf 89' lang='lat' dir='ltr'><strong>cibo</strong></span> <span class='ocrx_word' id='word_1_164' title='bbox 2725 821 2742 846; x_wconf 93' lang='lat'><strong>,</strong></span> <span class='ocrx_word' id='word_1_165' title='bbox 2798 777 2934 834; x_wconf 85' lang='lat' dir='ltr'><strong>alios</strong></span> <span class='ocrx_word' id='word_1_166' title='bbox 2983 777 3274 832; x_wconf 67' lang='lat' dir='ltr'><strong>distributa</strong></span> <span class='ocrx_word' id='word_1_167' title='bbox 3325 775 3468 848; x_wconf 84' lang='lat' dir='ltr'><strong>stipe</strong></span> 
     </span>
    </p>
   </div>
   <div class='ocr_carea' id='block_1_24' title="bbox 1877 865 3468 936">
    <p class='ocr_par' dir='ltr' id='par_1_24' title="bbox 1877 865 3468 936">
     <span class='ocr_line' id='line_1_24' title="bbox 1877 865 3468 936; baseline -0.004 -10"><span class='ocrx_word' id='word_1_168' title='bbox 1877 869 2186 928; x_wconf 85' lang='lat' dir='ltr'><strong>dimittebat</strong></span> <span class='ocrx_word' id='word_1_169' title='bbox 2211 867 2386 932; x_wconf 72' lang='lat' dir='ltr'><strong>laetos,</strong></span> <span class='ocrx_word' id='word_1_170' title='bbox 2417 867 2598 924; x_wconf 90' lang='lat' dir='ltr'><strong>nullus</strong></span> <span class='ocrx_word' id='word_1_171' title='bbox 2626 883 2850 924; x_wconf 90' lang='lat' dir='ltr'><strong>munere</strong></span> <span class='ocrx_word' id='word_1_172' title='bbox 2883 883 3088 922; x_wconf 87' lang='lat' dir='ltr'><strong>vacuus</strong></span> <span class='ocrx_word' id='word_1_173' title='bbox 3112 865 3180 921; x_wconf 88' lang='lat' dir='ltr'><strong>ab</strong></span> <span class='ocrx_word' id='word_1_174' title='bbox 3205 867 3348 922; x_wconf 92' lang='lat' dir='ltr'><strong>illius</strong></span> <span class='ocrx_word' id='word_1_175' title='bbox 3382 867 3468 936; x_wconf 88' lang='lat' dir='ltr'><strong>ja-</strong></span> 
     </span>
    </p>
   </div>
   <div class='ocr_carea' id='block_1_25' title="bbox 1878 957 3462 1024">
    <p class='ocr_par' dir='ltr' id='par_1_25' title="bbox 1878 957 3462 1024">
     <span class='ocr_line' id='line_1_25' title="bbox 1878 957 3462 1024; baseline -0.003 -10"><span class='ocrx_word' id='word_1_176' title='bbox 1878 975 1984 1016; x_wconf 86' lang='lat' dir='ltr'><strong>nua</strong></span> <span class='ocrx_word' id='word_1_177' title='bbox 2013 959 2320 1016; x_wconf 86' lang='lat' dir='ltr'><strong>recedebat.</strong></span> <span class='ocrx_word' id='word_1_178' title='bbox 2368 958 2638 1016; x_wconf 85' lang='lat' dir='ltr'><strong>Constans</strong></span> <span class='ocrx_word' id='word_1_179' title='bbox 2679 959 2754 1014; x_wconf 89' lang='lat' dir='ltr'><strong>illi</strong></span> <span class='ocrx_word' id='word_1_180' title='bbox 2783 973 2902 1014; x_wconf 91' lang='lat' dir='ltr'><strong>mos</strong></span> <span class='ocrx_word' id='word_1_181' title='bbox 2928 968 3066 1024; x_wconf 83' lang='lat' dir='ltr'><strong>erat,</strong></span> <span class='ocrx_word' id='word_1_182' title='bbox 3101 968 3160 1014; x_wconf 92' lang='lat' dir='ltr'><strong>ut</strong></span> <span class='ocrx_word' id='word_1_183' title='bbox 3181 957 3462 1014; x_wconf 87' lang='lat' dir='ltr'><strong>duodecim</strong></span> 
     </span>
    </p>
   </div>
   <div class='ocr_carea' id='block_1_26' title="bbox 1879 1051 3466 1126">
    <p class='ocr_par' dir='ltr' id='par_1_26' title="bbox 1879 1051 3466 1126">
     <span class='ocr_line' id='line_1_26' title="bbox 1879 1051 3466 1126; baseline -0.006 -16"><span class='ocrx_word' id='word_1_184' title='bbox 1879 1071 2174 1126; x_wconf 81' lang='lat' dir='ltr'><strong>pauperum</strong></span> <span class='ocrx_word' id='word_1_185' title='bbox 2217 1055 2383 1126; x_wconf 91' lang='lat' dir='ltr'><strong>pedes</strong></span> <span class='ocrx_word' id='word_1_186' title='bbox 2410 1055 2640 1110; x_wconf 88' lang='lat' dir='ltr'><strong>lavaret.</strong></span> <span class='ocrx_word' id='word_1_187' title='bbox 2677 1054 2732 1109; x_wconf 82' lang='lat' dir='ltr'><strong>Si</strong></span> <span class='ocrx_word' id='word_1_188' title='bbox 2774 1055 2866 1126; x_wconf 91' lang='lat' dir='ltr'><strong>qui</strong></span> <span class='ocrx_word' id='word_1_189' title='bbox 2909 1062 3086 1118; x_wconf 88' lang='lat' dir='ltr'><strong>erant,</strong></span> <span class='ocrx_word' id='word_1_190' title='bbox 3113 1051 3204 1122; x_wconf 90' lang='lat' dir='ltr'><strong>qui</strong></span> <span class='ocrx_word' id='word_1_191' title='bbox 3252 1052 3306 1105; x_wconf 90' lang='lat' dir='ltr'><strong>in</strong></span> <span class='ocrx_word' id='word_1_192' title='bbox 3343 1064 3466 1119; x_wconf 83' lang='lat' dir='ltr'><strong>gra-</strong></span> 
     </span>
    </p>
   </div>
   <div class='ocr_carea' id='block_1_27' title="bbox 1878 1142 3462 1217">
    <p class='ocr_par' dir='ltr' id='par_1_27' title="bbox 1878 1142 3462 1217">
     <span class='ocr_line' id='line_1_27' title="bbox 1878 1142 3462 1217; baseline -0.007 -15"><span class='ocrx_word' id='word_1_193' title='bbox 1878 1145 2020 1202; x_wconf 88' lang='lat' dir='ltr'><strong>batis</strong></span> <span class='ocrx_word' id='word_1_194' title='bbox 2035 1145 2731 1217; x_wconf 57' lang='lat' dir='ltr'><strong>jacercnt,particularum</strong></span> <span class='ocrx_word' id='word_1_195' title='bbox 2763 1161 2951 1200; x_wconf 88' lang='lat' dir='ltr'><strong>eorum</strong></span> <span class='ocrx_word' id='word_1_196' title='bbox 2985 1160 3171 1199; x_wconf 90' lang='lat' dir='ltr'><strong>curam</strong></span> <span class='ocrx_word' id='word_1_197' title='bbox 3201 1142 3420 1214; x_wconf 79' lang='lat' dir='ltr'><strong>gerebat</strong></span> <span class='ocrx_word' id='word_1_198' title='bbox 3447 1155 3462 1192; x_wconf 91' lang='lat'>:</span> 
     </span>
    </p>
   </div>
   <div class='ocr_carea' id='block_1_28' title="bbox 1878 1233 3468 1312">
    <p class='ocr_par' dir='ltr' id='par_1_28' title="bbox 1878 1233 3468 1312">
     <span class='ocr_line' id='line_1_28' title="bbox 1878 1233 3468 1312; baseline -0.006 -22"><span class='ocrx_word' id='word_1_199' title='bbox 1878 1252 2044 1312; x_wconf 85' lang='lat' dir='ltr'><strong>unum</strong></span> <span class='ocrx_word' id='word_1_200' title='bbox 2073 1236 2218 1292; x_wconf 89' lang='lat' dir='ltr'><strong>enim</strong></span> <span class='ocrx_word' id='word_1_201' title='bbox 2265 1235 2574 1306; x_wconf 79' lang='lat' dir='ltr'><strong>quempiam</strong></span> <span class='ocrx_word' id='word_1_202' title='bbox 2607 1235 2674 1289; x_wconf 91' lang='lat' dir='ltr'><strong>iis</strong></span> <span class='ocrx_word' id='word_1_203' title='bbox 2693 1233 3008 1306; x_wconf 88' lang='lat' dir='ltr'><strong>dcputabat,</strong></span> <span class='ocrx_word' id='word_1_204' title='bbox 3038 1233 3130 1302; x_wconf 90' lang='lat' dir='ltr'><strong>qui</strong></span> <span class='ocrx_word' id='word_1_205' title='bbox 3159 1233 3373 1285; x_wconf 87' lang='lat' dir='ltr'><strong>adesset</strong></span> <span class='ocrx_word' id='word_1_206' title='bbox 3405 1243 3468 1282; x_wconf 90' lang='lat' dir='ltr'><strong>ac</strong></span> 
     </span>
    </p>
   </div>
   <div class='ocr_carea' id='block_1_29' title="bbox 1880 1323 3469 1390">
    <p class='ocr_par' dir='ltr' id='par_1_29' title="bbox 1880 1323 3469 1390">
     <span class='ocr_line' id='line_1_29' title="bbox 1880 1323 3469 1390; baseline -0.008 -6"><span class='ocrx_word' id='word_1_207' title='bbox 1880 1329 2186 1386; x_wconf 87' lang='lat' dir='ltr'><strong>necessaria</strong></span> <span class='ocrx_word' id='word_1_208' title='bbox 2219 1328 2679 1385; x_wconf 89' lang='lat' dir='ltr'><strong>subministraret.</strong></span> <span class='ocrx_word' id='word_1_209' title='bbox 2727 1327 2806 1382; x_wconf 87' lang='lat' dir='ltr'><strong>lla</strong></span> <span class='ocrx_word' id='word_1_210' title='bbox 2853 1327 2994 1382; x_wconf 89' lang='lat' dir='ltr'><strong>bona</strong></span> <span class='ocrx_word' id='word_1_211' title='bbox 3039 1323 3316 1388; x_wconf 64' lang='lat' dir='ltr'><strong>Ecclesia,</strong></span> <span class='ocrx_word' id='word_1_212' title='bbox 3348 1333 3469 1390; x_wconf 70' lang='lat' dir='ltr'><strong>qua:</strong></span> 
     </span>
    </p>
   </div>
   <div class='ocr_carea' id='block_1_30' title="bbox 1879 1413 3470 1492">
    <p class='ocr_par' dir='ltr' id='par_1_30' title="bbox 1879 1413 3470 1492">
     <span class='ocr_line' id='line_1_30' title="bbox 1879 1413 3470 1492; baseline -0.008 -16"><span class='ocrx_word' id='word_1_213' title='bbox 1879 1421 2023 1478; x_wconf 89' lang='lat' dir='ltr'><strong>bona</strong></span> <span class='ocrx_word' id='word_1_214' title='bbox 2053 1430 2180 1478; x_wconf 90' lang='lat' dir='ltr'><strong>sunt</strong></span> <span class='ocrx_word' id='word_1_215' title='bbox 2203 1435 2528 1492; x_wconf 88' lang='lat' dir='ltr'><strong>pauperum,</strong></span> <span class='ocrx_word' id='word_1_216' title='bbox 2561 1419 2612 1472; x_wconf 91' lang='lat' dir='ltr'><strong>in</strong></span> <span class='ocrx_word' id='word_1_217' title='bbox 2642 1433 2774 1474; x_wconf 91' lang='lat' dir='ltr'><strong>usus</strong></span> <span class='ocrx_word' id='word_1_218' title='bbox 2797 1417 2914 1490; x_wconf 91' lang='lat' dir='ltr'><strong>pios</strong></span> <span class='ocrx_word' id='word_1_219' title='bbox 2945 1413 3317 1487; x_wconf 86' lang='lat' dir='ltr'><strong>dispensabat,</strong></span> <span class='ocrx_word' id='word_1_220' title='bbox 3349 1425 3470 1480; x_wconf 74' lang='lat' dir='ltr'><strong>pro-</strong></span> 
     </span>
    </p>
   </div>
   <div class='ocr_carea' id='block_1_31' title="bbox 1879 1499 3478 1582">
    <p class='ocr_par' dir='ltr' id='par_1_31' title="bbox 1879 1499 3478 1582">
     <span class='ocr_line' id='line_1_31' title="bbox 1879 1499 3478 1582; baseline -0.009 -16"><span class='ocrx_word' id='word_1_221' title='bbox 1879 1511 2013 1582; x_wconf 89' lang='lat' dir='ltr'><strong>priis</strong></span> <span class='ocrx_word' id='word_1_222' title='bbox 2039 1526 2270 1582; x_wconf 87' lang='lat' dir='ltr'><strong>parcens</strong></span> <span class='ocrx_word' id='word_1_223' title='bbox 2300 1510 2626 1582; x_wconf 84' lang='lat' dir='ltr'><strong>sumptibus,</strong></span> <span class='ocrx_word' id='word_1_224' title='bbox 2654 1517 2708 1564; x_wconf 92' lang='lat' dir='ltr'><strong>et</strong></span> <span class='ocrx_word' id='word_1_225' title='bbox 2737 1523 2926 1563; x_wconf 85' lang='lat' dir='ltr'><strong>sacros</strong></span> <span class='ocrx_word' id='word_1_226' title='bbox 2952 1499 3478 1561; x_wconf 66' lang='lat' dir='ltr'><strong>commonefaciebat</strong></span> 
     </span>
    </p>
   </div>
   <div class='ocr_carea' id='block_1_32' title="bbox 1881 1593 3471 1670">
    <p class='ocr_par' dir='ltr' id='par_1_32' title="bbox 1881 1593 3471 1670">
     <span class='ocr_line' id='line_1_32' title="bbox 1881 1593 3471 1670; baseline -0.01 -11"><span class='ocrx_word' id='word_1_227' title='bbox 1881 1603 2186 1670; x_wconf 86' lang='lat' dir='ltr'><strong>ministros,</strong></span> <span class='ocrx_word' id='word_1_228' title='bbox 2221 1603 2450 1658; x_wconf 79' lang='lat' dir='ltr'><strong>dicens:</strong></span> <span class='ocrx_word' id='word_1_229' title='bbox 2485 1600 2715 1665; x_wconf 85' lang='lat' dir='ltr'><strong>Scitote,</strong></span> <span class='ocrx_word' id='word_1_230' title='bbox 2745 1599 2946 1654; x_wconf 79' lang='lat' dir='ltr'><strong>fratres</strong></span> <span class='ocrx_word' id='word_1_231' title='bbox 2991 1593 3327 1656; x_wconf 87' lang='lat' dir='ltr'><strong>cbarissimi,</strong></span> <span class='ocrx_word' id='word_1_232' title='bbox 3353 1607 3471 1644; x_wconf 85' lang='lat' dir='ltr'><strong>om-</strong></span> 
     </span>
    </p>
   </div>
   <div class='ocr_carea' id='block_1_33' title="bbox 205 1676 3469 1764">
    <p class='ocr_par' dir='ltr' id='par_1_33' title="bbox 205 1676 3469 1764">
     <span class='ocr_line' id='line_1_33' title="bbox 205 1676 3469 1764; baseline -0.003 -16"><span class='ocrx_word' id='word_1_233' title='bbox 205 1692 566 1762; x_wconf 80' lang='lat' dir='ltr'><strong>coutentionc,</strong></span> <span class='ocrx_word' id='word_1_234' title='bbox 618 1693 942 1752; x_wconf 82' lang='lat' dir='ltr'><strong>submisere.</strong></span> <span class='ocrx_word' id='word_1_235' title='bbox 997 1692 1104 1750; x_wconf 87' lang='lat' dir='ltr'><strong>Sed</strong></span> <span class='ocrx_word' id='word_1_236' title='bbox 1157 1709 1281 1752; x_wconf 81' lang='lat' dir='ltr'><strong>eum</strong></span> <span class='ocrx_word' id='word_1_237' title='bbox 1334 1693 1566 1764; x_wconf 76' lang='lat' dir='ltr'><strong>diligens</strong></span> <span class='ocrx_word' id='word_1_238' title='bbox 1617 1691 1776 1747; x_wconf 78' lang='lat' dir='ltr'><strong>fieret</strong></span> <span class='ocrx_word' id='word_1_239' title='bbox 1805 1676 1856 1738; x_wconf 66' lang='grc' dir='ltr'><strong><em>Β</em></strong></span> <span class='ocrx_word' id='word_1_240' title='bbox 1885 1695 1974 1750; x_wconf 87' lang='lat' dir='ltr'><strong>nia</strong></span> <span class='ocrx_word' id='word_1_241' title='bbox 2017 1695 2118 1751; x_wconf 79' lang='lat' dir='ltr'><strong>iSIa</strong></span> <span class='ocrx_word' id='word_1_242' title='bbox 2153 1693 2405 1750; x_wconf 75' lang='lat' dir='ltr'><strong>Ecclesia:</strong></span> <span class='ocrx_word' id='word_1_243' title='bbox 2433 1692 2574 1748; x_wconf 84' lang='lat' dir='ltr'><strong>bona</strong></span> <span class='ocrx_word' id='word_1_244' title='bbox 2619 1706 2776 1746; x_wconf 89' lang='lat' dir='ltr'><strong>sacra</strong></span> <span class='ocrx_word' id='word_1_245' title='bbox 2827 1705 2972 1756; x_wconf 90' lang='lat' dir='ltr'><strong>esse,</strong></span> <span class='ocrx_word' id='word_1_246' title='bbox 3004 1703 3070 1743; x_wconf 86' lang='lat' dir='ltr'><strong>ac</strong></span> <span class='ocrx_word' id='word_1_247' title='bbox 3119 1695 3469 1757; x_wconf 85' lang='lat' dir='ltr'><strong>peccatorum</strong></span> 
     </span>
    </p>
   </div>
   <div class='ocr_carea' id='block_1_34' title="bbox 203 1784 1778 1856">
    <p class='ocr_par' dir='ltr' id='par_1_34' title="bbox 203 1784 1778 1856">
     <span class='ocr_line' id='line_1_34' title="bbox 203 1784 1778 1856; baseline -0.001 -18"><span class='ocrx_word' id='word_1_248' title='bbox 203 1799 470 1842; x_wconf 76' lang='lat' dir='ltr'><strong>sacrorum</strong></span> <span class='ocrx_word' id='word_1_249' title='bbox 523 1784 902 1840; x_wconf 88' lang='lat' dir='ltr'><strong>ministrorum</strong></span> <span class='ocrx_word' id='word_1_250' title='bbox 957 1785 1280 1856; x_wconf 74' lang='lat' dir='ltr'><strong>inquisitio,</strong></span> <span class='ocrx_word' id='word_1_251' title='bbox 1335 1785 1429 1840; x_wconf 74' lang='lat' dir='ltr'><strong>vix</strong></span> <span class='ocrx_word' id='word_1_252' title='bbox 1491 1784 1778 1854; x_wconf 81' lang='lat' dir='ltr'><strong>quisquam</strong></span> 
     </span>
    </p>
   </div>
   <div class='ocr_carea' id='block_1_35' title="bbox 207 1875 1784 1948">
    <p class='ocr_par' dir='ltr' id='par_1_35' title="bbox 207 1875 1784 1948">
     <span class='ocr_line' id='line_1_35' title="bbox 207 1875 1784 1948; baseline 0 -20"><span class='ocrx_word' id='word_1_253' title='bbox 207 1885 436 1944; x_wconf 87' lang='lat' dir='ltr'><strong>repertus</strong></span> <span class='ocrx_word' id='word_1_254' title='bbox 463 1885 554 1931; x_wconf 90' lang='lat' dir='ltr'><strong>est</strong></span> <span class='ocrx_word' id='word_1_255' title='bbox 579 1877 672 1944; x_wconf 85' lang='lat' dir='ltr'><strong>qui</strong></span> <span class='ocrx_word' id='word_1_256' title='bbox 705 1875 772 1930; x_wconf 90' lang='lat' dir='ltr'><strong>ad</strong></span> <span class='ocrx_word' id='word_1_257' title='bbox 803 1891 994 1932; x_wconf 84' lang='lat' dir='ltr'><strong>sacros</strong></span> <span class='ocrx_word' id='word_1_258' title='bbox 1031 1877 1252 1938; x_wconf 73' lang='lat' dir='ltr'><strong>ordines</strong></span> <span class='ocrx_word' id='word_1_259' title='bbox 1285 1877 1403 1936; x_wconf 86' lang='lat' dir='ltr'><strong>sine</strong></span> <span class='ocrx_word' id='word_1_260' title='bbox 1451 1877 1630 1948; x_wconf 73' lang='lat' dir='ltr'><strong>pretio</strong></span> <span class='ocrx_word' id='word_1_261' title='bbox 1659 1891 1784 1948; x_wconf 68' lang='lat' dir='ltr'><strong>pro.</strong></span> 
     </span>
    </p>
   </div>
   <div class='ocr_carea' id='block_1_36' title="bbox 209 1963 1785 2036">
    <p class='ocr_par' dir='ltr' id='par_1_36' title="bbox 209 1963 1785 2036">
     <span class='ocr_line' id='line_1_36' title="bbox 209 1963 1785 2036; baseline -0.003 -12"><span class='ocrx_word' id='word_1_262' title='bbox 209 1973 374 2028; x_wconf 75' lang='lat' dir='ltr'><strong>motus</strong></span> <span class='ocrx_word' id='word_1_263' title='bbox 391 1973 558 2020; x_wconf 82' lang='lat' dir='ltr'><strong>esset.</strong></span> <span class='ocrx_word' id='word_1_264' title='bbox 589 1965 797 2036; x_wconf 77' lang='lat' dir='ltr'><strong>Magnis</strong></span> <span class='ocrx_word' id='word_1_265' title='bbox 829 1963 898 2022; x_wconf 89' lang='lat' dir='ltr'><strong>ob</strong></span> <span class='ocrx_word' id='word_1_266' title='bbox 929 1966 1032 2032; x_wconf 78' lang='lat' dir='ltr'><strong>hoc</strong></span> <span class='ocrx_word' id='word_1_267' title='bbox 1058 1975 1278 2022; x_wconf 89' lang='lat' dir='ltr'><strong>sanctus</strong></span> <span class='ocrx_word' id='word_1_268' title='bbox 1307 1967 1393 2020; x_wconf 91' lang='lat' dir='ltr'><strong>vir</strong></span> <span class='ocrx_word' id='word_1_269' title='bbox 1431 1965 1580 2022; x_wconf 89' lang='lat' dir='ltr'><strong>curis</strong></span> <span class='ocrx_word' id='word_1_270' title='bbox 1619 1979 1785 2036; x_wconf 86' lang='lat' dir='ltr'><strong>ange-</strong></span> 
     </span>
    </p>
   </div>
   <div class='ocr_carea' id='block_1_37' title="bbox 204 2055 1782 2118">
    <p class='ocr_par' dir='ltr' id='par_1_37' title="bbox 204 2055 1782 2118">
     <span class='ocr_line' id='line_1_37' title="bbox 204 2055 1782 2118; baseline 0.003 -12"><span class='ocrx_word' id='word_1_271' title='bbox 204 2055 388 2118; x_wconf 77' lang='lat' dir='ltr'><strong>batur:</strong></span> <span class='ocrx_word' id='word_1_272' title='bbox 439 2055 662 2112; x_wconf 84' lang='lat' dir='ltr'><strong>videbat</strong></span> <span class='ocrx_word' id='word_1_273' title='bbox 701 2057 844 2118; x_wconf 82' lang='lat' dir='ltr'><strong>enim</strong></span> <span class='ocrx_word' id='word_1_274' title='bbox 872 2066 980 2112; x_wconf 88' lang='lat' dir='ltr'><strong>tam</strong></span> <span class='ocrx_word' id='word_1_275' title='bbox 1013 2055 1176 2112; x_wconf 85' lang='lat' dir='ltr'><strong>latam</strong></span> <span class='ocrx_word' id='word_1_276' title='bbox 1208 2057 1484 2116; x_wconf 55' lang='lat' dir='ltr'><strong>dioecesim</strong></span> <span class='ocrx_word' id='word_1_277' title='bbox 1509 2073 1630 2112; x_wconf 90' lang='lat' dir='ltr'><strong>cum</strong></span> <span class='ocrx_word' id='word_1_278' title='bbox 1671 2067 1782 2112; x_wconf 88' lang='lat' dir='ltr'><strong>tam</strong></span> 
     </span>
    </p>
   </div>
   <div class='ocr_carea' id='block_1_38' title="bbox 205 2144 1784 2222">
    <p class='ocr_par' dir='ltr' id='par_1_38' title="bbox 205 2144 1784 2222">
     <span class='ocr_line' id='line_1_38' title="bbox 205 2144 1784 2222; baseline 0.002 -25"><span class='ocrx_word' id='word_1_279' title='bbox 205 2144 380 2204; x_wconf 78' lang='lat' dir='ltr'><strong>tinbili.</strong></span> <span class='ocrx_word' id='word_1_280' title='bbox 419 2153 476 2199; x_wconf 92' lang='lat' dir='ltr'><strong>et</strong></span> <span class='ocrx_word' id='word_1_281' title='bbox 504 2145 684 2222; x_wconf 85' lang='lat' dir='ltr'><strong>ampla</strong></span> <span class='ocrx_word' id='word_1_282' title='bbox 717 2146 878 2211; x_wconf 73' lang='lat' dir='ltr'><strong>urbe,</strong></span> <span class='ocrx_word' id='word_1_283' title='bbox 903 2155 1088 2216; x_wconf 86' lang='lat' dir='ltr'><strong>totque</strong></span> <span class='ocrx_word' id='word_1_284' title='bbox 1110 2146 1370 2202; x_wconf 84' lang='lat' dir='ltr'><strong>ecclesias</strong></span> <span class='ocrx_word' id='word_1_285' title='bbox 1395 2146 1696 2216; x_wconf 78' lang='lat' dir='ltr'><strong>profanari,</strong></span> <span class='ocrx_word' id='word_1_286' title='bbox 1725 2153 1784 2200; x_wconf 87' lang='lat' dir='ltr'><strong>ut</strong></span> 
     </span>
    </p>
   </div>
   <div class='ocr_carea' id='block_1_39' title="bbox 201 2233 1780 2310">
    <p class='ocr_par' dir='ltr' id='par_1_39' title="bbox 201 2233 1780 2310">
     <span class='ocr_line' id='line_1_39' title="bbox 201 2233 1780 2310; baseline 0.003 -24"><span class='ocrx_word' id='word_1_287' title='bbox 201 2234 274 2292; x_wconf 82' lang='lat' dir='ltr'><strong>sic</strong></span> <span class='ocrx_word' id='word_1_288' title='bbox 297 2233 516 2310; x_wconf 81' lang='lat' dir='ltr'><strong>quidem</strong></span> <span class='ocrx_word' id='word_1_289' title='bbox 553 2235 872 2305; x_wconf 68' lang='lat' dir='ltr'><strong>religionem</strong></span> <span class='ocrx_word' id='word_1_290' title='bbox 921 2236 1092 2290; x_wconf 88' lang='lat' dir='ltr'><strong>everti</strong></span> <span class='ocrx_word' id='word_1_291' title='bbox 1140 2235 1508 2304; x_wconf 80' lang='lat' dir='ltr'><strong>Christianam</strong></span> <span class='ocrx_word' id='word_1_292' title='bbox 1545 2245 1780 2308; x_wconf 81' lang='lat' dir='ltr'><strong>putaret.</strong></span> 
     </span>
    </p>
   </div>
   <div class='ocr_carea' id='block_1_40' title="bbox 205 2325 1782 2400">
    <p class='ocr_par' dir='ltr' id='par_1_40' title="bbox 205 2325 1782 2400">
     <span class='ocr_line' id='line_1_40' title="bbox 205 2325 1782 2400; baseline 0.002 -21"><span class='ocrx_word' id='word_1_293' title='bbox 205 2325 298 2379; x_wconf 85' lang='lat' dir='ltr'><strong>Sed</strong></span> <span class='ocrx_word' id='word_1_294' title='bbox 345 2333 466 2380; x_wconf 88' lang='lat' dir='ltr'><strong>erat</strong></span> <span class='ocrx_word' id='word_1_295' title='bbox 523 2325 682 2384; x_wconf 84' lang='lat' dir='ltr'><strong>valde</strong></span> <span class='ocrx_word' id='word_1_296' title='bbox 729 2325 1024 2396; x_wconf 85' lang='lat' dir='ltr'><strong>litigiosum</strong></span> <span class='ocrx_word' id='word_1_297' title='bbox 1079 2327 1359 2400; x_wconf 83' lang='lat' dir='ltr'><strong>indulgere</strong></span> <span class='ocrx_word' id='word_1_298' title='bbox 1401 2328 1615 2398; x_wconf 86' lang='lat' dir='ltr'><strong>paucis,</strong></span> <span class='ocrx_word' id='word_1_299' title='bbox 1657 2343 1782 2382; x_wconf 89' lang='lat' dir='ltr'><strong>cum</strong></span> 
     </span>
    </p>
   </div>
   <div class='ocr_carea' id='block_1_41' title="bbox 201 2415 1782 2490">
    <p class='ocr_par' dir='ltr' id='par_1_41' title="bbox 201 2415 1782 2490">
     <span class='ocr_line' id='line_1_41' title="bbox 201 2415 1782 2490; baseline 0.003 -21"><span class='ocrx_word' id='word_1_300' title='bbox 201 2415 302 2470; x_wconf 81' lang='lat' dir='ltr'><strong>fere</strong></span> <span class='ocrx_word' id='word_1_301' title='bbox 343 2417 592 2472; x_wconf 89' lang='lat' dir='ltr'><strong>omnium</strong></span> <span class='ocrx_word' id='word_1_302' title='bbox 639 2426 786 2478; x_wconf 83' lang='lat' dir='ltr'><strong>esset</strong></span> <span class='ocrx_word' id='word_1_303' title='bbox 832 2419 986 2490; x_wconf 89' lang='lat' dir='ltr'><strong>culpa</strong></span> <span class='ocrx_word' id='word_1_304' title='bbox 1017 2419 1359 2486; x_wconf 82' lang='lat' dir='ltr'><strong>communis;</strong></span> <span class='ocrx_word' id='word_1_305' title='bbox 1417 2435 1520 2476; x_wconf 90' lang='lat' dir='ltr'><strong>nec</strong></span> <span class='ocrx_word' id='word_1_306' title='bbox 1565 2435 1782 2490; x_wconf 70' lang='lat' dir='ltr'><strong>mquam</strong></span> 
     </span>
    </p>
   </div>
   <div class='ocr_carea' id='block_1_42' title="bbox 201 2505 1782 2579">
    <p class='ocr_par' dir='ltr' id='par_1_42' title="bbox 201 2505 1782 2579">
     <span class='ocr_line' id='line_1_42' title="bbox 201 2505 1782 2579; baseline 0.003 -20"><span class='ocrx_word' id='word_1_307' title='bbox 201 2505 480 2568; x_wconf 79' lang='lat' dir='ltr'><strong>videbatur</strong></span> <span class='ocrx_word' id='word_1_308' title='bbox 510 2507 782 2562; x_wconf 78' lang='lat' dir='ltr'><strong>diversam</strong></span> <span class='ocrx_word' id='word_1_309' title='bbox 814 2508 868 2562; x_wconf 87' lang='lat' dir='ltr'><strong>in</strong></span> <span class='ocrx_word' id='word_1_310' title='bbox 900 2521 994 2572; x_wconf 84' lang='lat' dir='ltr'><strong>eos</strong></span> <span class='ocrx_word' id='word_1_311' title='bbox 1014 2507 1256 2579; x_wconf 82' lang='lat' dir='ltr'><strong>proferre</strong></span> <span class='ocrx_word' id='word_1_312' title='bbox 1283 2509 1631 2574; x_wconf 85' lang='lat' dir='ltr'><strong>sententiam,</strong></span> <span class='ocrx_word' id='word_1_313' title='bbox 1658 2525 1782 2564; x_wconf 74' lang='lat' dir='ltr'><strong>cura</strong></span> 
     </span>
    </p>
   </div>
   <div class='ocr_carea' id='block_1_43' title="bbox 194 2599 1787 2671">
    <p class='ocr_par' dir='ltr' id='par_1_43' title="bbox 194 2599 1787 2671">
     <span class='ocr_line' id='line_1_43' title="bbox 194 2599 1787 2671; baseline 0.001 -19"><span class='ocrx_word' id='word_1_314' title='bbox 194 2607 329 2652; x_wconf 82' lang='lat' dir='ltr'><strong>esset</strong></span> <span class='ocrx_word' id='word_1_315' title='bbox 363 2614 472 2653; x_wconf 86' lang='lat' dir='ltr'><strong>una</strong></span> <span class='ocrx_word' id='word_1_316' title='bbox 527 2599 771 2654; x_wconf 88' lang='lat' dir='ltr'><strong>omnium</strong></span> <span class='ocrx_word' id='word_1_317' title='bbox 812 2615 994 2654; x_wconf 83' lang='lat' dir='ltr'><strong>causa.</strong></span> <span class='ocrx_word' id='word_1_318' title='bbox 1031 2599 1090 2664; x_wconf 84' lang='lat' dir='ltr'><strong>in</strong></span> <span class='ocrx_word' id='word_1_319' title='bbox 1146 2607 1298 2656; x_wconf 86' lang='lat' dir='ltr'><strong>tanta</strong></span> <span class='ocrx_word' id='word_1_320' title='bbox 1348 2599 1514 2671; x_wconf 79' lang='lat' dir='ltr'><strong>igitur</strong></span> <span class='ocrx_word' id='word_1_321' title='bbox 1556 2599 1787 2655; x_wconf 80' lang='lat' dir='ltr'><strong>ditlicul—</strong></span> 
     </span>
    </p>
   </div>
   <div class='ocr_carea' id='block_1_44' title="bbox 193 2689 1786 2762">
    <p class='ocr_par' dir='ltr' id='par_1_44' title="bbox 193 2689 1786 2762">
     <span class='ocr_line' id='line_1_44' title="bbox 193 2689 1786 2762; baseline -0.001 -16"><span class='ocrx_word' id='word_1_322' title='bbox 193 2695 304 2746; x_wconf 76' lang='lat' dir='ltr'><strong>late</strong></span> <span class='ocrx_word' id='word_1_323' title='bbox 329 2689 570 2760; x_wconf 85' lang='lat' dir='ltr'><strong>positus,</strong></span> <span class='ocrx_word' id='word_1_324' title='bbox 608 2690 734 2758; x_wconf 83' lang='lat' dir='ltr'><strong>quia</strong></span> <span class='ocrx_word' id='word_1_325' title='bbox 759 2704 865 2748; x_wconf 84' lang='lat' dir='ltr'><strong>non</strong></span> <span class='ocrx_word' id='word_1_326' title='bbox 895 2697 1109 2760; x_wconf 87' lang='lat' dir='ltr'><strong>poterat</strong></span> <span class='ocrx_word' id='word_1_327' title='bbox 1154 2691 1275 2746; x_wconf 90' lang='lat' dir='ltr'><strong>sine</strong></span> <span class='ocrx_word' id='word_1_328' title='bbox 1303 2689 1506 2760; x_wconf 76' lang='lat' dir='ltr'><strong>ingenti</strong></span> <span class='ocrx_word' id='word_1_329' title='bbox 1543 2689 1786 2762; x_wconf 86' lang='lat' dir='ltr'><strong>pericqu</strong></span> 
     </span>
    </p>
   </div>
   <div class='ocr_carea' id='block_1_45' title="bbox 195 2779 1784 2846">
    <p class='ocr_par' dir='ltr' id='par_1_45' title="bbox 195 2779 1784 2846">
     <span class='ocr_line' id='line_1_45' title="bbox 195 2779 1784 2846; baseline 0.001 -14"><span class='ocrx_word' id='word_1_330' title='bbox 195 2779 336 2834; x_wconf 88' lang='lat' dir='ltr'><strong>illius</strong></span> <span class='ocrx_word' id='word_1_331' title='bbox 390 2779 536 2834; x_wconf 88' lang='lat' dir='ltr'><strong>mala</strong></span> <span class='ocrx_word' id='word_1_332' title='bbox 586 2779 864 2846; x_wconf 70' lang='lat' dir='ltr'><strong>Ecclesiar,</strong></span> <span class='ocrx_word' id='word_1_333' title='bbox 919 2781 1068 2836; x_wconf 85' lang='lat' dir='ltr'><strong>salva</strong></span> <span class='ocrx_word' id='word_1_334' title='bbox 1119 2795 1388 2836; x_wconf 88' lang='lat' dir='ltr'><strong>canonum</strong></span> <span class='ocrx_word' id='word_1_335' title='bbox 1437 2780 1784 2842; x_wconf 82' lang='lat' dir='ltr'><strong>auctoritate,</strong></span> 
     </span>
    </p>
   </div>
   <div class='ocr_carea' id='block_1_46' title="bbox 191 2870 1784 2948">
    <p class='ocr_par' dir='ltr' id='par_1_46' title="bbox 191 2870 1784 2948">
     <span class='ocr_line' id='line_1_46' title="bbox 191 2870 1784 2948; baseline -0.001 -20"><span class='ocrx_word' id='word_1_336' title='bbox 191 2873 472 2948; x_wconf 80' lang='lat' dir='ltr'><strong>corrigere</strong></span> <span class='ocrx_word' id='word_1_337' title='bbox 501 2912 518 2936; x_wconf 89' lang='lat'><strong>,</strong></span> <span class='ocrx_word' id='word_1_338' title='bbox 569 2873 806 2928; x_wconf 80' lang='lat' dir='ltr'><strong>studuit.</strong></span> <span class='ocrx_word' id='word_1_339' title='bbox 837 2872 1032 2930; x_wconf 86' lang='lat' dir='ltr'><strong>saltem</strong></span> <span class='ocrx_word' id='word_1_340' title='bbox 1080 2888 1347 2944; x_wconf 77' lang='lat' dir='ltr'><strong>perversa:</strong></span> <span class='ocrx_word' id='word_1_341' title='bbox 1403 2870 1784 2930; x_wconf 79' lang='lat' dir='ltr'><strong>consuetudini</strong></span> 
     </span>
    </p>
   </div>
   <div class='ocr_carea' id='block_1_47' title="bbox 191 2961 1782 3036">
    <p class='ocr_par' dir='ltr' id='par_1_47' title="bbox 191 2961 1782 3036">
     <span class='ocr_line' id='line_1_47' title="bbox 191 2961 1782 3036; baseline 0.002 -22"><span class='ocrx_word' id='word_1_342' title='bbox 191 2963 348 3016; x_wconf 80' lang='lat' dir='ltr'><strong>liuent</strong></span> <span class='ocrx_word' id='word_1_343' title='bbox 381 2961 688 3034; x_wconf 87' lang='lat' dir='ltr'><strong>imponere,</strong></span> <span class='ocrx_word' id='word_1_344' title='bbox 723 2977 787 3018; x_wconf 90' lang='lat' dir='ltr'><strong>ac</strong></span> <span class='ocrx_word' id='word_1_345' title='bbox 813 2963 1122 3032; x_wconf 75' lang='lat' dir='ltr'><strong>providere,</strong></span> <span class='ocrx_word' id='word_1_346' title='bbox 1172 2973 1232 3018; x_wconf 91' lang='lat' dir='ltr'><strong>ut</strong></span> <span class='ocrx_word' id='word_1_347' title='bbox 1268 2964 1520 3035; x_wconf 85' lang='lat' dir='ltr'><strong>deinceps</strong></span> <span class='ocrx_word' id='word_1_348' title='bbox 1544 2961 1782 3036; x_wconf 79' lang='lat' dir='ltr'><strong>gratuita</strong></span> 
     </span>
    </p>
   </div>
   <div class='ocr_carea' id='block_1_48' title="bbox 187 3053 1784 3132">
    <p class='ocr_par' dir='ltr' id='par_1_48' title="bbox 187 3053 1784 3132">
     <span class='ocr_line' id='line_1_48' title="bbox 187 3053 1784 3132; baseline 0.001 -24"><span class='ocrx_word' id='word_1_349' title='bbox 187 3063 328 3117; x_wconf 77' lang='lat' dir='ltr'><strong>esset</strong></span> <span class='ocrx_word' id='word_1_350' title='bbox 353 3054 426 3132; x_wconf 76' lang='lat' dir='ltr'><strong>ad</strong></span> <span class='ocrx_word' id='word_1_351' title='bbox 445 3065 660 3118; x_wconf 69' lang='lat' dir='ltr'><strong>sacros</strong></span> <span class='ocrx_word' id='word_1_352' title='bbox 689 3055 912 3109; x_wconf 88' lang='lat' dir='ltr'><strong>ordines</strong></span> <span class='ocrx_word' id='word_1_353' title='bbox 939 3055 1230 3132; x_wconf 87' lang='lat' dir='ltr'><strong>promotio.</strong></span> <span class='ocrx_word' id='word_1_354' title='bbox 1267 3053 1448 3126; x_wconf 75' lang='lat' dir='ltr'><strong>Exigit</strong></span> <span class='ocrx_word' id='word_1_355' title='bbox 1477 3055 1641 3126; x_wconf 79' lang='lat' dir='ltr'><strong>igitur</strong></span> <span class='ocrx_word' id='word_1_356' title='bbox 1675 3067 1784 3110; x_wconf 77' lang='lat' dir='ltr'><strong>tam</strong></span> 
     </span>
    </p>
   </div>
   <div class='ocr_carea' id='block_1_49' title="bbox 187 3127 1784 3217">
    <p class='ocr_par' dir='ltr' id='par_1_49' title="bbox 187 3127 1784 3217">
     <span class='ocr_line' id='line_1_49' title="bbox 187 3127 1784 3217; baseline 0.003 -21"><span class='ocrx_word' id='word_1_357' title='bbox 187 3144 256 3198; x_wconf 85' lang='lat' dir='ltr'><strong>ab</strong></span> <span class='ocrx_word' id='word_1_358' title='bbox 281 3127 704 3216; x_wconf 77' lang='lat' dir='ltr'><strong>archiepiscopo</strong></span> <span class='ocrx_word' id='word_1_359' title='bbox 730 3127 1140 3208; x_wconf 82' lang='lat' dir='ltr'><strong>Mediolanensi,</strong></span> <span class='ocrx_word' id='word_1_360' title='bbox 1167 3161 1330 3217; x_wconf 79' lang='lat' dir='ltr'><strong>quam</strong></span> <span class='ocrx_word' id='word_1_361' title='bbox 1360 3163 1390 3200; x_wconf 88' lang='lat' dir='ltr'><strong>a</strong></span> <span class='ocrx_word' id='word_1_362' title='bbox 1433 3145 1664 3208; x_wconf 70' lang='lat' dir='ltr'><strong>caneris,</strong></span> <span class='ocrx_word' id='word_1_363' title='bbox 1692 3145 1784 3215; x_wconf 89' lang='lat' dir='ltr'><strong>qui</strong></span> 
     </span>
    </p>
   </div>
   <div class='ocr_carea' id='block_1_50' title="bbox 187 3235 1784 3312">
    <p class='ocr_par' dir='ltr' id='par_1_50' title="bbox 187 3235 1784 3312">
     <span class='ocr_line' id='line_1_50' title="bbox 187 3235 1784 3312; baseline 0.001 -23"><span class='ocrx_word' id='word_1_364' title='bbox 187 3235 374 3306; x_wconf 81' lang='lat' dir='ltr'><strong>aliquo</strong></span> <span class='ocrx_word' id='word_1_365' title='bbox 403 3235 554 3306; x_wconf 80' lang='lat' dir='ltr'><strong>apud</strong></span> <span class='ocrx_word' id='word_1_366' title='bbox 586 3235 734 3294; x_wconf 89' lang='lat' dir='ltr'><strong>illum</strong></span> <span class='ocrx_word' id='word_1_367' title='bbox 791 3235 1150 3312; x_wconf 84' lang='lat' dir='ltr'><strong>fungerentur</strong></span> <span class='ocrx_word' id='word_1_368' title='bbox 1197 3235 1396 3304; x_wconf 78' lang='lat' dir='ltr'><strong>ofﬁcio,</strong></span> <span class='ocrx_word' id='word_1_369' title='bbox 1424 3235 1784 3292; x_wconf 74' lang='lat' dir='ltr'><strong>inviolabilem</strong></span> 
     </span>
    </p>
   </div>
   <div class='ocr_carea' id='block_1_51' title="bbox 187 3325 1786 3398">
    <p class='ocr_par' dir='ltr' id='par_1_51' title="bbox 187 3325 1786 3398">
     <span class='ocr_line' id='line_1_51' title="bbox 187 3325 1786 3398; baseline 0 -18"><span class='ocrx_word' id='word_1_370' title='bbox 187 3327 548 3398; x_wconf 82' lang='lat' dir='ltr'><strong>sponsionem</strong></span> <span class='ocrx_word' id='word_1_371' title='bbox 571 3343 598 3396; x_wconf 67' lang='grc' dir='ltr'><strong>ί</strong></span> <span class='ocrx_word' id='word_1_372' title='bbox 618 3337 676 3382; x_wconf 83' lang='grc' dir='ltr'><strong>ιιι</strong></span> <span class='ocrx_word' id='word_1_373' title='bbox 697 3325 952 3398; x_wconf 85' lang='lat' dir='ltr'><strong>deinceps</strong></span> <span class='ocrx_word' id='word_1_374' title='bbox 978 3327 1156 3382; x_wconf 86' lang='lat' dir='ltr'><strong>omnis</strong></span> <span class='ocrx_word' id='word_1_375' title='bbox 1177 3327 1262 3381; x_wconf 89' lang='lat' dir='ltr'><strong>illa</strong></span> <span class='ocrx_word' id='word_1_376' title='bbox 1293 3325 1590 3382; x_wconf 86' lang='lat' dir='ltr'><strong>simoniaca</strong></span> <span class='ocrx_word' id='word_1_377' title='bbox 1613 3326 1786 3392; x_wconf 89' lang='lat' dir='ltr'><strong>labes,</strong></span> 
     </span>
    </p>
   </div>
   <div class='ocr_carea' id='block_1_52' title="bbox 189 3415 1786 3492">
    <p class='ocr_par' dir='ltr' id='par_1_52' title="bbox 189 3415 1786 3492">
     <span class='ocr_line' id='line_1_52' title="bbox 189 3415 1786 3492; baseline -0.003 -18"><span class='ocrx_word' id='word_1_378' title='bbox 189 3432 404 3474; x_wconf 81' lang='lat' dir='ltr'><strong>necnon</strong></span> <span class='ocrx_word' id='word_1_379' title='bbox 463 3415 859 3474; x_wconf 70' lang='lat' dir='ltr'><strong>Nicolaitarnm</strong></span> <span class='ocrx_word' id='word_1_380' title='bbox 909 3416 1133 3484; x_wconf 76' lang='lat' dir='ltr'><strong>haeresis</strong></span> <span class='ocrx_word' id='word_1_381' title='bbox 1185 3431 1408 3492; x_wconf 78' lang='lat' dir='ltr'><strong>prorsus</strong></span> <span class='ocrx_word' id='word_1_382' title='bbox 1453 3417 1786 3474; x_wconf 85' lang='lat' dir='ltr'><strong>aboleretur.</strong></span> 
     </span>
    </p>
   </div>
   <div class='ocr_carea' id='block_1_53' title="bbox 187 3505 1786 3584">
    <p class='ocr_par' dir='ltr' id='par_1_53' title="bbox 187 3505 1786 3584">
     <span class='ocr_line' id='line_1_53' title="bbox 187 3505 1786 3584; baseline 0.001 -25"><span class='ocrx_word' id='word_1_383' title='bbox 187 3507 273 3570; x_wconf 77' lang='lat' dir='ltr'><strong>ita</strong></span> <span class='ocrx_word' id='word_1_384' title='bbox 297 3505 672 3562; x_wconf 84' lang='lat' dir='ltr'><strong>reconciliatis</strong></span> <span class='ocrx_word' id='word_1_385' title='bbox 717 3517 882 3578; x_wconf 89' lang='lat' dir='ltr'><strong>atque</strong></span> <span class='ocrx_word' id='word_1_386' title='bbox 901 3507 1215 3584; x_wconf 87' lang='lat' dir='ltr'><strong>compositis</strong></span> <span class='ocrx_word' id='word_1_387' title='bbox 1239 3507 1457 3573; x_wconf 88' lang='lat' dir='ltr'><strong>animis,</strong></span> <span class='ocrx_word' id='word_1_388' title='bbox 1487 3505 1786 3571; x_wconf 76' lang='lat' dir='ltr'><strong>decretum,</strong></span> 
     </span>
    </p>
   </div>
   <div class='ocr_carea' id='block_1_54' title="bbox 193 3602 1786 3674">
    <p class='ocr_par' dir='ltr' id='par_1_54' title="bbox 193 3602 1786 3674">
     <span class='ocr_line' id='line_1_54' title="bbox 193 3602 1786 3674; baseline 0 -16"><span class='ocrx_word' id='word_1_389' title='bbox 193 3613 258 3667; x_wconf 81' lang='lat' dir='ltr'><strong>ut</strong></span> <span class='ocrx_word' id='word_1_390' title='bbox 281 3617 416 3658; x_wconf 80' lang='lat' dir='ltr'><strong>mox</strong></span> <span class='ocrx_word' id='word_1_391' title='bbox 460 3603 712 3668; x_wconf 78' lang='lat' dir='ltr'><strong>omnibus</strong></span> <span class='ocrx_word' id='word_1_392' title='bbox 765 3603 969 3674; x_wconf 87' lang='lat' dir='ltr'><strong>passim</strong></span> <span class='ocrx_word' id='word_1_393' title='bbox 1016 3603 1396 3659; x_wconf 88' lang='lat' dir='ltr'><strong>restitueretur</strong></span> <span class='ocrx_word' id='word_1_394' title='bbox 1443 3602 1786 3659; x_wconf 78' lang='lat' dir='ltr'><strong>ministrandi</strong></span> 
     </span>
    </p>
   </div>
   <div class='ocr_carea' id='block_1_55' title="bbox 188 3689 1789 3764">
    <p class='ocr_par' dir='ltr' id='par_1_55' title="bbox 188 3689 1789 3764">
     <span class='ocr_line' id='line_1_55' title="bbox 188 3689 1789 3764; baseline 0.001 -17"><span class='ocrx_word' id='word_1_395' title='bbox 188 3689 438 3747; x_wconf 77' lang='lat' dir='ltr'><strong>oliicium</strong></span> <span class='ocrx_word' id='word_1_396' title='bbox 462 3708 480 3760; x_wconf 87' lang='lat'><strong>;</strong></span> <span class='ocrx_word' id='word_1_397' title='bbox 505 3693 601 3748; x_wconf 85' lang='lat' dir='ltr'><strong>sed</strong></span> <span class='ocrx_word' id='word_1_398' title='bbox 633 3692 702 3748; x_wconf 90' lang='lat' dir='ltr'><strong>iis</strong></span> <span class='ocrx_word' id='word_1_399' title='bbox 746 3693 1030 3759; x_wconf 81' lang='lat' dir='ltr'><strong>duntaxat,</strong></span> <span class='ocrx_word' id='word_1_400' title='bbox 1061 3693 1155 3764; x_wconf 89' lang='lat' dir='ltr'><strong>qui</strong></span> <span class='ocrx_word' id='word_1_401' title='bbox 1209 3693 1429 3758; x_wconf 89' lang='lat' dir='ltr'><strong>litteris,</strong></span> <span class='ocrx_word' id='word_1_402' title='bbox 1477 3701 1534 3750; x_wconf 88' lang='lat' dir='ltr'><strong>et</strong></span> <span class='ocrx_word' id='word_1_403' title='bbox 1575 3708 1789 3748; x_wconf 88' lang='lat' dir='ltr'><strong>moruut</strong></span> 
     </span>
    </p>
   </div>
   <div class='ocr_carea' id='block_1_56' title="bbox 191 3782 1790 3860">
    <p class='ocr_par' dir='ltr' id='par_1_56' title="bbox 191 3782 1790 3860">
     <span class='ocr_line' id='line_1_56' title="bbox 191 3782 1790 3860; baseline 0.001 -24"><span class='ocrx_word' id='word_1_404' title='bbox 191 3783 497 3860; x_wconf 68' lang='lat' dir='ltr'><strong>gravitate,</strong></span> <span class='ocrx_word' id='word_1_405' title='bbox 535 3799 604 3838; x_wconf 91' lang='lat' dir='ltr'><strong>ac</strong></span> <span class='ocrx_word' id='word_1_406' title='bbox 659 3785 950 3840; x_wconf 88' lang='lat' dir='ltr'><strong>honestate</strong></span> <span class='ocrx_word' id='word_1_407' title='bbox 983 3783 1129 3855; x_wconf 88' lang='lat' dir='ltr'><strong>digni</strong></span> <span class='ocrx_word' id='word_1_408' title='bbox 1179 3783 1526 3850; x_wconf 87' lang='lat' dir='ltr'><strong>viderentur;</strong></span> <span class='ocrx_word' id='word_1_409' title='bbox 1576 3782 1790 3852; x_wconf 66' lang='lat' dir='ltr'><strong>caeteris</strong></span> 
     </span>
    </p>
   </div>
   <div class='ocr_carea' id='block_1_57' title="bbox 191 3874 1787 3956">
    <p class='ocr_par' dir='ltr' id='par_1_57' title="bbox 191 3874 1787 3956">
     <span class='ocr_line' id='line_1_57' title="bbox 191 3874 1787 3956; baseline -0.001 -27"><span class='ocrx_word' id='word_1_410' title='bbox 191 3885 378 3936; x_wconf 82' lang='lat' dir='ltr'><strong>autem</strong></span> <span class='ocrx_word' id='word_1_411' title='bbox 407 3874 709 3941; x_wconf 76' lang='lat' dir='ltr'><strong>sufﬁceret,</strong></span> <span class='ocrx_word' id='word_1_412' title='bbox 736 3876 878 3946; x_wconf 90' lang='lat' dir='ltr'><strong>quod</strong></span> <span class='ocrx_word' id='word_1_413' title='bbox 904 3875 1161 3932; x_wconf 65' lang='lat' dir='ltr'><strong>Ecclesiae</strong></span> <span class='ocrx_word' id='word_1_414' title='bbox 1194 3885 1396 3932; x_wconf 73' lang='lat' dir='ltr'><strong>sancta:</strong></span> <span class='ocrx_word' id='word_1_415' title='bbox 1425 3891 1523 3956; x_wconf 89' lang='lat' dir='ltr'><strong>per</strong></span> <span class='ocrx_word' id='word_1_416' title='bbox 1550 3876 1787 3930; x_wconf 76' lang='lat' dir='ltr'><strong>divinam</strong></span> 
     </span>
    </p>
   </div>
   <div class='ocr_carea' id='block_1_58' title="bbox 191 3965 1788 4038">
    <p class='ocr_par' dir='ltr' id='par_1_58' title="bbox 191 3965 1788 4038">
     <span class='ocr_line' id='line_1_58' title="bbox 191 3965 1788 4038; baseline -0.001 -18"><span class='ocrx_word' id='word_1_417' title='bbox 191 3968 430 4036; x_wconf 77' lang='lat' dir='ltr'><strong>gratiam</strong></span> <span class='ocrx_word' id='word_1_418' title='bbox 477 3977 662 4024; x_wconf 86' lang='lat' dir='ltr'><strong>essent</strong></span> <span class='ocrx_word' id='word_1_419' title='bbox 701 3967 914 4034; x_wconf 90' lang='lat' dir='ltr'><strong>inserti,</strong></span> <span class='ocrx_word' id='word_1_420' title='bbox 963 3983 994 4022; x_wconf 88' lang='lat' dir='ltr'><strong>a</strong></span> <span class='ocrx_word' id='word_1_421' title='bbox 1044 3982 1150 4038; x_wconf 89' lang='lat' dir='ltr'><strong>qua</strong></span> <span class='ocrx_word' id='word_1_422' title='bbox 1181 3966 1400 4030; x_wconf 79' lang='lat' dir='ltr'><strong>fuerant</strong></span> <span class='ocrx_word' id='word_1_423' title='bbox 1441 3965 1788 4021; x_wconf 66' lang='lat' dir='ltr'><strong>divinaisen-</strong></span> 
     </span>
    </p>
   </div>
   <div class='ocr_carea' id='block_1_59' title="bbox 193 4059 1792 4132">
    <p class='ocr_par' dir='ltr' id='par_1_59' title="bbox 193 4059 1792 4132">
     <span class='ocr_line' id='line_1_59' title="bbox 193 4059 1792 4132; baseline -0.003 -16"><span class='ocrx_word' id='word_1_424' title='bbox 193 4064 380 4116; x_wconf 66' lang='lat' dir='ltr'><strong>tentias</strong></span> <span class='ocrx_word' id='word_1_425' title='bbox 415 4059 561 4122; x_wconf 86' lang='lat' dir='ltr'><strong>falce</strong></span> <span class='ocrx_word' id='word_1_426' title='bbox 593 4061 942 4131; x_wconf 73' lang='lat' dir='ltr'><strong>praecisi..l|li</strong></span> <span class='ocrx_word' id='word_1_427' title='bbox 992 4061 1158 4117; x_wconf 89' lang='lat' dir='ltr'><strong>etiam</strong></span> <span class='ocrx_word' id='word_1_428' title='bbox 1208 4059 1332 4132; x_wconf 90' lang='lat' dir='ltr'><strong>ipsi,</strong></span> <span class='ocrx_word' id='word_1_429' title='bbox 1383 4060 1586 4132; x_wconf 71' lang='lat' dir='ltr'><strong>quibus,</strong></span> <span class='ocrx_word' id='word_1_430' title='bbox 1629 4059 1792 4115; x_wconf 88' lang='lat' dir='ltr'><strong>mini-</strong></span> 
     </span>
    </p>
   </div>
   <div class='ocr_carea' id='block_1_60' title="bbox 195 4151 1790 4223">
    <p class='ocr_par' dir='ltr' id='par_1_60' title="bbox 195 4151 1790 4223">
     <span class='ocr_line' id='line_1_60' title="bbox 195 4151 1790 4223; baseline 0 -18"><span class='ocrx_word' id='word_1_431' title='bbox 195 4152 404 4208; x_wconf 88' lang='lat' dir='ltr'><strong>strandi</strong></span> <span class='ocrx_word' id='word_1_432' title='bbox 455 4151 693 4208; x_wconf 80' lang='lat' dir='ltr'><strong>facultas</strong></span> <span class='ocrx_word' id='word_1_433' title='bbox 739 4153 989 4208; x_wconf 85' lang='lat' dir='ltr'><strong>restituta</strong></span> <span class='ocrx_word' id='word_1_434' title='bbox 1037 4161 1139 4218; x_wconf 91' lang='lat' dir='ltr'><strong>est,</strong></span> <span class='ocrx_word' id='word_1_435' title='bbox 1182 4168 1288 4208; x_wconf 89' lang='lat' dir='ltr'><strong>non</strong></span> <span class='ocrx_word' id='word_1_436' title='bbox 1330 4167 1396 4206; x_wconf 81' lang='lat' dir='ltr'><strong>ex</strong></span> <span class='ocrx_word' id='word_1_437' title='bbox 1445 4151 1584 4207; x_wconf 86' lang='lat' dir='ltr'><strong>male</strong></span> <span class='ocrx_word' id='word_1_438' title='bbox 1631 4160 1790 4223; x_wconf 80' lang='lat' dir='ltr'><strong>parta</strong></span> 
     </span>
    </p>
   </div>
   <div class='ocr_carea' id='block_1_61' title="bbox 195 4243 1788 4318">
    <p class='ocr_par' dir='ltr' id='par_1_61' title="bbox 195 4243 1788 4318">
     <span class='ocr_line' id='line_1_61' title="bbox 195 4243 1788 4318; baseline -0.001 -20"><span class='ocrx_word' id='word_1_439' title='bbox 195 4243 366 4318; x_wconf 73' lang='lat' dir='ltr'><strong>reteri</strong></span> <span class='ocrx_word' id='word_1_440' title='bbox 393 4245 766 4314; x_wconf 87' lang='lat' dir='ltr'><strong>promotioue,</strong></span> <span class='ocrx_word' id='word_1_441' title='bbox 817 4245 914 4300; x_wconf 91' lang='lat' dir='ltr'><strong>sed</strong></span> <span class='ocrx_word' id='word_1_442' title='bbox 959 4258 1025 4300; x_wconf 76' lang='lat' dir='ltr'><strong>ex</strong></span> <span class='ocrx_word' id='word_1_443' title='bbox 1073 4245 1230 4300; x_wconf 73' lang='lat' dir='ltr'><strong>beata</strong></span> <span class='ocrx_word' id='word_1_444' title='bbox 1261 4243 1522 4314; x_wconf 89' lang='lat' dir='ltr'><strong>principis</strong></span> <span class='ocrx_word' id='word_1_445' title='bbox 1569 4251 1788 4314; x_wconf 82' lang='lat' dir='ltr'><strong>aposto-</strong></span> 
     </span>
    </p>
   </div>
   <div class='ocr_carea' id='block_1_62' title="bbox 197 4337 1775 4408">
    <p class='ocr_par' dir='ltr' id='par_1_62' title="bbox 197 4337 1775 4408">
     <span class='ocr_line' id='line_1_62' title="bbox 197 4337 1775 4408; baseline -0.003 -14"><span class='ocrx_word' id='word_1_446' title='bbox 197 4339 372 4404; x_wconf 80' lang='lat' dir='ltr'><strong>lorum</strong></span> <span class='ocrx_word' id='word_1_447' title='bbox 399 4340 756 4406; x_wconf 85' lang='lat' dir='ltr'><strong>auctoritate,</strong></span> <span class='ocrx_word' id='word_1_448' title='bbox 788 4353 892 4408; x_wconf 90' lang='lat' dir='ltr'><strong>qua</strong></span> <span class='ocrx_word' id='word_1_449' title='bbox 929 4339 982 4394; x_wconf 94' lang='lat' dir='ltr'><strong>in</strong></span> <span class='ocrx_word' id='word_1_450' title='bbox 1014 4339 1074 4392; x_wconf 86' lang='grc' dir='ltr'><strong>Β.</strong></span> <span class='ocrx_word' id='word_1_451' title='bbox 1125 4337 1492 4408; x_wconf 81' lang='lat' dir='ltr'><strong>Apollinarem</strong></span> <span class='ocrx_word' id='word_1_452' title='bbox 1541 4351 1674 4394; x_wconf 89' lang='lat' dir='ltr'><strong>usus</strong></span> <span class='ocrx_word' id='word_1_453' title='bbox 1699 4351 1775 4390; x_wconf 89' lang='lat' dir='ltr'><strong>re-</strong></span> 
     </span>
    </p>
   </div>
   <div class='ocr_carea' id='block_1_63' title="bbox 1882 1773 3472 1858">
    <p class='ocr_par' dir='ltr' id='par_1_63' title="bbox 1882 1773 3472 1858">
     <span class='ocr_line' id='line_1_63' title="bbox 1882 1773 3472 1858; baseline -0.01 -15"><span class='ocrx_word' id='word_1_454' title='bbox 1882 1787 2058 1858; x_wconf 89' lang='lat' dir='ltr'><strong>pretia</strong></span> <span class='ocrx_word' id='word_1_455' title='bbox 2097 1804 2112 1854; x_wconf 89' lang='lat'><strong>;</strong></span> <span class='ocrx_word' id='word_1_456' title='bbox 2161 1800 2332 1858; x_wconf 87' lang='lat' dir='ltr'><strong>quare</strong></span> <span class='ocrx_word' id='word_1_457' title='bbox 2378 1799 2721 1854; x_wconf 89' lang='lat' dir='ltr'><strong>summopere</strong></span> <span class='ocrx_word' id='word_1_458' title='bbox 2751 1783 3054 1839; x_wconf 87' lang='lat' dir='ltr'><strong>cavendum</strong></span> <span class='ocrx_word' id='word_1_459' title='bbox 3089 1787 3196 1844; x_wconf 90' lang='lat' dir='ltr'><strong>est,</strong></span> <span class='ocrx_word' id='word_1_460' title='bbox 3231 1792 3299 1831; x_wconf 90' lang='lat' dir='ltr'><strong>ne</strong></span> <span class='ocrx_word' id='word_1_461' title='bbox 3341 1773 3472 1842; x_wconf 87' lang='lat' dir='ltr'><strong>quid</strong></span> 
     </span>
    </p>
   </div>
   <div class='ocr_carea' id='block_1_64' title="bbox 1884 1867 3472 1946">
    <p class='ocr_par' dir='ltr' id='par_1_64' title="bbox 1884 1867 3472 1946">
     <span class='ocr_line' id='line_1_64' title="bbox 1884 1867 3472 1946; baseline -0.011 -10"><span class='ocrx_word' id='word_1_462' title='bbox 1884 1881 2107 1946; x_wconf 86' lang='lat' dir='ltr'><strong>horum,</strong></span> <span class='ocrx_word' id='word_1_463' title='bbox 2151 1889 2247 1942; x_wconf 87' lang='lat' dir='ltr'><strong>aut</strong></span> <span class='ocrx_word' id='word_1_464' title='bbox 2287 1878 2528 1934; x_wconf 68' lang='lat' dir='ltr'><strong>avaritia:</strong></span> <span class='ocrx_word' id='word_1_465' title='bbox 2575 1876 2858 1940; x_wconf 85' lang='lat' dir='ltr'><strong>instinctu,</strong></span> <span class='ocrx_word' id='word_1_466' title='bbox 2898 1873 3091 1944; x_wconf 85' lang='lat' dir='ltr'><strong>quavis</strong></span> <span class='ocrx_word' id='word_1_467' title='bbox 3133 1867 3472 1940; x_wconf 70' lang='lat' dir='ltr'><strong>negligentia:</strong></span> 
     </span>
    </p>
   </div>
   <div class='ocr_carea' id='block_1_65' title="bbox 1883 1959 3472 2039">
    <p class='ocr_par' dir='ltr' id='par_1_65' title="bbox 1883 1959 3472 2039">
     <span class='ocr_line' id='line_1_65' title="bbox 1883 1959 3472 2039; baseline -0.009 -12"><span class='ocrx_word' id='word_1_468' title='bbox 1883 1971 2122 2039; x_wconf 73' lang='lat' dir='ltr'><strong>incuria,</strong></span> <span class='ocrx_word' id='word_1_469' title='bbox 2175 1969 2378 2028; x_wconf 85' lang='lat' dir='ltr'><strong>Christi</strong></span> <span class='ocrx_word' id='word_1_470' title='bbox 2439 1968 2770 2037; x_wconf 85' lang='lat' dir='ltr'><strong>pauperibus</strong></span> <span class='ocrx_word' id='word_1_471' title='bbox 2825 1965 3214 2027; x_wconf 83' lang='lat' dir='ltr'><strong>subtrahatur,</strong></span> <span class='ocrx_word' id='word_1_472' title='bbox 3273 1959 3472 2030; x_wconf 87' lang='lat' dir='ltr'><strong>quibus</strong></span> 
     </span>
    </p>
   </div>
   <div class='ocr_carea' id='block_1_66' title="bbox 1883 2047 3473 2132">
    <p class='ocr_par' dir='ltr' id='par_1_66' title="bbox 1883 2047 3473 2132">
     <span class='ocr_line' id='line_1_66' title="bbox 1883 2047 3473 2132; baseline -0.009 -13"><span class='ocrx_word' id='word_1_473' title='bbox 1883 2064 2112 2119; x_wconf 88' lang='lat' dir='ltr'><strong>debetur</strong></span> <span class='ocrx_word' id='word_1_474' title='bbox 2159 2059 2423 2132; x_wconf 85' lang='lat' dir='ltr'><strong>quidquid</strong></span> <span class='ocrx_word' id='word_1_475' title='bbox 2471 2059 2626 2114; x_wconf 90' lang='lat' dir='ltr'><strong>nobis</strong></span> <span class='ocrx_word' id='word_1_476' title='bbox 2680 2047 2955 2112; x_wconf 80' lang='lat' dir='ltr'><strong>residuum</strong></span> <span class='ocrx_word' id='word_1_477' title='bbox 2999 2063 3104 2110; x_wconf 89' lang='lat' dir='ltr'><strong>est.</strong></span> <span class='ocrx_word' id='word_1_478' title='bbox 3134 2051 3267 2108; x_wconf 83' lang='lat' dir='ltr'><strong>Cum</strong></span> <span class='ocrx_word' id='word_1_479' title='bbox 3308 2050 3473 2120; x_wconf 86' lang='lat' dir='ltr'><strong>igitur</strong></span> 
     </span>
    </p>
   </div>
   <div class='ocr_carea' id='block_1_67' title="bbox 1883 2141 3466 2222">
    <p class='ocr_par' dir='ltr' id='par_1_67' title="bbox 1883 2141 3466 2222">
     <span class='ocr_line' id='line_1_67' title="bbox 1883 2141 3466 2222; baseline -0.01 -12"><span class='ocrx_word' id='word_1_480' title='bbox 1883 2153 2041 2210; x_wconf 89' lang='lat' dir='ltr'><strong>nobis</strong></span> <span class='ocrx_word' id='word_1_481' title='bbox 2079 2161 2390 2222; x_wconf 83' lang='lat' dir='ltr'><strong>suppetant,</strong></span> <span class='ocrx_word' id='word_1_482' title='bbox 2417 2149 2614 2220; x_wconf 89' lang='lat' dir='ltr'><strong>quibus</strong></span> <span class='ocrx_word' id='word_1_483' title='bbox 2637 2147 2814 2219; x_wconf 81' lang='lat' dir='ltr'><strong>jurari</strong></span> <span class='ocrx_word' id='word_1_484' title='bbox 2843 2145 2999 2216; x_wconf 82' lang='lat' dir='ltr'><strong>egeni</strong></span> <span class='ocrx_word' id='word_1_485' title='bbox 3050 2153 3104 2199; x_wconf 89' lang='lat' dir='ltr'><strong>et</strong></span> <span class='ocrx_word' id='word_1_486' title='bbox 3139 2141 3310 2198; x_wconf 82' lang='lat' dir='ltr'><strong>foveri</strong></span> <span class='ocrx_word' id='word_1_487' title='bbox 3341 2141 3466 2210; x_wconf 86' lang='lat' dir='ltr'><strong>pos-</strong></span> 
     </span>
    </p>
   </div>
   <div class='ocr_carea' id='block_1_68' title="bbox 1883 2231 3482 2316">
    <p class='ocr_par' dir='ltr' id='par_1_68' title="bbox 1883 2231 3482 2316">
     <span class='ocr_line' id='line_1_68' title="bbox 1883 2231 3482 2316; baseline -0.011 -15"><span class='ocrx_word' id='word_1_488' title='bbox 1883 2247 2020 2312; x_wconf 88' lang='lat' dir='ltr'><strong>sint,</strong></span> <span class='ocrx_word' id='word_1_489' title='bbox 2067 2245 2356 2316; x_wconf 85' lang='lat' dir='ltr'><strong>diligenter</strong></span> <span class='ocrx_word' id='word_1_490' title='bbox 2400 2241 2692 2312; x_wconf 76' lang='lat' dir='ltr'><strong>exquirite,</strong></span> <span class='ocrx_word' id='word_1_491' title='bbox 2737 2241 2784 2294; x_wconf 92' lang='lat' dir='ltr'><strong>si</strong></span> <span class='ocrx_word' id='word_1_492' title='bbox 2821 2238 2912 2308; x_wconf 91' lang='lat' dir='ltr'><strong>qui</strong></span> <span class='ocrx_word' id='word_1_493' title='bbox 2951 2237 3081 2303; x_wconf 91' lang='lat' dir='ltr'><strong>sint,</strong></span> <span class='ocrx_word' id='word_1_494' title='bbox 3135 2235 3226 2306; x_wconf 90' lang='lat' dir='ltr'><strong>qui</strong></span> <span class='ocrx_word' id='word_1_495' title='bbox 3277 2231 3482 2288; x_wconf 86' lang='lat' dir='ltr'><strong>vicinis.</strong></span> 
     </span>
    </p>
   </div>
   <div class='ocr_carea' id='block_1_69' title="bbox 1883 2321 3473 2408">
    <p class='ocr_par' dir='ltr' id='par_1_69' title="bbox 1883 2321 3473 2408">
     <span class='ocr_line' id='line_1_69' title="bbox 1883 2321 3473 2408; baseline -0.011 -14"><span class='ocrx_word' id='word_1_496' title='bbox 1883 2339 2016 2394; x_wconf 90' lang='lat' dir='ltr'><strong>locis</strong></span> <span class='ocrx_word' id='word_1_497' title='bbox 2043 2345 2328 2408; x_wconf 82' lang='lat' dir='ltr'><strong>:egrotent,</strong></span> <span class='ocrx_word' id='word_1_498' title='bbox 2357 2335 2518 2405; x_wconf 83' lang='lat' dir='ltr'><strong>quive</strong></span> <span class='ocrx_word' id='word_1_499' title='bbox 2559 2331 2726 2396; x_wconf 87' lang='lat' dir='ltr'><strong>fame,</strong></span> <span class='ocrx_word' id='word_1_500' title='bbox 2760 2341 2852 2385; x_wconf 90' lang='lat' dir='ltr'><strong>aut</strong></span> <span class='ocrx_word' id='word_1_501' title='bbox 2899 2328 3022 2408; x_wconf 20' lang='lat' dir='ltr'><strong>alia.</strong></span> <span class='ocrx_word' id='word_1_502' title='bbox 3050 2327 3242 2398; x_wconf 88' lang='lat' dir='ltr'><strong>quavis</strong></span> <span class='ocrx_word' id='word_1_503' title='bbox 3292 2321 3473 2394; x_wconf 83' lang='lat' dir='ltr'><strong>inopia</strong></span> 
     </span>
    </p>
   </div>
   <div class='ocr_carea' id='block_1_70' title="bbox 1883 2417 3476 2507">
    <p class='ocr_par' dir='ltr' id='par_1_70' title="bbox 1883 2417 3476 2507">
     <span class='ocr_line' id='line_1_70' title="bbox 1883 2417 3476 2507; baseline -0.01 -21"><span class='ocrx_word' id='word_1_504' title='bbox 1883 2431 2156 2498; x_wconf 75' lang='lat' dir='ltr'><strong>laborent,</strong></span> <span class='ocrx_word' id='word_1_505' title='bbox 2189 2429 2386 2507; x_wconf 77' lang='lat' dir='ltr'><strong>quibits</strong></span> <span class='ocrx_word' id='word_1_506' title='bbox 2437 2427 2480 2484; x_wconf 89' lang='lat' dir='ltr'><strong>si</strong></span> <span class='ocrx_word' id='word_1_507' title='bbox 2530 2424 2838 2482; x_wconf 86' lang='lat' dir='ltr'><strong>necessaria</strong></span> <span class='ocrx_word' id='word_1_508' title='bbox 2893 2417 3298 2484; x_wconf 90' lang='lat' dir='ltr'><strong>ministrabitis,</strong></span> <span class='ocrx_word' id='word_1_509' title='bbox 3359 2419 3476 2472; x_wconf 90' lang='lat' dir='ltr'><strong>the-</strong></span> 
     </span>
    </p>
   </div>
   <div class='ocr_carea' id='block_1_71' title="bbox 1883 2507 3482 2587">
    <p class='ocr_par' dir='ltr' id='par_1_71' title="bbox 1883 2507 3482 2587">
     <span class='ocr_line' id='line_1_71' title="bbox 1883 2507 3482 2587; baseline -0.011 -9"><span class='ocrx_word' id='word_1_510' title='bbox 1883 2537 2078 2578; x_wconf 88' lang='lat' dir='ltr'><strong>sauros</strong></span> <span class='ocrx_word' id='word_1_511' title='bbox 2098 2520 2256 2576; x_wconf 86' lang='lat' dir='ltr'><strong>vobis</strong></span> <span class='ocrx_word' id='word_1_512' title='bbox 2292 2519 2348 2574; x_wconf 91' lang='lat' dir='ltr'><strong>in</strong></span> <span class='ocrx_word' id='word_1_513' title='bbox 2377 2516 2515 2574; x_wconf 75' lang='lat' dir='ltr'><strong>coelo</strong></span> <span class='ocrx_word' id='word_1_514' title='bbox 2565 2513 2848 2587; x_wconf 86' lang='lat' dir='ltr'><strong>parabitis.</strong></span> <span class='ocrx_word' id='word_1_515' title='bbox 2893 2510 3112 2568; x_wconf 86' lang='lat' dir='ltr'><strong>Sanctis</strong></span> <span class='ocrx_word' id='word_1_516' title='bbox 3167 2507 3482 2580; x_wconf 83' lang='lat' dir='ltr'><strong>hojusmodi</strong></span> 
     </span>
    </p>
   </div>
   <div class='ocr_carea' id='block_1_72' title="bbox 1885 2597 3478 2690">
    <p class='ocr_par' dir='ltr' id='par_1_72' title="bbox 1885 2597 3478 2690">
     <span class='ocr_line' id='line_1_72' title="bbox 1885 2597 3478 2690; baseline -0.011 -22"><span class='ocrx_word' id='word_1_517' title='bbox 1885 2613 2110 2668; x_wconf 88' lang='lat' dir='ltr'><strong>monitis</strong></span> <span class='ocrx_word' id='word_1_518' title='bbox 2152 2611 2274 2684; x_wconf 84' lang='lat' dir='ltr'><strong>pius</strong></span> <span class='ocrx_word' id='word_1_519' title='bbox 2315 2617 2475 2680; x_wconf 88' lang='lat' dir='ltr'><strong>pater</strong></span> <span class='ocrx_word' id='word_1_520' title='bbox 2507 2622 2634 2664; x_wconf 90' lang='lat' dir='ltr'><strong>suos</strong></span> <span class='ocrx_word' id='word_1_521' title='bbox 2693 2607 2762 2660; x_wconf 90' lang='lat' dir='ltr'><strong>ad</strong></span> <span class='ocrx_word' id='word_1_522' title='bbox 2818 2602 3038 2690; x_wconf 70' lang='lat' dir='ltr'><strong>pietatis</strong></span> <span class='ocrx_word' id='word_1_523' title='bbox 3089 2617 3252 2672; x_wconf 89' lang='lat' dir='ltr'><strong>opera</strong></span> <span class='ocrx_word' id='word_1_524' title='bbox 3289 2597 3478 2669; x_wconf 89' lang='lat' dir='ltr'><strong>impel-</strong></span> 
     </span>
    </p>
   </div>
   <div class='ocr_carea' id='block_1_73' title="bbox 1889 2690 3474 2772">
    <p class='ocr_par' dir='ltr' id='par_1_73' title="bbox 1889 2690 3474 2772">
     <span class='ocr_line' id='line_1_73' title="bbox 1889 2690 3474 2772; baseline -0.011 -13"><span class='ocrx_word' id='word_1_525' title='bbox 1889 2703 2074 2767; x_wconf 80' lang='lat' dir='ltr'><strong>lebat.</strong></span> <span class='ocrx_word' id='word_1_526' title='bbox 2123 2711 2182 2759; x_wconf 86' lang='lat' dir='ltr'><strong>et</strong></span> <span class='ocrx_word' id='word_1_527' title='bbox 2222 2699 2466 2772; x_wconf 88' lang='lat' dir='ltr'><strong>quotidie</strong></span> <span class='ocrx_word' id='word_1_528' title='bbox 2513 2697 2684 2770; x_wconf 85' lang='lat' dir='ltr'><strong>magis</strong></span> <span class='ocrx_word' id='word_1_529' title='bbox 2728 2693 3067 2750; x_wconf 88' lang='lat' dir='ltr'><strong>adhortando</strong></span> <span class='ocrx_word' id='word_1_530' title='bbox 3123 2690 3474 2748; x_wconf 86' lang='lat' dir='ltr'><strong>accendebat.</strong></span> 
     </span>
    </p>
   </div>
   <div class='ocr_carea' id='block_1_74' title="bbox 1887 2783 3478 2852">
    <p class='ocr_par' dir='ltr' id='par_1_74' title="bbox 1887 2783 3478 2852">
     <span class='ocr_line' id='line_1_74' title="bbox 1887 2783 3478 2852; baseline -0.011 -1"><span class='ocrx_word' id='word_1_531' title='bbox 1887 2795 2096 2850; x_wconf 84' lang='lat' dir='ltr'><strong>Memor</strong></span> <span class='ocrx_word' id='word_1_532' title='bbox 2124 2799 2306 2848; x_wconf 86' lang='lat' dir='ltr'><strong>autem</strong></span> <span class='ocrx_word' id='word_1_533' title='bbox 2333 2798 2600 2850; x_wconf 80' lang='lat' dir='ltr'><strong>anteacta:</strong></span> <span class='ocrx_word' id='word_1_534' title='bbox 2627 2789 2888 2842; x_wconf 83' lang='lat' dir='ltr'><strong>in-eremo</strong></span> <span class='ocrx_word' id='word_1_535' title='bbox 2909 2786 3056 2849; x_wconf 74' lang='lat' dir='ltr'><strong>vitae,</strong></span> <span class='ocrx_word' id='word_1_536' title='bbox 3089 2783 3232 2840; x_wconf 88' lang='lat' dir='ltr'><strong>miro</strong></span> <span class='ocrx_word' id='word_1_537' title='bbox 3262 2795 3478 2852; x_wconf 86' lang='lat' dir='ltr'><strong>semper</strong></span> 
     </span>
    </p>
   </div>
   <div class='ocr_carea' id='block_1_75' title="bbox 1889 2872 3474 2941">
    <p class='ocr_par' dir='ltr' id='par_1_75' title="bbox 1889 2872 3474 2941">
     <span class='ocr_line' id='line_1_75' title="bbox 1889 2872 3474 2941; baseline -0.011 -1"><span class='ocrx_word' id='word_1_538' title='bbox 1889 2883 2176 2941; x_wconf 88' lang='lat' dir='ltr'><strong>tenebatur</strong></span> <span class='ocrx_word' id='word_1_539' title='bbox 2229 2879 2612 2938; x_wconf 88' lang='lat' dir='ltr'><strong>sollicitudinis</strong></span> <span class='ocrx_word' id='word_1_540' title='bbox 2665 2875 2811 2934; x_wconf 91' lang='lat' dir='ltr'><strong>illius</strong></span> <span class='ocrx_word' id='word_1_541' title='bbox 2865 2873 3183 2930; x_wconf 87' lang='lat' dir='ltr'><strong>desiderio:</strong></span> <span class='ocrx_word' id='word_1_542' title='bbox 3231 2872 3287 2927; x_wconf 92' lang='lat' dir='ltr'><strong>in</strong></span> <span class='ocrx_word' id='word_1_543' title='bbox 3345 2885 3474 2941; x_wconf 88' lang='lat' dir='ltr'><strong>qua,</strong></span> 
     </span>
    </p>
   </div>
   <div class='ocr_carea' id='block_1_76' title="bbox 1887 2959 3475 3046">
    <p class='ocr_par' dir='ltr' id='par_1_76' title="bbox 1887 2959 3475 3046">
     <span class='ocr_line' id='line_1_76' title="bbox 1887 2959 3475 3046; baseline -0.011 -16"><span class='ocrx_word' id='word_1_544' title='bbox 1887 2975 2013 3046; x_wconf 80' lang='lat' dir='ltr'><strong>quia</strong></span> <span class='ocrx_word' id='word_1_545' title='bbox 2041 2989 2149 3030; x_wconf 90' lang='lat' dir='ltr'><strong>non</strong></span> <span class='ocrx_word' id='word_1_546' title='bbox 2193 2980 2410 3043; x_wconf 89' lang='lat' dir='ltr'><strong>poterat</strong></span> <span class='ocrx_word' id='word_1_547' title='bbox 2455 2968 2688 3040; x_wconf 84' lang='lat' dir='ltr'><strong>amplius</strong></span> <span class='ocrx_word' id='word_1_548' title='bbox 2717 2982 2858 3035; x_wconf 89' lang='lat' dir='ltr'><strong>esse,</strong></span> <span class='ocrx_word' id='word_1_549' title='bbox 2889 2965 3106 3030; x_wconf 86' lang='lat' dir='ltr'><strong>saltem,</strong></span> <span class='ocrx_word' id='word_1_550' title='bbox 3147 2961 3292 3034; x_wconf 91' lang='lat' dir='ltr'><strong>quod</strong></span> <span class='ocrx_word' id='word_1_551' title='bbox 3317 2959 3475 3016; x_wconf 89' lang='lat' dir='ltr'><strong>daba-</strong></span> 
     </span>
    </p>
   </div>
   <div class='ocr_carea' id='block_1_77' title="bbox 1887 3053 3479 3132">
    <p class='ocr_par' dir='ltr' id='par_1_77' title="bbox 1887 3053 3479 3132">
     <span class='ocr_line' id='line_1_77' title="bbox 1887 3053 3479 3132; baseline -0.007 -11"><span class='ocrx_word' id='word_1_552' title='bbox 1887 3076 1996 3132; x_wconf 92' lang='lat' dir='ltr'><strong>tur,</strong></span> <span class='ocrx_word' id='word_1_553' title='bbox 2037 3063 2434 3128; x_wconf 86' lang='lat' dir='ltr'><strong>austeritatem,</strong></span> <span class='ocrx_word' id='word_1_554' title='bbox 2466 3062 2880 3132; x_wconf 88' lang='lat' dir='ltr'><strong>quibuscunque</strong></span> <span class='ocrx_word' id='word_1_555' title='bbox 2907 3065 3122 3130; x_wconf 89' lang='lat' dir='ltr'><strong>poterat</strong></span> <span class='ocrx_word' id='word_1_556' title='bbox 3147 3053 3348 3122; x_wconf 88' lang='lat' dir='ltr'><strong>modis,</strong></span> <span class='ocrx_word' id='word_1_557' title='bbox 3395 3067 3479 3110; x_wconf 82' lang='lat' dir='ltr'><strong>re-</strong></span> 
     </span>
    </p>
   </div>
   <div class='ocr_carea' id='block_1_78' title="bbox 1885 3143 3476 3230">
    <p class='ocr_par' dir='ltr' id='par_1_78' title="bbox 1885 3143 3476 3230">
     <span class='ocr_line' id='line_1_78' title="bbox 1885 3143 3476 3230; baseline -0.01 -16"><span class='ocrx_word' id='word_1_558' title='bbox 1885 3154 2267 3230; x_wconf 63' lang='lat' dir='ltr'><strong>praesentabat.</strong></span> <span class='ocrx_word' id='word_1_559' title='bbox 2302 3153 2437 3209; x_wconf 83' lang='lat' dir='ltr'><strong>Nam</strong></span> <span class='ocrx_word' id='word_1_560' title='bbox 2463 3151 2778 3222; x_wconf 86' lang='lat' dir='ltr'><strong>quolidiano</strong></span> <span class='ocrx_word' id='word_1_561' title='bbox 2807 3165 2888 3216; x_wconf 87' lang='lat' dir='ltr'><strong>se,</strong></span> <span class='ocrx_word' id='word_1_562' title='bbox 2918 3155 3116 3220; x_wconf 58' lang='lat' dir='ltr'><strong>praster</strong></span> <span class='ocrx_word' id='word_1_563' title='bbox 3139 3145 3255 3202; x_wconf 88' lang='lat' dir='ltr'><strong>dies</strong></span> <span class='ocrx_word' id='word_1_564' title='bbox 3285 3143 3476 3210; x_wconf 89' lang='lat' dir='ltr'><strong>festos,</strong></span> 
     </span>
    </p>
   </div>
   <div class='ocr_carea' id='block_1_79' title="bbox 1879 3235 3480 3322">
    <p class='ocr_par' dir='ltr' id='par_1_79' title="bbox 1879 3235 3480 3322">
     <span class='ocr_line' id='line_1_79' title="bbox 1879 3235 3480 3322; baseline -0.01 -16"><span class='ocrx_word' id='word_1_565' title='bbox 1879 3249 2090 3322; x_wconf 89' lang='lat' dir='ltr'><strong>jejunio</strong></span> <span class='ocrx_word' id='word_1_566' title='bbox 2140 3247 2478 3312; x_wconf 84' lang='lat' dir='ltr'><strong>macerabat,</strong></span> <span class='ocrx_word' id='word_1_567' title='bbox 2535 3244 2699 3316; x_wconf 91' lang='lat' dir='ltr'><strong>idque</strong></span> <span class='ocrx_word' id='word_1_568' title='bbox 2737 3241 3003 3314; x_wconf 87' lang='lat' dir='ltr'><strong>jejunium</strong></span> <span class='ocrx_word' id='word_1_569' title='bbox 3033 3237 3196 3296; x_wconf 90' lang='lat' dir='ltr'><strong>nimis</strong></span> <span class='ocrx_word' id='word_1_570' title='bbox 3220 3243 3342 3292; x_wconf 89' lang='lat' dir='ltr'><strong>erat</strong></span> <span class='ocrx_word' id='word_1_571' title='bbox 3382 3235 3480 3292; x_wconf 90' lang='lat' dir='ltr'><strong>du-</strong></span> 
     </span>
    </p>
   </div>
   <div class='ocr_carea' id='block_1_80' title="bbox 1885 3329 3476 3410">
    <p class='ocr_par' dir='ltr' id='par_1_80' title="bbox 1885 3329 3476 3410">
     <span class='ocr_line' id='line_1_80' title="bbox 1885 3329 3476 3410; baseline -0.009 -15"><span class='ocrx_word' id='word_1_572' title='bbox 1885 3357 2009 3396; x_wconf 85' lang='lat' dir='ltr'><strong>rum</strong></span> <span class='ocrx_word' id='word_1_573' title='bbox 2057 3354 2122 3394; x_wconf 89' lang='lat' dir='ltr'><strong>ac</strong></span> <span class='ocrx_word' id='word_1_574' title='bbox 2151 3339 2382 3410; x_wconf 84' lang='lat' dir='ltr'><strong>rigidum</strong></span> <span class='ocrx_word' id='word_1_575' title='bbox 2416 3353 2430 3392; x_wconf 91' lang='lat'>:</span> <span class='ocrx_word' id='word_1_576' title='bbox 2461 3335 2730 3408; x_wconf 88' lang='lat' dir='ltr'><strong>siquidem</strong></span> <span class='ocrx_word' id='word_1_577' title='bbox 2756 3347 2950 3404; x_wconf 90' lang='lat' dir='ltr'><strong>aspero</strong></span> <span class='ocrx_word' id='word_1_578' title='bbox 2977 3329 3298 3388; x_wconf 88' lang='lat' dir='ltr'><strong>vescebatur</strong></span> <span class='ocrx_word' id='word_1_579' title='bbox 3317 3341 3476 3399; x_wconf 86' lang='lat' dir='ltr'><strong>pane,</strong></span> 
     </span>
    </p>
   </div>
   <div class='ocr_carea' id='block_1_81' title="bbox 1887 3418 3476 3495">
    <p class='ocr_par' dir='ltr' id='par_1_81' title="bbox 1887 3418 3476 3495">
     <span class='ocr_line' id='line_1_81' title="bbox 1887 3418 3476 3495; baseline -0.011 -10"><span class='ocrx_word' id='word_1_580' title='bbox 1887 3439 1942 3485; x_wconf 90' lang='lat' dir='ltr'><strong>et</strong></span> <span class='ocrx_word' id='word_1_581' title='bbox 1966 3437 2247 3484; x_wconf 81' lang='lat' dir='ltr'><strong>externam</strong></span> <span class='ocrx_word' id='word_1_582' title='bbox 2276 3425 2496 3484; x_wconf 88' lang='lat' dir='ltr'><strong>bibebat</strong></span> <span class='ocrx_word' id='word_1_583' title='bbox 2517 3439 2733 3495; x_wconf 86' lang='lat' dir='ltr'><strong>aquam,</strong></span> <span class='ocrx_word' id='word_1_584' title='bbox 2759 3419 3009 3494; x_wconf 83' lang='lat' dir='ltr'><strong>quamvis</strong></span> <span class='ocrx_word' id='word_1_585' title='bbox 3035 3420 3186 3476; x_wconf 83' lang='lat' dir='ltr'><strong>senio</strong></span> <span class='ocrx_word' id='word_1_586' title='bbox 3203 3418 3314 3490; x_wconf 88' lang='lat' dir='ltr'><strong>jam</strong></span> <span class='ocrx_word' id='word_1_587' title='bbox 3343 3429 3476 3470; x_wconf 90' lang='lat' dir='ltr'><strong>con-</strong></span> 
     </span>
    </p>
   </div>
   <div class='ocr_carea' id='block_1_82' title="bbox 1889 3504 3482 3590">
    <p class='ocr_par' dir='ltr' id='par_1_82' title="bbox 1889 3504 3482 3590">
     <span class='ocr_line' id='line_1_82' title="bbox 1889 3504 3482 3590; baseline -0.013 -12"><span class='ocrx_word' id='word_1_588' title='bbox 1889 3521 2092 3586; x_wconf 68' lang='lat' dir='ltr'><strong>fectus.</strong></span> <span class='ocrx_word' id='word_1_589' title='bbox 2133 3517 2357 3590; x_wconf 82' lang='lat' dir='ltr'><strong>insuper</strong></span> <span class='ocrx_word' id='word_1_590' title='bbox 2387 3515 2580 3572; x_wconf 88' lang='lat' dir='ltr'><strong>ferreis</strong></span> <span class='ocrx_word' id='word_1_591' title='bbox 2630 3527 2795 3584; x_wconf 88' lang='lat' dir='ltr'><strong>super</strong></span> <span class='ocrx_word' id='word_1_592' title='bbox 2831 3511 2976 3570; x_wconf 91' lang='lat' dir='ltr'><strong>nudo</strong></span> <span class='ocrx_word' id='word_1_593' title='bbox 3011 3508 3245 3573; x_wconf 85' lang='lat' dir='ltr'><strong>catenis,</strong></span> <span class='ocrx_word' id='word_1_594' title='bbox 3295 3504 3482 3560; x_wconf 88' lang='lat' dir='ltr'><strong>multis</strong></span> 
     </span>
    </p>
   </div>
   <div class='ocr_carea' id='block_1_83' title="bbox 1889 3595 3480 3674">
    <p class='ocr_par' dir='ltr' id='par_1_83' title="bbox 1889 3595 3480 3674">
     <span class='ocr_line' id='line_1_83' title="bbox 1889 3595 3480 3674; baseline -0.014 -6"><span class='ocrx_word' id='word_1_595' title='bbox 1889 3619 2224 3668; x_wconf 85' lang='lat' dir='ltr'><strong>maceratum</strong></span> <span class='ocrx_word' id='word_1_596' title='bbox 2265 3607 2442 3664; x_wconf 85' lang='lat' dir='ltr'><strong>modis</strong></span> <span class='ocrx_word' id='word_1_597' title='bbox 2468 3603 2875 3674; x_wconf 82' lang='lat' dir='ltr'><strong>constringebat</strong></span> <span class='ocrx_word' id='word_1_598' title='bbox 2896 3615 3114 3670; x_wconf 88' lang='lat' dir='ltr'><strong>corpus,</strong></span> <span class='ocrx_word' id='word_1_599' title='bbox 3144 3607 3198 3653; x_wconf 93' lang='lat' dir='ltr'><strong>et</strong></span> <span class='ocrx_word' id='word_1_600' title='bbox 3221 3595 3480 3665; x_wconf 86' lang='lat' dir='ltr'><strong>frequen-</strong></span> 
     </span>
    </p>
   </div>
   <div class='ocr_carea' id='block_1_84' title="bbox 1893 3685 3475 3772">
    <p class='ocr_par' dir='ltr' id='par_1_84' title="bbox 1893 3685 3475 3772">
     <span class='ocr_line' id='line_1_84' title="bbox 1893 3685 3475 3772; baseline -0.015 -10"><span class='ocrx_word' id='word_1_601' title='bbox 1893 3718 1976 3766; x_wconf 87' lang='lat' dir='ltr'><strong>ter</strong></span> <span class='ocrx_word' id='word_1_602' title='bbox 2005 3703 2165 3760; x_wconf 82' lang='lat' dir='ltr'><strong>modo</strong></span> <span class='ocrx_word' id='word_1_603' title='bbox 2189 3701 2493 3772; x_wconf 85' lang='lat' dir='ltr'><strong>palmarum</strong></span> <span class='ocrx_word' id='word_1_604' title='bbox 2535 3695 2873 3760; x_wconf 90' lang='lat' dir='ltr'><strong>verberibus,</strong></span> <span class='ocrx_word' id='word_1_605' title='bbox 2918 3693 3077 3748; x_wconf 91' lang='lat' dir='ltr'><strong>modo</strong></span> <span class='ocrx_word' id='word_1_606' title='bbox 3113 3689 3246 3753; x_wconf 87' lang='lat' dir='ltr'><strong>loris</strong></span> <span class='ocrx_word' id='word_1_607' title='bbox 3277 3685 3475 3757; x_wconf 79' lang='lat' dir='ltr'><strong>alllige-</strong></span> 
     </span>
    </p>
   </div>
   <div class='ocr_carea' id='block_1_85' title="bbox 1892 3777 3478 3862">
    <p class='ocr_par' dir='ltr' id='par_1_85' title="bbox 1892 3777 3478 3862">
     <span class='ocr_line' id='line_1_85' title="bbox 1892 3777 3478 3862; baseline -0.013 -10"><span class='ocrx_word' id='word_1_608' title='bbox 1892 3797 1986 3858; x_wconf 83' lang='lat' dir='ltr'><strong>bat</strong></span> <span class='ocrx_word' id='word_1_609' title='bbox 2012 3805 2105 3862; x_wconf 57' lang='lat' dir='ltr'><strong>get</strong></span> <span class='ocrx_word' id='word_1_610' title='bbox 2137 3807 2262 3852; x_wconf 84' lang='lat' dir='ltr'><strong>cum</strong></span> <span class='ocrx_word' id='word_1_611' title='bbox 2304 3799 2382 3850; x_wconf 89' lang='lat' dir='ltr'><strong>tot</strong></span> <span class='ocrx_word' id='word_1_612' title='bbox 2407 3788 2559 3845; x_wconf 90' lang='lat' dir='ltr'><strong>duris</strong></span> <span class='ocrx_word' id='word_1_613' title='bbox 2607 3786 2852 3844; x_wconf 91' lang='lat' dir='ltr'><strong>confecta</strong></span> <span class='ocrx_word' id='word_1_614' title='bbox 2897 3783 3076 3840; x_wconf 88' lang='lat' dir='ltr'><strong>modis</strong></span> <span class='ocrx_word' id='word_1_615' title='bbox 3119 3779 3312 3836; x_wconf 82' lang='lat' dir='ltr'><strong>s-.-nilia</strong></span> <span class='ocrx_word' id='word_1_616' title='bbox 3360 3777 3478 3832; x_wconf 86' lang='lat' dir='ltr'><strong>fali-</strong></span> 
     </span>
    </p>
   </div>
   <div class='ocr_carea' id='block_1_86' title="bbox 1891 3874 3479 3962">
    <p class='ocr_par' dir='ltr' id='par_1_86' title="bbox 1891 3874 3479 3962">
     <span class='ocr_line' id='line_1_86' title="bbox 1891 3874 3479 3962; baseline -0.013 -17"><span class='ocrx_word' id='word_1_617' title='bbox 1891 3897 2046 3962; x_wconf 88' lang='lat' dir='ltr'><strong>garet</strong></span> <span class='ocrx_word' id='word_1_618' title='bbox 2071 3884 2334 3950; x_wconf 88' lang='lat' dir='ltr'><strong>membra,</strong></span> <span class='ocrx_word' id='word_1_619' title='bbox 2368 3897 2472 3938; x_wconf 90' lang='lat' dir='ltr'><strong>non</strong></span> <span class='ocrx_word' id='word_1_620' title='bbox 2495 3879 2730 3936; x_wconf 88' lang='lat' dir='ltr'><strong>cubabat</strong></span> <span class='ocrx_word' id='word_1_621' title='bbox 2753 3877 2806 3934; x_wconf 91' lang='lat' dir='ltr'><strong>in</strong></span> <span class='ocrx_word' id='word_1_622' title='bbox 2842 3874 3062 3946; x_wconf 90' lang='lat' dir='ltr'><strong>plumis,</strong></span> <span class='ocrx_word' id='word_1_623' title='bbox 3087 3883 3181 3928; x_wconf 87' lang='lat' dir='ltr'><strong>aut</strong></span> <span class='ocrx_word' id='word_1_624' title='bbox 3207 3879 3479 3927; x_wconf 88' lang='lat' dir='ltr'><strong>stramen-</strong></span> 
     </span>
    </p>
   </div>
   <div class='ocr_carea' id='block_1_87' title="bbox 1895 3963 3482 4048">
    <p class='ocr_par' dir='ltr' id='par_1_87' title="bbox 1895 3963 3482 4048">
     <span class='ocr_line' id='line_1_87' title="bbox 1895 3963 3482 4048; baseline -0.011 -13"><span class='ocrx_word' id='word_1_625' title='bbox 1895 3981 1987 4046; x_wconf 87' lang='lat' dir='ltr'><strong>tis,</strong></span> <span class='ocrx_word' id='word_1_626' title='bbox 2045 3979 2140 4036; x_wconf 84' lang='lat' dir='ltr'><strong>sed</strong></span> <span class='ocrx_word' id='word_1_627' title='bbox 2198 3991 2363 4048; x_wconf 87' lang='lat' dir='ltr'><strong>super</strong></span> <span class='ocrx_word' id='word_1_628' title='bbox 2413 3975 2557 4030; x_wconf 90' lang='lat' dir='ltr'><strong>nuda</strong></span> <span class='ocrx_word' id='word_1_629' title='bbox 2597 3980 2750 4032; x_wconf 88' lang='lat' dir='ltr'><strong>crate</strong></span> <span class='ocrx_word' id='word_1_630' title='bbox 2795 3985 3076 4034; x_wconf 81' lang='lat' dir='ltr'><strong>somnum,</strong></span> <span class='ocrx_word' id='word_1_631' title='bbox 3109 3965 3200 4038; x_wconf 89' lang='lat' dir='ltr'><strong>qui</strong></span> <span class='ocrx_word' id='word_1_632' title='bbox 3245 3972 3366 4022; x_wconf 85' lang='lat' dir='ltr'><strong>erat</strong></span> <span class='ocrx_word' id='word_1_633' title='bbox 3406 3963 3482 4018; x_wconf 89' lang='lat' dir='ltr'><strong>illi</strong></span> 
     </span>
    </p>
   </div>
   <div class='ocr_carea' id='block_1_88' title="bbox 1891 4054 3479 4146">
    <p class='ocr_par' dir='ltr' id='par_1_88' title="bbox 1891 4054 3479 4146">
     <span class='ocr_line' id='line_1_88' title="bbox 1891 4054 3479 4146; baseline -0.011 -21"><span class='ocrx_word' id='word_1_634' title='bbox 1891 4068 2270 4146; x_wconf 84' lang='lat' dir='ltr'><strong>parcissimus,</strong></span> <span class='ocrx_word' id='word_1_635' title='bbox 2299 4063 2572 4137; x_wconf 88' lang='lat' dir='ltr'><strong>capiebat.</strong></span> <span class='ocrx_word' id='word_1_636' title='bbox 2604 4063 2744 4133; x_wconf 86' lang='lat' dir='ltr'><strong>Quid</strong></span> <span class='ocrx_word' id='word_1_637' title='bbox 2775 4062 2920 4118; x_wconf 89' lang='lat' dir='ltr'><strong>illius</strong></span> <span class='ocrx_word' id='word_1_638' title='bbox 2945 4057 3230 4138; x_wconf 88' lang='lat' dir='ltr'><strong>psallendi,</strong></span> <span class='ocrx_word' id='word_1_639' title='bbox 3263 4054 3479 4116; x_wconf 88' lang='lat' dir='ltr'><strong>orandi,</strong></span> 
     </span>
    </p>
   </div>
   <div class='ocr_carea' id='block_1_89' title="bbox 1895 4148 3484 4233">
    <p class='ocr_par' dir='ltr' id='par_1_89' title="bbox 1895 4148 3484 4233">
     <span class='ocr_line' id='line_1_89' title="bbox 1895 4148 3484 4233; baseline -0.009 -17"><span class='ocrx_word' id='word_1_640' title='bbox 1895 4160 2124 4233; x_wconf 86' lang='lat' dir='ltr'><strong>legendi.</strong></span> <span class='ocrx_word' id='word_1_641' title='bbox 2175 4175 2240 4222; x_wconf 84' lang='lat' dir='ltr'><strong>ac</strong></span> <span class='ocrx_word' id='word_1_642' title='bbox 2268 4159 2506 4218; x_wconf 88' lang='lat' dir='ltr'><strong>dictandi</strong></span> <span class='ocrx_word' id='word_1_643' title='bbox 2536 4155 2856 4220; x_wconf 85' lang='lat' dir='ltr'><strong>admirabile</strong></span> <span class='ocrx_word' id='word_1_644' title='bbox 2905 4153 3144 4210; x_wconf 88' lang='lat' dir='ltr'><strong>studium</strong></span> <span class='ocrx_word' id='word_1_645' title='bbox 3194 4149 3426 4206; x_wconf 84' lang='lat' dir='ltr'><strong>referam</strong></span> <span class='ocrx_word' id='word_1_646' title='bbox 3460 4148 3484 4202; x_wconf 77' lang='lat' dir='ltr'><strong>‘l</strong></span> 
     </span>
    </p>
   </div>
   <div class='ocr_carea' id='block_1_90' title="bbox 1895 4238 3482 4320">
    <p class='ocr_par' dir='ltr' id='par_1_90' title="bbox 1895 4238 3482 4320">
     <span class='ocr_line' id='line_1_90' title="bbox 1895 4238 3482 4320; baseline -0.01 -12"><span class='ocrx_word' id='word_1_647' title='bbox 1895 4251 2004 4308; x_wconf 84' lang='lat' dir='ltr'><strong>Nec.</strong></span> <span class='ocrx_word' id='word_1_648' title='bbox 2028 4251 2159 4306; x_wconf 90' lang='lat' dir='ltr'><strong>illud</strong></span> <span class='ocrx_word' id='word_1_649' title='bbox 2208 4247 2682 4320; x_wconf 68' lang='lat' dir='ltr'><strong>prmtereundum,‘</strong></span> <span class='ocrx_word' id='word_1_650' title='bbox 2720 4245 2864 4318; x_wconf 89' lang='lat' dir='ltr'><strong>quod</strong></span> <span class='ocrx_word' id='word_1_651' title='bbox 2891 4260 2957 4300; x_wconf 81' lang='lat' dir='ltr'><strong>ex</strong></span> <span class='ocrx_word' id='word_1_652' title='bbox 2987 4245 3176 4299; x_wconf 90' lang='lat' dir='ltr'><strong>eadem</strong></span> <span class='ocrx_word' id='word_1_653' title='bbox 3229 4239 3392 4313; x_wconf 90' lang='lat' dir='ltr'><strong>pelvi,</strong></span> <span class='ocrx_word' id='word_1_654' title='bbox 3428 4238 3482 4292; x_wconf 91' lang='lat' dir='ltr'><strong>in</strong></span> 
     </span>
    </p>
   </div>
   <div class='ocr_carea' id='block_1_91' title="bbox 1895 4331 3478 4415">
    <p class='ocr_par' dir='ltr' id='par_1_91' title="bbox 1895 4331 3478 4415">
     <span class='ocr_line' id='line_1_91' title="bbox 1895 4331 3478 4415; baseline -0.01 -19"><span class='ocrx_word' id='word_1_655' title='bbox 1895 4359 2001 4415; x_wconf 89' lang='lat' dir='ltr'><strong>qua</strong></span> <span class='ocrx_word' id='word_1_656' title='bbox 2050 4343 2348 4414; x_wconf 81' lang='lat' dir='ltr'><strong>patipcrum</strong></span> <span class='ocrx_word' id='word_1_657' title='bbox 2377 4337 2807 4410; x_wconf 31' lang='lat' dir='ltr'><strong>pedes’lavabat,</strong></span> <span class='ocrx_word' id='word_1_658' title='bbox 2841 4337 3022 4394; x_wconf 90' lang='lat' dir='ltr'><strong>cibum</strong></span> <span class='ocrx_word' id='word_1_659' title='bbox 3055 4335 3170 4406; x_wconf 89' lang='lat' dir='ltr'><strong>ipse</strong></span> <span class='ocrx_word' id='word_1_660' title='bbox 3211 4331 3478 4388; x_wconf 88' lang='lat' dir='ltr'><strong>sumebat.</strong></span> 
     </span>
    </p>
   </div>
   <div class='ocr_carea' id='block_1_92' title="bbox 201 4421 3482 4504">
    <p class='ocr_par' dir='ltr' id='par_1_92' title="bbox 201 4421 3482 4504">
     <span class='ocr_line' id='line_1_92' title="bbox 201 4421 3482 4504; baseline -0.004 -18"><span class='ocrx_word' id='word_1_661' title='bbox 201 4441 362 4500; x_wconf 81' lang='lat' dir='ltr'><strong>pcute</strong></span> <span class='ocrx_word' id='word_1_662' title='bbox 385 4439 496 4497; x_wconf 86' lang='lat' dir='ltr'><strong>est,</strong></span> <span class='ocrx_word' id='word_1_663' title='bbox 519 4431 748 4488; x_wconf 89' lang='lat' dir='ltr'><strong>dicens:</strong></span> <span class='ocrx_word' id='word_1_664' title='bbox 790 4429 992 4502; x_wconf 80' lang='lat' dir='ltr'><strong>Accipe</strong></span> <span class='ocrx_word' id='word_1_665' title='bbox 1018 4429 1279 4501; x_wconf 87' lang='lat' dir='ltr'><strong>Spiritum</strong></span> <span class='ocrx_word' id='word_1_666' title='bbox 1329 4438 1602 4500; x_wconf 77' lang='lat' dir='ltr'><strong>sanctum,</strong></span> <span class='ocrx_word' id='word_1_667' title='bbox 1629 4421 1869 4484; x_wconf 68' lang='lat' dir='ltr'><strong>simul‘f&#39;</strong></span> <span class='ocrx_word' id='word_1_668' title='bbox 1893 4421 2121 4504; x_wconf 77' lang='lat' dir='ltr'><strong>Quoties</strong></span> <span class='ocrx_word' id='word_1_669' title='bbox 2143 4432 2520 4504; x_wconf 82' lang='lat' dir='ltr'><strong>superioribus</strong></span> <span class='ocrx_word' id='word_1_670' title='bbox 2553 4430 2885 4500; x_wconf 88' lang='lat' dir='ltr'><strong>temporibus</strong></span> <span class='ocrx_word' id='word_1_671' title='bbox 2930 4427 3000 4482; x_wconf 86' lang='lat' dir='ltr'><strong>ad</strong></span> <span class='ocrx_word' id='word_1_672' title='bbox 3049 4423 3315 4496; x_wconf 79' lang='lat' dir='ltr'><strong>synodum</strong></span> <span class='ocrx_word' id='word_1_673' title='bbox 3363 4435 3482 4474; x_wconf 90' lang='lat' dir='ltr'><strong>mo-</strong></span> 
     </span>
    </p>
   </div>
   <div class='ocr_carea' id='block_1_93' title="bbox 203 4517 1792 4596">
    <p class='ocr_par' dir='ltr' id='par_1_93' title="bbox 203 4517 1792 4596">
     <span class='ocr_line' id='line_1_93' title="bbox 203 4517 1792 4596; baseline 0 -17"><span class='ocrx_word' id='word_1_674' title='bbox 203 4533 256 4579; x_wconf 84' lang='lat' dir='ltr'><strong>et</strong></span> <span class='ocrx_word' id='word_1_675' title='bbox 279 4525 659 4596; x_wconf 84' lang='lat' dir='ltr'><strong>pontificatum</strong></span> <span class='ocrx_word' id='word_1_676' title='bbox 687 4542 704 4594; x_wconf 71' lang='grc' dir='ltr'>ς</span> <span class='ocrx_word' id='word_1_677' title='bbox 738 4525 808 4590; x_wconf 77' lang='lat' dir='ltr'><strong>ad</strong></span> <span class='ocrx_word' id='word_1_678' title='bbox 839 4525 1202 4581; x_wconf 88' lang='lat' dir='ltr'><strong>ministerium</strong></span> <span class='ocrx_word' id='word_1_679' title='bbox 1233 4517 1627 4596; x_wconf 74' lang='lat' dir='ltr'><strong>recepti&#39;fuere.</strong></span> <span class='ocrx_word' id='word_1_680' title='bbox 1665 4521 1792 4579; x_wconf 80' lang='lat' dir='ltr'><strong>llaec</strong></span> 
     </span>
    </p>
   </div>
   <div class='ocr_carea' id='block_1_94' title="bbox 205 4607 1792 4689">
    <p class='ocr_par' dir='ltr' id='par_1_94' title="bbox 205 4607 1792 4689">
     <span class='ocr_line' id='line_1_94' title="bbox 205 4607 1792 4689; baseline 0.002 -21"><span class='ocrx_word' id='word_1_681' title='bbox 205 4615 441 4679; x_wconf 79' lang='lat' dir='ltr'><strong>breviter</strong></span> <span class='ocrx_word' id='word_1_682' title='bbox 469 4618 770 4688; x_wconf 75' lang='lat' dir='ltr'><strong>attigimus,</strong></span> <span class='ocrx_word' id='word_1_683' title='bbox 797 4626 859 4670; x_wconf 92' lang='lat' dir='ltr'><strong>ut</strong></span> <span class='ocrx_word' id='word_1_684' title='bbox 885 4633 952 4673; x_wconf 81' lang='lat' dir='ltr'><strong>ex</strong></span> <span class='ocrx_word' id='word_1_685' title='bbox 985 4617 1052 4672; x_wconf 90' lang='lat' dir='ltr'><strong>iis</strong></span> <span class='ocrx_word' id='word_1_686' title='bbox 1080 4626 1274 4672; x_wconf 71' lang='lat' dir='ltr'><strong>caetera</strong></span> <span class='ocrx_word' id='word_1_687' title='bbox 1297 4607 1440 4672; x_wconf 86' lang='lat' dir='ltr'><strong>illius</strong></span> <span class='ocrx_word' id='word_1_688' title='bbox 1462 4625 1633 4689; x_wconf 81' lang='lat' dir='ltr'><strong>gesta,</strong></span> <span class='ocrx_word' id='word_1_689' title='bbox 1657 4631 1792 4688; x_wconf 86' lang='lat' dir='ltr'><strong>qua—</strong></span> 
     </span>
    </p>
   </div>
   <div class='ocr_carea' id='block_1_95' title="bbox 211 4709 1792 4784">
    <p class='ocr_par' dir='ltr' id='par_1_95' title="bbox 211 4709 1792 4784">
     <span class='ocr_line' id='line_1_95' title="bbox 211 4709 1792 4784; baseline 0.003 -21"><span class='ocrx_word' id='word_1_690' title='bbox 211 4710 274 4766; x_wconf 83' lang='lat' dir='ltr'><strong>lia</strong></span> <span class='ocrx_word' id='word_1_691' title='bbox 299 4713 630 4781; x_wconf 80' lang='lat' dir='ltr'><strong>exstiterint,</strong></span> <span class='ocrx_word' id='word_1_692' title='bbox 667 4713 1046 4784; x_wconf 86' lang='lat' dir='ltr'><strong>unusquisque</strong></span> <span class='ocrx_word' id='word_1_693' title='bbox 1072 4712 1250 4768; x_wconf 88' lang='lat' dir='ltr'><strong>facere</strong></span> <span class='ocrx_word' id='word_1_694' title='bbox 1273 4709 1640 4782; x_wconf 83' lang='lat' dir='ltr'><strong>conjecturam</strong></span> <span class='ocrx_word' id='word_1_695' title='bbox 1663 4727 1792 4782; x_wconf 89' lang='lat' dir='ltr'><strong>pos-</strong></span> 
     </span>
    </p>
   </div>
   <div class='ocr_carea' id='block_1_96' title="bbox 215 4803 1790 4877">
    <p class='ocr_par' dir='ltr' id='par_1_96' title="bbox 215 4803 1790 4877">
     <span class='ocr_line' id='line_1_96' title="bbox 215 4803 1790 4877; baseline 0 -21"><span class='ocrx_word' id='word_1_696' title='bbox 215 4804 316 4868; x_wconf 82' lang='lat' dir='ltr'><strong>sit;</strong></span> <span class='ocrx_word' id='word_1_697' title='bbox 355 4821 476 4862; x_wconf 89' lang='lat' dir='ltr'><strong>nam</strong></span> <span class='ocrx_word' id='word_1_698' title='bbox 516 4805 778 4877; x_wconf 84' lang='lat' dir='ltr'><strong>persequi</strong></span> <span class='ocrx_word' id='word_1_699' title='bbox 817 4805 1020 4870; x_wconf 87' lang='lat' dir='ltr'><strong>omnia,</strong></span> <span class='ocrx_word' id='word_1_700' title='bbox 1046 4803 1317 4859; x_wconf 87' lang='lat' dir='ltr'><strong>nemiuem</strong></span> <span class='ocrx_word' id='word_1_701' title='bbox 1347 4819 1505 4874; x_wconf 79' lang='lat' dir='ltr'><strong>posse</strong></span> <span class='ocrx_word' id='word_1_702' title='bbox 1535 4803 1790 4866; x_wconf 70' lang='lat' dir='ltr'><strong>arbitror,</strong></span> 
     </span>
    </p>
   </div>
   <div class='ocr_carea' id='block_1_97' title="bbox 223 4892 1788 4970">
    <p class='ocr_par' dir='ltr' id='par_1_97' title="bbox 223 4892 1788 4970">
     <span class='ocr_line' id='line_1_97' title="bbox 223 4892 1788 4970; baseline 0.001 -26"><span class='ocrx_word' id='word_1_703' title='bbox 223 4892 302 4962; x_wconf 84' lang='lat' dir='ltr'><strong>qui</strong></span> <span class='ocrx_word' id='word_1_704' title='bbox 327 4896 533 4964; x_wconf 66' lang='lat' dir='ltr'><strong>‘luidem</strong></span> <span class='ocrx_word' id='word_1_705' title='bbox 561 4897 616 4951; x_wconf 88' lang='lat' dir='ltr'><strong>in</strong></span> <span class='ocrx_word' id='word_1_706' title='bbox 645 4903 845 4952; x_wconf 83' lang='lat' dir='ltr'><strong>sancta</strong></span> <span class='ocrx_word' id='word_1_707' title='bbox 876 4893 1117 4949; x_wconf 84' lang='lat' dir='ltr'><strong>Ecclesia</strong></span> <span class='ocrx_word' id='word_1_708' title='bbox 1161 4909 1438 4970; x_wconf 82' lang='lat' dir='ltr'><strong>nunquam</strong></span> <span class='ocrx_word' id='word_1_709' title='bbox 1472 4893 1788 4958; x_wconf 88' lang='lat' dir='ltr'><strong>desistebat,</strong></span> 
     </span>
    </p>
   </div>
   <div class='ocr_carea' id='block_1_98' title="bbox 219 4986 1794 5063">
    <p class='ocr_par' dir='ltr' id='par_1_98' title="bbox 219 4986 1794 5063">
     <span class='ocr_line' id='line_1_98' title="bbox 219 4986 1794 5063; baseline -0.001 -23"><span class='ocrx_word' id='word_1_710' title='bbox 219 4989 451 5062; x_wconf 84' lang='lat' dir='ltr'><strong>quidquid</strong></span> <span class='ocrx_word' id='word_1_711' title='bbox 503 5007 746 5063; x_wconf 80' lang='lat' dir='ltr'><strong>pravum</strong></span> <span class='ocrx_word' id='word_1_712' title='bbox 778 5031 794 5048; x_wconf 89' lang='lat'><strong>.</strong></span> <span class='ocrx_word' id='word_1_713' title='bbox 841 4987 1097 5058; x_wconf 88' lang='lat' dir='ltr'><strong>quidquid</strong></span> <span class='ocrx_word' id='word_1_714' title='bbox 1154 4986 1394 5044; x_wconf 85' lang='lat' dir='ltr'><strong>insolens</strong></span> <span class='ocrx_word' id='word_1_715' title='bbox 1448 4997 1794 5060; x_wconf 83' lang='lat' dir='ltr'><strong>emergeret,</strong></span> 
     </span>
    </p>
   </div>
   <div class='ocr_carea' id='block_1_99' title="bbox 209 5079 1794 5154">
    <p class='ocr_par' dir='ltr' id='par_1_99' title="bbox 209 5079 1794 5154">
     <span class='ocr_line' id='line_1_99' title="bbox 209 5079 1794 5154; baseline 0 -18"><span class='ocrx_word' id='word_1_716' title='bbox 209 5099 404 5154; x_wconf 83' lang='lat' dir='ltr'><strong>prorsus</strong></span> <span class='ocrx_word' id='word_1_717' title='bbox 427 5086 652 5150; x_wconf 88' lang='lat' dir='ltr'><strong>tollere,</strong></span> <span class='ocrx_word' id='word_1_718' title='bbox 699 5097 768 5135; x_wconf 89' lang='lat' dir='ltr'><strong>ac</strong></span> <span class='ocrx_word' id='word_1_719' title='bbox 789 5080 1125 5152; x_wconf 74' lang='lat' dir='ltr'><strong>exstirpare;</strong></span> <span class='ocrx_word' id='word_1_720' title='bbox 1153 5079 1416 5154; x_wconf 89' lang='lat' dir='ltr'><strong>quidquid</strong></span> <span class='ocrx_word' id='word_1_721' title='bbox 1439 5093 1620 5138; x_wconf 88' lang='lat' dir='ltr'><strong>autem</strong></span> <span class='ocrx_word' id='word_1_722' title='bbox 1645 5081 1794 5152; x_wconf 89' lang='lat' dir='ltr'><strong>pium</strong></span> 
     </span>
    </p>
   </div>
   <div class='ocr_carea' id='block_1_100' title="bbox 338 5169 1786 5194">
    <p class='ocr_par' dir='ltr' id='par_1_100' title="bbox 338 5169 1786 5194">
     <span class='ocr_line' id='line_1_100' title="bbox 338 5169 1786 5194; baseline -0.001 0"><span class='ocrx_word' id='word_1_723' title='bbox 338 5183 366 5194; x_wconf 83' lang='lat'><strong>..</strong></span> <span class='ocrx_word' id='word_1_724' title='bbox 411 5182 422 5194; x_wconf 78' lang='grc' dir='ltr'><strong><em>ο</em></strong></span> <span class='ocrx_word' id='word_1_725' title='bbox 741 5174 752 5194; x_wconf 71' lang='grc' dir='ltr'><strong>ε</strong></span> <span class='ocrx_word' id='word_1_726' title='bbox 799 5175 1124 5194; x_wconf 76' lang='grc' dir='ltr'><strong>.-ι----.-ι..</strong></span> <span class='ocrx_word' id='word_1_727' title='bbox 1205 5191 1218 5194; x_wconf 81' lang='lat'><strong>-</strong></span> <span class='ocrx_word' id='word_1_728' title='bbox 1253 5173 1266 5194; x_wconf 88' lang='lat' dir='ltr'>l</span> <span class='ocrx_word' id='word_1_729' title='bbox 1312 5169 1438 5194; x_wconf 50' lang='lat' dir='ltr'><strong>ﬁt-)</strong></span> <span class='ocrx_word' id='word_1_730' title='bbox 1477 5177 1510 5194; x_wconf 69' lang='grc'><strong>,-</strong></span> <span class='ocrx_word' id='word_1_731' title='bbox 1575 5177 1636 5194; x_wconf 41' lang='lat' dir='ltr'><strong>,I-</strong></span> <span class='ocrx_word' id='word_1_732' title='bbox 1683 5175 1724 5194; x_wconf 67' lang='grc' dir='ltr'><strong>ς-</strong></span> 
     </span>
    </p>
   </div>
   <div class='ocr_carea' id='block_1_101' title="bbox 1901 4515 3484 4598">
    <p class='ocr_par' dir='ltr' id='par_1_101' title="bbox 1901 4515 3484 4598">
     <span class='ocr_line' id='line_1_101' title="bbox 1901 4515 3484 4598; baseline -0.011 -14"><span class='ocrx_word' id='word_1_733' title='bbox 1901 4529 2220 4594; x_wconf 86' lang='lat' dir='ltr'><strong>nachorum,</strong></span> <span class='ocrx_word' id='word_1_734' title='bbox 2252 4527 2394 4597; x_wconf 90' lang='lat' dir='ltr'><strong>quod</strong></span> <span class='ocrx_word' id='word_1_735' title='bbox 2422 4515 2696 4598; x_wconf 85' lang='lat' dir='ltr'><strong>appellant</strong></span> <span class='ocrx_word' id='word_1_736' title='bbox 2731 4521 3018 4580; x_wconf 68' lang='lat' dir='ltr'><strong>cmuobitat</strong></span> <span class='ocrx_word' id='word_1_737' title='bbox 3046 4517 3358 4590; x_wconf 88' lang='lat' dir='ltr'><strong>capitulum,</strong></span> <span class='ocrx_word' id='word_1_738' title='bbox 3389 4529 3484 4588; x_wconf 47' lang='lat' dir='ltr'><strong>ace</strong></span> 
     </span>
    </p>
   </div>
   <div class='ocr_carea' id='block_1_102' title="bbox 1900 4605 3486 4684">
    <p class='ocr_par' dir='ltr' id='par_1_102' title="bbox 1900 4605 3486 4684">
     <span class='ocr_line' id='line_1_102' title="bbox 1900 4605 3486 4684; baseline -0.013 -6"><span class='ocrx_word' id='word_1_739' title='bbox 1900 4619 2144 4684; x_wconf 87' lang='lat' dir='ltr'><strong>cedebat,</strong></span> <span class='ocrx_word' id='word_1_740' title='bbox 2173 4633 2234 4676; x_wconf 91' lang='lat' dir='ltr'><strong>se</strong></span> <span class='ocrx_word' id='word_1_741' title='bbox 2261 4617 2390 4674; x_wconf 90' lang='lat' dir='ltr'><strong>sede</strong></span> <span class='ocrx_word' id='word_1_742' title='bbox 2431 4633 2528 4674; x_wconf 84' lang='lat' dir='ltr'><strong>sua</strong></span> <span class='ocrx_word' id='word_1_743' title='bbox 2557 4615 2765 4672; x_wconf 86' lang='lat' dir='ltr'><strong>solebat</strong></span> <span class='ocrx_word' id='word_1_744' title='bbox 2795 4627 3044 4684; x_wconf 85' lang='lat' dir='ltr'><strong>surgere,</strong></span> <span class='ocrx_word' id='word_1_745' title='bbox 3070 4619 3124 4666; x_wconf 91' lang='lat' dir='ltr'><strong>et</strong></span> <span class='ocrx_word' id='word_1_746' title='bbox 3160 4605 3486 4664; x_wconf 74' lang='lat' dir='ltr'><strong>inmedium</strong></span> 
     </span>
    </p>
   </div>
   <div class='ocr_carea' id='block_1_103' title="bbox 1899 4697 3489 4784">
    <p class='ocr_par' dir='ltr' id='par_1_103' title="bbox 1899 4697 3489 4784">
     <span class='ocr_line' id='line_1_103' title="bbox 1899 4697 3489 4784; baseline -0.011 -17"><span class='ocrx_word' id='word_1_747' title='bbox 1899 4711 2170 4784; x_wconf 87' lang='lat' dir='ltr'><strong>progredi,</strong></span> <span class='ocrx_word' id='word_1_748' title='bbox 2197 4709 2379 4779; x_wconf 84' lang='lat' dir='ltr'><strong>ibique</strong></span> <span class='ocrx_word' id='word_1_749' title='bbox 2411 4723 2510 4764; x_wconf 86' lang='lat' dir='ltr'><strong>sua</strong></span> <span class='ocrx_word' id='word_1_750' title='bbox 2535 4706 2814 4763; x_wconf 89' lang='lat' dir='ltr'><strong>humiliter</strong></span> <span class='ocrx_word' id='word_1_751' title='bbox 2842 4704 3072 4760; x_wconf 89' lang='lat' dir='ltr'><strong>crimina</strong></span> <span class='ocrx_word' id='word_1_752' title='bbox 3117 4697 3390 4761; x_wconf 81' lang='lat' dir='ltr'><strong>confiteri,</strong></span> <span class='ocrx_word' id='word_1_753' title='bbox 3431 4702 3489 4750; x_wconf 91' lang='lat' dir='ltr'><strong>et</strong></span> 
     </span>
    </p>
   </div>
   <div class='ocr_carea' id='block_1_104' title="bbox 1903 4785 3491 4872">
    <p class='ocr_par' dir='ltr' id='par_1_104' title="bbox 1903 4785 3491 4872">
     <span class='ocr_line' id='line_1_104' title="bbox 1903 4785 3491 4872; baseline -0.011 -12"><span class='ocrx_word' id='word_1_754' title='bbox 1903 4803 2128 4860; x_wconf 72' lang='lat' dir='ltr'><strong>nudum</strong></span> <span class='ocrx_word' id='word_1_755' title='bbox 2175 4817 2274 4872; x_wconf 88' lang='lat' dir='ltr'><strong>pro</strong></span> <span class='ocrx_word' id='word_1_756' title='bbox 2315 4800 2382 4854; x_wconf 83' lang='lat' dir='ltr'><strong>iis</strong></span> <span class='ocrx_word' id='word_1_757' title='bbox 2429 4813 2676 4869; x_wconf 78' lang='lat' dir='ltr'><strong>pascere,</strong></span> <span class='ocrx_word' id='word_1_758' title='bbox 2713 4805 2766 4852; x_wconf 88' lang='lat' dir='ltr'><strong>et</strong></span> <span class='ocrx_word' id='word_1_759' title='bbox 2816 4795 3026 4850; x_wconf 89' lang='lat' dir='ltr'><strong>sanctis</strong></span> <span class='ocrx_word' id='word_1_760' title='bbox 3068 4785 3491 4846; x_wconf 84' lang='lat' dir='ltr'><strong>allocutionibus</strong></span> 
     </span>
    </p>
   </div>
   <div class='ocr_carea' id='block_1_105' title="bbox 1897 4879 3493 4958">
    <p class='ocr_par' dir='ltr' id='par_1_105' title="bbox 1897 4879 3493 4958">
     <span class='ocr_line' id='line_1_105' title="bbox 1897 4879 3493 4958; baseline -0.013 -6"><span class='ocrx_word' id='word_1_761' title='bbox 1897 4897 2011 4952; x_wconf 88' lang='lat' dir='ltr'><strong>suis</strong></span> <span class='ocrx_word' id='word_1_762' title='bbox 2057 4896 2220 4952; x_wconf 89' lang='lat' dir='ltr'><strong>modo</strong></span> <span class='ocrx_word' id='word_1_763' title='bbox 2269 4895 2438 4958; x_wconf 86' lang='lat' dir='ltr'><strong>hunc,</strong></span> <span class='ocrx_word' id='word_1_764' title='bbox 2491 4891 2651 4947; x_wconf 86' lang='lat' dir='ltr'><strong>modo</strong></span> <span class='ocrx_word' id='word_1_765' title='bbox 2709 4887 2882 4952; x_wconf 89' lang='lat' dir='ltr'><strong>illum,</strong></span> <span class='ocrx_word' id='word_1_766' title='bbox 2921 4887 3082 4942; x_wconf 80' lang='lat' dir='ltr'><strong>modo</strong></span> <span class='ocrx_word' id='word_1_767' title='bbox 3125 4879 3493 4938; x_wconf 86' lang='lat' dir='ltr'><strong>communiter</strong></span> 
     </span>
    </p>
   </div>
   <div class='ocr_carea' id='block_1_106' title="bbox 1897 4971 3495 5054">
    <p class='ocr_par' dir='ltr' id='par_1_106' title="bbox 1897 4971 3495 5054">
     <span class='ocr_line' id='line_1_106' title="bbox 1897 4971 3495 5054; baseline -0.012 -10"><span class='ocrx_word' id='word_1_768' title='bbox 1897 5003 2087 5044; x_wconf 88' lang='lat' dir='ltr'><strong>omnes</strong></span> <span class='ocrx_word' id='word_1_769' title='bbox 2117 4989 2407 5044; x_wconf 83' lang='lat' dir='ltr'><strong>instruere.</strong></span> <span class='ocrx_word' id='word_1_770' title='bbox 2437 4985 2520 5040; x_wconf 85' lang='lat' dir='ltr'><strong>Ad</strong></span> <span class='ocrx_word' id='word_1_771' title='bbox 2546 4981 2793 5054; x_wconf 88' lang='lat' dir='ltr'><strong>juniores</strong></span> <span class='ocrx_word' id='word_1_772' title='bbox 2821 4989 3008 5034; x_wconf 89' lang='lat' dir='ltr'><strong>autem</strong></span> <span class='ocrx_word' id='word_1_773' title='bbox 3049 4989 3350 5038; x_wconf 88' lang='lat' dir='ltr'><strong>conversus</strong></span> <span class='ocrx_word' id='word_1_774' title='bbox 3379 4971 3495 5026; x_wconf 82' lang='lat' dir='ltr'><strong>aie-</strong></span> 
     </span>
    </p>
   </div>
   <div class='ocr_carea' id='block_1_107' title="bbox 1900 5071 3498 5146">
    <p class='ocr_par' dir='ltr' id='par_1_107' title="bbox 1900 5071 3498 5146">
     <span class='ocr_line' id='line_1_107' title="bbox 1900 5071 3498 5146; baseline -0.013 -8"><span class='ocrx_word' id='word_1_775' title='bbox 1900 5083 1996 5138; x_wconf 87' lang='lat' dir='ltr'><strong>bat</strong></span> <span class='ocrx_word' id='word_1_776' title='bbox 2023 5100 2034 5134; x_wconf 92' lang='lat'><strong>:</strong></span> <span class='ocrx_word' id='word_1_777' title='bbox 2065 5083 2244 5146; x_wconf 85' lang='lat' dir='ltr'><strong>Scire,</strong></span> <span class='ocrx_word' id='word_1_778' title='bbox 2273 5075 2612 5132; x_wconf 82' lang='lat' dir='ltr'><strong>dilectissimi</strong></span> <span class='ocrx_word' id='word_1_779' title='bbox 2645 5071 2760 5136; x_wconf 90' lang='lat' dir='ltr'><strong>lilii,</strong></span> <span class='ocrx_word' id='word_1_780' title='bbox 2790 5071 3024 5138; x_wconf 82' lang='lat' dir='ltr'><strong>debetis,</strong></span> <span class='ocrx_word' id='word_1_781' title='bbox 3055 5077 3498 5140; x_wconf 86' lang='lat' dir='ltr'><strong>unumquemque</strong></span> 
     </span>
    </p>
   </div>
   <div class='ocr_carea' id='block_1_108' title="bbox 2291 5163 3500 5194">
    <p class='ocr_par' dir='ltr' id='par_1_108' title="bbox 2291 5163 3500 5194">
     <span class='ocr_line' id='line_1_108' title="bbox 2291 5163 3500 5194; baseline 0 0"><span class='ocrx_word' id='word_1_782' title='bbox 2291 5184 2324 5194; x_wconf 70' lang='grc' dir='ltr'><strong><em>η</em></strong></span> <span class='ocrx_word' id='word_1_783' title='bbox 2380 5175 2603 5194; x_wconf 68' lang='grc' dir='ltr'><strong>ιο........η</strong></span> <span class='ocrx_word' id='word_1_784' title='bbox 2675 5172 2896 5194; x_wconf 68' lang='grc' dir='ltr'>ιηηιηιιιι</span> <span class='ocrx_word' id='word_1_785' title='bbox 2945 5163 3204 5194; x_wconf 52' lang='grc' dir='ltr'><strong>σικδοοιΙΔν</strong></span> <span class='ocrx_word' id='word_1_786' title='bbox 3243 5165 3500 5194; x_wconf 69' lang='lat' dir='ltr'><strong>nnnrtlnrn</strong></span> 
     </span>
    </p>
   </div>
  </div>
