3982 5350
260 340 378 400 Ιόῗ

1111 338 1642 398 PllOLEGOMENA.
1681 369 1751 379 —
1790 339 1848 394 S.
1889 337 2102 393 PETl‘tl‘
2140 338 2418 393 DAMbANl
2456 335 2612 394 VlTA
2651 307 2755 394 ιιιζ

3416 339 3514 394 158

257 457 567 519 uoufacile
599 461 854 527 consequl
886 461 1062 516 verbis
1100 461 1364 532 quispiam
1402 469 1583 529 queat.
1619 459 1841 515 Peracta
1871 467 1917 525 Α
1948 461 2106 514 modo
2152 457 2368 526 propius
2427 454 2753 519 accedebat,
2802 455 2960 511 modo
3003 456 3364 526 repellebatur
3398 456 3513 509 lou-

257 549 564 618 legatioue,
612 550 836 604 Romam
879 550 1115 617 redibat;
1157 565 1386 621 cumque
1424 549 1735 608 Faventiam
1775 553 1841 606 ad

258 640 454 694 urbem
484 639 589 694 sibi
618 640 979 710 gratissimam
1003 642 1352 711 pervenisset,
1381 651 1436 694 et
1473 642 1539 696 ad
1570 653 1842 696 monaste—

259 731 402 790 rium
433 727 545 794 Dei.
571 729 885 799 Geuitricis,
922 731 1062 800 quod
1103 740 1229 787 tunc
1267 743 1419 788 extra
1470 747 1664 790 muros.
1694 734 1844 787 urbis

257 827 414 885 eratIL
435 819 772 884 divertisset,
812 821 866 875 iu
895 822 1286 891 aegritudinem,
1318 839 1436 891 qua:
1476 823 1548 889 illi
1578 824 1700 877 vita:
1741 823 1841 887 fuit

261 908 407 970 linis,
460 908 656 972 incidit
697 927 711 962 :
760 925 866 978 qua
906 909 1146 978 quotidie
1199 910 1369 980 magis
1410 910 1841 982 ingravescente,

257 998 440 1061 octavi
496 997 620 1066 diei,
656 1007 842 1058 nocte,
893 1014 1054 1068 quam
1105 998 1336 1053 celebris
1378 1000 1651 1059 cathedra:
1695 1001 1838 1053 beati

261 1085 532 1163 principis
567 1087 934 1155 apostolorum
976 1087 1302 1158 sequebatur
1334 1089 1478 1163 dies,
1508 1089 1841 1164 intempesta:

261 1177 442 1229 noctis
494 1176 752 1241 silentio,
817 1178 1230 1234 circumstantes
1288 1178 1497 1239 lectum,
1548 1163 1841 1239 monachos

262 1266 513 1335 rogavit,
569 1276 628 1320 ut
670 1279 998 1331 nocturnum
1041 1278 1242 1324 sancta:
1289 1269 1559 1324 cathedrae
1605 1269 1837 1324 ofﬁcium

263 1367 706 1427 exsequerentur
732 1373 746 1411 :
773 1374 886 1428 quo
918 1359 1069 1422 finito
1096 1375 1272 1428 parm:
1300 1377 1461 1414 mora:
1489 1362 1682 1430 Spatio,
1718 1363 1838 1415 teli-

261 1461 379 1503 cem
417 1447 528 1504 Deo
563 1435 816 1518 spiritum
846 1449 1106 1515 reddidit;
1149 1460 1204 1502 ut
1231 1465 1332 1517 qua
1373 1450 1460 1503 die
1492 1449 1542 1502 in
1582 1449 1836 1518 pastorali

262 1538 524 1599 cathedra
579 1520 642 1590 li.
704 1537 930 1609 Petrum,
971 1538 1210 1594 Ecclesia
1272 1540 1583 1601 locaverat,
1641 1539 1832 1594 eadem

265 1629 412 1690 Petri
456 1629 782 1699 discipulum
815 1629 869 1682 in
907 1630 1111 1685 etelesti
1149 1631 1274 1685 sede
1306 1631 1528 1685 locaret.
1558 1630 1838 1684 Publicato

265 1718 404 1774 felici
452 1719 642 1791 obitu,
679 1735 894 1797 egressa
925 1729 1007 1784 est
1046 1721 1111 1775 ad
1143 1721 1449 1786 venerabile
1491 1737 1686 1790 corpus
1722 1721 1836 1775 fere

1947 548 2064 616 gius
2113 565 2124 602 :
2177 549 2265 601 ubi
2325 546 2536 602 felicem
2587 561 2645 602 se
2695 548 2933 616 putabat,
2985 548 3078 616 qui
3126 555 3306 614 posset
3361 546 3504 600 illius

1946 653 2157 702 manus,
2186 638 2267 692 vel
2302 637 2484 706 pedes,
2524 636 2605 698 vel
2644 636 2956 692 linteamina
2984 636 3237 692 osculari.
3279 635 3345 689 Et
3377 635 3502 704 quia
3544 632 3561 656 ’”

1942 728 2010 783 de
2035 729 2225 790 vicinis
2259 738 2518 784 venerant
2543 728 2701 794 locis,
2724 743 2845 796 quae
2871 728 2969 781 diu
2989 727 3104 797 ipse
3133 726 3261 780 olim
3295 726 3502 780 inhabi-

1945 832 2176 889 laverat,
2226 823 2488 888 monachi
2521 821 2746 876 adhibiti
2791 827 2918 873 sunt
2945 817 3194 887 apopulo
3236 817 3508 878 custodes.

1943 928 2012 974 ne
2045 926 2258 967 sacrum
2291 910 2358 974 ab
2397 911 2463 965 iis
2494 909 2724 963 cadaver
2751 908 3087 973 auferretur;
3123 907 3266 976 quod
3297 907 3510 961 demum

1944 1004 1995 1059 iu
2018 1003 2265 1073 sepulcro
2289 1016 2596 1056 marmoreo
2623 1000 2890 1063 locarunt,
2921 999 3007 1053 ubi
3033 985 3197 1067 usque
3221 997 3273 1052 iu
3299 998 3514 1052 hodier-

1944 1110 2069 1148 tnun
2093 1093 2233 1146 diem
2254 1091 2453 1146 'multis
2475 1091 2734 1160 prodigiis
2761 1098 3008 1144 sanctum
3031 1088 3330 1142 antistitem
3357 1103 3514 1141 suum

1944 1183 2084 1240 Deus
2115 1183 2404 1244 illustrem,
2436 1197 2497 1244 ac
2531 1179 2891 1234 venerabilem
2923 1178 3132 1248 p0pulis
3163 1177 3311 1232 facit.
3347 1176 3513 1246 Cujus

1941 1279 2186 1338 spectata
2218 1269 2426 1339 magnis
2455 1269 2791 1322 documentis
2832 1268 2967 1320 mira
3011 1267 3318 1331 sanctitate,
3351 1278 3514 1335 atque

1943 1361 2214 1424 facundia,
2253 1350 2512 1430 quantum
2549 1360 2699 1412 sidus
2744 1359 2798 1412 in
2830 1357 3067 1411 Ecclesia
3097 1355 3190 1410 Dei
3223 1355 3509 1418 exstiterit,

1940 1449 2030 1519 qui
2071 1465 2170 1513 ea,
2223 1433 2342 1517 qua:
2371 1447 2438 1502 de
2491 1447 2581 1501 illo
2633 1445 3013 1514 compendiose
3064 1443 3450 1511 descripsimus
3495 1461 3508 1496 :

1941 1540 2140 1608 quique
2177 1523 2476 1592 luculentas
2512 1552 2576 1591 ac
2626 1535 3015 1590 saluberrimos
3045 1533 3188 1587 illius
3223 1533 3503 1587 sermones

1941 1629 2190 1699 legerint,
2231 1627 2445 1690 testari,
2473 1627 2524 1680 ui
2551 1627 2727 1691 fallor,
2762 1624 2974 1680 abunde
3001 1630 3276 1694 poterunt.
3308 1622 3505 1676 Beatus

1946 1732 2127 1775 autem
2156 1720 2350 1774 Petrus
2394 1719 2540 1773 circa
2576 1734 2778 1772 annum
2822 1717 3026 1773 Christi
3075 1715 3419 1770 millesimum
3449 1720 3506 1767 et

264 1818 371 1862 tota
400 1809 622 1870 civitas.
654 1820 711 1865 ut
742 1810 1062 1865 conﬂuentis
1095 1811 1454 1874 multitudinis
1487 1828 1639 1866 sacra
1672 1813 1836 1876 aedes,
1869 1810 1914 1868 Β
1941 1811 2327 1882 octogesimum
2369 1811 2513 1864 diem
2559 1826 2715 1864 suum
2745 1809 2901 1875 obiit,
2934 1823 3160 1881 magnus
3198 1806 3510 1862 Faventiam

263 1901 314 1961 in
340 1916 446 1970 qua
462 1900 703 1970 jacebat,
727 1917 902 1972 capax,
931 1919 1034 1956 uou
1063 1912 1205 1968 esset
1231 1911 1335 1973 aet
1371 1918 1518 1975 more
1548 1902 1831 1966 undarum,

1947 1904 2094 1957 urbis
2125 1909 2398 1971 protector
2427 1911 2479 1955 et
2513 1910 2716 1955 custos.

1044 2214 1461 2351 ΒΕΑΤΙ
1546 2211 1963 2340 PETRI
2059 2210 2662 2340 DAMIANI

1589 2450 1841 2540 VITA
1897 2453 2176 2544 ALIAt

259 2633 369 2704 £1:-
391 2630 748 2709 Augustino
793 2628 1124 2702 Fortunio,
1157 2627 1460 2709 monacho
1487 2629 1990 2709 congregationis
2027 2627 2539 2709 Camaidulensis,
2571 2626 2813 2687 ordini:
2842 2628 2911 2709 S.
2944 2625 3016 2685 P.
3054 2625 3395 2709 Benedicti,
3431 2626 3509 2686 ii-

333 2709 444 2770 ὀνο
478 2704 700 2790 quinto
735 2709 1167 2774 Historiarum
1206 2704 1790 2779 Camaédulenéium,
1825 2721 1879 2768 et
1903 2709 2114 2787 partis
2147 2707 2547 2788 posterioris,
2585 2725 2621 2765 a
2655 2708 2857 2786 capite
2883 2708 2921 2767 6
2956 2722 3148 2784 usque
3176 2704 3257 2765 ad
3289 2704 3424 2766 lli-'4.

327 2985 521 3042 Petrus
564 2985 860 3041 Damianus
907 2984 1179 3038 Ravenna:
1229 2992 1382 3038 ortus
1430 2989 1531 3047 est,
1587 2981 1830 3036 honeStis
1859 2972 1904 3033 C
1935 2983 2050 3038 duit
2083 2983 2439 3051 vestimentis,
2473 2992 2528 3039 et
2573 2984 2638 3039 ad
2678 2983 2921 3039 scholam
2955 2981 3105 3037 misit
3151 2981 3204 3036 in
3246 2997 3512 3052 gramma-

267 3079 601 3156 parentibus.
635 3077 732 3132 sed
769 3077 950 3147 parvis
987 3075 1176 3144 opibus
1220 3090 1284 3129 ac
1327 3073 1670 3128 facultatibus
1705 3086 1841 3142 prte-

264 3169 414 3232 ditis;
452 3182 610 3236 quem
652 3182 776 3220 cum
818 3178 992 3219 mater
1025 3176 1349 3234 postremum
1368 3163 1664 3233 genuisset,
1693 3162 1840 3216 acci-

264 3256 339 3311 dit
362 3259 596 3326 quadam
626 3257 733 3318 die,
771 3266 830 3310 ut
849 3256 1262 3327 grandiusculus
1299 3250 1438 3309 ﬁlius
1469 3269 1576 3322 pne
1604 3268 1834 3323 pauper-

265 3357 368 3416 tate
424 3356 809 3419 quaereretur,
865 3355 920 3400 et
980 3345 1312 3400 exclamaret
1353 3363 1366 3398 :
1407 3345 1550 3400 Ecce
1593 3345 1704 3414 jam
1761 3353 1838 3396 tot

263 3453 475 3510 sumus,
496 3448 626 3504 quot
654 3431 846 3491 domus
867 3452 964 3491 nos
991 3436 1212 3491 minime
1237 3452 1429 3506 capere
1466 3444 1658 3504 potest.
1701 3434 1836 3502 Qui-

265 3526 357 3593 bus
392 3527 570 3588 verbis
614 3535 787 3580 mater
823 3539 881 3579 se
921 3523 1346 3580 infelicissimam
1374 3541 1658 3590 accusans,
1693 3526 1836 3594 quod

271 3619 479 3686 nuntium
521 3617 716 3690 fertilis
745 3625 912 3681 esset,
940 3631 1006 3671 ex
1030 3631 1091 3670 ea
1123 3616 1253 3672 hora
1279 3617 1360 3672 lac
1389 3616 1652 3672 infantulo
1675 3617 1836 3671 Petro

265 3723 451 3776 negare
485 3708 658 3775 carpit
695 3721 708 3758 :
746 3707 1014 3776 nullisque
1055 3699 1171 3775 ejus
1216 3706 1512 3776 ploratibus
1550 3721 1613 3760 ac
1664 3705 1832 3773 ejula-

259 3799 402 3869 tibus
425 3805 721 3861 commota,
766 3796 917 3850 illum
949 3795 1165 3868 frigoris
1195 3797 1376 3866 algore
1397 3811 1460 3853 ac
1483 3795 1625 3849 fame
1658 3797 1833 3864 perire

256 3886 325 3950 nil
357 3896 536 3941 curat.
577 3885 634 3939 ld
670 3885 909 3952 audiens
930 3877 1174 3954 quzedam
1201 3869 1374 3938 vicina
1402 3883 1596 3954 pellex,
1625 3883 1715 3938 illo
1739 3900 1832 3939 ac-

254 3979 439 4042 currit,
467 3985 525 4032 et
563 3978 753 4046 matris
782 3978 1154 4047 crudelitatem
1187 3977 1384 4031 acriter
1418 3963 1672 4047 arguens.
1700 3973 1827 4029 effe-

255 4081 430 4143 ratum
457 4071 699 4124 animum
729 4077 850 4140 post
890 4069 1110 4124 multaut
1151 4069 1584 4139 adhortationem
1617 4070 1830 4123 tandem

253 4163 424 4221 leniit,
473 4176 641 4230 seque
681 4160 758 4214 illi
811 4159 1014 4215 sociam
1061 4160 1228 4215 multa
1265 4157 1500 4236 jungeus
1542 4159 1825 4222 cbaritate,

249 4253 436 4305 calidis
466 4252 645 4320 aquis,
696 4251 908 4319 pannis,
951 4251 1176 4320 aliisque
1216 4249 1530 4320 Opportunis
1577 4249 1829 4303 remediis

253 4434 444 4488 uelum
475 4434 622 4489 vocis
643 4449 835 4488 sonum
850 4435 1138 4494 emitteret,
1157 4434 1440 4488 revocandi
1464 4433 1530 4487 ad
1555 4435 1716 4487 vitam
1731 4449 1828 4487 ex-

253 4527 379 4580 stitit
405 4527 641 4581 auctrix.
668 4525 871 4579 Exinde
893 4541 1024 4594 puer
1049 4525 1345 4578 ablactatus
1369 4523 1830 4593 utroqueorbatur

253 4627 495 4696 parente,
545 4631 798 4687 curaeque
828 4618 1145 4672 commissus
1184 4615 1366 4670 fratris
1394 4614 1612 4685 majoris
1651 4625 1826 4689 natu:

252 4709 336 4773 qui
380 4710 479 4779 ubi
513 4724 740 4765 uxorem
771 4707 942 4771 duxit,
982 4708 1196 4762 Petrum
1247 4706 1571 4778 superﬂuum
1606 4707 1827 4762 fratrem

254 4802 356 4856 acri
389 4801 654 4866 servitute
694 4814 937 4868 premere
975 4815 1038 4854 ac
1073 4801 1388 4856 verberibus
1440 4800 1651 4854 allicere
1682 4815 1829 4852 1m"-

253 4908 408 4961 quam
449 4891 633 4961 desiit,
670 4891 842 4944 donec
883 4890 1029 4945 illum
1069 4907 1354 4961 porcorum
1395 4905 1611 4962 quoque
1650 4899 1832 4944 custo-

253 4983 365 5035 dem
397 4980 550 5035 fecit.
594 4979 650 5033 In
683 4994 749 5034 eo
787 4977 873 5032 vili
919 4979 1232 5052 magisterio
1252 4980 1457 5048 positus
1494 4979 1708 5043 Petrus,
1746 4994 1828 5030 rc-

256 5080 402 5137 pcrto.
442 5069 685 5142 quadam
735 5067 822 5131 die
855 5083 1072 5123 uuuuuo
1116 5080 1396 5138 argenteo,
1443 5085 1624 5125 secum
1645 5076 1828 5136 gratu-

548 5157 818 5182 ..--...'a..‘...o

853 5160 972 5182 n.-!J
1014 5174 1072 5182 ια
1111 5175 1166 5182 Α-
1199 5170 1394 5182 -..ιο-..-ι
1417 5175 1430 5182 -
1461 5161 1671 5182 ...μ-1-...
1699 5171 1824 5182 -..ι-,Α

1945 3077 2064 3131 ticis
2097 3077 2290 3131 studiis
2311 3077 2661 3132 erudiendum
2689 3094 2702 3130 :
2729 3091 2889 3147 quem
2927 3091 3050 3130 cum
3080 3074 3283 3145 optimo
3311 3076 3508 3144 pracdi-

1945 3177 2058 3221 tum
2095 3168 2310 3238 ingenio
2348 3168 2720 3239 cognovisset,
2755 3177 2808 3222 et
2849 3167 2914 3222 ad
2952 3166 3334 3237 amplexandas
3376 3166 3510 3220 alias

1941 3259 2572 3330 disciplinas‘idoueum,
2619 3259 2933 3314 Faventiam
2993 3258 3261 3326 primum,
3317 3257 3512 3310 deinde

1939 3349 2188 3406 Parmam
2217 3351 2385 3415 misit,
2411 3367 2474 3406 ac
2496 3350 2659 3409 fovit.
2692 3359 2746 3404 ut
2783 3349 2956 3406 doctis
2985 3349 3113 3402 viris
3138 3362 3360 3416 operam
3381 3347 3512 3400 dare

1938 3443 2373 3499 commodissime
2413 3452 2611 3513 posset.
2656 3442 2756 3498 Ubi
2787 3457 2909 3496 cum
2948 3439 3097 3495 brevi
3138 3439 3328 3493 Petrus
3377 3438 3514 3490 mid-

1940 3543 2051 3588 tum
2079 3532 2418 3600 profecisset.
2448 3547 2642 3586 nomen
2685 3529 2928 3584 Damiani
2955 3529 3022 3583 ab
3051 3527 3166 3596 ejus
3190 3526 3404 3580 nomine
3431 3527 3510 3579 sic

1938 3627 2233 3696 usurpavit,
2267 3634 2326 3680 ut
2355 3641 2413 3680 se
2441 3625 2659 3679 Petrum
2689 3623 2934 3678 Damiani
2966 3635 3178 3689 semper
3204 3618 3513 3673 subscribe.

1937 3728 2037 3772 ret.
2069 3715 2348 3784 Tantaque
2386 3715 2486 3768 fuit
2533 3715 2585 3768 in
2614 3711 3078 3783 apprehendendis
3120 3711 3385 3764 bonarum
3418 3722 3510 3758 ar-

1937 3809 2066 3861 tium
2103 3805 2403 3874 disciplinis
2443 3805 2557 3873 ejus
2605 3803 2855 3862 eruditio,
2908 3810 3111 3853 tantum
3153 3795 3408 3858 nominis,
3446 3810 3510 3849 ac

1934 3896 2088 3950 fama:
2128 3893 2351 3949 studiosi
2393 3893 2628 3962 juvenis,
2670 3908 2734 3945 ac
2774 3891 2958 3945 diserti
3004 3889 3105 3942 sibi
3143 3885 3506 3954 comparavit;

1933 3996 1993 4041 ut
2039 3985 2326 4040 rhetorica:
2360 3993 2414 4037 et
2443 3982 2762 4052 eloquentiae
2801 3979 3068 4035 volumina
3110 3979 3163 4034 in
3196 3993 3387 4048 magna
3416 3993 3511 4030 au-

1932 4079 2163 4132 ditorum
2213 4075 2516 4144 frequentia
2549 4113 2563 4138 ,
2611 4072 2882 4142 explicare
2931 4086 2963 4128 a
3012 4067 3394 4138 condiscipulis
3454 4079 3511 4122 et

1934 4169 2138 4238 magnis
2152 4166 2282 4221 viris
2306 4166 2380 4221 sit
2405 4175 2645 4220 coactus.

2002 4260 2136 4313 Cum
2169 4272 2295 4312 vero
2338 4266 2608 4312 cresceret
2633 4256 2686 4310 in
2733 4255 2846 4310 dies
2894 4253 3168 4308 favoribus
3205 4251 3506 4320 gratiaque,

161 4396 168 4403 ,
251 4343 532 4407 adhibitis,
575 4342 902 4397 seminecem
949 4341 1229 4404 infantem,
1275 4342 1364 4411 qui
1396 4341 1483 4394 vix
1515 4340 1826 4410 palpitabat,
1857 4351 1908 4411 ι)
1934 4350 2136 4406 divitiis
2175 4365 2391 4419 quoque
2425 4355 2480 4403 ει
2533 4347 2874 4411 auctoritate,
2923 4355 3144 4416 repente
3183 4344 3366 4400 (ιενίηο
3401 4344 3511 4412 api-

1916 4442 2037 4495 ritu
2090 4437 2318 4504 amatus,
2367 4439 2604 4508 seipsum
2657 4437 2922 4506 increpat,
2973 4437 3203 4490 dicens:
3256 4434 3508 4502 Nunquid

1928 4546 2027 4601 ego
2080 4531 2166 4585 his
2201 4529 2420 4584 caducis
2465 4536 2520 4583 et
2566 4527 2865 4582 interituris
2920 4533 3176 4596 perpetuo
3239 4524 3506 4578 inhzerere

1929 4620 2136 4676 debeo?
2165 4618 2248 4672 Au
2300 4634 2404 4673 non
2445 4617 2625 4688 potius
2674 4616 2758 4672 his
2805 4614 3036 4683 rejectis,
3083 4613 3325 4669 cmlestia
3377 4627 3509 4666 con-

1928 4719 2128 4773 secter,
2159 4709 2284 4764 dum
2321 4717 2453 4763 tetas
2485 4709 2644 4778 viget,
2676 4707 2802 4762 dum
2832 4720 3087 4776 prospera
3132 4703 3404 4759 mulcent?
3431 4703 3508 4756 Ex

1927 4817 2034 4870 quo
2060 4801 2148 4855 die
2198 4800 2446 4870 quamvis
2474 4798 2763 4853 exterioris
2791 4799 2966 4853 cultus
3000 4795 3177 4866 specie
3209 4805 3390 4864 tegere
3427 4794 3511 4848 ni-

1930 4899 2150 4953 teretur,
2182 4889 2322 4959 quod
2361 4890 2543 4944 animo
2585 4898 2934 4958 conceperat,
2972 4886 3298 4957 pedetentim
3327 4896 3509 4939 tamen

1929 4998 1958 5036 a
1993 4979 2282 5036 mundanis
2310 4979 2505 5036 studiis
2529 4977 2594 5031 ad
2623 4991 2832 5031 sacram
2879 4987 3135 5032 revocare
3160 4973 3368 5030 studuit
3393 4974 3515 5043 phi-

1929 5074 2248 5144 losophiam,
2283 5079 2505 5143 totoque
2549 5069 2745 5124 mentis
2773 5068 2970 5126 affectu
3021 5065 3333 5122 caelestibus
3371 5065 3514 5133 θερί-

2779 5159 2790 5171 ·
2856 5164 2872 5182 ⁸
2918 5164 2928 5175 ο
3026 5157 3036 5168 I
3077 5157 3087 5168 ο
3173 5158 3205 5170 ο.
3327 5157 3338 5168 ο
3379 5155 3449 5182 ..σο

2674 5175 2743 5182 --.Α
2779 5177 2827 5182 ει-
2940 5172 2952 5182 Ι
3025 5172 3237 5182 ..λιιι-ι..-
3291 5171 3392 5182 “ι-“
3421 5171 3481 5182 ..ρ
