3982 5350
471 155 578 210 159

1366 147 1428 204 S.
1467 145 1743 203 PETRHS
1773 137 2126 200 DAMIANUS
2165 139 2223 194 S.
2265 138 2331 201 R.
2361 137 2426 204 E.
2460 136 2895 201 CARDINALlS.

3618 130 3722 185 160

545 265 826 322 Mittiiticus
849 265 974 325 item
1011 279 1136 333 erga
1163 277 1426 334 pauperes
1458 259 1659 317 Christi
1690 259 1888 326 factus,
1926 257 2046 312 illos
2072 257 2122 318 Α
2148 261 2382 327 quatuor
2427 253 2542 309 dies
2597 253 2651 307 in
2685 252 3034 307 hebdomada.
3075 251 3134 305 in
3177 266 3315 320 pane
3348 261 3402 306 et
3446 265 3586 324 aqua
3620 259 3729 302 tra-

472 360 781 428 l‘vequeuter
819 355 885 409 ad
928 353 1209 424 prandium
1249 358 1424 408 vocat.
1471 349 1621 406 Unde
1651 365 1776 405 cum
1812 347 2046 419 quadam

473 451 560 504 die
597 461 719 501 cum
751 442 918 500 sodali
958 441 1264 513 pranderet,
1310 455 1413 495 nec
1435 438 1579 497 aliud
1623 439 1847 494 haberet
1884 452 2054 508 quam.

474 553 664 607 panem
697 533 917 596 unicum
946 546 1024 594 ex,
1042 529 1342 600 similagine
1370 528 1556 594 tritici,
1577 527 1832 598 socioque
1858 541 2050 581 secun-

475 627 658 680 darius
702 624 857 694 panis
894 621 1216 677 famulorum
1272 620 1464 676 fuisset
1507 619 1819 689 appositus;
1857 615 2070 671 Petrus.

477 729 598 768 illo:
651 727 832 774 secum
893 711 1036 781 loqui
1105 709 1272 780 coepit
1315 725 1330 762 :
1379 695 1624 764 Christus
1683 705 1750 761 ad
1803 703 2050 760 mensam

477 819 649 858 meam
682 801 1061 868 mibiinl’erior
1093 800 1212 856 est?
1239 798 1305 868 Et
1341 797 1482 867 quod
1515 797 1763 865 iniuriam
1802 795 1948 850 socio
1974 792 2052 856 fe-

475 890 639 944 cisset
664 887 1122 953 animadvertens,
1165 885 1374 956 spinam
1404 883 1588 954 piscis
1615 883 1668 937 in
1697 891 1910 951 gutture
1949 878 2050 936 sibi

476 977 756 1032 inhmsisse
783 977 1073 1046 persensit,
1113 991 1237 1046 qua...
1263 973 1696 1046 strangularetur
1724 991 1738 1027 :
1767 972 1912 1044 quod
1934 985 2052 1042 pro-

475 1078 593 1138 pter
621 1067 936 1133 dissimilem
974 1067 1148 1137 ipsum
1178 1080 1367 1138 panem
1395 1065 1542 1121 socio
1575 1065 1925 1135 assignatum,
1950 1061 2053 1123 sibi

474 1158 738 1224 accidisse
766 1159 1034 1229 judicans,
1065 1157 1210 1213 illico
1233 1170 1430 1227 panem
1457 1170 1577 1212 cum
1627 1154 1776 1210 socio
1809 1167 2055 1209 commu-

480 1247 633 1312 tavit,
685 1247 969 1318 primoque
1005 1247 1122 1318 ejus
1155 1246 1280 1304 bolo
1312 1260 1370 1302 se
1407 1243 1747 1304 convaluisse
1780 1241 2072 1314 cognovit,

479 1338 894 1410 laztissimusque
922 1339 1240 1394 miraculum
1266 1339 1476 1403 cunctis
1506 1337 1737 1407 aperuit.

551 1429 642 1486 Sic
663 1444 792 1498 ergo
817 1429 869 1484 in
897 1428 1042 1488 bivio
1073 1427 1390 1501 Pythagora:
1417 1427 1916 1501 positus,_dextrum
1943 1424 2055 1481 cal-

471 1518 582 1582 lem
609 1519 978 1589 arripiendum
1022 1528 1302 1581 statuens;
1341 1518 1470 1576 dum
1507 1517 1574 1572 de
1623 1515 2054 1594 abrenuntiando

2151 345 2395 400 ducere:
2447 341 2606 397 tertia
2661 350 2717 396 et
2754 340 2943 412 quinta
3000 339 3137 395 feria
3200 355 3388 413 parum
3439 337 3730 408 leguminis

2149 432 2344 504 singuli
2367 431 2583 496 addere,
2616 430 2888 502 panisque.
2905 445 3010 484 non
3033 440 3293 500 quantum
3315 429 3547 500 quisque
3568 428 3730 482 vellet

2149 524 2244 578 sed
2272 533 2418 578 certa
2445 537 2693 576 mensura
2719 521 2908 578 diebus
2941 520 3383 591 jejuniipraaberi
3417 536 3432 574 :
3459 521 3644 573 vinum
3675 519 3730 573 in

2151 613 2418 671 sacriﬁcio
2439 614 2616 670 missa:
2645 622 2870 677 tantum,
2903 622 3064 684 atque
3084 612 3482 682 aegrotantibus
3511 618 3728 672 notum,

2153 704 2282 760 nulli
2309 714 2568 774 prmterea
2597 704 2992 775 :nudipedalia
3021 705 3073 759 in
3096 704 3247 760 omni
3269 713 3514 774 tempore
3541 713 3728 776 gesta-

2153 811 2235 861 re,
2283 795 2498 866 rejectis
2525 795 2732 866 caligis.
2765 795 2821 850 ln
2873 810 2981 865 quo
3017 809 3214 867 genere
3260 795 3386 850 vitae
3432 794 3628 850 Petrus
3673 809 3733 848 se

2152 890 2544 948 studiosissime
2568 904 2848 954 exercens,
2875 887 3005 944 illud
3027 889 3275 955 addebat,
3305 905 3428 943 nam
3451 904 3576 944 cum
3605 895 3734 942 ante

2153 979 2472 1034 matutinam
2498 978 2744 1050 synaxim
2773 977 2965 1049 singuli
3011 977 3077 1032 de
3115 992 3264 1032 more
3290 976 3608 1047 psalterium
3629 960 3726 1029 vre-
3747 954 3759 967 ’

2152 1070 2404 1134 citarent,
2437 1069 2591 1140 signo
2621 1068 2913 1138 temperius
2939 1077 3282 1139 personante,
3301 1067 3396 1135 ille
3423 1064 3562 1134 signi
3594 1074 3734 1119 tem-

2151 1178 2254 1233 pus
2279 1161 2503 1218 nimium
2535 1160 2913 1231 praeveniens,
2936 1167 3157 1230 propter
3187 1158 3406 1213 nimias.
3434 1155 3648 1226 vigilias
3677 1155 3730 1209 in

2153 1268 2276 1308 eum
2301 1251 2488 1306 incidit
2509 1252 2785 1316 morbum;
2813 1257 2872 1303 ut
2894 1248 3212 1304 beneﬁcium
3235 1247 3408 1303 somni
3433 1245 3561 1301 laeso
3583 1258 3754 1299 cere-.

2154 1343 2542 1414 bro,\amiserit
2565 1361 2598 1411 ;,
2623 1343 2715 1398 sed
2739 1341 2998 1406 adhibitis
3026 1338 3453 1403 medicamentis,
3483 1338 3576 1393 Dei
3607 1351 3735 1408 gra-

2155 1436 2250 1499 tia,
2278 1429 2572 1491 convaluit.
2619 1433 2865 1501 Gumqne
2901 1448 2930 1486 a
2969 1430 3220 1487 docendo.
3254 1439 3305 1486 et
3321 1428 3613 1485 scribendo
3638 1428 3732 1481 vix

2157 1523 2319 1579 ullam
2362 1522 2597 1592 quietem
2631 1521 2908 1591 accipere.
2947 1528 3165 1590 posset,
3233 1528 3378 1574 tanta
3427 1518 3760 1572 divinarum.

478 1610 676 1670 δίβοιιιο
721 1625 928 1677 secum,
960 1609 1182 1681 0035‘“,
1229 1618 1285 1665 ει
1331 1609 1600 1688 quomodo
1650 1617 1804 1678 θιιτει
1850 1607 2064 1679 patrios
2087 1598 2560 1686 BScripturarum
2599 1609 2826 1671 scientia
2857 1610 3054 1666 clarus,
3085 1609 3272 1667 haberi
3311 1609 3497 1680 cmpit,
3527 1616 3732 1678 quanta

481 1703 614 1768 lines
655 1704 706 1759 id
755 1712 996 1774 praestet,
1037 1705 1230 1760 accidit
1273 1710 1333 1759 ut
1362 1703 1467 1758 duo
1512 1702 1709 1770 fratres
1746 1715 1813 1756 ex
1859 1699 2054 1764 solitu-

439 1857 442 1860 ,
479 1794 603 1847 dine
628 1793 812 1848 Fontis
834 1792 1073 1856 Avellani
1099 1793 1311 1849 ccelitus
1341 1791 1610 1863 inspirati,
1634 1789 1704 1846 ad
1737 1788 1886 1854 illum
1914 1787 2076 1852 forte,

481 1886 743 1952 venerint,
781 1901 918 1959 quos
955 1901 1078 1941 cum
1116 1887 1500 1956 interrogasset
1551 1883 1693 1939 inter
1727 1880 2052 1953 loquendum

483 1978 550 2031 de
582 1959 883 2047 aliquorum
921 1978 1294 2043 conversione,
1343 1975 1504 2034 simul
1549 1983 1729 2030 utrum
1771 1973 1888 2045 ipse
1921 1986 2055 2042 quos

485 2080 591 2134 que
627 2064 680 2119 iu
728 2065 1110 2126 monasterium
1143 2065 1210 2120 ab
1252 2063 1446 2120 abbate
1473 2064 1826 2134 reciperetur,
1859 2068 1914 2119 et
1953 2059 2080 2135 ipsi.

483 2154 703 2210 omnino
745 2163 1086 2225 recepturum
1118 2155 1554 2224 respondissent;
1593 2162 1720 2208 tunc
1743 2151 1915 2217 voluit
1948 2151 2056 2207 illis

483 2243 612 2298 dare
647 2245 905 2321 scyphum
960 2253 1295 2315 argenteum,
1347 2261 1505 2314 quem
1556 2245 1624 2300 ad
1665 2244 1918 2306 abbatem
1964 2243 2059 2307 de-

482 2332 706 2405 forrent.
753 2335 903 2402 Quod
944 2352 1064 2392 cum
1113 2337 1185 2392 illi
1225 2337 1404 2404 facere
1445 2338 1861 2404 recusavissent,
1890 2337 2056 2408 σαυοά

482 2440 583 2481 nec
605 2425 770 2492 abbas
801 2427 854 2481 in
895 2435 1120 2497 argento
1137 2428 1374 2492 biberet,
1425 2443 1525 2483 nec
1548 2428 1839 2495 monachos
1867 2427 1948 2483 l'as
1975 2435 2078 2493 est

485 2532 692 2580 aurum,
717 2517 1108 2590 vcljargentum
1135 2534 1316 2574 secum
1346 2519 1568 2586 habere,
1604 2520 1694 2590 qui
1727 2519 2059 2590 paupertatis

483 2614 684 2674 votum,
695 2607 920 2678 professi
958 2618 1130 2679 sunt;
1148 2610 1385 2665 laudavit
1406 2609 1596 2668 Petrus
1617 2625 1804 2666 eorum
1833 2625 2057 2679 respon-

483 2712 620 2762 sum,
659 2707 715 2753 et
737 2709 1051 2770 conceptam
1083 2701 1150 2756 de
1173 2699 1276 2757 loci
1298 2700 1584 2756 sanctitate
1610 2699 1919 2772 opinionem
1947 2715 2059 2755 ma-

484 2790 567 2860 gis
593 2805 657 2846 ac
686 2792 856 2862 magis
893 2793 1186 2849 roboravit.
1679 2774 1684 2780 l

551 2879 642 2936 Νι
671 2891 850 2937 autem
901 2898 1016 2939 rem
1047 2892 1252 2948 tantam
1290 2885 1508 2957 aggredi
1538 2885 1656 2940 sine
1706 2883 2057 2938 fundamento

2152 1705 2300 1777 prius
2341 1706 2693 1759 humanarum
2719 1702 3044 1774 polluisset“

2223 1793 2403 1850 Edidit
2425 1802 2608 1849 autem
2640 1792 2830 1862 primis
2857 1790 2970 1846 fere
2996 1790 3326 1861 temporibus
3370 1790 3534 1844 vitam
3565 1788 3624 1844 S.
3673 1789 3736 1843 P.

2151 1884 2459 1946 Romualdi.
2505 1884 2725 1940 circiter
2748 1899 2948 1939 annum
2969 1881 3180 1938 Domini
3207 1882 3549 1937 millesimum
3603 1897 3742 1949 qua-

2153 1975 2538 2047 dragesimum,
2571 1974 2795 2043 sicutex
2825 1986 2920 2029 ore
2942 1971 3564 2042 propriodiseipulorum
3594 1970 3760 2027 illius.

2155 2066 2384 2134 accepit,
2411 2065 2500 2136 qui
2524 2065 2579 2119 in
2601 2078 2793 2120 eremo
2823 2062 3000 2119 vicina
3031 2061 3212 2117 Sitria:
3235 2060 3550 2116 habitabant
3577 2078 3590 2112 :
3622 2060 3734 2114 sic-

2157 2166 2216 2212 ut
2247 2155 2408 2213 etiam
2455 2155 2522 2210 de
2561 2163 2825 2222 tempore,
2867 2152 2924 2208 in
2951 2151 3236 2208 Chronicis
3284 2152 3602 2222 majoribus,
3637 2149 3740 2204 Ve-

2157 2247 2318 2304 netiis
2346 2245 2398 2301 in
2447 2247 2608 2311 domo
2651 2243 2928 2300 Francisci
2977 2241 3286 2306 Iustiniani,
3338 2241 3584 2312 legimus.
3619 2238 3737 2305 Qua

2157 2337 2298 2392 fama
2355 2335 2615 2406 impulsus
2656 2333 2847 2390 Wido-.
2875 2333 3236 2392 Sttambiatus
3269 2333 3436 2388 abbas
3498 2331 3758 2387 ctenobii

2159 2429 2522 2500 Pomposiani,
2556 2429 2760 2500 legatos
2807 2428 2874 2483 ad
2903 2427 3152 2482 abbatem
3181 2419 3497 2482 Avellanum
3548 2425 3741 2488 mittit,

2160 2521 2448 2594 multisque
2475 2522 2726 2594 precibus
2747 2518 2966 2576 Petrum
2991 2519 3104 2575 dari
3127 2533 3241 2573 sum
3261 2516 3527 2586 juventnti
3555 2516 3740 2570 (ἰοί-ποι

2161 2632 2273 2672 rem
2299 2625 2506 2672 exorat.
2533 2614 2634 2671 Ubi
2671 2629 2794 2671 cum
2815 2612 3091 2668 biennium
3119 2611 3407 2682 exegisset,
3427 2607 3598 2664 multo
3626 2624 3740 2662 mo-

2160 2705 2459 2762 nachorum
2496 2704 2760 2776 profectu,
2784 2701 3040 2758 defuncto
3079 2716 3179 2756 suo
3204 2701 3422 2762 abbate,
3450 2707 3535 2754 est
3577 2713 3739 2752 revo-

2161 2804 2313 2852 catus
2350 2795 2417 2850 ad
2463 2793 2901 2857 suamdilectam
2948 2790 3313 2854 solitudinem,
3351 2788 3534 2860 ill-ique
3574 2787 3748 2844 abbas

2113 2942 2126 2957 ._
2161 2889 2506 2957 subrogatus.

484 2970 760 3035 videretur
815 2982 873 3026 ut
911 2973 1227 3043 prudentem
1256 2989 1321 3028 ac
1347 2975 1642 3046 sapientem
1675 2975 1846 3028 virum
1877 2952 2129 3039 decet,C
2228 2952 2414 3047 Igitur-
2439 2975 2742 3050 insignibus.
2787 2973 3104 3046 susceptis,_
3131 2981 3188 3030 et
3245 2971 3741 3037 administratione,

483 3059 781 3129 periculum
811 3071 935 3117 ante
957 3063 1140 3117 omnia
1162 3061 1342 3120 facere
1374 3063 1560 3126 voluit.
1593 3071 1772 3126 utrum
1802 3062 2059 3116 monastic
2159 3067 2466 3123 coenobium
2509 3067 2563 3121 in
2592 3081 2807 3122 omnem
2840 3064 3087 3136 inprimis
3123 3063 3434 3121 sanctitatis
3459 3062 3742 3119 meliorem

483 3167 562 3206 cae
595 3153 720 3212 vita:
756 3153 995 3219 laborem
1019 3164 1165 3218 esset
1194 3156 1423 3220 laturus,
1452 3157 1829 3227 profectusque
1861 3157 1926 3211 ad
1951 3171 2060 3211 coe-
2160 3158 2389 3214 formam
2433 3157 2718 3222 emendare
2758 3156 2983 3214 studuit.
3018 3155 3124 3212 Sed
3169 3169 3393 3210 numero
3447 3153 3746 3225 discipulo-

487 3243 706 3302 nobium
731 3244 1003 3313 S._Marias:
1029 3249 1096 3304 ad
1127 3249 1275 3304 littus
1304 3250 1472 3315 maris
1513 3246 1758 3316 Adriani,
1791 3258 1852 3304 ut
1894 3251 2062 3319 edicit
2161 3266 2280 3308 runt
2305 3259 2602 3318 crescente,
2626 3257 2848 3304 coactus
2875 3256 2959 3303 est
2996 3246 3099 3302 alia
3131 3246 3248 3302 loca
3299 3244 3530 3301 subinde
3554 3245 3741 3314 inqui-

487 3331 686 3394 υλιιὶβε
710 3333 1124 3410 (Βαναάηρηηι.
1150 3339 1264 3411 21),
1291 3340 1535 3396 exercuit
1561 3355 1620 3395 se
1647 3339 1716 3394 ibi
1739 3339 2064 3412 quadragin-
2162 3354 2302 3406 rere,
2334 3339 2438 3395 ubi
2469 3340 2588 3396 illos
2619 3339 2988 3402 constitueret.
3038 3335 3207 3407 Igitur
3247 3349 3563 3404 exsurgens,
3597 3349 3746 3387 com-

487 3433 541 3477 ta
573 3424 760 3487 diebus
789 3427 857 3489 ad
902 3429 1166 3498 eremitiei
1217 3430 1411 3500 rigoris
1447 3430 1871 3495 similitudinem,
1913 3433 2064 3486 robo-
2163 3443 2316 3502 perto
2351 3433 2546 3488 idoneo
2585 3431 2831 3500 inprimis
2857 3428 3071 3496 loco,in
3097 3425 3467 3484 Camerineusi
3494 3425 3743 3486 dimcesi.

487 3522 745 3585 ratusque
773 3515 1018 3582 multum,
1059 3518 1287 3575 subinde
1311 3519 1787 3591 clamparentibns
1816 3529 1869 3574 et
1898 3521 2062 3586 notis,
2156 3523 2310 3594 juxta
2339 3524 2570 3583 vicinam
2601 3537 2752 3578 suam
2805 3536 2994 3594 rupem
3040 3527 3096 3576 et
3147 3518 3457 3576 coenobium
3507 3517 3580 3573 ibi
3614 3532 3744 3571 con-

485 3607 553 3658 ad
596 3620 838 3662 eremuni
869 3608 1182 3669 Avellanam
1233 3611 1628 3681 commigravit.
1657 3610 1734 3670 lbi
1776 3625 1906 3682 ergo
1944 3626 2065 3682 gra-

487 3703 664 3750 tanter
702 3708 999 3768 susceptus,
1037 3709 1092 3755 et
1148 3702 1447 3757 monachus
1482 3702 1700 3758 humilis
1734 3711 1790 3756 et
1821 3701 2065 3768 abjectus

491 3785 686 3852 factus,
712 3787 1050 3859 magistrum,
1080 3791 1312 3852 tironum
1339 3807 1506 3858 more,
1531 3794 1825 3858 discretum
1855 3793 2062 3860 habuit,

485 3877 580 3947 qui
615 3878 730 3946 ejus
763 3881 949 3935 virtuti
982 3883 1205 3938 multum
1227 3898 1442 3954 semper
1465 3885 1670 3940 tribuit.

558 3965 748 4028 Jussus
775 3981 952 4025 autem
977 3974 1326 4042 quadamdie
1345 3989 1527 4032 secum
1567 3975 1832 4043 equitare,
1869 3983 1922 4032 et
1954 3973 2064 4046 pul-

490 4057 763 4113 chriorem
820 4070 1027 4117 vestem
1081 4062 1362 4133 accipere,
1417 4066 1624 4135 rogavit
1679 4066 1826 4120 illum
1873 4053 2067 4122 Peras

491 4149 822 4218 suppliciter,
852 4168 918 4208 ne
947 4153 1000 4208 id
1025 4157 1362 4226 prmciperet,
1390 4157 1530 4226 quod
1561 4174 1666 4214 non
1691 4159 1932 4224 deceret;
1971 4159 2067 4217 sed

2163 3615 2382 3681 struxit,
2411 3625 2464 3670 ct
2491 3613 2876 3685 discipulomm
2898 3612 3079 3684 posuit
3107 3610 3388 3680 collegium
3419 3609 3520 3666 sub
3537 3609 3747 3679 priore;

2165 3705 2358 3760 deinde
2390 3705 2442 3759 in
2487 3703 2807 3759 Perusinum
2853 3701 3159 3772 prolectus,
3210 3699 3353 3754 aliud
3397 3699 3464 3755 ad
3497 3709 3747 3754 montem

2166 3799 2416 3870 Regium,
2467 3798 2536 3852 ad
2583 3795 2772 3852 cellam
2802 3810 2963 3865 quam
2997 3793 3055 3849 S.
3087 3793 3148 3848 P.
3199 3791 3533 3849 Romualdus
3583 3776 3748 3846 babil

2167 3897 2308 3944 tasse
2331 3887 2608 3944 dicebatur
2635 3901 2648 3940 :
2681 3884 2873 3940 deinde
2900 3883 3047 3938 aliud
3097 3883 3150 3938 in
3178 3881 3498 3946 Faventino,
3531 3879 3586 3935 in
3624 3879 3764 3934 loco.

2164 3981 2254 4050 qui
2291 3980 2497 4036 dicitur
2535 3977 2878 4042 Ganuinlum,
2909 3990 3054 4030 nunc
3085 3973 3314 4031 Gavina.
3361 3971 3564 4028 Deinde
3593 3972 3764 4027 aliud

2118 4100 2123 4106 -
2164 4070 2240 4126 illi
2258 4068 2490 4124 vicinum
2513 4067 2655 4137 quod
2678 4065 2880 4121 Arcere
2902 4071 3239 4134 nuncupatur
3263 4059 3488 4128 :deinde
3510 4059 3745 4115 Marcia-

2167 4176 2297 4220 num
2323 4161 2376 4216 in
2403 4157 2752 4216 Ariminensi.
2783 4155 3079 4224 Quas-dum.
3096 4161 3433 4216 construeret
3454 4151 3598 4218 loca,
3627 4168 3764 4206 mo—-

491 4238 725 4348 denique
738 4246 1172 4308 coactus,oblata
1189 4249 1507 4310 vestimenta
1523 4249 1739 4320 quidem
1756 4249 1954 4317 induit;
1974 4250 2068 4306 sed
2100 4287 2148 4348 υ
2173 4251 2481 4320 nachpsque
2505 4249 2702 4318 ubique
2722 4247 2790 4302 ad
2821 4245 3161 4304 sanctitatem
3213 4244 3281 4300 ad
3326 4257 3623 4312 veramque
3649 4241 3769 4295 Dei.

492 4344 603 4417 pra:
622 4332 823 4400 pudore
837 4335 1105 4390 neminem
1126 4334 1179 4390 in
1197 4343 1308 4391 toto
1323 4336 1516 4391 itinere
1526 4339 1768 4406 aspicere
1783 4354 1948 4394 ausus
1963 4348 2065 4395 est.

499 4417 790 4477 Videbatur
817 4423 960 4478 enim
1001 4424 1127 4494 sibi,
1162 4427 1303 4497 quod
1331 4427 1400 4482 ab
1429 4427 1679 4482 omnibus
1723 4428 1888 4499 digito
1916 4444 2070 4484 mon-

492 4517 760 4566 straretur
794 4516 976 4584 sponsi
1008 4517 1245 4585 nomine,
1277 4534 1382 4572 non
1415 4519 1685 4573 monachi.

564 4601 624 4657 ln
675 4605 847 4662 reditu
886 4622 1019 4664 vero
1061 4624 1186 4664 cum
1206 4611 1298 4666 ’ad
1337 4610 1642 4667 ccenobium
1691 4610 1750 4665 S.
1800 4612 2066 4669 Vincentii

497 4705 813 4764 perventum
845 4697 1053 4765 fuisset,
1085 4700 1277 4758 idoneo
1304 4702 1610 4772 excogitato
1636 4697 1818 4757 colore
1870 4703 1942 4759 ibi
1982 4719 2068 4757 re-

495 4787 764 4853 tuo=andi,
805 4791 1062 4858 magistro
1107 4792 1400 4848 accedente
1425 4801 1486 4852 et.
1517 4793 1883 4862 permittente,
1928 4794 2072 4849 festi-

495 4888 625 4936 nato
679 4896 1025 4953 pannosmra,
1064 4886 1362 4957 vilioraque
1400 4887 1717 4942 vestimenta
1769 4887 1921 4956 petiit
1961 4897 2073 4941 sta—

497 4971 645 5027 tuine
697 4975 1021 5031 concolora:
1063 4993 1234 5047 eaque
1275 4993 1400 5032 mox
1439 4976 1633 5044 induit,
1681 4977 1930 5032 omnibus
1955 4993 2074 5031 .mo-

498 5061 686 5121 nacbis
707 5065 1011 5134 exemplum
1038 5067 1364 5137 relinquens,
1391 5078 1449 5124 ut
1467 5069 1696 5139 quisque
1716 5068 1887 5140 magis
1910 5068 2075 5123 mori-

495 5158 598 5214 bus
633 5172 795 5226 quam
823 5159 1061 5214 vestibus
1087 5160 1268 5214 ornari
1296 5162 1529 5217 studeat.

568 5250 697 5306 Loci
726 5250 868 5305 sacri
895 5251 1164 5306 institutio
1189 5261 1317 5308 tunc
1341 5253 1598 5323 temporis
1622 5251 1744 5308 talis
1765 5260 1884 5307 erat
1909 5270 1921 5305 :
1952 5251 2069 5306 Bini

2174 4343 2492 4399 servitutem
2520 4340 2688 4410 probe
2714 4340 2988 4396 institutos
3008 4338 3261 4392 ordinare
3287 4336 3559 4399 studeret;
3610 4350 3750 4389 nun-

2173 4448 2335 4504 quam
2368 4441 2545 4487 tamen
2573 4430 2754 4486 dilecti
2801 4428 3033 4484 coenobii
3081 4427 3320 4491 Avellani
3367 4425 3650 4491 familiam,
3693 4434 3750 4478 et

2173 4525 2350 4582 locum
2377 4522 2620 4578 oblivisci
2648 4520 2842 4592 potuit.
2892 4518 3100 4590 Quippe
3148 4517 3267 4571 illos
3311 4531 3454 4585 saepe
3508 4515 3748 4570 revisere

2172 4614 2485 4679 festinabat,
2514 4621 2574 4666 et
2592 4610 2827 4667 celestis
2853 4607 3119 4664 sermonis
3147 4605 3356 4678 pabulo,
3390 4611 3484 4674 aut
3511 4620 3751 4674 prazsen-

2174 4710 2269 4774 tia,
2303 4718 2394 4762 aut
2424 4705 2642 4770 litteris,
2687 4701 2944 4773 singulari
2972 4700 3145 4771 patrio
3168 4705 3222 4752 et
3244 4697 3528 4761 charitatis
3548 4695 3745 4750 all‘ectn

2171 4798 2465 4855 reﬁciebat.
2488 4793 2806 4862 Quare-Deo.
2825 4793 2877 4848 in
2898 4792 3015 4852 dies
3037 4789 3226 4870 plenus
3245 4786 3444 4854 factus,
3462 4785 3750 4854 miraculis

2170 4902 2385 4961 quoque
2404 4886 2601 4942 clarior
2619 4899 2740 4939 esse
2752 4883 2937 4952 erepit.

2241 4977 2483 5046 Quadam
2504 4975 2590 5030 die
2627 4975 2752 5030 dum
2783 4972 2920 5041 apud
2952 4969 3280 5026 Ganuiuium
3313 4967 3366 5023 in
3402 4967 3540 5022 cella
3569 4964 3748 5022 consi-

2173 5077 2362 5135 steret,
2395 5082 2460 5123 ac
2489 5067 2678 5122 sitiens
2704 5079 2899 5134 aquam
2935 5062 3037 5116 sibi
3066 5077 3131 5116 ex
3169 5059 3316 5114 fonte
3340 5058 3522 5113 atl‘erri
3575 5057 3747 5128 impe-

2176 5166 2374 5224 rasset,
2400 5155 2528 5212 fecit
2548 5155 2764 5227 quidem
2793 5151 3040 5208 minister
3068 5149 3330 5219 imperata
3363 5147 3629 5202 festinus:
3657 5145 3748 5199 sed

2177 5251 2435 5320 magistro
2466 5255 2736 5317 gustante,
2772 5243 2917 5315 quod
2966 5242 3150 5296 vinum
3190 5239 3459 5294 attulis~et
3506 5252 3753 5306 comper~

2184 5347 2191 5350 .
2375 5346 2383 5350 -
2526 5338 2538 5350 ι
2601 5336 2614 5350 ι
2671 5336 2723 5350 ιιι
2797 5335 2807 5346 ι
2928 5348 2958 5350 ..
2995 5341 3102 5350 -.___
3164 5346 3216 5350 -..
3245 5346 3269 5350 .-
3319 5345 3366 5350 --
3397 5345 3416 5350 _
3441 5344 3588 5350 ----..-
3624 5327 3726 5350 1..-.-
