3982 5350
198 270 288 321 Hii

1000 244 1532 308 PROLEGOMENA.
1574 273 1643 284 ——
1682 242 1744 296 S.
1787 238 1984 293 PETRI
2027 234 2309 291 DAMIANI
2350 233 2507 289 VITA
2547 233 2634 289 111.

3334 233 3437 288 lo!
3500 228 3508 243 ’

194 383 569 455 gustaverunt,
590 370 806 441 cognito
826 362 1108 425 miraculo,
1137 359 1425 432 imperavit
1450 356 1658 412 cunctis
1685 354 1766 408 vir
1794 356 1839 415 Α
1938 348 2244 404 Novissime
2272 348 2400 402 item
2452 354 2714 415 tempore,
2761 345 2811 398 in
2845 343 3224 398 reformatione
3252 360 3437 399 monah

292 440 306 457 ο
930 456 934 457 ,
1448 447 1461 457 .
1753 444 1768 457 ι
1872 439 2015 457 A.-_!!
2049 436 2081 457 ο
2141 436 2411 457 Ι)-.ΑΑ,ΙΞΑΑΞ
2470 435 2719 457 ,1-ιη....-,.
2752 433 3053 457 In....2.l-._2..-
3084 434 3247 457 -ι.ι...-
3299 448 3397 457 μη-.-
3423 438 3436 457 ι

193 444 431 531 sanctus,
478 473 539 519 ut
600 475 715 516 rem
765 456 976 512 silentio
1007 458 1266 524 legerent,
1318 447 1462 518 quod
1502 458 1672 516 usque
1700 444 1768 498 ad

192 564 303 630 ejus
338 557 544 611 obitum
573 553 773 606 factum
796 555 898 603 est.

253 649 377 705 Alio
392 660 607 715 quoque
619 652 855 710 tempore
869 635 1099 692 habebat
1112 632 1193 687 vir
1207 640 1424 686 sanctus
1436 628 1632 684 dolium
1658 628 1768 683 vini

189 745 401 811 plenum
417 737 559 808 apud
573 732 859 805 quamdam
884 744 1034 784 suam
1053 724 1327 794 capellam.
1342 720 1551 775 Accidit
1568 728 1766 783 autem,

191 809 419 885 militum
463 827 623 881 turba
655 823 800 877 illinc
831 818 1114 875 transitum
1149 812 1377 871 faciente
1398 852 1411 877 ,
1444 819 1502 864 ut
1552 809 1767 879 quidam

189 917 455 975 sacerdoti
476 916 589 969 vim
618 911 915 977 intulerint,
938 915 999 960 ut
1032 922 1098 961 ex
1132 908 1249 973 ipso
1272 902 1414 956 dolio
1448 908 1633 972 potutn
1663 897 1769 952 illis

193 1012 533 1081 propinaret,
582 1004 823 1075 quicum
866 1005 1133 1053 astrueret
1160 1009 1217 1048 se
1256 992 1398 1047 nolle
1442 992 1623 1044 vinum
1666 988 1767 1043 viri

142 1130 149 1137 -
193 1078 326 1155 beati
356 1097 700 1167 contingere,
732 1091 807 1146 illi
844 1089 1041 1144 dolium
1072 1085 1405 1147 invadentes,
1445 1082 1624 1136 omnia
1655 1078 1770 1147 ejus

193 1189 455 1244 foramina
485 1197 768 1255 aperuere,
801 1180 1086 1249 virgasque
1115 1174 1554 1233 intromittentes,
1586 1170 1768 1223 viuum

177 1296 465 1351 nunquam
518 1275 738 1332 haurire
780 1279 1089 1343 potuerunt.
1144 1266 1502 1335 Quamobrem
1532 1264 1766 1333 quodam

195 1372 432 1429 interiori
478 1380 718 1426 tremore
758 1362 1020 1436 perculsi,
1072 1360 1213 1415 illico
1262 1360 1328 1413 de
1374 1356 1490 1411 loco
1531 1369 1765 1410 cessere.

182 1462 511 1531 Paulo-post
536 1473 689 1521 vero,
732 1459 1048 1509 transeunte
1088 1446 1285 1503 exinde
1313 1445 1615 1516 peregrino,
1674 1442 1767 1510 qui

180 1556 456 1609 instanter
504 1549 692 1603 bibere
736 1540 1065 1614 postulabat,
1114 1546 1336 1609 propter
1380 1550 1618 1590 amorem
1646 1534 1766 1597 Dei,

178 1642 447 1698 sacerdos
478 1638 681 1694 dolium
710 1635 974 1697 revisens,
1001 1631 1183 1685 clausa
1214 1626 1480 1681 foramina
1510 1625 1668 1686 videt.
1713 1633 1768 1679 et

1867 439 2015 493 sterii
2049 436 2106 492 S.
2140 436 2435 501 Benedicti,
2466 435 2721 505 detegens
2752 433 3055 488 Desiderius
3084 434 3269 500 abbas,
3295 438 3438 503 quod

1866 528 2031 598 aliqui
2056 527 2287 596 operarii
2315 526 2629 581 dremoniaci
2661 525 2731 580 ibi
2750 525 3021 587 adessent,
3054 540 3357 595 rogansque
3373 527 3435 579 Β.

1868 618 2109 683 Petrum,
2134 626 2193 670 ut
2219 616 2336 672 illos
2357 630 2553 671 curare
2582 615 2919 685 dignaretur,
2951 630 3011 669 se
3042 614 3319 684 indignum
3352 631 3440 669 re-

1868 706 2083 775 spondit
2110 706 2322 770 Petrus,
2353 706 2443 774 qui
2477 706 2531 759 in
2558 719 2790 759 messem
2818 704 2876 760 S.
2921 704 2982 758 Ρ.
3010 706 3281 759 Benedicti
3322 722 3441 759 tua-

1868 811 1971 851 nus
2019 800 2288 861 mitteret;
2322 804 2689 850 verumtamen
2733 795 2805 850 ibi
2853 794 3055 849 diutius
3091 810 3296 851 moram
3327 804 3442 849 tra-

1870 889 2026 955 hens,
2058 888 2301 943 obtinuit
2325 896 2384 942 ut
2409 886 2551 943 Deus
2576 885 2717 953 illos,
2750 894 2975 956 propter
3016 886 3188 955 ipsius
3226 886 3441 953 merita,

1870 976 2201 1032 liberaverit.

1942 1093 2046 1149 Per
2066 1109 2159 1148 eos
2186 1092 2303 1149 dies
2324 1092 2627 1148 sanctitatis
2672 1090 2817 1146 Petri
2839 1089 2980 1146 fama
3008 1091 3209 1162 passim
3234 1091 3448 1162 lateque

1869 1193 2215 1255 personante,
2247 1184 2553 1254 Stephanus
2581 1181 2822 1251 pontifex
2857 1183 3125 1237 maximus
3146 1184 3320 1237 virum
3349 1184 3448 1237 bo-

1870 1289 1997 1329 num
2048 1274 2351 1329 sacerdotio
2383 1275 2601 1343 dignum
2634 1271 2887 1340 judicans
2930 1287 3053 1327 cum
3083 1273 3450 1327 sacratissimo

1870 1376 2285 1435 purpuratorum
2336 1365 2545 1431 ordine,
2591 1363 2738 1419 illum
2789 1363 2856 1418 ad
2881 1362 3238 1433 episcopalem
3262 1364 3450 1417 cathe-

1872 1456 2024 1509 drum
2052 1455 2452 1527 suscipiendum
2495 1453 2782 1508 invitavit:
2834 1455 2976 1522 quod
3027 1469 3148 1508 cum
3182 1465 3448 1516 renueret,

1871 1549 2165 1603 arbitratus
2192 1546 2433 1617 pontifex
2457 1547 2599 1602 illius
2620 1546 2873 1600 virtutem
2899 1544 3155 1601 Ecclesia:
3178 1547 3452 1616 corrigen—

1872 1640 1952 1694 dae
1976 1652 2098 1693 esse
2128 1638 2368 1709 apprime
2398 1636 2783 1701 necessariam,
2812 1636 2864 1690 id
2896 1636 2969 1690 illi
3001 1637 3101 1690 sub
3131 1636 3449 1689 anathema-

196 1737 371 1789 viaum
428 1729 633 1792 hausit,
688 1723 1121 1790 miraculumque
1169 1727 1386 1784 notans,
1427 1717 1766 1787 peregrinum

1885 1729 1944 1783 Lis
1992 1728 2281 1783 maledicto
2325 1727 2578 1797 imperat,
2609 1725 2943 1796 Romamque
2973 1727 3205 1781 accitum
3237 1734 3292 1780 et
3323 1725 3452 1779 dex-

183 1822 544 1882 esuricntem,
572 1815 683 1869 Deo
708 1813 911 1885 gratias
935 1824 1121 1879 agens,
1155 1805 1364 1862 refecit.
1472 1882 1479 1885 ἕ

260 1912 384 1966 Alio
430 1918 675 1975 tempore
719 1904 801 1957 vir
830 1900 1023 1957 nobilis
1066 1910 1288 1954 munera
1342 1894 1567 1967 piscium
1610 1893 1676 1947 ad
1701 1890 1767 1947 Β.

192 2004 413 2061 Petrum
450 2003 668 2053 mittere
698 1990 989 2063 aliquando
1025 1990 1237 2052 solitus,
1266 1989 1487 2041 miserat
1522 1984 1588 2038 ad
1619 1983 1769 2038 illum

1870 1830 2007 1874 traut
2023 1820 2315 1889 accipiens,
2336 1834 2433 1889 per
2454 1819 2705 1873 annulum
2720 1834 2897 1882 suum,
2919 1826 2970 1872 et
2985 1819 3212 1888 virgam,
3235 1817 3451 1873 Ostien-

1870 1928 1982 1966 sem
2004 1912 2074 1966 illi
2093 1910 2362 1979 copulavit
2378 1910 2692 1976 Ecclesiam,
2712 1910 2961 1979 sacrique
2974 1910 3181 1981 collegii
3207 1909 3455 1964 cardina-

1871 2003 1999 2057 lium
2030 2005 2294 2056 decanum
2333 2001 2483 2067 fecit,
2518 2016 2659 2055 anno
2698 1998 2983 2055 millesimo
3013 2000 3456 2070 quinquagesimo

200 2108 408 2150 servom
460 2086 713 2146 suumin
756 2084 937 2155 Visula
972 2080 1171 2136 ηθῑίιιῖε
1201 2077 1448 2133 Domini:
1494 2092 1529 2146 (Ι
1571 2075 1587 2128 ί
1627 2075 1771 2128 Viam
1868 2108 2081 2160 octavo,
2137 2094 2289 2149 initio
2339 2091 2793 2164 Quadragesimre,
2852 2108 3034 2149 mense
3088 2092 3303 2156 Martio,
3332 2093 3456 2145 sali-

199 2188 471 2257 ingressus
499 2181 732 2237 obscura
763 2183 1029 2241 nocte,et
1056 2172 1269 2229 nivibus
1290 2170 1411 2224 altis
1433 2167 1771 2231 cadentibus,

1885 2189 2000 2243 bato
2034 2198 2266 2255 quatuor
2288 2194 2613 2254 temporum.
2638 2182 2869 2239 Coactus
2907 2184 3069 2254 igitur
3094 2185 3457 2254 episcopatum

189 2256 342 2345 'lipso
398 2272 551 2343 pede
596 2270 653 2324 in
700 2279 972 2337 praeceps,
1004 2263 1075 2317 ~in
1115 2261 1349 2331 quodam
1393 2269 1637 2314 extremo
1673 2256 1774 2311 vite

202 2368 311 2422 loco
341 2380 475 2420 casu
502 2362 613 2417 ruit
656 2359 812 2429 :‘rqui,
846 2372 970 2413 cum
999 2352 1231 2422 discerpi
1270 2350 1425 2407 facile
1440 2365 1556 2404 ‘uon
1584 2357 1773 2417 potue-

203 2459 283 2522 rit,
311 2472 413 2511 me:
433 2455 526 2508 itis
540 2451 648 2506 'viri
677 2449 850 2505 sancti
872 2446 1043 2503 evasit
1065 2443 1368 2506 incolumis,
1397 2450 1777 2509 resumptoque

203 2550 498 2605 cervicibus
523 2558 713 2610 onere,
750 2557 874 2598 cum
930 2540 996 2594 ad
1047 2538 1195 2592 illum
1230 2535 1582 2605 pervenisset,
1613 2542 1669 2587 et
1726 2531 1775 2585 ei

202 2644 395 2712 gratias
431 2645 639 2708 ageret,
677 2632 955 2704 respondit
989 2629 1120 2683 ille:
1150 2626 1288 2691 Noli,
1318 2624 1393 2680 fili
1420 2621 1637 2689 mi,noli
1675 2621 1781 2676 hoc

198 2729 472 2804 peccatori
522 2725 729 2782 homini
767 2727 1048 2793 deputare,
1078 2718 1220 2788 quod
1254 2717 1397 2771 Deus
1420 2715 1672 2785 dignatus
1697 2719 1781 2767 est

203 2802 291 2878 sua
319 2823 394 2877 mi
426 2818 677 2876 cratione
707 2815 806 2870 tibi
862 2812 1087 2881 largiri;
1122 2809 1173 2865 ei
1221 2823 1289 2863 ex
1335 2806 1542 2861 collatae
1589 2802 1781 2858 salutis

205 2929 418 2970 munere
443 2910 648 2982 gratias
682 2921 803 2978 age,
837 2904 931 2975 qui
969 2916 1235 2974 nusquam
1273 2897 1373 2953 sibi
1404 2894 1783 2951 famulantibus

190 3008 365 3061 deest.

265 3096 382 3150 Alio
424 3103 673 3163 tempore
702 3086 899 3144 direxit
934 3083 1255 3154 discipulum
1285 3079 1351 3135 ad
1388 3094 1552 3134 unum
1583 3079 1648 3133 de
1679 3077 1776 3131 ab-

205 3189 432 3251 hstibus,
464 3184 707 3255 quicum
736 3179 884 3233 illum
911 3177 964 3231 in
996 3173 1323 3229 monasterio
1348 3187 1453 3225 non
1477 3168 1791 3239 reperisset,

195 3290 255 3335 et
278 3286 498 3349 propter
521 3274 641 3344 ejus
653 3270 938 3337 moramad
955 3265 1268 3336 magistrum
1285 3261 1574 3331 remigrare
1587 3257 1788 3322 volens,

205 3375 386 3426 ducem
416 3368 522 3421 viae
550 3363 790 3433 accepit;
833 3357 930 3415 sed
964 3359 1050 3412 ubi
1078 3354 1316 3409 nonnihil
1337 3365 1645 3422 processum
1685 3358 1789 3412 est,

206 3465 310 3518 dux
343 3463 448 3515 viae
474 3475 544 3514 ex
560 3456 733 3512 oculis
767 3462 987 3524 propter
1004 3449 1223 3504 nimium
1263 3447 1550 3501 obscurum
1594 3441 1790 3496 malum

197 3552 458 3617 'evanuit;
490 3548 609 3620 ipse
637 3562 767 3602 vero
800 3545 1018 3615 ignarus
1046 3540 1167 3601 vice,
1196 3538 1261 3590 ad
1285 3534 1551 3604 quoddam
1589 3532 1790 3585 bivium

210 3634 546 3713 perveniens,
583 3646 765 3692 utram
819 3640 1027 3689 teneret
1080 3628 1389 3698 ambigens,
1440 3625 1673 3693 denique
1734 3623 1789 3676 in

196 3749 365 3805 quam
399 3733 574 3801 magis
618 3730 804 3784 tritam
828 3726 1057 3797 judicat,
1098 3721 1399 3791 iumentum
1459 3717 1686 3787 dirigit,
1738 3724 1793 3769 et

209 3804 375 3895 equus
421 3823 659 3877 alteram
703 3826 889 3873 tenere
936 3812 1137 3870 diutius
1177 3824 1389 3880 semper
1433 3807 1602 3862 voluit
1651 3804 1791 3861 resi-

202 3925 384 3971 stens:
424 3913 515 3969 cui
563 3926 695 3967 cum
732 3908 947 3964 tandem
1009 3904 1184 3960 victus
1231 3901 1465 3956 laxasset
1518 3900 1787 3963 habenas,

206 4024 326 4063 mox
377 4006 698 4062 albescente
762 4000 902 4057 caelo
946 3999 1164 4053 brutum
1202 3992 1404 4048 animal
1459 3991 1641 4048 divino
1702 3989 1789 4043 in-

200 4106 409 4158 stinctu
460 4101 664 4156 bonam
718 4094 865 4149 viam
908 4092 1146 4147 tenuisse
1194 4084 1490 4157 cognovit:
1537 4091 1593 4137 et
1639 4091 1787 4137 recta

200 4194 271 4249 ad
326 4192 657 4263 magistrum
709 4185 943 4251 delatus,
994 4181 1106 4237 Deo
1150 4187 1206 4235 et
1240 4178 1401 4235 beato
1445 4174 1563 4229 viro
1586 4172 1788 4244 gratias

206 4285 423 4355 agebat.

271 4375 396 4430 Alio
431 4372 600 4428 etiam
632 4378 880 4439 tempore
915 4362 1201 4419 destinavit
1229 4360 1475 4416 nuntium
1497 4358 1563 4415 ad
1592 4373 1782 4429 quem-

211 4470 327 4525 dam
367 4469 707 4539 episcopum,
754 4459 911 4529 cujus
936 4471 1106 4528 equus
1154 4455 1210 4509 in
1277 4453 1505 4508 transitu
1532 4450 1790 4517 fluminis,

211 4544 326 4616 cum
344 4562 397 4615 in
414 4561 544 4616 limo
564 4558 673 4612 alte
691 4554 891 4610 inﬁxus
905 4566 1011 4605 non
1034 4549 1186 4605 exire
1205 4554 1416 4616 posset;
1441 4545 1528 4599 ille
1545 4553 1790 4601 sanctum

210 4654 386 4708 virum
418 4648 718 4712 invocavit,
749 4653 806 4700 et
836 4656 1009 4712 equus
1046 4638 1282 4694 illico'ex
1322 4636 1433 4691 luto
1470 4648 1528 4691 se
1558 4635 1796 4690 extrica-

211 4743 303 4795 \il.
343 4739 676 4796 Perveniens
700 4719 834 4791 vero
862 4731 930 4786 ad
955 4731 1292 4801 episcOpum,
1326 4727 1549 4781 absente
1584 4726 1795 4795 episcoo

211 4850 293 4905 po.
310 4832 573 4904 patruelis
598 4814 843 4901 episcopi
887 4824 1034 4880 hunc
1055 4817 1507 4891 benignequidem
1521 4816 1793 4888 suscepit;

214 4928 306 4980 sed
335 4925 511 4980 solum
558 4923 611 4979 in
640 4917 843 4993 grandi
873 4912 1122 4971 cubiculo
1162 4912 1312 4968 illum
1348 4916 1510 4965 ttbctu
1554 4909 1790 4981 reliquit.

221 5014 253 5068 1'
259 5014 466 5070 imebat
504 5013 735 5071 nuntius
767 5024 800 5064 a
832 5006 1030 5060 timore
1058 5009 1339 5065 nocturno,
1383 5002 1796 5072 nec‘propterea

214 5118 461 5161 somnum
496 5116 739 5175 unquam
776 5109 979 5167 capere
1004 5093 1188 5149 valuit.
1225 5091 1571 5148 Ecce‘autem
1605 5092 1663 5146 Β.
1697 5089 1798 5145 Pe-

216 5206 333 5252 trus
372 5197 436 5251 ad
479 5184 746 5268 hospitem
803 5200 1071 5258 apparens
1099 5186 1165 5242 de
1206 5183 1382 5240 media
1428 5192 1618 5249 nocte,
1670 5196 1797 5238 eum

1876 2280 2068 2346 tenuit,
2091 2280 2370 2349 bonusque
2392 2289 2599 2348 pastor,
2616 2276 2872 2347 quidquid
2890 2286 3244 2347 proventuum
3267 2292 3459 2345 super-

1873 2379 2013 2435 erat,
2043 2370 2095 2425 in
2126 2384 2424 2439 pauperum
2455 2367 2655 2423 Christi
2688 2368 3029 2422 commodum
3056 2367 3246 2421 cedere
3289 2364 3459 2435 potis-

1878 2461 2074 2515 simum
2111 2460 2359 2515 studebat
2387 2472 2403 2512 :
2439 2456 2717 2513 duodecim
2742 2457 2981 2528 quotidie
3021 2458 3183 2528 pedes
3218 2456 3455 2517 abluere,

1876 2553 2093 2623 epulum
2129 2561 2389 2622 prasterea
2418 2550 2673 2622 przebens
2697 2549 3158 2620 ;pnpillorumque
3182 2564 3245 2602 ac
3272 2548 3459 2604 vidua-

1881 2660 1999 2701 rum
2013 2644 2371 2714 patrocinium
2387 2641 2574 2697 sedulo
2587 2656 2844 2697 exercens
2863 2641 2983 2709 :‘qui
3002 2656 3123 2694 cum
3138 2639 3462 2709 pauperibus

1882 2737 2238 2801 ministraret,
2269 2734 2323 2790 in
2349 2732 2633 2804 pelvicula,
2658 2747 2759 2802 qua
2788 2732 2952 2801 pedes
2977 2746 3163 2785 eorum
3192 2729 3461 2791 abluebat,

1881 2844 2023 2898 smpe
2070 2842 2280 2883 summa
2328 2826 2587 2879 aviditate
2632 2823 2915 2877 comedere
2952 2819 3253 2885 consuevit,
3299 2832 3462 2886 super

1883 2931 2090 2977 cratem
2112 2919 2310 2975 nudam
2334 2918 2505 2973 somni
2531 2915 2767 2986 quietem
2794 2912 3033 2983 capiens.

1804 3056 1849 3119 ο
1957 3034 2218 3089 Defuncto
2263 3030 2541 3102 Stephano
2585 3027 2836 3099 pontifice
2870 3024 3186 3089 .Florcntire,
3225 3023 3467 3078 interfuit

1892 3126 2083 3181 Petrus
2111 3124 2356 3180 electioni
2383 3120 2656 3177 Benedicti
2688 3118 2880 3175 decimi
2908 3116 3271 3171 successoris:
3304 3130 3461 3186 quem

1891 3234 2018 3273 cum
2068 3215 2248 3272 studio
2292 3224 2349 3269 et
2375 3226 2505 3269 cura
2536 3211 2795 3267 comitum
2825 3208 3273 3269 Tusculanorum,
3303 3221 3467 3274 pecu-

1891 3311 2103 3365 niarum
2154 3308 2463 3379 largitione,
2515 3314 2571 3359 et
2620 3318 2718 3373 per
2770 3301 2878 3355 vim
2924 3299 3115 3368 reliqui
3163 3296 3466 3352 cardinales

1892 3401 2125 3456 adorare
2160 3407 2502 3470 cogerentur,
2536 3393 2852 3450 reclamavit
2886 3391 3101 3447 fortiter
3129 3390 3352 3451 'Petrus,
3407 3399 3468 3441 ut

1890 3492 2117 3546 comites
2141 3491 2286 3558 ipsos
2313 3489 2380 3542 ab
2406 3486 2643 3541 infandis
2672 3484 2894 3539 ausibus
2920 3491 3240 3547 removeret,
3262 3480 3466 3536 effecit-

1890 3595 1997 3650 que
2025 3589 2083 3632 ut
2128 3577 2380 3633 Nicolaus
2415 3575 2683 3630 secundus
2723 3573 2876 3642 juxta
2917 3573 3261 3636 electionem,
3306 3572 3466 3641 p:.ulo

1891 3679 2031 3741 post,
2063 3669 2340 3739 Stephano
2362 3667 2431 3722 sit
2452 3666 2775 3735 subrogatus
2799 3678 2858 3718 ut
2887 3662 3025 3716 Non.
3074 3662 3194 3717 Jan.
3227 3663 3381 3716 1059.

1959 3783 2079 3839 Jam
2131 3797 2260 3837 vero
2295 3781 2503 3843 videns,
2540 3776 2808 3847 quomodo
2857 3777 3013 3830 sedes
3062 3775 3205 3828 Petri
3254 3790 3284 3828 a
3314 3774 3467 3828 laieis

1892 3872 2199 3943 potentibus
2223 3870 2357 3925 viris
2396 3870 2475 3923 sic
2510 3867 2905 3938 opprimeretur
2933 3882 2947 3918 :
2980 3879 3043 3918 ex
3090 3864 3197 3916 alio
3236 3878 3362 3918 vero
3392 3863 3467 3917 la-

1892 3974 2031 4026 tere,
2058 3960 2328 4031 quomodo
2353 3950 2561 4013 sacrati
2582 3952 2683 4009 viri
2710 3952 2951 4008 omnium
2974 3950 3252 4007 libidinum
3284 3954 3465 4023 generi

1892 4053 2254 4122 indulgerent,
2308 4056 2367 4105 et
2404 4047 2666 4119 plurimos
2714 4058 2943 4099 uxorum
2989 4043 3107 4097 loco
3155 4043 3469 4097 meretrices

1891 4145 2184 4209 haberent,
2213 4157 2316 4199 nec
2345 4155 2575 4196 cernens
2615 4138 2883 4209 quomodo
2909 4137 3318 4207 eosqnisquam
3349 4151 3470 4191 cor-

1889 4236 2068 4307 rigere
2088 4241 2300 4305 posset;
2332 4240 2461 4286 tunc
2490 4222 2713 4300 perosus
2744 4226 2910 4282 curia:
2933 4240 3129 4290 mores,
3152 4226 3322 4280 satius
3349 4239 3470 4278 esse

1892 4326 2045 4381 duxit
2079 4333 2134 4379 at
2153 4323 2403 4380 dilectam
2431 4318 2775 4375 solitudinem
2800 4317 2998 4381 redire,
3035 4316 3127 4370 ubi
3152 4316 3252 4370 sibi
3284 4316 3472 4369 liceret

1817 4412 1866 4472 D
1894 4417 2066 4474 solita:
2110 4411 2549 4484 contemplationi
2599 4410 2767 4466 libere
2808 4407 3102 4471 deservire,
3160 4414 3321 4474 atque
3365 4404 3471 4457 lia-

1896 4509 2067 4565 chelis
2093 4506 2361 4562 venustati
2388 4503 2511 4574 Ly:e
2533 4501 2917 4557 fecunditatem
2939 4510 3275 4567 comparare,
3305 4510 3466 4564 quam

1899 4600 1953 4655 itt
1984 4598 2296 4654 tumultibus
2315 4594 2495 4649 szeculi
2514 4593 2739 4647 ulterius
2762 4603 2998 4652 manere,
3021 4597 3073 4642 et
3093 4586 3276 4654 galeio
3313 4601 3472 4638 sacra

1898 4701 1954 4747 et
1979 4689 2291 4759 epiSCOpatu
2325 4692 2516 4755 sponte
2545 4698 2605 4739 se
2648 4680 2937 4737 abdicavit.
2984 4676 3083 4732 llic
3126 4684 3272 4746 patet
3301 4690 3466 4742 quam

1901 4791 2087 4854 aperte
2129 4779 2464 4849 decipiantur
2499 4776 2551 4831 hi
2584 4774 2673 4846 qui
2698 4772 2761 4827 B.
2788 4771 3009 4825 Petrum
3040 4768 3357 4822 Damianum
3409 4780 3475 4817 ex

1901 4872 2176 4930 cardinale
2202 4871 2480 4927 eremitam
2532 4866 2734 4922 factum
2775 4876 2894 4916 esse
2923 4861 3322 4917 existimarunt,
3351 4872 3477 4911 cunt

1806 4992 1809 4997 λ
1900 4966 2130 5037 ipsemet
2166 4978 2291 5021 cum
2315 4962 2429 5016 suis
2471 4955 2771 5029 discipulis,
2802 4961 2858 5007 et
2910 4951 3134 5017 Dantes,
3187 4956 3245 5002 ut
3282 4962 3477 5016 supra,

1901 5036 2130 5126 (Parad.
2167 5061 2311 5109 cant.
2340 5051 2433 5119 21)
2477 5062 2696 5103 omnem
2730 5041 3118 5097 dubitationem
3141 5036 3484 5110 apertissime

1899 5148 1966 5203 de
1994 5150 2173 5205 medio
2217 5145 2425 5199 tollant.
2477 5140 2590 5217 Sed
2629 5135 2880 5194 Nicolaus
2907 5134 3150 5203 pontifex
3174 5130 3291 5198 ejus
3324 5143 3485 5197 repu-

1900 5240 2192 5286 iliatinnem
2216 5237 2497 5286 admittere
2530 5233 2741 5286 nolens.
2769 5228 2917 5281 illum
2953 5232 3019 5280 axi
3052 5220 3325 5286 dignitatis
3360 5217 3486 5272 insi-
