3982 5350
583 230 685 287 165

1445 230 1505 287 S.
1544 231 1817 288 PETRUS
1842 227 2206 286 'DAMIANUS
2237 229 2294 283 S.
2336 227 2403 282 li.
2428 228 2492 284 E.
2530 223 2962 287 CARDINALIS.

3677 240 3760 296 liii

579 320 799 400 beribus
851 342 1147 415 adjunctis,
1199 341 1452 397 recitaret
1497 310 1755 411 quotidie.
1799 339 1956 408 Quod
2008 338 2137 415 fecit
2165 344 2209 403 Α
2237 337 2412 411 legato
2448 337 2639 397 fuerat.
2675 339 2826 395 Tunc
2868 339 2929 394 B.
2968 338 3161 396 Petrus
3204 340 3259 396 in
3310 350 3451 397 tanta
3496 342 3765 405 calamitate

579 437 701 507 pius
741 450 985 491 summus
1018 442 1214 504 pastor
1249 442 1313 488 ut
1352 448 1412 489 re
1462 433 1717 495 maxima,
1759 441 1815 489 et
1851 432 2004 503 quasi
2032 431 2145 487 im-

579 525 820 596 possibili
857 525 1154 595 proposita,
1175 531 1228 579 et
1248 514 1452 577 Petrus
1482 523 1837 593 pertinaciam
1876 522 2145 591 relinque-

577 628 689 683 ret,
728 626 783 672 et
832 616 1120 687 pontificis:
1173 613 1441 684 majestati
1494 614 1732 671 debitam
1774 613 2143 675 reverentiam

575 707 874 763 exhiberet.
915 705 1019 762 Sed
1072 705 1266 761 Petrus
1321 705 1503 761 alacer
1549 705 1922 775 paenitentiam
1970 706 2144 760 susei-

573 798 761 866 piens,
798 811 920 852 eam
968 795 1218 851 mirabile
1265 794 1444 859 dictu,
1492 795 1622 849 anni
1659 794 1836 864 spatio
1870 793 2140 859 exhausit,

571 888 1019 959 exaravitquead
1054 885 1363 958 pontificem
1395 885 1830 957 elegantissimas
1864 883 2141 955 epistolas,

573 976 895 1032 humilitatis
941 992 1006 1033 ac
1058 976 1366 1032 sanctitatis
1410 976 1630 1047 plenas,
1688 976 1886 1046 quibus
1947 990 2006 1030 se
2064 974 2140 1031 illi

569 1064 781 1134 egregie
840 1077 1070 1134 purgare
1131 1063 1368 1127 studuit,
1416 1064 1657 1119 virorum
1716 1071 2025 1118 sanctorum
2087 1063 2139 1117 id

568 1153 815 1225 exemplo
862 1154 1056 1210 fecisse
1103 1155 1555 1210 commemorans.
1596 1153 1742 1208 Inter
1785 1168 1849 1209 ea
1878 1144 2003 1209 haec
2045 1152 2142 1208 ha-

569 1244 763 1298 bentur
810 1245 972 1300 verba
1015 1236 1369 1308 :Postrcmo,
1409 1251 1467 1297 ut
1519 1244 1733 1299 omissis
1786 1243 2030 1308 cmteris,
2071 1241 2139 1297 ad

566 1338 923 1392 domesticum
989 1345 1339 1393 recurramus
1408 1335 1753 1405 exemplum.
1808 1324 2140 1389 Lambertus

566 1428 884 1483 veneranda:
933 1429 1230 1492 meruerim,
1266 1427 1356 1496 qui
1397 1428 1523 1481 aulo
1559 1441 1657 1480 nos
1685 1420 1970 1479 Flerentite
2003 1439 2140 1493 prte-

565 1518 647 1573 °ul
683 1510 937 1574 Ecclesia:
967 1518 1157 1573 tertius
1198 1516 1329 1581 fuit,
1368 1525 1552 1585 spreto
1598 1516 1933 1585 principatus
1956 1512 2139 1569 'ollicio

566 1610 874 1667 monasticae
898 1624 957 1663 se
989 1596 1284 1678 disciplina:
1318 1608 1565 1678 subjecit.
1604 1604 1744 1673 Qua:
1777 1607 1963 1670 verba,
1991 1605 2133 1675 quod

2245 428 2589 494 constitutus,
2621 426 2804 483 divino
2839 426 3010 484 fretus
3045 428 3264 496 auxilio,
3295 431 3539 500 populum
3566 435 3627 488 ad
3656 446 3769 493 tein-

2243 505 2392 586 plum
2423 524 2714 587 convocat,
2745 520 2801 571 et
2844 518 2899 573 in
2930 518 3198 589 pulpitum
3241 523 3611 588 conscendens,
3645 524 3767 583 facto

2242 607 2479 669 silentio,
2511 606 2818 678 huiusmodi
2846 608 2901 664 iu
2932 608 3096 665 totius
3118 608 3359 666 civitatis
3386 618 3634 671 conventu
3662 615 3768 672 fecit

2242 696 2406 753 verba
2430 698 2749 754 brevissima
2769 700 2795 753 ἰ

2311 787 2564 844 Nicolaus
2601 788 2843 859 pontifex
2886 790 3182 854 maximus.
3222 790 3428 850 fratres
3468 795 3767 863 charissimi.

2240 880 2389 936 misit
2430 889 2517 936 me
2545 881 2611 935 ad
2639 896 2756 947 vos,
2788 897 2896 937 non
2933 891 2992 937 ut
3034 883 3287 940 Beclesize
3317 883 3569 942 Romanis
3596 889 3768 946 'h’bnori

2240 978 2402 1040 atque
2449 969 2790 1040 amplitudini
2834 964 3123 1033 servirem,
3167 973 3261 1028 sed
3302 983 3361 1029 ut
3396 983 3583 1030 vestrae
3610 977 3771 1047 gloria

2238 1068 2400 1128 atque
2436 1059 2596 1113 saluti
2624 1059 2983 1115 consulerem.
3011 1060 3149 1128 Quid
3195 1062 3339 1116 enim
3371 1062 3570 1120 booore
3593 1068 3774 1122 tenuis»

2238 1133 2361 1205 simi
2404 1150 2639 1204 hominis
2674 1141 2921 1204 Romana
2965 1160 3086 1220 eget
3114 1138 3391 1219 Ecclesia,
3422 1167 3538 1224 qua:
3582 1155 3770 1211 laudum

2234 1239 2500 1311 praeconia
2521 1254 2588 1293 ex
2604 1239 2770 1309 ipsius
2794 1246 2888 1294 o're
2911 1241 3311 1297 est'Sal‘vatoris
3337 1244 3565 1312 adepta?
3585 1244 3769 1315 (Malm.

2236 1330 2372 1400 xv't.)
2410 1324 2540 1398 Qum
2581 1341 2760 1386 autem
2790 1333 3064 1402 provincia
3108 1334 3166 1388 iu
3205 1334 3364 1391 terris
3393 1334 3558 1391 libera
3585 1338 3648 1393 ab
3666 1341 3772 1409 ‘ejns

2235 1416 2441 1475 ditione
2491 1419 2781 1491 reperitur,
2832 1420 2986 1491 cujus
3033 1424 3318 1479 arbitrium
3371 1426 3543 1497 ipsum
3588 1432 3772 1500 quoque

2233 1508 2429 1563 caelum
2474 1510 2715 1578 aperitur
2752 1518 2808 1564 et
2845 1511 3153 1567 clauditur?
3184 1514 3252 1568 Et
3288 1516 3527 1585 qttidem,
3560 1517 3605 1571 si
3646 1524 3773 1573 recte

2233 1596 2596 1667 attenderitis,
2628 1596 2864 1671 reliquas
2884 1602 3164 1659 Ecclesias
3200 1605 3267 1661 ab
3301 1605 3612 1662 hominibus
3638 1608 3773 1663 insti-

564 1702 756 1756 Petrus
791 1699 1080 1757 Damianus
1117 1698 1402 1771 episcopus
1428 1692 1773 1755 Florentinus
1808 1696 1996 1762 fuerit,
2035 1697 2132 1750 ali-
2164 1679 2207 1737 Β
2237 1688 2382 1745 "illis
2425 1704 2545 1745 esse
2586 1690 2894 1762 reperietis;
2924 1691 3219 1749 Εοεῖεείδῐη
3260 1701 3391 1752 νθιίὸ
3427 1696 3711 1753 Romanam
3747 1716 3772 1753 a

561 1794 758 1862 quibus
786 1782 1067 1848 materiam
1097 1793 1365 1864 cegitandi
1395 1792 1739 1861 praebuerunt
1767 1807 1779 1843 :
1810 1800 1903 1844 seu
1918 1782 2131 1843 Faven-

565 1886 726 1947 tinus,
754 1884 1022 1954 corruptis
1060 1874 1250 1953 primis
1278 1869 1521 1953 syllabis.
1553 1880 1703 1947 Quod
1726 1886 1882 1935 certe
1915 1894 2020 1934 non
2057 1878 2132 1932 ita

559 1982 663 2028 est.
729 1972 895 2029 Cum:
925 1973 1067 2027 enim
1110 1964 1439 2026 Lambertus
1495 1969 1757 2025 tenuisset
1816 1966 2129 2022 cathedram

565 2062 815 2120 Ecclesiae
843 2051 1174 2118 Florentium
1219 2076 1360 2116 anno
1404 2052 1541 2116 1026
1579 2060 1646 2114 ad
1693 2059 1850 2125 1037,
1883 2059 1967 2113 cui
2008 2073 2133 2113 δυο-π

560 2157 727 2211 cessit
751 2155 899 2221 Atto,
926 2164 980 2210 et
1009 2155 1059 2208 ei
1088 2153 1379 2220 Gera‘rdus,
1409 2153 1500 2223 qui
1544 2160 1730 2222 postea
1752 2152 1822 2206 ad
1848 2151 2131 2221 pontifica-

564 2255 651 2301 tus
695 2246 903 2315 apicem
948 2248 1193 2311 evedns,
1235 2242 1351 2314 ipse
1392 2239 1647 2297 Nicolaus
1677 2241 1959 2297 Secundus
1992 2256 2139 2311 papa.

558 2334 795 2399 exstitit;
849 2328 1347 2388 manifestissimum
1397 2334 1484 2388 est
1532 2336 1772 2387 errorem
1824 2331 2021 2386 cadere
2072 2331 2127 2384 in

561 2426 746 2490 verbo,
787 2440 902 2489 nos,
932 2424 1072 2494 quod
1107 2433 1197 2479 uos
1240 2422 1470 2479 fortasse
1505 2424 1689 2479 dicere
1732 2423 1911 2479 debet.
1948 2421 2130 2477 Voluit

558 2515 755 2584 quippe
803 2513 998 2568 Petrus
1056 2527 1272 2567 causam
1330 2527 1482 2567 suam
1543 2512 1862 2578 defendere,
1912 2523 2128 2581 sumpto

556 2611 873 2673 argumento
921 2602 989 2655 ab
1032 2613 1375 2657 antecessore
1413 2602 1583 2673 ipsius
1618 2600 1911 2671 pontificis,
1943 2610 2127 2671 ntpotu

555 2690 936 2761 propinquiore
966 2707 980 2743 :
1012 2705 1111 2746 nec
1135 2698 1368 2756 constat,
1398 2691 1541 2762 quod
1577 2690 1849 2746 Florentia
1890 2689 2122 2759 aliquem

552 2784 619 2836 ea
662 2789 981 2852 tempestate
1012 2778 1232 2836 Petrum
1282 2782 1535 2837 habuerit
1576 2790 1701 2836 ante
1737 2796 1934 2834 annum
1967 2779 2121 2843 1064,

554 2887 660 2941 quo
691 2881 930 2942 tempore
964 2873 1077 2942 ipse
1108 2870 1359 2927 Nicolaus
1385 2872 1671 2928 defunctus
1704 2870 1817 2940 jam
1860 2873 1968 2925 vita
2004 2870 2122 2926 fue-

555 2972 669 3026 rat;
700 2964 802 3017 nisi
843 2963 982 3018 forte
1024 2963 1083 3019 S.
1112 2962 1306 3019 Petrus
1334 2962 1625 3018 Damianus
1670 2971 1725 3019 et
1755 2961 2119 3018 Florentinam

2234 1772 2344 1835 Deo
2373 1781 2491 1850 ipso
2523 1790 2643 1836 esse
2682 1780 2957 1837 fundatam
2979 1823 2994 1848 ,
3036 1788 3200 1854 atque
3227 1785 3296 1840 ab
3324 1801 3387 1841 ea
3414 1795 3531 1842 tum
3566 1790 3773 1859 reliquas

2233 1869 2401 1936 alias,
2453 1880 2566 1924 tum
2614 1872 2849 1927 maxime
2894 1870 3346 1930 Mcdiolanensem
3384 1876 3523 1932 hanc
3566 1887 3774 1932 vestram

2231 1970 2384 2017 ortus
2423 1961 2504 2017 sui
2537 1963 2855 2034 primordia,
2897 1971 2954 2018 et
2990 1963 3287 2034 distiplium
3314 1967 3617 2023 rudimenta
3645 1975 3773 2023 su‘m-

2230 2054 2423 2121 psisse.
2454 2052 2594 2122 Quid
2646 2053 2793 2109 enim
2821 2047 3016 2109 Petrus
3043 2064 3097 2110 et
3125 2054 3343 2120 Paulus,
3373 2059 3466 2127 qui
3504 2057 3774 2113 Romanam

2226 2141 2527 2199 Ecclesium
2566 2157 2662 2197 suo
2699 2141 2961 2211 sanguine
3005 2148 3414 2210 consecrarunt,
3450 2155 3625 2202 nonne
3659 2149 3777 2202 hanc

2230 2234 2442 2302 quoque
2464 2242 2561 2302 per
2583 2232 2877 2302 discipulos
2902 2247 3029 2289 suos
3055 2234 3444 2292 instituerunt?
3470 2237 3601 2293 Nam
3627 2239 3777 2293 Naza-

2231 2324 2343 2377 rius
2371 2338 2402 2377 a
2433 2323 2568 2380 Lino
2594 2322 2743 2378 Petri
2772 2323 3036 2394 discipulo
3077 2340 3234 2381 sacro
3267 2326 3415 2383 fonte
3445 2330 3673 2394 ablutus,
3694 2340 3773 2386 sa-

2229 2428 2378 2468 crum
2431 2413 2486 2467 in
2528 2412 2635 2469 hac
2679 2415 2815 2470 urbe
2855 2416 3175 2488 martyrium
3228 2425 3311 2472 est
3360 2425 3647 2490 perpessus
3687 2440 3699 2475 :
3733 2426 3777 2474 et

2227 2504 2520 2562 Gc‘vvasius
2559 2521 2623 2560 ac
2656 2502 2963 2578 Protasius,
2991 2525 3218 2581 quorum
3246 2523 3433 2569 sancta
3465 2515 3518 2569 in
3542 2516 3642 2570 hac
3666 2516 3779 2570 urbe

2227 2612 2453 2668 corpora
2485 2596 2756 2666 coluntur,
2786 2614 2892 2654 non
2921 2600 3082 2654 alium
3112 2616 3274 2670 quam
3299 2601 3533 2658 Paulum
3560 2605 3775 2659 habuere

2229 2690 2571 2759 magistrum.
2609 2690 2774 2746 Divus
2817 2692 3070 2763 denique,
3103 2707 3210 2763 quo
3245 2709 3340 2750 vos
3373 2702 3656 2767 tantopere
3683 2698 3778 2768 glo-

2227 2779 2472 2843 riamini.
2528 2780 2876 2845 Ambrosius,
2929 2798 3052 2837 cum
3114 2782 3503 2840 Nicolailarum
3556 2788 3776 2842 haeresim

2223 2873 2651 2942 persequendam
2690 2870 2947 2930 coercere
2974 2891 3077 2930 non
3108 2886 3319 2946 posset,
3342 2892 3372 2930 a
3423 2876 3662 2933 Remana
3696 2878 3778 2932 Ec-

2224 2954 2385 3017 clesia
2415 2959 2672 3019 auxilium
2703 2965 3036 3035 imploravit,
3068 2977 3228 3039 atque
3258 2978 3369 3024 tres
3397 2971 3504 3024 ‘viri
3539 2972 3608 3024 ad
3642 2968 3778 3038 hujus

553 3065 609 3110 et
636 3053 940 3110 Ostiensem
967 3055 1281 3110 cathedram
1315 3053 1476 3111 simul
1508 3055 1761 3121 obtinuit,
1792 3054 1935 3126 quod
1964 3054 2122 3111 nullis
2147 3027 2194 3089 ο
2224 3053 2427 3109 error-is
2462 3027 2824 3124 expiationem
2863 3071 2893 3109 a
2931 3027 3158 3112 Siriaeo.
3176 3067 3302 3114 tunc
3339 3061 3597 3131 pontifice
3626 3027 3776 3118 missi.

554 3145 677 3199 aliis
707 3143 1028 3200 testimoniis
1056 3144 1458 3213 comprobatur.

623 3232 797 3288 Cessit
838 3233 967 3286 item
1010 3231 1463 3288 administrationi
1501 3232 1727 3288 duorum
1757 3232 1985 3289 aliorum
2014 3248 2125 3289 caa-

551 3322 835 3380 nobiorum
865 3322 966 3378 sibi
993 3323 1514 3389 commendaturum,
1547 3323 1689 3378 sicut
1712 3338 1778 3379 ex
1800 3339 1868 3397 ea
1898 3324 2122 3394 epistola

552 3414 638 3467 bis
661 3412 843 3467 verbis
868 3414 1013 3467 circa
1040 3411 1364 3483 principium
1395 3414 1621 3470 habetur
1649 3432 1663 3469 :
1690 3414 2030 3485 Quapropter
2053 3417 2124 3473 ob

552 3503 926 3558 remissionem
979 3504 1219 3559 omnium
1268 3513 1612 3573 peccatorum
1674 3520 1955 3572 meorum,
2004 3522 2124 3577 qme

542 3598 800 3666 nequiter
825 3596 1156 3667 perpetravi,
1178 3597 1313 3652 cedo
1336 3598 1459 3669 jure
1488 3598 1830 3669 episcopatus
1852 3615 1953 3670 per
1979 3601 2123 3658 hunc

544 3685 828 3749 annulum,
858 3686 1065 3755 virgam
1102 3686 1245 3740 enim
1280 3686 1495 3753 tulistis,
1527 3688 1806 3759 desperata
1845 3691 1991 3745 omni
2038 3706 2117 3745 re-

541 3778 764 3846 petendi
799 3778 1041 3847 quercla,
1076 3777 1325 3834 renuntio
1355 3794 1371 3833 :
1400 3786 1689 3851 utrumque
1730 3781 1891 3840 etiam
1936 3799 2121 3839 mona-

547 3868 773 3921 sterium
809 3868 994 3922 reddo.

620 3955 724 4010 Sed
767 3956 1007 4026 pontifex
1039 3959 1330 4015 emendare
1366 3959 1553 4035 volens
1589 3962 1883 4021 Eeclesiam
1913 3963 2116 4021 Medio-

549 4044 843 4109 lanensem,
876 4060 908 4100 a
942 4045 1181 4102 Romana
1224 4050 1641 4121 discrepantem,
1684 4069 1892 4110 necnon
1936 4056 2115 4111 Simo-

549 4133 704 4190 niaca
755 4133 894 4199 labe,
935 4144 991 4190 et
1032 4135 1419 4193 Nicolaitarum
1470 4141 1660 4197 haeresi
1704 4143 1981 4210 infectam,
2017 4145 2118 4202 Pe-

548 4230 693 4277 trum
730 4236 919 4277 rursus
956 4236 1024 4277 ex
1062 4238 1247 4281 eremo
1280 4226 1603 4297 abductum,
1650 4230 2004 4288 Mediolanum
2043 4234 2119 4291 lc-

544 4320 728 4381 gatum
760 4312 826 4368 de
856 4313 1023 4369 latere
1051 4313 1228 4382 misit;
1259 4325 1320 4372 ut
1348 4317 1402 4372 in
1434 4329 1637 4375 rectam
1680 4323 2002 4379 sententiam
2041 4326 2114 4382 ibi

545 4417 758 4457 omnem
801 4403 1006 4458 clerum
1035 4418 1157 4459 cum
1182 4405 1379 4477 populo
1424 4418 1714 4465 revocaret.
1750 4410 1853 4479 Qui
1895 4414 2114 4472 obedire

544 4501 787 4556 coactus,
827 4491 953 4547 illuc
998 4494 1253 4563 perrexit,
1287 4495 1543 4553 Anselmo
1581 4500 1831 4572 episeopo
1873 4501 2115 4562 Luceuse

544 4582 751 4655 collega
797 4594 1092 4654 assumpto.
1132 4586 1208 4643 lbi
1245 4601 1368 4643 cum
1403 4603 1503 4658 pro
1536 4589 1797 4662 dignitate
1843 4604 2111 4666 receptus,

543 4688 765 4729 causam
797 4673 1084 4744 legationis
1116 4679 1489 4747 exposuisset,
1531 4695 1716 4737 rumor
1748 4683 1801 4739 in
1831 4685 2051 4741 civitate
2080 4703 2110 4751 ε

543 4763 777 4821 factione
827 4765 1148 4821 clericorum
1199 4769 1464 4826 excitatus
1509 4781 1594 4826 est
1639 4788 1654 4827 :
1695 4774 2108 4832 Ambrosianum

542 4855 839 4913 Eeclesiam
877 4857 1113 4927 antiquis
1150 4856 1373 4915 Patrum
1419 4860 1683 4917 institutis
1715 4864 1938 4921 liberam
1967 4882 2107 4935 esse,

543 4960 718 5015 neque
756 4946 1062 5014 pontificem
1102 4947 1402 5004 Romanum
1434 4948 1527 5018 jus
1567 4952 1732 5008 ullum
1772 4954 1825 5009 in
1864 4970 1929 5010 ea
1964 4957 2111 5012 ordi-

544 5035 717 5076 nanda
751 5036 950 5076 llﬂllnl'ﬂ
1002 5051 1101 5076 nm
1129 5051 1277 5076 τηου
1332 5051 1687 5076 ιιΛι-ηι-η-οηιο
1713 5044 1890 5076 nnnnl:
1928 5045 2081 5076 "mh:

2223 3159 2463 3214 presens
2509 3135 2719 3201 civitati
2770 3138 3026 3202 auxilium
3072 3150 3388 3206 attulerunt.
3434 3153 3777 3220 Quamobrem

2221 3250 2346 3295 cum
2373 3244 2427 3290 et
2453 3235 2613 3306 primi
2646 3237 2835 3293 salutis
2864 3248 3058 3309 vestra:
3085 3253 3355 3305 auctores.
3386 3252 3444 3297 et
3472 3252 3593 3313 post
3618 3244 3781 3297 laben-

2222 3325 2294 3380 tis
2337 3325 2634 3397 disciplinre
2682 3331 3085 3395 emendatores,
3129 3331 3229 3387 sub
3269 3332 3516 3388 Ecclesia
3557 3332 3779 3388 Romana

2222 3417 2538 3486 prodierint,
2570 3418 2699 3488 quid
2729 3429 2815 3474 est
2842 3422 2985 3490 quod
3012 3422 3129 3493 ejus
3167 3423 3399 3479 decretis
3425 3426 3781 3495 obtemperare

2222 3508 2599 3579 intempestiva
2654 3525 2796 3566 nunc
2848 3512 3186 3568 contumacia
3244 3514 3546 3570 recusatis?
3598 3515 3783 3582 Quibus

2220 3598 2399 3652 verbis
2429 3614 2552 3652 eum
2581 3608 2891 3670 protervum
2921 3599 3193 3673 populum,
3220 3602 3398 3659 divina
3438 3614 3635 3677 agente
3674 3621 3784 3675 gra-

2221 3681 2320 3752 tia,
2358 3685 2672 3752 inﬂexisset,
2707 3704 2827 3743 mox
2875 3690 3183 3760 irrumpunt
3220 3692 3272 3745 in
3321 3705 3590 3748 conventu
3622 3708 3779 3751 voces.

2218 3781 2273 3832 et
2300 3791 2396 3846 per
2423 3785 2592 3832 totam
2623 3779 2896 3833 civitatem
2933 3779 3263 3849 ingeminant
3292 3781 3514 3854 ubique,
3546 3783 3781 3837 Mediola-

2219 3880 2442 3922 ncnsem
2474 3865 2729 3938 populum
2771 3868 3060 3924 obnoxium
3108 3884 3230 3926 esse
3272 3872 3599 3928 obedientim
3642 3882 3782 3941 atque

2216 3960 2468 4029 potestati
2511 3969 2713 4015 sanctae
2765 3960 2912 4016 sedis
2956 3963 3283 4033 apostolicae,
3312 3972 3369 4020 et
3417 3970 3529 4019 tam
3571 3965 3784 4020 clericos

2216 4039 2378 4119 fluam
2406 4050 2573 4106 laicos
2602 4051 2669 4106 ad
2695 4052 3071 4123 excipiendum
3106 4055 3357 4109 mandata
3385 4053 3554 4128 legati
3580 4068 3782 4125 aposto—

2216 4140 2304 4195 lici
2333 4156 2453 4196 esse
2480 4150 2720 4211 paratos.
2746 4142 2912 4213 Igitur
2937 4145 3234 4214 quaestione
3262 4144 3591 4201 clericorum
3616 4158 3783 4200 coram

2216 4220 2687 4299 legatodiscussa,
2715 4237 2802 4288 vix
2829 4237 3112 4306 quisquam
3140 4251 3279 4291 unus
3306 4247 3554 4309 repertus
3576 4247 3677 4301 est,
3705 4238 3783 4304 qui

2216 4321 2298 4373 vel
2345 4337 2451 4376 non
2493 4324 2713 4378 ordines
2750 4338 2935 4379 sacros
2963 4325 3205 4391 emisset,
3239 4336 3332 4380 aut
3373 4327 3626 4399 muliebri
3669 4342 3789 4381 cou-

2216 4412 2483 4465 snetudini
2520 4421 2754 4467 vacaret.
2799 4412 2905 4468 Sed
2948 4413 3158 4485 legatus
3200 4416 3633 4471 misericordiam
3678 4431 3787 4468 am-

2215 4501 2481 4571 plexatus,
2505 4504 2752 4560 omnibus
2781 4518 2839 4558 se
2867 4504 3119 4559 daturum
3146 4507 3353 4561 veniam
3385 4506 3662 4577 pollicitus
3691 4514 3784 4564 est.

2214 4590 2258 4648 Si
2298 4607 2357 4647 se
2379 4592 2730 4663 jurejurando
2767 4590 3167 4665 obstringerent
3197 4597 3265 4652 ab
3293 4596 3671 4666 hujuscemodi
3696 4596 3782 4650 ﬂa-

2213 4684 2360 4754 gitiis
2387 4694 2799 4756 temperaturos.
2838 4685 2989 4753 Quod
3026 4700 3149 4743 cum
3184 4688 3392 4758 primus
3419 4690 3784 4758 archiepisco-

2212 4790 2313 4845 pus
2339 4764 2667 4831 solemnibus
2694 4772 2893 4839 verbis,
2916 4776 3113 4837 deinde
3135 4778 3317 4835 clerici
3343 4793 3533 4835 omnes
3560 4777 3785 4850 professi

2201 4863 2468 4929 fuisset,
2516 4865 2752 4939 iniuncta
2800 4865 2999 4936 singuli
3045 4867 3268 4925 salutari
3305 4866 3777 4939 pmnitentia,'Pe

2210 4963 2327 5010 trus
2353 4954 2559 5026 legatus
2585 4935 3188 5017 ﬂediolanoidiscessit.
3219 4935 3505 5021 Caeterum.
3531 4974 3659 5014 cum
3704 4972 3785 5011 ar-

2208 5043 2579 5076 ΛΙιῖηιιῖοΛΛιιηιι
2608 5044 2948 5076 ἎΛΙΩΜΛδιΙηι
2981 5045 3178 5076 nnc-'53:.
3232 5049 3534 5076 Ιέοιηιι--ιιιηι
3567 5063 3630 5076 ..Α
3660 5063 3780 5076 ΑΛ..-
