3982 5350
211 302 317 355 ίϐἷ

996 260 1550 354 ζἰδιιοιιε(;οιιεκ.ι.
1593 326 1656 337 -η
1699 294 1757 349 s.
1799 293 1998 350 PETRI
2041 297 2322 357 DMllANl
2354 303 2510 358 vm
2555 305 2637 359 ιιι.

3352 319 3453 373 186

209 415 370 476 1068,
414 427 538 467 cum
567 412 1184 496 gestarcttcrgeminam
1226 412 1396 466 sancti
1442 410 1587 464 Petri
1635 411 1770 465 thia-
1805 413 1849 470 Λ
1880 425 2019 476 sum,
2047 423 2100 466 et
2129 416 2396 483 quomodo
2425 417 2501 472 sic
2527 432 2648 473 eum
2680 421 2968 487 amisisset,
3003 427 3312 483 recordatus
3347 443 3452 496 es'.

209 520 324 558 ram
364 503 676 558 Alexander
718 495 1022 562 Secundus.
1047 502 1316 556 Ilenricus
1343 511 1567 571 quartus
1609 517 1782 556 cresar

209 595 576 664 Moguntinum
631 593 939 663 episcopum
986 591 1054 646 ad
1104 592 1443 646 indicendum
1494 591 1778 647 concilium

203 686 582 753 episcoporum
614 683 854 754 urgebat,
884 683 1024 751 quod
1069 682 1184 752 ipse
1211 697 1332 736 cum
1363 681 1520 735 Berta
1551 690 1774 751 augusta

204 774 428 845 conjuge
474 774 761 827 divortium
800 771 978 827 facere
1016 771 1193 836 vellet,
1235 771 1645 842 libertatemque
1671 771 1778 826 Ec-

204 863 382 916 clesia:
426 863 632 918 acriter
679 863 1046 932 opprimebat,
1107 861 1387 917 monachis
1442 862 1779 932 potissimum

205 950 457 1004 infestus.
487 950 696 1017 Quibus
734 951 942 1006 damnis
985 950 1226 1020 pontifex
1263 944 1547 1022 providere
1571 952 1777 1017 volens,

206 1039 267 1093 Β.
297 1040 518 1093 Petrum
553 1042 794 1096 Damiani
828 1041 1062 1112 legatum
1107 1042 1160 1096 in
1192 1038 1548 1098 Germaniam
1592 1041 1777 1109 mittit,

204 1150 312 1204 quo
354 1132 564 1187 delatus
599 1133 837 1196 Petrus.
887 1123 1593 1190 llenrico’Frankcol'ordite
1618 1175 1634 1199 ,
1686 1134 1775 1189 ubi

203 1234 501 1278 conventus
556 1226 869 1294 cogebatur,
914 1225 1169 1279 mandata
1217 1226 1487 1296 pontiﬁcis
1537 1227 1636 1280 sub
1686 1227 1772 1281 his

202 1311 468 1379 capitibus
497 1314 746 1382 exposuit
777 1313 1092 1384 intrepidus,
1112 1322 1171 1367 ut
1195 1314 1383 1369 scribit
1411 1313 1682 1386 Sigonius.

275 1401 405 1453 Rem
451 1402 759 1469 pessimam,
803 1408 922 1456 et‘a
961 1403 1180 1458 nomine
1209 1402 1537 1468 Christiano,
1580 1403 1774 1459 nedum

204 1491 368 1558 regio,
396 1491 626 1545 alienam
675 1506 816 1558 esse,
847 1509 1007 1562 quam
1057 1491 1148 1548 ille
1193 1493 1504 1560 moliretur;
1539 1496 1682 1565 quod
1727 1486 1770 1550 si

179 1580 449 1634 “humanis
481 1597 546 1635 ac
585 1581 781 1638 divinis
806 1582 1011 1653 legibus
1039 1586 1491 1648 n'on‘terre're’tur,
1524 1593 1579 1639 at
1617 1585 1774 1641 fama:

201 1679 253 1723 et
302 1671 721 1727 existimationis
768 1687 878 1727 suae
928 1659 1191 1730 rationem
1246 1672 1497 1740 haberet,
1541 1684 1610 1729 ne
1660 1682 1770 1729 tam

1883 504 2007 572 quia
2057 506 2302 574 pridiano
2345 522 2568 578 vespere
2615 509 2786 566 lassus
2837 514 2901 569 de
2945 517 3060 582 via,
3109 521 3348 576 membra
3403 525 3455 577 iu

1883 595 2077 649 lectum
2108 596 2419 668 projiciens,
2441 600 2668 670 jacendo
2695 596 3057 674 compleverat
3089 609 3253 665 horas
3288 623 3455 666 cauo-

1882 686 2055 752 nicas,
2088 697 2144 742 et
2187 689 2390 746 crimen
2428 691 2603 749 debita
2646 696 2962 764 pmnitentia
3002 699 3182 755 delere
3227 705 3454 758 studuit.

1885 775 2166 848 Religiosis
2189 780 2396 834 cunctis
2422 790 2476 836 et
2507 783 2678 838 sacris
2700 783 2922 841 initiatis
2951 789 3253 858 exemplum
3286 784 3453 844 relin-

1881 881 2071 936 quens,
2104 868 2372 938 quomodo
2415 871 2656 941 singulus
2700 875 2928 944 quisque
2969 879 3132 933 verba
3179 881 3454 949 prophetze

1879 953 2093 1026 semper
2120 959 2190 1014 ob
2224 959 2408 1015 oculos
2438 960 2638 1018 habere
2666 964 2862 1019 debet:
2894 964 3092 1036 Septies
3133 971 3188 1022 in
3223 971 3308 1024 die
3337 970 3453 1024 lau-

1878 1052 1994 1105 dem
2019 1051 2130 1106 dixi
2160 1053 2254 1107 tibi
2285 1051 2456 1126 (Psal.
2487 1055 2707 1126 cxvru);
2741 1066 2794 1112 et
2829 1069 3026 1128 quanta
3058 1063 3361 1117 reverentia
3391 1078 3454 1120 ac

1878 1135 2160 1198 devotione
2205 1144 2274 1200 sit
2321 1149 2686 1217 peragendum
2735 1149 2932 1217 ubique
2983 1151 3222 1207 divinum
3279 1169 3451 1224 opus,

1877 1241 2129 1287 monente
2153 1249 2252 1289 nos
2276 1235 2464 1290 eodem
2493 1237 2751 1305 propheta
2783 1255 2796 1291 :
2826 1237 3048 1294 Psallile
3067 1240 3196 1304 Deo,
3221 1244 3449 1304 mal/ile,

1873 1321 2081 1391 psallite
2106 1324 2367 1396 sapienter
2395 1323 2566 1395 (Psal.
2599 1326 2778 1398 xm't);
2807 1339 2861 1382 et
2890 1329 3014 1384 alibi
3043 1348 3057 1385 :
3087 1331 3149 1385 In
3177 1347 3452 1404 compertu

1874 1413 2175 1484 angelorum
2199 1407 2422 1484 psallam
2448 1418 2540 1470 tibi
2561 1416 2731 1490 (Psal.
2759 1427 3018 1490 cxxxvtt).

1943 1501 2218 1562 Reversus
2261 1506 2456 1563 Petrus
2500 1523 2530 1563 a
2575 1509 2841 1581 legatione
2878 1512 3198 1578 Germaniae,
3232 1516 3297 1571 ad
3334 1535 3452 1572 ere-

1873 1609 2020 1647 mum
2071 1609 2223 1649 suam
2267 1596 2580 1670 Avellanam
2635 1602 2880 1656 concitus
2931 1604 3201 1668 redierat,
3254 1609 3449 1660 existi-

1875 1697 2031 1737 mans
2059 1691 2254 1754 optata:
2281 1686 2450 1755 quieti
2479 1703 2545 1741 ex
2577 1690 2742 1744 animi
2775 1693 3039 1747 sententia
3080 1693 3190 1762 jam
3235 1697 3446 1750 tandem

175 1767 338 1817 'tetro
386 1771 596 1818 veneno
655 1779 686 1817 a
749 1773 872 1836 rege
928 1774 1226 1836 temperato
1284 1775 1454 1820 totum
1513 1765 1768 1836 populum
1801 1774 1845 1832 Β
1873 1787 2029 1842 posse
2056 1772 2394 1857 incumbere;
2428 1778 2521 1831 sed
2550 1789 2884 1834 revocatusa
2913 1780 3172 1852 Gregorio
3217 1787 3449 1853 septimo

202 1856 563 1911 Christianum
601 1857 846 1912 inliceret
877 1876 890 1912 :
919 1868 972 1913 et
1012 1858 1104 1929 qui
1147 1857 1348 1928 ﬁagitia
1385 1857 1569 1913 ulcisci
1610 1858 1771 1914 debe-

176 1947 296 2011 'ret,
330 1948 396 2002 iis
421 1963 481 2003 se
512 1947 1166 2020 princeps‘obstring‘eret.
1193 1947 1345 2015 Quod
1375 1948 1420 2003 si
1454 1963 1561 2002 non
1589 1946 1770 2002 ﬂecte-

178 2045 345 2091 ”retur
389 2038 651 2098 consiliis.
699 2041 797 2110 p'ro
843 2049 993 2093 certo
1042 2039 1266 2093 haberet
1309 2037 1617 2108 pontiﬁcem
1656 2039 1766 2091 vim

201 2126 619 2180 ecclesiasticam
674 2126 1070 2191 adhibiturum;
1125 2134 1296 2197 neque
1347 2127 1462 2182 suis
1517 2127 1766 2181 manibus

177 2230 313 2268 ‘eum
357 2215 652 2285 aliquando
695 2216 1072 2286 imperatorem
1107 2223 1480 2272 ‘sact'aturum.
1513 2216 1594 2271 Ad
1626 2219 1768 2273 hanc

179 2307 489 2360 "orationem
517 2322 641 2362 cum
670 2306 1074 2376 principes,'qui
1105 2307 1350 2371 aderant,
1374 2307 1768 2363 exclamassent

200 2409 340 2462 requa
396 2393 593 2462 jubere
641 2394 948 2448 Romanum
1008 2396 1352 2464 pontiﬁcem,
1415 2396 1765 2466 dicet-eatque

179 2495 308 2536 'eum
355 2485 641 2538 turbandae
685 2484 993 2554 reipublicae
1033 2488 1374 2541 occasionem
1417 2501 1538 2547 cum
1577 2489 1763 2552 armis,

177 2578 739 2647 parentibus-regina:
775 2593 880 2631 non
922 2578 1162 2647 przebere
1201 2578 1413 2636 debere.
1472 2579 1766 2652 imperator

179 2669 347 2722 "nullis
390 2669 515 2723 aliis
560 2669 858 2724 rationibus
891 2669 1076 2724 locum
1108 2670 1437 2740 relinquens,
1466 2686 1523 2726 se
1545 2672 1598 2724 in
1633 2687 1765 2742 pou»

175 2759 346 2812 'titicis
374 2759 701 2813 auctoritate
728 2767 897 2813 totum
909 2759 1155 2814 remisit.

259 2851 312 2904 In
343 2869 408 2906 ea
440 2851 713 2922 legatione
749 2849 940 2908 Petrus
970 2854 1036 2907 in
1081 2868 1245 2924 regno
1272 2852 1591 2925 Burgundia:
1627 2869 1759 2910 con-

197 2944 450 2997 viatorem
502 2943 726 3004 habuit,
784 2943 923 2997 sicut
979 2943 1092 3013 ipse
1142 2945 1197 2999 in
1255 2942 1531 2998 miraculis
1584 2953 1759 3007 notat,

197 3034 516 3096 Adraldum,
575 3033 896 3103 prudentem
953 3041 1009 3087 et
1053 3032 1362 3104 religiosum
1409 3034 1614 3097 virum,
1668 3035 1758 3104 qui

1871 1877 2028 1932 papa,
2055 1864 2147 1932 qui
2175 1880 2318 1920 anno
2346 1864 2484 1920 1073
2512 1869 2822 1922 cathedram
2851 1869 2994 1926 Petri
3025 1873 3285 1937 obtinuit,
3314 1877 3444 1930 mis-

1869 1967 1961 2007 sus
1989 1962 2074 2011 est
2102 1953 2305 2024 legatus
2333 1955 2398 2010 de
2427 1955 2594 2012 latere
2632 1973 2730 2027 per
2771 1967 2934 2014 totam
2975 1961 3205 2028 italiam,
3227 1974 3288 2018 ut
3314 1981 3442 2034 pru-

1869 2043 2131 2115 mulgaret
2158 2043 2375 2101 decreta
2400 2045 2466 2101 de
2491 2047 2717 2103 dicendo
2740 2047 2923 2105 Oﬁieio
2954 2051 3012 2104 B.
3053 2052 3232 2107 Mariae
3261 2055 3438 2124 Virgi-

1868 2137 1986 2201 nis,
2031 2138 2174 2208 quod
2222 2139 2420 2209 ubique
2464 2141 2726 2197 siluerat:
2759 2144 2917 2198 simul
2951 2143 3214 2213 jejunium
3267 2160 3435 2203 sext-.e

1861 2222 2016 2283 feriae
2069 2217 2431 2286 in‘honor'em
2482 2243 2684 2289 sanctae
2731 2236 2909 2290 crucis
2955 2237 3244 2305 indiceret,
3297 2242 3440 2310 quod

1865 2309 2232 2372 oblitteratum
2283 2332 2403 2374 esse
2447 2321 2748 2376 videbatur.
2797 2323 2948 2391 Quod
3007 2341 3202 2380 munus
3248 2309 3440 2384 Petrus

1866 2407 2246 2463 ardentissima
2273 2411 2540 2466 ch‘aritate
2569 2413 2758 2479 obivit,
2787 2414 2970 2470 multis
2999 2431 3062 2470 ac
3097 2417 3279 2473 multis
3308 2413 3443 2474 didi-

1865 2499 2176 2566 cultatibus,
2207 2500 2319 2556 Deo
2342 2501 2587 2572 juvante,
2618 2507 2905 2576 superatis.

1934 2589 2106 2645 Porro
2151 2592 2218 2647 de
2253 2589 2459 2664 jejunio
2487 2595 2666 2649 crucis
2701 2611 2809 2649 non
2851 2605 2934 2650 est
2967 2597 3182 2653 silentio
3211 2609 3438 2669 praeter.

1864 2679 2132 2744 eundum,
2169 2695 2289 2750 qua!
2325 2682 2393 2737 ad
2433 2697 2676 2738 eremum
2717 2682 3028 2738 Avellanam
3074 2688 3434 2758 contigerunt.

1863 2767 2182 2841 Egrotabat
2211 2769 2285 2826 ibi
2309 2771 2412 2826 loci
2454 2773 2504 2827 in
2547 2773 2794 2829 cubiculo
2820 2791 3003 2839 senex,
3035 2776 3140 2832 Leo
3181 2780 3432 2843 nomine;

1861 2859 1952 2915 hic
1993 2862 2318 2930 precabatur
2359 2862 2573 2917 assidue
2618 2865 2786 2920 Deum
2825 2879 2924 2934 pro
2956 2864 3016 2919 Β.
3048 2866 3227 2929 Petro,
3257 2879 3311 2922 et
3339 2885 3438 2938 pro

1862 2952 2294 3022 congregatione,
2314 2961 2367 3007 et
2390 2968 2486 3023 pro
2517 2954 2756 3010 Ecclesia
2789 2973 2803 3009 :
2833 2945 2975 3024 quod
3005 2972 3125 3010 cum
3158 2957 3438 3015 ardentius

1857 3042 2023 3096 solito
2064 3042 2288 3104 faceret,
2332 3053 2516 3108 nocte,
2542 3059 2662 3112 quae
2705 3045 2846 3099 diem
2893 3046 3187 3114 prtccessit,
3223 3051 3437 3116 quando

193 3123 520 3177 ilremeteusi
559 3122 943 3190 praaemiuebat
983 3123 1327 3186 monasterio,
1363 3122 1454 3191 qui
1494 3123 1545 3175 in
1573 3122 1764 3177 itinere
1792 3118 1836 3179 C
1869 3131 2144 3186 decretum
2190 3132 2257 3186 de
2291 3132 2496 3201 jejunio
2535 3141 2702 3206 sexta
2740 3132 2887 3188 feria:
2929 3149 2958 3186 a
2999 3133 3158 3188 Petro
3190 3139 3435 3206 promul-

171 3215 288 3265 ‘dun
333 3213 410 3266 illi
460 3212 644 3267 retulit
687 3212 968 3276 miracula,
1002 3227 1121 3282 qua:
1167 3213 1256 3268 hic
1299 3213 1497 3268 addere
1531 3214 1762 3269 otiosum

179 3321 290 3358 non
322 3293 452 3360 erit.

255 3397 503 3454 Clericus
555 3399 774 3470 quidam
827 3399 1049 3454 ﬂuvium
1102 3398 1394 3461 transiens,
1435 3397 1496 3452 Β.
1544 3397 1761 3452 Severi-

91 3481 96 3492 ’
189 3503 316 3543 'uum
366 3493 683 3561 episcopum
735 3492 949 3546 obvium
1001 3490 1500 3545 babuit:cuieum
1546 3498 1764 3560 rugitus

203 3585 263 3635 ab
289 3584 378 3638 illo
407 3599 630 3638 manum
668 3584 918 3644 dedisset,
948 3596 1176 3652 eamque
1207 3582 1488 3651 episc0pus
1514 3579 1763 3636 ﬁuctibbs

202 3676 572 3744 impressisset,
607 3682 788 3728 tantus
823 3675 1077 3730 clericum
1115 3674 1278 3729 ardor
1323 3688 1546 3743 repente
1574 3675 1762 3730 absor-

195 3767 322 3830 buit,
378 3774 441 3820 ut
499 3766 977 3836 undiquecarnes
1025 3765 1191 3820 totius
1246 3780 1439 3822 manus
1489 3765 1762 3820 dissolutas

192 3859 517 3920 dillluerent,
558 3865 616 3912 et
653 3871 777 3911 ossa
816 3857 904 3910 vix
945 3855 1274 3912 haerentibus
1303 3855 1544 3911 articulis
1579 3871 1759 3910 rema-

189 3959 393 4004 nerent.
427 3949 582 4004 Tunc
617 3963 729 4019 pra:
753 3948 935 4004 dolore
967 3948 1290 4004 exclamanti
1335 3947 1534 4003 clerico
1561 3966 1574 4001 :
1606 3947 1762 4003 Unde

191 4048 268 4104 tu,
318 4038 478 4106 cujus
525 4054 720 4092 nomen
767 4037 821 4092 in
868 4046 1016 4092 tanta
1068 4037 1445 4093 benedictione
1490 4045 1604 4101 est,
1649 4045 1758 4092 tam

182 4129 457 4196 pestilenti
487 4129 746 4198 voragine
780 4129 1198 4198 eonstriugeris?
1231 4127 1510 4198 respondit
1549 4127 1759 4196 episco-

189 4235 324 4288 pus:
365 4219 484 4274 Hae
528 4233 630 4290 ego
674 4218 890 4273 residua
938 4227 1145 4273 tantum
1195 4217 1400 4272 ultione
1447 4217 1652 4288 plector
1704 4218 1758 4271 in
1797 4264 1800 4267 .

190 4309 533 4380 purgatorio;
572 4308 699 4380 quia
739 4308 792 4363 in
829 4307 948 4362 aula
978 4307 1124 4379 regia
1153 4308 1383 4379 negotiis
1411 4306 1758 4363 saecularibus

190 4419 268 4457 me
307 4404 595 4475 implicare
643 4402 828 4468 volui,
875 4403 1240 4472 canonicaque
1282 4400 1452 4457 ofﬁcia
1500 4417 1606 4456 non
1659 4417 1759 4471 per
1788 4444 1834 4503 D

190 4495 441 4550 horarum
488 4495 664 4565 Spatia
689 4533 726 4558 ..
754 4492 848 4547 sed
895 4501 1211 4548 coacervata
1257 4492 1589 4564 negligenter
1628 4507 1755 4561 per-

189 4587 332 4643 solvi.
371 4588 452 4642 Tu
494 4602 624 4643 vero
663 4586 758 4640 Dei
807 4584 1144 4640 clementiam
1187 4584 1464 4639 humiliter
1505 4583 1754 4653 implora.

193 4687 247 4731 ut
282 4692 497 4732 manum
542 4686 692 4731 tuam
737 4673 976 4745 pristime
1019 4672 1238 4728 sanitati
1291 4673 1560 4726 restituat.
1601 4671 1756 4738 Quod

191 4770 274 4824 ubi
303 4771 505 4826 factum
549 4777 657 4834 est,
691 4766 901 4836 rogavit
949 4779 1072 4821 eum
1109 4771 1168 4818 ut
1203 4776 1390 4832 preces
1419 4761 1527 4816 Deo
1565 4759 1754 4814 funde-

192 4871 284 4921 ret.
322 4873 377 4917 et
423 4860 695 4918 sacriﬁcia
744 4855 942 4912 offerre
990 4870 1090 4926 pro
1139 4853 1228 4908 illo
1280 4852 1478 4908 fratres
1528 4850 1748 4914 faceret,

194 4951 652 5024 indigentibusque
693 4947 994 5004 subsidium
1031 4944 1311 5007 conferre,
1346 4943 1540 5014 quibus
1571 4943 1753 5013 proxi-

192 5061 272 5100 me
299 5061 355 5102 se
381 5043 712 5116 expiandum
742 5038 862 5094 fore
889 5053 918 5092 a
949 5038 1060 5107 Deo
1079 5038 1308 5108 gratiam
1339 5036 1679 5090 obtinuisset.

1865 3222 2099 3290 gandqu
2127 3229 2269 3285 erat,
2292 3235 2419 3276 ecce
2445 3222 2578 3276 vidit
2619 3235 2742 3276 mox
2771 3221 2825 3275 in
2859 3221 3061 3278 somnis
3099 3222 3434 3292 frequentem

1864 3311 2251 3366 monachorum
2276 3320 2598 3364 conventum
2629 3311 2683 3365 in
2705 3311 2932 3380 templo,
2961 3312 3050 3381 qui
3091 3313 3228 3368 albis
3263 3314 3436 3368 induti

1863 3403 2141 3466 vestibus,
2194 3402 2532 3457 suavissimis
2576 3403 2798 3456 vocibus
2843 3411 2903 3456 et
2955 3402 3094 3456 dulci
3145 3404 3434 3458 admodum

1865 3499 2148 3556 concentu,
2181 3491 2267 3545 illa
2296 3491 2479 3560 hymni
2507 3491 2686 3546 crucis
2713 3490 2874 3546 verba
2898 3493 3196 3546 cantabant
3221 3507 3236 3546 :
3271 3492 3436 3547 Dulce

1864 3582 2089 3653 lignum,
2114 3581 2299 3636 dulces
2325 3581 2524 3644 clavos,
2557 3581 2730 3636 dulcia
2766 3579 2943 3635 ferens
2971 3583 3228 3651 pondera.
3260 3582 3436 3636 Panes

1864 3671 1991 3726 item
2035 3671 2091 3726 in
2135 3669 2424 3727 refectorio
2462 3685 2580 3726 esse
2621 3671 2896 3740 appositus
2934 3671 3136 3726 mensis
3176 3672 3436 3726 nitidissi-

1862 3778 2000 3830 mos,
2028 3771 2349 3832 exstareque
2381 3762 2524 3816 inter
2550 3763 2842 3816 monachos
2869 3762 3042 3814 virum
3074 3760 3434 3816 venerabilem

1862 3853 1996 3907 albis
2040 3853 2305 3918 indutum,
2341 3853 2432 3921 qui
2474 3851 2678 3908 diceret
2706 3866 2722 3904 :
2750 3850 2817 3905 Hi
2856 3859 2979 3904 sunt
3016 3865 3205 3919 panes,
3236 3851 3434 3919 quibus

1862 3943 1954 3996 ﬁlii
1990 3941 2153 3997 Israel
2188 3943 2242 3996 in
2280 3943 2493 3997 deserto
2535 3941 2646 3998 aliti
2674 3949 2798 3996 sunt
2827 3939 3024 4011 (Exod.
3061 3941 3193 4009 xw).
3227 3941 3434 4007 Quibus

1859 4032 2084 4102 prolatis
2119 4031 2316 4096 verbis,
2348 4045 2609 4094 mensam,
2667 4045 2785 4100 quas
2831 4038 2952 4084 erat
2990 4030 3054 4082 ad
3097 4030 3433 4084 occidentem

1860 4124 1926 4176 ad
1953 4121 2216 4178 orientem
2249 4119 2547 4185 transtulit,
2583 4118 2675 4173 ubi
2706 4119 2759 4173 in
2787 4117 2996 4188 pariete
3023 4116 3222 4172 Christi
3257 4118 3432 4172 cruei-

1859 4213 1951 4267 ﬁxi
1982 4213 2156 4284 imago
2182 4212 2355 4283 posita
2383 4219 2523 4266 erat.

1925 4303 2076 4358 Alius
2101 4305 2228 4358 item
2266 4302 2587 4366 monachus,
2624 4301 2813 4356 Petrus
2857 4300 3096 4365 nomine,
3138 4299 3205 4354 ad
3238 4313 3432 4354 emno-

1857 4393 2005 4447 l:ium
2030 4393 2117 4447 die
2131 4392 2278 4448 Jovis
2306 4405 2600 4462 regressus,
2627 4391 2843 4460 ignarus
2869 4388 3224 4444 institutionis
3249 4390 3429 4451 nom,

1865 4497 1960 4552 per
1984 4482 2219 4551 quietem
2249 4495 2277 4534 a
2306 4479 2368 4534 Β.
2399 4479 2563 4534 Petro
2595 4482 2663 4534 ad
2700 4479 2981 4553 prandium
3010 4478 3270 4531 invitatus
3300 4491 3422 4530 cum

1866 4571 2076 4634 fuisset,
2119 4569 2381 4640 postridie
2417 4569 2686 4639 accipiens
2722 4568 2848 4624 novi
2902 4568 3036 4622 ritus
3069 4565 3428 4634 disciplinam,

1865 4660 2145 4716 monachis
2204 4658 2463 4729 patefecit
2537 4671 2816 4712 arcanum.
2872 4655 3079 4722 Quibus
3137 4655 3434 4709 visionibus

1863 4750 2112 4806 monachi
2141 4748 2418 4810 commoti,
2452 4762 2580 4805 mox
2614 4762 2803 4802 omnes
2829 4761 2860 4800 a
2895 4747 2955 4800 Β.
2987 4745 3149 4799 Petro
3175 4744 3433 4812 supplici-

1861 4851 1946 4896 ter
1995 4841 2318 4912 deposcunt,
2369 4839 2516 4894 illum
2574 4840 2629 4894 in
2685 4838 2834 4892 omni
2892 4836 3098 4906 reliquo
3151 4836 3318 4900 victu,
3373 4850 3437 4887 ac

1859 4934 2076 4997 vestitu,
2103 4947 2166 4987 ea
2197 4933 2509 4995 decernere,
2559 4945 2623 4986 ea
2650 4928 2756 4983 illis
2783 4929 3068 4996 imperare,
3101 4939 3222 4995 quas
3263 4926 3438 4990 tuagis

1859 5022 2116 5093 expedire
2153 5035 2314 5090 posse
2335 5019 2622 5090 iudicaret.
2649 5017 2734 5072 Ex
2760 5031 2868 5086 quo
2898 5017 2985 5071 die
3016 5017 3262 5070 instituto
3281 5014 3436 5081 juxta

2207 5110 2434 5134 0--.-‘15
2485 5118 2841 5134 -..μιιιασληι-ιι
2875 5105 3074 5134 ἶΑἶιισιῖΑ
3106 5114 3272 5134 ρης-..υς
3297 5105 3439 5134 fama“
3476 5131 3482 5133 μ
