3982 5350
519 308 623 372 Ἱδῖ

1365 295 1736 365 ’8.ῬΕἸἹΗ35
1767 307 2123 364 DAMIANL‘S
2157 312 2216 365 δ.
2259 309 2325 365 u.
2369 309 2427 364 Ε.
2458 309 2893 366 CARDINALIS.

3685 315 3802 370 168

520 433 583 486 Β.
620 431 810 487 Petrus
842 425 1023 482 volens
1062 424 1426 494 praescribere
1459 423 1585 478 loco
1614 430 1817 476 certam
1862 421 1986 476 vita:
2009 420 2100 476 de-
2133 429 2176 485 Α
2204 421 2408 488 omnia,
2440 422 2622 477 habita
2650 423 2937 490 concione,
2967 423 3020 477 in
3047 423 3246 480 bonum
3284 434 3483 480 statum
3515 427 3804 498 pontificia

521 525 706 598 gendrc
759 523 1006 584 formam,
1061 521 1174 574 lucc
1222 517 1275 572 in
1302 524 1572 572 conventu
1616 514 1808 569 habuit
1837 513 2000 568 verba
2049 521 2106 566 et

519 616 685 671 edidit
711 616 948 668 decreta.

591 705 724 761 Cum
762 703 1031 757 fervorem
1067 708 1272 755 sanctzn
1291 695 1721 754 conversationis
1747 701 1966 756 vestrae,
1995 691 2106 747 fra-

523 805 632 850 tres
668 791 998 856 cbarissimi,
1022 791 1313 862 diligenter
1349 789 1590 846 attendo.
1622 785 1692 842 Et
1724 801 1841 860 qua:
1876 801 2104 855 sequun-

519 899 624 951 tur,
661 898 712 942 ut
748 886 904 940 habes
930 895 1054 939 tom.
1077 883 1172 948 ill,
1203 900 1382 953 opusc.
1411 881 1499 939 14.

589 981 788 1036 Beatus
815 994 942 1034 vero
969 976 1164 1031 Petrus
1203 975 1450 1046 exemplo
1478 974 1564 1030 sui
1604 973 1671 1029 ad
1698 968 2104 1028 observantiam

518 1087 740 1128 suorum
789 1077 1184 1140 praeceptorum
1241 1065 1534 1138 discipulos
1579 1077 1879 1136 provocare
1929 1063 2107 1117 adhuc

521 1161 694 1234 magis
725 1161 931 1224 volens,
961 1168 1013 1214 et
1034 1158 1101 1212 ad
1129 1171 1289 1213 omne
1305 1157 1500 1212 durmn
1547 1164 1603 1211 et
1630 1168 1882 1225 asperum
1926 1150 2106 1223 perfe-

521 1255 769 1318 tendum,
795 1261 1056 1323 quantum
1081 1249 1332 1306 Christus
1363 1248 1594 1321 gratiam
1615 1255 1884 1320 prmstare
1910 1246 2104 1316 digna-

523 1357 694 1410 retur,
727 1345 990 1410 animare,
1015 1341 1146 1397 nulli
1172 1341 1341 1399 labori
1369 1355 1622 1412 parcens,
1647 1339 1860 1395 occulte
1888 1352 2104 1408 quoque

521 1437 690 1492 lorica
719 1433 897 1489 ferrea
926 1434 992 1488 ad
1013 1449 1215 1489 carnes
1264 1431 1623 1497 vestiebatur,
1653 1431 1863 1485 duobus
1909 1429 2106 1484 ferreis

520 1526 740 1582 circulis
787 1526 999 1580 cinctus
1051 1523 1104 1579 in
1159 1534 1404 1594 corpore,
1448 1531 1504 1578 et
1532 1522 1743 1577 duobus
1778 1535 1876 1592 per
1927 1536 2107 1575 armos

521 1617 868 1673 brachiorum
897 1633 909 1670 :
944 1632 1046 1671 nec
1083 1615 1194 1671 ullo
1223 1629 1462 1682 unquam
1493 1623 1735 1684 tempore
1763 1629 1794 1668 a
1821 1611 2107 1683 colloquiis

437 1759 446 1770 ,
519 1707 722 1763 divinis
766 1717 820 1763 et
854 1707 1198 1762 orationibus
1240 1707 1507 1762 cessabat.
1564 1691 1716 1761 unde
1754 1704 2108 1775 prodiderunt

2207 512 2530 568 auctoritate
2580 515 2934 584 reposuisset,
2965 516 3176 571 texiude
3199 515 3452 571 Ravenna
3494 517 3805 588 digressus.

2204 605 2521 669 monachos,
2569 619 2704 675 quos
2739 605 3012 662 Faventiaa
3057 607 3388 674 instituerat,
3422 609 3648 665 visitare
3681 624 3806 672 _vo-

2204 698 2324 754 luit.
2350 698 2483 756 Erat
2514 708 2638 754 tunc
2664 701 2972 756 coenobium
2999 707 3153 755 extra
3195 701 3344 756 urbis
3373 713 3611 772 portam,
3650 705 3808 772 quod

2203 803 2349 844 nunc
2403 788 2544 843 intra
2591 789 2779 844 urbem
2832 778 3109 862 receptum
3168 792 3429 848 cernitur.
3492 791 3593 847 Ubi
3647 793 3810 846 febre

2204 887 2511 950 correptus,
2566 888 2622 935 et
2659 879 2936 937 laboribus
2970 893 3344 954 consumptus,
3403 884 3810 955 perrgrinatin—

2198 977 2330 1025 'nem
2354 969 2518 1040 hujus
2560 971 2683 1026 vita:
2713 972 2920 1042 pariter
2948 987 3071 1028 cum
3120 973 3386 1046 legatione
3417 975 3652 1031 absolvit
3688 973 3812 1029 feli-

2205 1061 2426 1118 cissimo
2453 1073 2510 1118 et
2548 1063 2794 1133 angelico
2821 1064 2895 1119 ad
2929 1065 3106 1120 caelos
3146 1067 3403 1133 transitu,
3445 1067 3519 1121 ad
3551 1083 3649 1122 vni
3677 1065 3806 1121 Kal.

2208 1153 2366 1210 Mart.
2394 1164 2552 1211 nocte
2580 1157 2949 1223 antecedente,
2983 1158 3140 1215 1080.

2275 1246 2559 1316 Comperta
2615 1245 2732 1320 ejus
2782 1240 2977 1314 morte,
3035 1247 3255 1304 conﬂuit
3306 1248 3373 1305 ad
3429 1250 3545 1321 ejus
3597 1265 3809 1321 corpus

2210 1337 2574 1391 venerandum
2628 1348 2683 1391 et
2725 1336 3095 1393 tumulandum
3157 1339 3336 1394 omnis
3379 1339 3592 1402 civitas.
3650 1348 3810 1393 tanto

2207 1442 2472 1482 concursu
2526 1423 2908 1500 multitudinis,
2955 1439 3014 1482 ut
3053 1429 3147 1484 alii
3180 1429 3301 1485 aliis
3343 1431 3396 1484 in
3450 1445 3677 1485 accessu
3735 1429 3808 1483 ad

2206 1509 2466 1576 feretrum
2517 1519 2819 1576 incredibili
2875 1520 3128 1586 tumultu.
3185 1531 3242 1578 et
3297 1523 3560 1577 undarum
3621 1536 3806 1589 more,

2207 1620 2388 1666 essent
2426 1609 2850 1680 impedimento:
2909 1620 3208 1682 paratoque
3262 1613 3512 1684 sepulcro
3539 1628 3606 1668 ex
3651 1629 3808 1668 tuar-

2208 1719 2361 1760 more
2420 1705 2844 1772 candidissimo,
2895 1705 2970 1761 ibi
3024 1713 3236 1778 corpus
3297 1721 3422 1761 cum
3475 1707 3702 1778 hymnis
3750 1716 3811 1762 et

520 1801 768 1872 discipuli
799 1815 942 1870 saepe
977 1798 1264 1865 aelidissc,
1296 1799 1443 1869 quod
1472 1813 1596 1853 cum
1627 1804 1850 1867 propter
1879 1795 2105 1850 nimium
2139 1794 2182 1854 Β
2204 1793 2440 1850 canticis
2470 1794 2704 1851 locatum
2731 1804 2840 1852 est.

518 1891 920 1948 sermocinandi
970 1889 1234 1951 laborem,
1294 1896 1453 1944 nocte
1505 1885 1706 1943 deinde
1754 1885 1894 1942 febri
1952 1885 2104 1942 labo-

522 1991 740 2049 rasset,
793 1967 1147 2037 nihilominus
1211 1994 1374 2036 mane
1428 1978 1718 2034 missarum
1774 1976 2108 2034 solemnibus

515 2075 770 2147 expletis,
801 2090 926 2130 eum
991 2088 1300 2129 sermonem
1337 2088 1511 2143 usque
1550 2071 1606 2127 in
1653 2072 1842 2128 horam
1895 2080 2104 2127 sextam

521 2162 713 2224 rursus
741 2169 947 2224 habere
976 2181 1258 2237 nunquam
1302 2165 1624 2235 neglexisse,
1655 2179 1910 2236 magnum
1939 2178 2109 2232 saepe-

519 2275 748 2315 numero
779 2260 846 2315 de
894 2274 954 2314 se
1010 2257 1301 2328 praebendo
1336 2255 1680 2322 miraculum,
1718 2255 1846 2310 dum
1893 2270 2110 2324 semper

518 2353 675 2423 quasi
707 2359 998 2407 renovatus
1046 2347 1217 2406 oculis
1243 2348 1488 2406 omnium
1535 2356 1846 2420 appareret,
1889 2345 2108 2417 quando

517 2442 912 2514 propemodum
943 2440 1223 2512 periturus
1258 2454 1382 2497 esse
1407 2441 1741 2495 crederetur.
1786 2437 1893 2494 Sed
1937 2438 2110 2492 maxi-

519 2551 671 2589 mum
719 2533 850 2589 illud
877 2547 1068 2589 omnes
1094 2546 1202 2588 uno
1225 2547 1323 2588 ore
1367 2531 1759 2602 praadicabant,
1810 2529 1953 2598 quod
1987 2529 2113 2585 licet

519 2623 708 2694 longos
752 2637 970 2692 semper
1013 2621 1243 2678 haberet
1277 2635 1580 2684 sermones.
1624 2619 1759 2676 nulli
1801 2628 1981 2674 tamen
2010 2635 2113 2674 un-

516 2729 683 2784 quam
732 2726 996 2768 cnerosus
1031 2719 1114 2766 est
1167 2708 1384 2776 lactus;
1419 2710 1548 2779 quin
1589 2708 1755 2764 etiam
1815 2715 1964 2762 tanta
1999 2707 2112 2762 sia-

517 2805 672 2878 gulos
695 2802 961 2858 alliciebat
979 2800 1357 2866 delectatione,
1385 2809 1445 2855 ut
1467 2798 1822 2856 brevissimus
1856 2798 2109 2854 omnibus

518 2897 834 2960 videretur;
893 2891 1198 2963 relegentes
1243 2890 1509 2961 scriptum
1569 2904 1730 2944 esse:
1792 2887 1916 2942 Non
1972 2889 2112 2942 enim

517 3002 608 3040 vos
665 2984 788 3039 estis
829 2982 920 3054 qui
968 2980 1266 3052 loquimini,
1319 2979 1410 3035 sed
1441 2978 1670 3050 Spiritus
1723 2976 1901 3032 Patris
1933 2977 2110 3044 vestri,

518 3083 608 3154 qui
631 3080 864 3151 loquitur
892 3079 948 3133 in
981 3077 1123 3132 vobis
1153 3074 1372 3148 (Matth.
1416 3074 1496 3145 ι).
1522 3074 1658 3130 lllud
1685 3087 1900 3144 quoque
1943 3073 2111 3128 adde-

2280 1883 2340 1940 ln
2385 1885 2630 1954 sequenti
2685 1901 2871 1942 mense
2909 1883 3134 1958 Augusti
3189 1888 3438 1960 apparuit
3489 1889 3552 1944 Β.
3609 1888 3808 1944 Petrus

2211 1973 2432 2032 Urbano
2490 1976 2670 2033 abbati
2716 1979 2953 2034 cmnohii
3004 1980 3064 2034 ὃ.
3114 1973 3362 2052 Gregorii
3413 1981 3806 2047 Ariminensis,

2212 2067 2350 2122 infra
2383 2068 2782 2126 multitudinem
2810 2071 3186 2143 episcoporum
3209 2073 3646 2135 candidatorum.
3680 2090 3807 2130 eum

2210 2159 2377 2215 infula
2408 2161 2460 2216 in
2504 2161 2701 2232 capite,
2738 2170 2794 2218 et
2816 2163 2963 2234 virga
2993 2155 3252 2234 pastorali
3289 2164 3349 2219 in
3380 2168 3564 2230 manu,
3598 2180 3808 2237 eosque

2211 2254 2413 2310 docens
2443 2268 2564 2324 qure
2593 2253 2662 2309 ad
2686 2255 2854 2310 Deum
2879 2258 3171 2325 pertinent,
3203 2264 3258 2314 et
3301 2257 3597 2329 increpans
3625 2259 3806 2321 illum,

2211 2348 2354 2417 quod
2378 2363 2657 2419 nunquam
2703 2349 2772 2404 ad
2801 2349 2950 2406 illum
2975 2352 3234 2418 venisset,
3262 2368 3424 2424 quem
3458 2371 3584 2411 cum
3613 2357 3808 2412 multis

2210 2438 2333 2493 aliis
2365 2440 2722 2496 enutriverat.
2761 2440 2866 2508 Qui
2898 2445 3256 2514 respondens,
3284 2459 3344 2500 se
3381 2448 3596 2502 nescire
3620 2446 3806 2503 locum

2215 2531 2302 2584 ubi
2354 2539 2518 2596 esset,
2566 2533 2774 2588 audivit
2819 2534 2890 2590 ab
2941 2549 3045 2591 eo:
3096 2533 3362 2607 Equidem
3418 2538 3474 2594 in
3530 2539 3697 2594 domo
3745 2538 3805 2594 St

2212 2620 2396 2679 Maria:
2421 2623 2626 2690 habito,
2649 2633 2704 2680 et
2725 2624 2844 2697 ejus
2863 2628 3220 2683 temerarium
3251 2643 3339 2685 me
3359 2643 3480 2685 esse
3517 2630 3806 2700 proﬁteor.

2215 2714 2419 2769 Deinde
2464 2717 2702 2770 secunda
2748 2714 2866 2772 vice
2893 2718 3068 2773 eidem
3113 2733 3403 2790 apparens,
3433 2719 3584 2774 illum
3611 2721 3808 2776 subtus

2216 2805 2521 2861 auriculam
2569 2808 2845 2864 sinistram
2885 2809 3034 2881 virga
3072 2813 3372 2880 percussit;
3407 2827 3514 2882 qua
3560 2813 3808 2868 intume-

2215 2908 2419 2959 scente.
2455 2913 2578 2952 cum
2607 2913 2803 2970 magno
2829 2899 3034 2966 dolore,
3055 2909 3184 2957 tunc
3213 2901 3302 2956 ille
3322 2903 3390 2957 ad
3416 2902 3585 2958 Deum
3609 2919 3806 2970 orans,

2216 2987 2332 3042 haec
2372 2987 2560 3042 habuit
2619 2992 2823 3044 verba:
2885 2990 3111 3047 Domine
3152 2993 3316 3057 Deus,
3362 2995 3453 3063 qui
3493 2995 3722 3061 omium,
3752 3004 3809 3050 et

2219 3085 2528 3143 terram,.et
2561 3089 2778 3144 cuncta,
2813 3096 2936 3151 qum
2987 3081 3041 3136 in
3094 3082 3174 3138 eis
3211 3093 3357 3147 sunt,
3395 3086 3712 3151 condidisti,
3761 3088 3807 3141 si

518 3174 616 3229 hat
640 3170 768 3227 boni
818 3167 1080 3248 fratribus
1125 3166 1356 3238 exempli
1387 3166 1444 3222 in
1488 3164 1746 3238 capitulo,
1792 3165 1937 3235 quod
1972 3162 2114 3220 facta
2141 3159 2186 3220 C
2219 3172 2313 3227 tibi
2351 3175 2586 3229 servitus
2611 3176 2783 3245 patris
2813 3176 2916 3233 mei
2949 3176 3094 3234 Petri
3131 3178 3480 3248 complacuit,
3503 3178 3676 3234 libera
3723 3195 3812 3234 me

517 3262 899 3320 exhortatione
928 3240 1284 3331 consurgens,
1314 3259 1382 3316 de
1410 3258 1524 3314 suis
1567 3272 1627 3313 se
1674 3257 1990 3312 excessibus
2017 3271 2115 3327 pu-

520 3355 663 3412 blice
690 3352 1014 3417 accusabat,
1036 3365 1334 3422 rursusque
1363 3351 1417 3406 in
1466 3350 1646 3406 locum
1688 3364 1846 3404 suum
1875 3349 2114 3414 rediens,

520 3443 987 3517 compendiosiore
1042 3453 1295 3500 sermone
1348 3441 1594 3515 singulos
1630 3440 1700 3495 ad
1754 3440 2114 3495 imitationem

519 3535 911 3599 sanctimoniae,
960 3532 1305 3598 obedientiae,
1336 3539 1394 3586 et
1446 3539 1651 3586 sancta:
1686 3528 1976 3585 charitatis
2014 3528 2115 3583 Pa~

521 3638 690 3692 trum,
716 3633 774 3682 et
799 3625 866 3680 ad
913 3622 1372 3680 considerandum
1409 3628 1621 3676 attente
1640 3618 1822 3676 divina
1854 3618 2115 3690 mysteria

519 3733 643 3774 cum
665 3716 977 3782 excitasset,
1005 3715 1251 3785 protinus
1273 3713 1341 3769 ad
1367 3711 1707 3767 infirmorum
1732 3718 1895 3780 atque
1933 3710 2112 3766 senio-

520 3823 666 3874 rum,
697 3807 792 3878 qui
845 3822 955 3863 non
993 3804 1298 3876 potuissent
1342 3818 1466 3860 cum
1491 3802 1615 3859 aliis
1641 3802 1955 3869 convenire,
1991 3817 2115 3874 pcr-

519 3905 716 3976 gebat;
770 3904 1049 3967 nimirum,
1119 3908 1183 3957 ut
1240 3902 1386 3973 quod
1450 3899 1722 3958 monendo
1781 3899 2110 3972 loqueretur,

520 3996 724 4065 liquido
748 3993 1010 4062 exemplis
1031 3991 1406 4048 continuaret.

592 4083 812 4141 Notavit
837 4083 1162 4155 discipulus,
1181 4083 1273 4152 qui
1294 4083 1505 4153 primus
1529 4096 1686 4138 suam
1715 4081 1883 4137 vitam
1911 4080 2117 4138 deseri.

521 4173 653 4246 psit,
683 4173 832 4228 illum
860 4172 1299 4245 Quadragesimte
1331 4183 1573 4244 tempore
1592 4173 1725 4229 nihil
1745 4174 1868 4243 igne
1897 4185 2114 4229 coctum

521 4280 760 4337 unquam
801 4266 1088 4322 comedere
1133 4265 1401 4331 voluisse,”
1442 4265 1620 4337 pomis
1647 4271 1859 4321 tantum
1904 4266 2111 4336 absque

519 4359 628 4414 alio
672 4367 802 4429 potu
842 4366 1180 4423 contentum,
1233 4366 1559 4428 coctumque
1617 4365 1842 4428 propter
1883 4357 2107 4412 nimiam

523 4451 975 4515 imbecillitatem,
1029 4447 1233 4521 aliquid
1270 4449 1432 4505 infusi
1458 4451 1548 4504 vix
1585 4449 1861 4520 accepisse
1889 4448 2112 4520 legumi-

2215 3279 2312 3334 per
2341 3264 2460 3335 ejus
2507 3267 2701 3320 merita
2741 3267 2810 3322 ab
2845 3268 3090 3333 instanti,
3136 3285 3296 3340 quem
3341 3271 3537 3341 patior,
3593 3270 3808 3325 dolore.

2217 3357 2341 3413 llaec
2381 3365 2656 3427 precatus,
2701 3360 2940 3416 sentiens
2974 3360 3118 3417 illico
3142 3361 3382 3418 dolorem
3416 3377 3636 3416 omnem
3689 3362 3812 3416 abso

2214 3449 2476 3514 cessisse,
2523 3450 2592 3505 ad
2640 3461 2858 3505 sacrum
2917 3453 3182 3506 tumulum
3236 3452 3485 3518 veniens,
3543 3453 3810 3523 humique

2213 3548 2521 3610 prostratus
2550 3539 2662 3596 Deo
2689 3542 2895 3612 gratias
2920 3557 3106 3613 agens,
3137 3543 3419 3599 monachis
3445 3553 3502 3598 et
3531 3545 3809 3600 universe

2214 3631 2417 3687 civitati
2444 3631 2765 3688 miraculum
2803 3633 3080 3706 patefecit.
3123 3635 3366 3707 Actaque
3416 3647 3547 3692 sunt
3589 3653 3807 3693 summa

2214 3721 2530 3778 celebritate
2576 3723 2866 3779 missarum
2913 3725 3199 3792 solemnia,
3232 3743 3444 3783 summa
3502 3730 3674 3784 totius
3717 3745 3805 3800 po-

2214 3811 2324 3883 puli
2350 3813 2656 3869 devotiOne.
2695 3813 2896 3870 Beatus
2917 3830 3050 3872 vero
3091 3818 3281 3874 Petrus
3323 3820 3521 3875 exinde
3557 3821 3632 3875 ab
3659 3822 3808 3876 omni

2214 3905 2458 3962 Ecclesia
2487 3918 2587 3977 pro
2605 3917 2794 3965 sancto
2825 3908 3043 3966 habitus
3075 3917 3133 3967 et
3167 3911 3310 3968 inter
3351 3913 3635 3970 ctelicolas
3657 3930 3811 3971 recc-

2215 4007 2340 4070 ptus
2374 4007 2480 4054 est.

2285 4087 2525 4159 Reliquit
2575 4089 2744 4144 multa
2797 4089 3070 4148 volumina
3129 4109 3161 4149 tt
3215 4109 3276 4150 se
3325 4096 3512 4162 edita,
3571 4114 3806 4171 quorum

2215 4182 2430 4238 notiora
2477 4183 2853 4240 inscribuntur
2883 4184 3222 4255 hujusmodi:
3259 4187 3425 4246 Liber
3473 4189 3806 4249 Semnonum

2213 4285 2272 4331 et
2308 4274 2685 4331 Homiliarum.

2283 4365 2447 4421 Liber
2469 4366 2855 4423 miraculorum
2898 4383 3120 4427 suorum
3171 4378 3497 4444 temporum.
3520 4378 3646 4433 Duo
3683 4376 3806 4434 libri

2215 4458 2283 4513 ad
2304 4456 2538 4513 Leonem
2568 4460 2874 4525 eremitam,
2911 4472 3092 4524 utrum
3123 4465 3180 4519 in
3230 4467 3396 4522 missa
3435 4467 3542 4524 dici
3583 4470 3808 4533 debeat,

523 4546 632 4612 nis,
658 4545 724 4598 ad
756 4542 1115 4598 imitationem
1165 4541 1224 4597 S.
1267 4542 1330 4598 P.
1357 4541 1665 4608 Romualdi,
1691 4555 1852 4612 quem
1891 4553 2111 4612 semper

2217 4552 2475 4607 Dominus
2508 4551 2806 4608 vobiscum.
2837 4553 2891 4609 '5.
2929 4553 2985 4608 ll.
3015 4556 3421 4627 Apologiarum.
3459 4559 3496 4614 l.
3529 4559 3605 4616 De
3625 4531 3807 4618 conti?

523 4652 622 4708 pro
654 4635 860 4690 viribus
897 4633 1096 4689 imitari
1140 4633 1362 4698 studuit,
1397 4633 1541 4704 quod
1592 4632 1710 4701 ejus
1755 4632 1923 4687 vitam
1972 4631 2116 4686 scri-

521 4729 742 4798 psisset,
765 4737 818 4782 et
842 4727 1074 4780 iunxime
1111 4739 1326 4796 semper
1355 4726 1549 4780 stando
1577 4724 1630 4778 in
1677 4723 1874 4780 divinis
1897 4722 2107 4788 officiis,

522 4827 584 4872 ut
612 4819 773 4888 paulo
797 4825 918 4889 post
937 4817 1208 4872 robustior
1231 4814 1388 4890 quasi
1418 4815 1485 4871 ad
1509 4814 1881 4870 intermissum
1907 4814 2112 4870 rediret

521 4923 660 4981 opus

592 4996 712 5053 Jam
742 5011 872 5052 vero
901 4997 956 5053 in
1011 5005 1350 5053 senectutem
1395 5007 1646 5066 vergens,
1689 5004 1746 5052 et
1782 4995 1948 5051 nimia
1983 4995 2111 5052 vitae

522 5086 839 5142 austeritate
867 5088 1209 5159 defatigatus,
1239 5104 1364 5144 eum
1410 5089 1480 5144 de
1509 5087 1808 5159 propinqua
1854 5088 2110 5142 rescislo-

522 5193 591 5232 ne
622 5177 958 5232 tabernaculi
985 5179 1230 5248 corporis
1265 5181 1345 5234 sui
1377 5181 1618 5250 cogitare
1647 5179 1902 5248 ccepisset
1929 5187 2108 5233 atten-

524 5273 653 5318 tius-
691 5285 883 5318 rursus
904 5285 934 5318 a
959 5269 1222 5318 (ξι-θεωρία
1261 5272 1512 5318 nontiﬁoe
1555 5271 1763 5318 leuatus
1785 5271 2113 5318 apostolicus

2216 4645 2401 4700 nentia
2440 4645 2804 4702 sacerdotum.
2838 4644 2878 4700 ι.
2929 4646 3011 4703 De
3047 4648 3234 4720 regula
3272 4650 3535 4707 solitariae
3580 4654 3732 4709 Viue.
3769 4655 3800 4708 Ι.

2216 4737 2293 4793 De
2328 4738 2466 4794 bene
2486 4735 2700 4792 vivendi
2724 4738 3133 4794 monachorum.
3164 4741 3201 4794 ι.
3232 4741 3307 4796 De
3333 4745 3653 4800 earumdem
3688 4763 3808 4818 pro-

2213 4827 2381 4884 fectu.
2413 4827 2451 4882 Ι.
2481 4825 2685 4884 Contra
2723 4827 2960 4885 Iudaeos.
2992 4830 3029 4884 Ι.
3059 4831 3136 4886 De
3161 4833 3391 4887 avaritia
3429 4836 3802 4904 prwlatorum.

2216 4926 2254 4980 l.
2280 4925 2355 4980 De
2385 4937 2597 4982 terrore
2632 4925 2843 4981 mortis.
2888 4924 2928 4981 ι.
2966 4927 3043 4983 De
3067 4928 3176 4985 vita
3215 4928 3274 4984 S.
3315 4927 3630 4984 Romualdi.
3664 4931 3702 4986 l.
3731 4933 3806 4987 De

2213 5021 2322 5075 vita
2377 5020 2620 5076 Odilonis
2668 5019 2877 5075 abbatis
2930 5020 3128 5076 Clunii.
3181 5021 3221 5078 Ι.
3274 5023 3352 5077 De
3398 5022 3466 5078 'S.
3533 5025 3803 5080 Cassiano

2215 5122 2474 5181 martyre.
2505 5109 2543 5162 l.
2590 5105 2918 5167 Sanctarum
2944 5110 3121 5167 Flora:
3145 5120 3203 5167 et
3229 5110 3469 5170 Lucilius.
3511 5115 3552 5168 l.
3600 5115 3802 5169 Contra

2213 5201 2498 5273 episcopos
2523 5197 2885 5272 Simoniaeos.
2924 5200 2961 5254 l.
3012 5199 3215 5256 Contra
3269 5203 3434 5257 alium
3482 5205 3801 5276 episcopum

2215 5295 2328 5318 -3“;
2373 5296 2587 5318 -.Α-κίε..-
2658 5294 2671 5318 Ι
2743 5295 2816 5318 IL.
2850 5294 3135 5318 τ-....Ι..-·3-
3177 5312 3358 5318 --..-----
3379 5311 3459 5318 --._-
3521 5299 3538 5318 I
3615 5300 3657 5318 '3
