3982 5350
212 343 312 400 109

1035 343 1565 402 PROLEGOMENA.
1599 378 1667 388 —
1707 345 1762 402 S.
1805 345 2007 403 PETRI
2049 348 2327 405 DAMIANI
2367 349 2520 406 VITA
2563 353 2647 407 IV.

3343 354 3444 414 ΠΟ

1156 639 1280 750 Β.
1373 636 1794 752 PETRI
1883 636 2481 755 DAMIANI

1571 917 1821 995 VITA
1883 917 2122 996 ALIA

759 1133 862 1192 Ex
893 1131 1054 1194 libro
1086 1142 1302 1213 quinto
1335 1134 1772 1196 Historiarum
1805 1134 2229 1196 Ravennatum
2258 1136 2624 1217 Hieronymi
2678 1139 2890 1202 (Iubet.

275 1470 399 1527 Post
425 1469 567 1526 duos
593 1482 784 1534 annos,
821 1467 1037 1524 Victore
1063 1470 1300 1526 secundo
1322 1470 1576 1542 pontifice
1597 1471 1773 1527 maxi-
1804 1451 1849 1510 Α
1881 1469 2084 1524 minum
2126 1471 2417 1526 virtutibus
2443 1511 2460 1536 ,
2528 1471 2623 1527 sed
2677 1471 2927 1527 mercede
2979 1475 3150 1541 ducti,
3204 1483 3456 1534 conferre

207 1577 292 1616 mo
321 1571 559 1626 mortuo,
585 1559 892 1631 Stephanus
922 1559 1105 1616 Nonus
1131 1562 1452 1634 subrogatus
1481 1574 1601 1619 est:
1626 1562 1782 1632 cujus

203 1661 380 1715 atate,
421 1666 548 1705 cum
602 1651 895 1706 sanctitate
921 1649 1140 1706 floreret
1167 1667 1233 1706 ac
1267 1653 1534 1719 doctrina,
1588 1652 1781 1708 Petrus

201 1741 448 1796 Damiaui
481 1739 791 1803 Ravennas,
841 1741 930 1809 qui
964 1740 1126 1794 vitatn
1172 1741 1524 1797 monasticam
1576 1741 1780 1813 profes-

208 1849 315 1890 sus.
349 1834 402 1887 in
433 1847 622 1889 eremo
650 1833 717 1887 ad
749 1831 953 1887 fontem
981 1832 1303 1889 Avellanum
1338 1835 1535 1889 montis
1561 1833 1774 1897 Catrite,

207 1924 256 1976 in
295 1922 557 1988 Umbria,
609 1925 844 1994 agebat:
877 1939 1187 1993 quanquam
1236 1924 1289 1978 in
1336 1933 1483 1979 tanta
1536 1925 1773 1979 durioris

207 2015 323 2068 vita:
368 2015 669 2069 severitate
698 2015 1097 2069 obtrectatores
1132 2014 1205 2068 illi
1238 2013 1376 2083 apud
1417 2014 1649 2069 Leonem
1680 2013 1782 2068 No-

207 2120 324 2157 num
355 2104 698 2174 pontificem,
725 2113 780 2158 et
808 2105 1087 2159 acerrima:
1113 2105 1400 2175 impiorum
1438 2104 1646 2174 injuria:
1674 2121 1780 2160 non

205 2195 542 2251 defuissent:
573 2196 772 2266 quibus
813 2211 882 2250 ne
933 2194 1119 2251 faciles
1163 2196 1429 2265 praeberet
1458 2210 1618 2250 aut-es
1640 2237 1654 2260 ,
1688 2195 1780 2249 sed

204 2302 417 2340 causam
462 2295 721 2341 accurate
769 2293 1164 2356 cognosceret,
1203 2302 1300 2356 per
1351 2285 1562 2340 litteras
1593 2285 1706 2354 ipse
1751 2300 1780 2338 a

206 2375 457 2443 pontifice
499 2375 849 2430 vehementer
894 2376 1056 2430 etiam
1104 2386 1267 2446 atque
1307 2377 1472 2431 etiam
1516 2377 1780 2446 petierat,

208 2476 382 2519 tamen
433 2465 738 2522 celebriore
775 2467 828 2522 in
869 2465 985 2522 dies
1035 2467 1358 2522 auctoritate
1390 2465 1640 2535 famaque
1673 2465 1782 2521 cla-

207 2572 315 2616 rus.
357 2573 484 2611 cum
524 2555 643 2624 ejus
668 2571 891 2625 operam
921 2555 1175 2610 Ecclesiae
1200 2557 1588 2611 constituendae
1614 2555 1784 2609 maxi-

209 2661 288 2700 me
315 2647 566 2700 idoneam
600 2647 960 2701 arbitraretur
991 2645 1298 2716 Stephanus
1346 2646 1588 2718 pontifex
1615 2688 1630 2712 ,
1680 2647 1782 2700 hoc

207 2752 342 2790 anno
392 2737 687 2792 millesimo
730 2737 1177 2807 quinquagesimo
1205 2748 1418 2805 octavo,
1452 2737 1607 2790 initio
1641 2736 1783 2803 Qua-

207 2828 521 2897 dragesima:
550 2827 698 2881 illum
722 2826 1050 2882 cardinalcm
1093 2827 1260 2904 fecit;
1291 2843 1414 2882 eum
1442 2827 1507 2881 ad
1546 2828 1784 2898 galerum

210 2935 305 2972 non
356 2928 673 2979 vocaretur,
717 2921 830 2981 sed,
890 2930 946 2972 ut
985 2917 1074 2973 illc
1117 2919 1228 2988 ipse
1272 2919 1484 2982 scribit,
1535 2919 1784 2972 trahere-

207 3017 325 3060 tur:
360 3023 540 3076 neque
587 3008 692 3063 hoc
741 3008 874 3062 satis
922 3007 1230 3078 Stephanus
1258 3023 1356 3078 pro
1401 3007 1632 3062 hominis
1664 3021 1786 3077 pro-

210 3096 368 3152 bitate
405 3113 473 3152 ac
506 3098 754 3152 doctrina
781 3113 902 3153 esse
935 3108 1150 3167 putans,
1181 3097 1550 3168 episcopatum
1576 3095 1790 3151 Ostien-

211 3203 318 3242 sem
371 3187 608 3254 addidit,
649 3187 902 3258 sacrique
943 3187 1300 3242 cardinalium
1344 3185 1554 3257 collegii
1590 3183 1789 3254 princi-

210 3296 363 3350 pem,
418 3282 685 3336 decanum
722 3281 1032 3352 appellavit,
1079 3281 1304 3336 creavit.
1357 3279 1566 3335 Mortuo
1611 3287 1788 3333 autem

211 3378 367 3446 paulo
417 3389 546 3449 post
580 3377 886 3448 Stephano,
934 3393 1056 3432 cum
1095 3376 1388 3432 Tusculani
1419 3375 1642 3431 comites
1665 3412 1680 3438 ,
1731 3381 1790 3427 ιιι

213 3477 638 3534 consueverant,
698 3467 960 3524 Joannem
1012 3482 1198 3523 eorum
1244 3467 1645 3537 propinquum,
1700 3478 1789 3518 ar—

218 3559 370 3614 matis
438 3559 661 3630 stipati,
709 3574 778 3614 ex
829 3557 1082 3630 episcopo
1128 3555 1404 3611 Veliterno
1454 3553 1789 3626 pontificem,

219 3649 580 3705 cardinalibus
645 3648 1112 3722 repugnantibus,
1181 3654 1507 3713 creasseut,
1569 3645 1788 3700 Petrum

214 3737 458 3793 Damiani
487 3739 904 3803 reclamantem,
935 3747 1099 3808 atque
1129 3751 1320 3792 omnes
1364 3736 1498 3790 diris
1537 3735 1791 3806 gravibus

213 3829 608 3893 devoventem,
661 3829 715 3884 vi
771 3829 838 3884 ad
896 3843 1020 3883 eum
1083 3827 1366 3882 colendum
1417 3825 1786 3895 compellunt:

211 3921 399 3976 deinde
427 3922 709 3992 populum,
739 3920 908 3976 divisa
937 3936 1033 3991 per
1074 3919 1221 3974 vicos
1267 3917 1513 3988 pecunia,
1568 3917 1633 3971 ad
1670 3916 1794 3970 ado-

212 4009 436 4065 randum
484 4010 738 4067 invitant.
779 4009 830 4066 Is
868 4008 1194 4065 Benedictus
1223 4007 1464 4064 decimus
1502 4015 1586 4062 est
1628 4021 1789 4060 voca-

212 4107 310 4154 tus.

1879 1559 2244 1616 instituerant.
2284 1561 2478 1616 Clerici
2507 1563 2596 1632 qui
2627 1563 2916 1628 ecclesias,
2949 1564 3274 1637 ordinesque
3301 1580 3458 1623 erant

1879 1651 2126 1716 mercati,
2157 1667 2282 1706 cum
2327 1652 2493 1726 semel
2520 1653 2859 1708 verecundire
2887 1654 3021 1711 fines
3067 1658 3453 1721 transilissent,

1879 1739 2078 1793 sensim
2127 1740 2336 1811 longius
2391 1741 2552 1795 etiam
2600 1741 2665 1797 ad
2718 1743 2820 1796 alia
2884 1760 2943 1798 se
2992 1745 3199 1816 prolabi
3252 1746 3456 1818 ﬂagitia

1879 1830 2024 1899 passi
2060 1839 2214 1885 erant
2249 1846 2418 1901 usque
2440 1832 2594 1890 adeo.
2643 1835 2898 1903 ttl'palaut
2925 1851 3123 1892 uxores
3162 1853 3226 1893 ac
3256 1854 3459 1907 concu-

1879 1921 2036 1976 binas
2067 1923 2368 1978 haberent:
2401 1933 2563 1994 atque
2585 1933 2869 1995 utrumque
2903 1930 3182 1998 probrum,
3222 1931 3449 1985 honesta
3539 1969 3546 1980 .

1881 2013 2036 2080 quasi
2067 2015 2456 2069 consuetudine
2485 2017 2842 2084 permissum,
2874 2020 3138 2088 pertinaci
3183 2021 3318 2075 tueri
3363 2038 3454 2076 ra-

1883 2103 2028 2156 tione
2059 2119 2163 2158 non
2211 2104 2534 2158 dubitarent.
2584 2105 2719 2161 liin‘c
2747 2107 2904 2162 facile
2931 2109 2982 2162 in
3009 2109 3116 2163 duo
3147 2111 3459 2166 incidebant

1882 2192 2062 2261 gravia
2101 2193 2368 2248 haereseos
2406 2195 2631 2249 crimina
2665 2213 2679 2249 :
2715 2197 2942 2252 alterum
2984 2215 3189 2263 eorum,
3238 2203 3329 2272 qui
3385 2203 3459 2256 si--

1883 2281 2116 2336 moniaci
2165 2281 2292 2336 dicti
2340 2293 2486 2348 sunt,
2537 2283 2921 2341 Nicolaitarum
2963 2288 3210 2344 alterum.
3261 2291 3457 2346 Petrus

1881 2367 2148 2433 Damiani,
2177 2369 2432 2426 Anselmo
2459 2372 2711 2443 episcopo
2739 2373 2964 2430 anensi
2996 2377 3196 2448 collega
3237 2379 3338 2434 sili
3371 2395 3462 2434 ac-

1881 2467 2057 2528 cepto,
2086 2460 2294 2531 legatus
2333 2460 2688 2518 Mediolanum
2713 2465 2867 2520 abiit.
2901 2465 2977 2520 Ibi
3010 2483 3039 2521 a
3070 2468 3279 2524 civibus
3332 2471 3458 2524 cunt

1883 2551 2144 2619 dignitate
2190 2562 2464 2623 exceptus,
2494 2569 2615 2608 cum
2646 2556 2906 2626 postridie
2940 2573 3156 2614 causam
3181 2559 3464 2631 legationis

1883 2641 1936 2696 in
1965 2643 2223 2698 concione
2250 2643 2619 2713 exposuisset,
2674 2661 2889 2716 gravem
2937 2654 3051 2702 tota
3083 2649 3216 2704 urbe
3268 2649 3464 2703 tumulo

1888 2741 1998 2787 tum
2035 2733 2203 2788 sensit
2237 2735 2487 2797 excitari,
2522 2735 2600 2789 sic
2647 2745 2703 2789 ut
2733 2737 2872 2790 sacri
2920 2739 3044 2791 teris
3070 2740 3316 2809 campani
3373 2754 3462 2794 so-

1817 2811 1862 2869 Β
1894 2824 2034 2888 nitu,
2079 2823 2234 2893 signo
2285 2825 2432 2890 dato,
2481 2825 2549 2879 ad
2587 2841 2737 2880 arma
2762 2827 2990 2896 pepulus
3017 2828 3337 2885 clericorum
3382 2828 3466 2885 fa-

1889 2912 2066 2966 ctione
2111 2912 2402 2981 incitatus,
2449 2915 2784 2982 accurrerit;
2833 2918 3143 2986 praetorium
3173 2960 3188 2984 ,
3250 2921 3303 2974 in
3354 2934 3464 2989 quo

1885 3001 2078 3057 Petrus
2103 3011 2251 3069 erat,
2285 3003 2456 3059 iratus
2505 3005 2720 3068 adierit,
2762 3016 2990 3061 mortem
3039 3009 3202 3065 Petro
3232 3011 3467 3066 intenta-

1891 3093 1992 3160 rit;
2027 3105 2401 3164 assereretque
2429 3098 2842 3153 Ambrosianum
2878 3098 3197 3168 Ecclesiam,
3229 3107 3468 3175 antiquis

1887 3183 2110 3239 Patrum
2142 3185 2428 3251 institutis,
2481 3202 2602 3244 esse
2637 3189 2863 3246 liberam
2893 3209 2906 3246 :
2937 3207 3112 3263 neque
3143 3196 3307 3250 ullum
3361 3197 3466 3250 Bo-

1889 3289 2052 3329 ηιθηο
2078 3275 2317 3345 pontifici
2355 3276 2408 3330 in
2435 3291 2496 3332 ea
2546 3278 2931 3335 conformanda
2952 3283 3042 3352 jus
3079 3299 3218 3340 esse.
3252 3285 3466 3351 Petrus,

1895 3371 2196 3418 convocato
2237 3364 2288 3417 in
2317 3365 2577 3435 templum
2626 3368 2844 3438 populo,
2877 3369 2952 3424 ita
2995 3374 3288 3442 prudenter
3336 3375 3464 3431 leni-

1893 3463 2086 3523 terque
2132 3469 2322 3510 eorum
2349 3456 2558 3513 animos
2607 3461 2880 3529 tractavit,
2925 3471 2985 3517 ut
3030 3467 3245 3520 tandem
3279 3467 3330 3522 in
3355 3467 3472 3539 ejus

1891 3561 2080 3602 omnes
2106 3548 2431 3604 sententiam
2476 3549 2862 3619 discesserint,
2908 3556 3324 3628 apostolica:th
3352 3559 3469 3615 sedi

1894 3652 2087 3706 parere
2116 3651 2458 3708 nequaquam
2507 3641 2816 3696 abnuerint.
2867 3641 2938 3697 Se
2977 3646 3203 3701 missum
3255 3649 3474 3704 dicebat

1895 3744 1924 3781 a
1962 3727 2180 3783 Nicolao
2208 3729 2489 3799 pontifice,
2522 3739 2582 3785 ut
2609 3746 2796 3786 eorum
2828 3735 3133 3790 consuleret
3177 3737 3359 3807 gloria:
3406 3756 3472 3794 ac

1893 3819 2076 3886 saluti,
2128 3833 2234 3875 non
2269 3829 2330 3873 ut
2359 3820 2683 3876 multitudini
2715 3822 3037 3886 inserviret,
3073 3834 3168 3878 aut
3215 3827 3474 3896 amplitu-

1895 3909 2075 3962 dinem
2132 3908 2556 3979 dignitatemque
2603 3910 2956 3980 amplificaret
2996 3911 3249 3969 Romana:
3287 3916 3474 3972 Eccle-

1896 3999 2009 4063 siae,
2042 4013 2162 4067 quae
2191 4013 2312 4053 cum
2343 4010 2510 4064 esset,
2551 4000 2720 4071 ipsius
2760 4015 2894 4056 voce
2925 4001 3248 4073 Salvatoris,
3281 4007 3470 4062 laudes

1895 4097 1950 4142 et
1993 4089 2233 4142 omnium
2267 4087 2625 4144 Ecclesiarum
2675 4091 3034 4161 principatum
3080 4093 3293 4164 adepta.
3336 4098 3474 4151 adeo

275 4193 425 4247 Inter
456 4193 573 4248 hazc
619 4209 742 4248 cum
785 4203 1002 4264 postero
1051 4207 1193 4247 anno
1234 4190 1629 4246 ilildcbrandus
1679 4203 1792 4243 mo-

1901 4180 2077 4234 tenuis
2126 4181 2400 4246 hominis,
2451 4181 2627 4251 qualis
2665 4183 2779 4254 ipse
2823 4193 2982 4248 erat,
3047 4188 3316 4254 prtccozio
3367 4204 3473 4242 non

210 4284 415 4338 nachus
447 4283 857 4346 Bcncdictinus,
903 4284 986 4337 vir
1024 4285 1180 4353 plane
1223 4281 1534 4351 singularis,
1566 4279 1792 4333 Romam

212 4389 326 4426 cum
379 4371 723 4430 Gothofredo
767 4373 902 4428 duce
947 4373 1197 4429 venisset.
1241 4371 1401 4425 Petro
1433 4369 1674 4422 Damiani
1703 4382 1795 4438 po-

213 4461 480 4516 tissimum
511 4463 788 4527 hortante,
821 4460 1095 4516 Gcrardus
1131 4459 1460 4529 Burgundio,
1513 4459 1796 4527 episcopus

212 4550 591 4616 Florentinus,
649 4532 919 4621 pontifex.
947 4552 1214 4605 maximus
1242 4591 1256 4616 ,
1303 4549 1508 4603 Nicolai
1561 4548 1794 4604 Secundi

213 4655 492 4713 assumpto
537 4643 758 4698 nomine
784 4683 799 4708 ,
849 4641 1188 4696 renuntiatus
1232 4650 1330 4705 est,
1365 4649 1422 4695 et
1472 4640 1797 4694 Benedictus

215 4731 482 4787 abdicavit
561 4746 620 4787 se
683 4729 1019 4802 pontificatu.
1079 4729 1331 4786 Nicolaus
1411 4730 1798 4800 rempublicam

216 4823 641 4894 compositurus,
693 4836 817 4892 qua:
858 4821 1112 4875 maximis
1161 4820 1473 4891 perturbata
1521 4819 1799 4874 calamita-

217 4913 352 4968 tibus
397 4911 692 4983 plurimum
736 4909 1102 4980 quatiebatur,
1132 4909 1353 4964 Petrum
1396 4909 1639 4962 Damiani
1689 4906 1800 4961 Me-

219 5001 490 5056 diolanum
548 5001 722 5066 misit,
766 5011 826 5054 ut
856 5015 975 5054 eam
1027 4999 1326 5055 Ecclesiam
1379 4999 1518 5054 male
1564 4998 1802 5053 sentien-

219 5097 344 5153 tem,
375 5102 430 5147 et
457 5105 487 5144 a
517 5090 763 5144 Romana
806 5088 1089 5143 abductam
1139 5096 1193 5143 et
1237 5088 1669 5158 discrepantem,
1725 5085 1800 5140 si-

222 5180 572 5250 moniacaque
597 5179 744 5245 labe,
775 5188 834 5233 et
862 5177 1239 5236 Nicolaitarum
1286 5177 1478 5234 haeresi
1526 5178 1800 5243 infectam,

222 5283 339 5325 cum
369 5271 614 5326 Romana
659 5269 1002 5331 conciliaret.
1040 5279 1095 5325 et
1139 5271 1190 5326 in
1225 5278 1428 5326 rectam
1481 5271 1802 5328 sententiam

1897 4271 2106 4340 egebat.
2139 4271 2350 4326 Primos
2382 4287 2567 4327 eorum
2606 4273 2795 4328 salutis
2843 4285 3112 4336 auctores.
3157 4287 3212 4330 et
3248 4277 3475 4332 labentis

1898 4363 2192 4432 disciplinm
2231 4364 2663 4432 confirmatores,
2702 4366 2769 4420 ab
2799 4366 3037 4422 Ecclesia
3070 4368 3316 4425 Romana
3348 4387 3476 4442 pro-

1900 4454 2102 4508 diisse:
2137 4454 2297 4522 idque
2356 4455 2419 4508 Ι).
2469 4453 2789 4519 Nazarium,
2842 4471 3002 4525 quem
3054 4456 3116 4510 D.
3155 4457 3357 4525 Linus,
3410 4462 3472 4514 D.

1900 4542 2046 4598 Petri
2088 4543 2422 4613 discipulus,
2485 4559 2636 4599 sacra
2691 4545 3035 4614 baptismatis
3083 4549 3226 4602 unda
3271 4549 3475 4616 abluit;

1899 4643 1955 4688 et
1995 4634 2146 4688 divos
2174 4633 2494 4689 Gervasium
2552 4633 2968 4704 Protasiumque
3011 4637 3099 4706 qui
3149 4638 3211 4691 Ι).
3255 4639 3477 4694 Paulum

1901 4723 2200 4794 apostolum
2232 4726 2548 4792 magistrum
2588 4726 2915 4788 habuerunt,
2943 4727 3256 4782 edocuisse:
3282 4728 3479 4798 ipsum-

1902 4830 2008 4884 que
2058 4827 2165 4885 quo
2211 4823 2492 4885 tantopere
2520 4856 2534 4880 ,
2577 4826 2631 4870 ct
2678 4815 2891 4884 quidem
2937 4818 3130 4872 merito
3175 4819 3482 4888 gloriaban-

1906 4918 2010 4972 tur,
2063 4907 2126 4962 D.
2182 4907 2528 4964 Ambrosium
2577 4908 2962 4963 Nicolaitarutn
3011 4912 3260 4966 hazresim
3286 4928 3386 4982 per
3422 4929 3483 4969 se

1903 5000 2208 5056 convellere
2245 5016 2372 5056 cum
2411 5001 2682 5069 nequiret,
2727 5013 2757 5051 a
2804 4998 3048 5056 Romana
3090 5001 3330 5058 Ecclesia
3356 5019 3486 5075 prae-

1905 5087 2102 5144 sidium
2147 5087 2486 5156 implorasse.
2531 5087 2627 5143 His
2654 5096 2814 5155 atque
2837 5088 2960 5144 aliis
3007 5091 3060 5145 in
3109 5090 3250 5146 hanc
3277 5100 3490 5149 sentcn-

1906 5177 2038 5232 tiam
2087 5195 2117 5232 a
2153 5177 2316 5233 Petro
2355 5177 2422 5231 ad
2458 5179 2716 5247 pepulum
2755 5178 2939 5233 verbis
2977 5181 3159 5246 factis,
3183 5181 3491 5250 sedatisque

1907 5269 1976 5323 ob
2023 5269 2074 5325 id
2101 5283 2291 5322 eorum
2332 5268 2488 5337 quasi
2528 5268 2804 5332 ﬂuctibus,
2833 5283 3002 5326 causa
3032 5286 3158 5326 mox
3189 5280 3360 5340 empta
3407 5276 3491 5324 ezt
