3964 5310
539 230 631 297 m

1395 214 1468 297 ἐ.
1510 212 1781 299 mnes
1811 214 2163 297 Damasus
2206 220 2269 295 s.'
2306 241 2366 295 ιι.
2515 222 2938 300 canemus.

3658 244 3743 301 l7!

537 378 645 427 tur,
699 364 745 418 si
798 370 1141 417 sacramento
1195 364 1563 427 confirment,
1613 363 1665 418 in
1719 369 1994 433 posterum
2052 360 2193 421 abA
2222 363 2473 431 gionibus
2515 364 2713 429 tradit,
2769 373 2827 418 ut
2883 377 2987 417 non
3040 362 3139 417 viri
3186 355 3387 428 modo,
3439 361 3528 418 sed
3570 365 3743 422 nobiles

535 453 839 525 hujusmodi
864 452 1081 525 ﬁagitiis
1108 461 1521 524 temperaturos.
1552 455 1764 533 Primus
1784 453 2115 510 solemnibus

531 546 714 602 verbis
760 544 921 599 Wido
970 543 1409 615 archiepiscopus
1455 545 1507 599 id
1524 544 1950 616 ,professus.est
1977 583 1992 609 ,
2040 544 2114 612 si-

530 638 945 706 moniacamque
1011 645 1063 690 et
1137 634 1523 691 Nicolaitarum
1594 636 1845 691 haeresim
1928 649 2111 690 coram

528 727 781 783 omnibus
810 727 1132 792 detestatus,
1185 727 1308 782 inde
1350 727 1533 782 clerici
1574 742 1784 783 omnes.
1832 725 2111 795 Arehiepi-

528 833 725 888 scopus
763 819 814 872 iu
854 827 1054 873 terram
1082 817 1388 887 proiectus,
1430 816 1702 887 piaculum
1755 814 1961 887 injungi
1986 815 2109 870 sibi

528 912 857 981 postulavit;
901 919 1122 965 centum
1153 925 1417 964 annorum
1469 910 1661 965 Petrus
1712 909 1988 980 imposuit,
2032 910 2111 965 id-

524 1095 703 1151 soluta
747 1094 951 1159 voluit;
987 1093 1169 1148 clerici
1203 1092 1430 1149 diversis
1482 1094 1535 1148 in
1572 1093 1681 1147 vita
1709 1091 1930 1162 jejuniis
1972 1092 2108 1149 obli-

428 1190 435 1197 ‘
525 1186 656 1253 gati.
706 1183 963 1238 Ascendit
989 1183 1182 1237 deinde
1209 1182 1263 1237 in
1311 1183 1623 1238 concionem
1649 1182 2103 1253 archiepiscopus,

443 1289 475 1322 τι·
524 1286 579 1329 et
628 1275 773 1329 clero
812 1272 1116 1345 populoque
1164 1273 1556 1343 praesentibus,
1607 1274 1793 1341 jurare
1849 1271 2103 1327 clericum

523 1350 678 1421 suum
724 1365 909 1438 jusSit,
944 1381 1001 1421 se
1031 1350 1130 1419 has
1175 1354 1316 1419 iluas
1367 1358 1603 1420 haereses
1635 1352 1741 1435 pro.
1775 1352 1979 1419 viribus
2019 1378 2106 1417 ex-

522 1457 936 1529 stirpaturum’;
970 1466 1078 1526 quo
1130 1458 1320 1511 eodem
1371 1466 1714 1511 sacramento
1779 1470 1839 1510 se
1876 1454 2105 1525 populus

520 1532 780 1603 devinxit.
804 1532 807 1537 ί
827 1546 1053 1603 Clericis
1086 1546 1213 1601 hinc
1236 1546 1459 1617 pristina
1485 1553 1829 1611 ornamenta,
1856 1544 2105 1601 litte‘ralis

520 1640 705 1703 etiam,
750 1647 806 1695 et
849 1638 1013 1695 castis
1038 1636 1269 1693 oﬁieium
1304 1638 1593 1703 redditum,
1622 1638 1816 1709 reliqui
1848 1636 2102 1693 Beclesia:

2218 466 2433 521 quoque
2460 452 2716 524 mulieres
2745 453 2794 507 id
2826 466 2998 523 pinna:
3036 467 3203 524 genus
3250 452 3473 507 libenter
3497 454 3742 521 subirent;

2213 520 2441 615 ipsaque
2505 520 2757 621 Ceﬁhaldi
2807 520 2955 624 ‘nxor
3007 520 3198 613 magna
3262 540 3451 595 mulier
3500 520 3746 614 dignitate,

2216 635 2413 689 marito
2462 645 2706 700 mortuo,
2747 634 3115 690 centenariam
3158 634 3299 688 hanc
3348 633 3599 697 absolvit,
3642 636 3746 689 dum

2218 725 2320 778 tria
2370 724 2657 779 verberum
2696 723 3285 793 millia,‘disciplinas,
3336 722 3627 793 appellant,
3668 741 3749 796 pro

2178 826 2355 868 ιλιιηο
2385 820 2491 869 ι]ηο
2526 824 2857 870 numeraret.
2907 813 3097 883 Itaque
3126 813 3335 881 Petrus,
3366 824 3634 885 postquam
3658 831 3748 885 pa:-

2214 920 2336 959 nam
2368 905 2486 972 luit,
2518 906 2791 977 eleganter
2819 906 2887 961 ad
2933 904 3210 960 Nicolaum
3242 906 3564 976 pontiﬁcem,
3592 907 3750 964 cilicii-

526 1021 631 1074 que
663 1006 852 1060 redimi
900 1018 1060 1074 posse
1103 1000 1254 1058 certe
1290 1002 1530 1073 pecunia
1565 1003 1618 1057 in
1649 1002 1892 1075 sibgulos
1935 1018 2109 1058 annos

2212 1010 2316 1065 que
2354 1008 2417 1051 ac
2457 997 2676 1067 pietatis
2726 996 2911 1068 plenas
2938 997 3172 1073 litteras
3201 996 3381 1072 z‘dedit
3415 1015 3430 1052 :
3464 997 3647 1069 quibus
3706 1011 3751 1055 et

2212 1089 2459 1157 purgavit
2504 1103 2562 1144 se
2600 1082 2922 1159 diligenter,
2971 1095 3026 1143 et
3082 1103 3189 1143 non
3241 1087 3421 1143 minus
3463 1089 3748 1154 rationibus,

2210 1193 2371 1248 quam
2398 1188 2709 1235 sanctorum
2749 1179 2987 1233 virorum
3032 1178 3299 1249 exemplo,
3325 1180 3376 1235 id
3401 1179 3589 1236 fecisse
3610 1190 3749 1236 testa-

2211 1280 2296 1326 ιιιε
2331 1283 2435 1327 CSI.
3406 1324 3411 1329 .

2279 1348 2542 1422 Caeterum
2606 1363 2672 1420 an
2719 1347 2823 1421 illi
2871 1350 3423 1437 Nieolauswpontifex
3471 1356 3751 1428 assensdrit,

2208 1472 2516 1529 quanquam
2583 1457 2829 1529 plerique
2883 1473 3072 1514 omnes
3116 1458 3421 1522 alﬁrmant,
3471 1467 3637 1514 tamen
3671 1460 3753 1513 ali-

2208 1563 2368 1618 quam
2402 1547 2581 1605 facere
2617 1549 3007 1606 dubitationem
3037 1550 3253 1606 videtur
3290 1550 3522 1623 diploma
3537 1550 3753 1606 Alexan-

2209 1639 2290 1693 dri
2336 1630 2713 1707 Secundi,'cui
2756 1635 3257 1709 subscribitpetrus
3292 1628 3543 1710 peccator
3562 1630 3751 1695 ostien-

521 1743 730 1787 tantum
793 1730 1070 1787 associati.
1117 1724 1200 1784 Ad
1247 1729 1364 1784 hsce
1404 1716 1852 1799 archiepiscopus
1896 1720 2102 1798 recepit
2133 1715 2177 1774 Β
2206 1731 2281 1786 sis
2328 1733 2630 1802 episcopus,
2678 1741 2738 1786 ut
2770 1741 2853 1787 est
2891 1732 2944 1787 in
2977 1732 3250 1789 Chronico
3274 1733 3575 1790 Casinensi.
3615 1732 3753 1788 .loau-

516 1841 629 1891 eos,
679 1839 738 1879 se
801 1821 1078 1893 religionis
1136 1835 1302 1877 causa
1353 1814 1625 1883 Romam,
1684 1828 1778 1875 aut
1819 1819 2099 1876 Turonum

517 1916 808 1970 missurum
841 1931 853 1967 :
884 1928 941 1969 se
970 1926 1100 1967 vero
1150 1911 1217 1966 ad
1267 1912 1330 1965 D.
1377 1909 1635 1967 Jacobum
1684 1910 1737 1965 in
1783 1908 2098 1978 Hispaniam

515 2009 738 2063 iturum.
794 2005 902 2062 Sed
927 2019 1241 2077 quanquam
1288 2004 1403 2059 haec
1431 2003 1566 2058 adeo
1597 2002 1806 2073 prolixe
1827 2001 2098 2071 pollicitus

514 2111 636 2168 est,
704 2108 884 2154 tamen
935 2095 1081 2152 haud
1133 2095 1207 2151 ita
1257 2095 1346 2150 diu
1409 2100 1572 2165 post,
1628 2092 1861 2148 abeunte
1912 2084 2099 2168 Petro,

508 2172 686 2247 sacris
736 2188 1073 2265 initiatorum
1111 2185 1344 2242 assiduis
1371 2166 2093 2265 stimulatus:querimoniis,

514 2297 580 2337 ac
618 2295 757 2350 pene
784 2253 1076 2341 conviciis,
1132 2276 1185 2332 in
1237 2256 1524 2345 pristinum
1576 2253 1757 2329 rediit.
1807 2253 1996 2343 Itaque
2041 2273 2094 2327 in

511 2354 756 2444 sequenti
788 2387 928 2427 anno
947 2370 1142 2426 Petrus
1169 2370 1406 2440 graviter
1430 2379 1755 2433 commotus,
1782 2358 2090 2437 Rodulpho,

510 2443 715 2530 V’itali,
765 2460 1029 2524 Arialdo,
1082 2470 1136 2515 et
1186 2458 1527 2515 Erlembaldo
1575 2458 1745 2515 Cotta:
1772 2459 1875 2514 hac
1925 2457 1991 2512 de
2036 2472 2095 2514 re

507 2555 777 2623 scribens,
813 2553 905 2625 qui
956 2552 1365 2624 permanserant
1406 2550 1459 2605 in
1511 2550 1799 2616 sententia,
1862 2547 1951 2604 ubi
1982 2546 2093 2601 lau-

507 2648 655 2703 davit
702 2646 842 2711 illos,
894 2646 962 2701 de
999 2644 1212 2701 caeteris
1259 2658 1562 2700 sermonem
1616 2634 1919 2713 ingressus,
1949 2638 2092 2712 quod

513 2749 717 2803 tamen,
766 2735 981 2805 inquit,
1027 2735 1082 2789 in
1129 2712 1801 2795 Mediolanensi'Ecelesia
1848 2733 1955 2784 non
2008 2737 2092 2784 est

509 2843 729 2891 novum,
760 2842 881 2897 qua:
914 2841 1129 2895 semper
1154 2823 1352 2878 diversi
1396 2819 1662 2894 dogmatis
1696 2821 1943 2877 homines
1989 2819 2088 2875 ha-

504 2920 669 2984 buit,
727 2917 883 2972 initio
934 2918 1001 2973 ab
1053 2916 1319 2971 Auxentio
1351 2955 1364 2981 ,
1439 2923 1601 2986 atque
1660 2911 1951 2969 Ambrosio
2005 2910 2090 2965 in-

506 3010 722 3067 choato.

2204 1836 2299 1877 nes
2335 1837 2554 1901 quoque
2589 1820 2921 1900 Trithemius
2964 1822 3089 1877 dum
3134 1823 3187 1877 in
3235 1814 3600 1897 llirsaugiensi
3641 1813 3750 1877 item

2202 1912 2493 1979 Chronico,
2532 1912 2676 1968 l’etri
2714 1911 2964 1968 Damianl
2994 1907 3323 1985 legationem
3350 1914 3407 1970 in
3432 1914 3751 1971 Germaniam

2202 1998 2395 2061 scribit
2440 2005 2507 2061 ad
2556 2004 2845 2061 llenricum
2884 2019 3065 2075 regem
3117 2007 3261 2061 anno
3288 2006 3576 2063 millesimo
3614 2022 3752 2073 nono,

2201 2112 2322 2152 eum
2379 2095 2612 2168 appellat
2661 2106 3021 2152 sacrosancta:
3069 2095 3325 2152 Romanae
3369 2093 3618 2154 EccleSiae
3667 2085 3758 2168 epi-

2206 2201 2428 2257 scepum
2483 2187 2833 2242 cardiualem.
2896 2184 3079 2257 Neque
3138 2196 3317 2244 tamen
3368 2205 3494 2245 cum
3549 2190 3612 2245 iis
3650 2204 3755 2245 sea-

2192 2280 2360 2334 ‘serim
2388 2320 2403 2345 ,
2449 2281 2541 2351 qui
2570 2272 2669 2335 fuit
2703 2296 2733 2336 a
2780 2274 2936 2352 partu
2974 2271 3209 2354 Virginis
3250 2290 3414 2353 supra
3445 2280 3754 2339 t‘nillesimiltn

2198 2373 2621 2443 sepluagesimus
2650 2365 2931 2443 octavus,‘
2956 2384 3011 2431 et
3047 2378 3418 2447 episcopatum
3450 2376 3755 2448 deposuisse,

2190 2471 2250 2543 oet
2292 2465 2502 2522 litteras
2524 2466 2589 2521 de
2608 2465 2702 2543 illo
2732 2466 3068 2545 deponendo,
3098 2478 3236 2536 quas
3254 2465 3519 2533 diximus,
3559 2467 3623 2521 ad
3643 2465 3757 2522 Gre-

2195 2558 2404 2628 gorium
2431 2566 2542 2613 tum
2573 2544 2903 2631 pontiﬁcem,
2943 2544 3193 2625 dedisse;
3241 2547 3365 2615 cuni
3397 2558 3487 2616 ille
3522 2552 3573 2614 in
3603 2555 3756 2615 omnl-

2192 2651 2317 2716 bus,
2344 2665 2481 2721 quos
2508 2650 2753 2723 legerim,
2783 2650 3077 2717 codicibus,
3117 2651 3338 2708 Nicolao
3376 2642 3754 2713 inscribantur‘;

2191 2752 2246 2798 et
2268 2736 2709 2815 gravissimorhm
2755 2753 3035 2800 auctorum
3067 2743 3377 2801 testimonio
3428 2736 3662 2808 constet,
3696 2738 3758 2795 ab

2190 2834 2498 2891 Alexandro
2527 2833 2781 2919 Secundo
2800 2822 2810 2919 ξ
2829 2818 3082 2904 pontiﬁce
3103 2877 3117 2903 ,
3148 2835 3454 2892 Gerardum
3483 2822 3757 2919 Ostienset'u

2180 2927 2500 3000 episcopum
2526 2910 2745 2982 factum.
2769 2914 2911 3000 illud
2932 2927 3096 2981 etiam
3124 2943 3229 2982 non
3246 2910 3607 2984 omittendum
3626 2922 3756 2982 duxi.

2192 3016 2439 3082 Petrum,
2490 3031 2549 3072 se
2572 2999 2837 3087 perpetuo
2878 3014 3199 3071 monachum
3228 3017 3341 3071 suis
3370 3004 3573 3071 litteris
3594 3006 3756 3084 appel-

576 3099 755 3168 Atque
797 3096 910 3153 haec
951 3094 1022 3152 ita
1071 3111 1103 3151 a
1152 3111 1212 3151 se
1246 3093 1531 3150 Mediolani
1567 3101 1689 3149 acta
1736 3089 1929 3147 Petrus
1953 3091 2090 3147 scri-

2196 3109 2355 3173 lasse,
2378 3116 2430 3164 et
2450 3123 2508 3164 se
2538 3083 2807 3164 abdidisse
2836 3108 2888 3163 in
2922 3107 3233 3165 Catrianam
3257 3108 3605 3164 solitudinem
3630 3083 3760 3176 opta-

503 3189 748 3260 bitzqui
779 3199 839 3243 ut
869 3202 928 3244 se
984 3188 1095 3243 Deo
1146 3196 1317 3242 totum
1369 3186 1647 3251 traderet,
1696 3194 1753 3241 et
1803 3185 1858 3240 in
1906 3196 2087 3239 rerum

490 3264 820 3361 divinarum.
883 3264 1230 3364 meditatione
1295 3279 1410 3335 dies
1478 3288 1773 3359 noctesque
1812 3286 2083 3359 .poneret,

504 3388 663 3429 sacro
700 3372 905 3442 galero,
954 3381 1008 3425 et
1058 3368 1396 3441 episcopatu,
1443 3370 1783 3445 duorumque
1818 3377 2083 3438 praeterea

503 3464 869 3521 cauobiorum
917 3462 1019 3518 sibi
1068 3452 1566 3533 cemmendatorum
1616 3460 2084 3516 administratione

484 3573 562 3615 .se
591 3556 882 3613 abdicavit.
917 3554 1160 3624 Cumque
1207 3570 1237 3607 a
1278 3552 1499 3609 Nicolao
1534 3550 1791 3624 pontiﬁce
1839 3550 2082 3606 maximo

504 3651 599 3719 qui
627 3649 745 3719 ejus
770 3648 1226 3704 Mediolanensem
1257 3646 1580 3718 legationem
1609 3643 1845 3700 maxime
1881 3643 2082 3714 preba-

482 3747 673 3804 ,verat,
724 3737 793 3793 ad
840 3753 936 3793 eas
974 3737 1170 3793 iterum
1208 3735 1518 3806 dignitates,
1567 3743 1623 3792 et
1650 3734 1913 3790 honorum
1952 3732 2083 3788 insi-

500 3830 624 3897 gnia
679 3837 996 3898 cogeretur;
1042 3827 1262 3897 ipseque
1309 3833 1658 3891 constanter,
1708 3833 1764 3881 et
1806 3823 2083 3894 aliquanto

500 3919 752 3982 fortasse,
787 3933 950 3993 quam
992 3932 1091 3995 res
1114 3916 1251 3986 ipsa,
1291 3925 1348 3970 et
1375 3916 1647 3995 pontiﬁcis
1676 3914 1934 3984 maiestas
1974 3913 2084 3969 fer-

502 4022 608 4085 ret,
637 4010 968 4082 pertinacius
997 3994 1279 4075 retineret;
1311 3994 1545 4064 assensu
1586 3996 1804 4077 quidem
1840 4006 2083 4076 pontifex

499 4106 618 4174 ejus
650 4103 1087 4174 perseverantiae,
1112 4102 1206 4157 sed
1234 4116 1450 4172 pennam
1481 4101 1534 4155 in
1564 4115 1688 4155 eum
1711 4100 2081 4155 centenarium

499 4195 822 4253 constituit:
855 4208 960 4264 qua
993 4205 1150 4265 paena
1187 4192 1468 4248 tenebatur
1505 4190 1573 4246 ad
1603 4189 1939 4246 recitandum
1988 4205 2084 4259 per

498 4300 719 4347 centum
748 4302 939 4358 annos,
981 4285 1241 4358 quotidie,
1272 4285 1586 4353 verberibus
1616 4282 1909 4355 adiunctis,
1940 4280 2082 4363 psal-

499 4398 667 4443 mum
694 4379 1223 4452 quinquagesimum,
1264 4394 1374 4450 quo
1426 4392 1555 4452 usus
1601 4375 1925 4453 est'David,
1957 4391 2079 4433 cum

498 4485 745 4543 stuprum
786 4472 1111 4535 Bersabeze,
1160 4481 1216 4525 et
1248 4470 1444 4525 marito
1484 4468 1601 4539 ejus
1645 4477 1876 4524 mortem
1920 4469 2081 4524 obtu-

497 4566 680 4629 lissct;
717 4562 978 4631 illumque
1013 4560 1226 4617 Natban
1257 4562 1609 4617 vehementer
1643 4569 1980 4624 accusasset,
2015 4574 2080 4615 ac

501 4656 840 4719 minaretur:
875 4655 1042 4719 Deum
1094 4663 1200 4708 tam
1257 4654 1440 4725 gravia
1481 4653 1685 4708 scelera
1736 4667 2077 4724 nequaquam

499 4747 803 4817 impunita,
848 4755 1010 4816 atque
1056 4745 1223 4801 inulta
1268 4745 1579 4812 relicturum
1615 4744 1701 4813 (11
1764 4744 1895 4817 Reg.
1954 4746 2076 4816 xu).

464 4837 710 4901 .Subivit
764 4838 904 4892 hanc
956 4851 1172 4908 pmnam
1221 4835 1452 4892 libenter
1504 4835 1736 4901 Petrus,
1778 4845 2081 4908 tantusque

410 4968 425 4985 η.
456 4972 465 4997 ε
496 4930 549 4982 in
598 4942 666 4982 eo
706 4927 806 4982 fuit
847 4927 1010 4983 ardor
1049 4927 1366 4997 pmnitendi.
1417 4940 1473 4983 ut
1524 4942 1702 4982 annuo
1730 4927 1872 4982 illam
1899 4929 2077 4998 spatio

496 5021 809 5076 exhauserit
844 5037 856 5073 :
882 5008 940 5075 Et
970 5031 1028 5077 ut
1059 5018 1458 5084 ex,llelinando
1491 5029 1727 5076 testatur
1766 5020 1817 5075 in
1847 5020 2077 5092 Speculo

492 5126 591 5169 suo
622 5108 958 5171 Vincentius,
1020 5110 1281 5173 Domiuiei
1322 5111 1629 5181 exemplum
1681 5112 1928 5176 habetur,
1981 5113 2075 5182 qui

455 5252 465 5271 ί
497 5206 565 5259 ιοι
581 5204 662 5257 ira
715 5200 888 5260 ferrea
947 5202 1012 5255 ad
1051 5217 1281 5260 ,carnem
1332 5202 1847 5268 indutus,,circulis
1883 5202 2076 5258 ferreis

2193 3200 2473 3257 tissimam.
2660 3200 2663 3201 ⁷
2730 3200 2735 3203 ⁷
2848 3255 2859 3263 ,

2259 3286 2623 3346 Alexandrum
2671 3270 2979 3362 pontiﬁcem
3032 3290 3215 3362 gravis
3259 3291 3471 3348 interea
3520 3284 3759 3361 fatigabat

2189 3381 2454 3438 diSsensio
2487 3380 2702 3436 Cadaloi
2753 3379 3093 3448 Parmensis,
3141 3386 3302 3452 que‘m
3327 3381 3587 3439 Germani
3619 3373 3761 3451 psell-

2190 3471 2568 3541 doponliﬁeem
2612 3485 2733 3525 cum
2772 3456 3028 3526 fecissent
3063 3486 3093 3526 a
3139 3472 3400 3526 Romanis
3443 3468 3605 3528 etiam
3650 3466 3761 3538 prb-

2189 3561 2402 3617 ceribus
2431 3560 2593 3631 recipi
2633 3560 2939 3615 studebant.
2974 3562 3023 3617 ls
3052 3550 3184 3617 vero
3213 3577 3529 3632 quanquam
3560 3561 3613 3616 iu
3644 3556 3760 3613 con-

2188 3649 2315 3706 cilio
2351 3648 2583 3705 Mantua:
2607 3665 2747 3706 anno
2798 3650 2936 3706 1064
2987 3650 3196 3718 habito,
3244 3668 3352 3721 quo
3389 3661 3448 3706 et
3476 3638 3761 3705 Alexander

2166 3748 2301 3821 .ipse
2330 3754 2573 3811 venerat,
2613 3744 2867 3825 rejeclus,‘
2912 3738 3088 3825 tamen
3115 3745 3349 3817 insig‘nia‘
3373 3734 3663 3816 ponliliria'
3688 3740 3762 3795 re-

2188 3838 2369 3919 tinuit.
2431 3824 2790 3919 Quamobrem
2838 3820 3047 3919 Petrus
3075 3826 3653 3919 Damiauif’Ec'clesite
3679 3831 3760 3919 Dei

2189 3910 2394 3985 tantam
2432 3910 2904 3997 perturbationem
2958 3910 3654 3997 rnag'nopere'miseratus,
3704 3912 3761 3975 ad

2189 4024 2483 4103 hominem,
2500 4022 2690 4078 scribit
2723 4021 3243 4103 :_tribns'ilhtmjam
3272 4024 3633 4103 conventibus
3656 4018 3763 4075 esse

2185 4094 2521 4191 damnatum,
2570 4124 2626 4168 et
2670 4092 2767 4175 ter,
2814 4092 3246 4181 si'nonhjudlci'o
3293 4094 3664 4177 sacerdotum,
3713 4118 3763 4191 at

2180 4185 2374 4273 saltem
2409 4195 2583 4275 legum
2615 4196 2939 4260 auctoritate
2967 4205 3295 4261 abdicatum.
3325 4205 3390 4260 Et
3411 4205 3669 4276 quoniam
3691 4180 3763 4257 iu-

2184 4305 2291 4351 stet
2327 4294 2651 4351 Osboriense
2673 4283 2987 4362 concilium,
3040 4312 3099 4352 se
3138 4313 3256 4367 quae
3284 4297 3388 4354 dici
3418 4314 3519 4368 pro
3545 4307 3762 4386 utroque

2187 4388 2412 4457 possint,
2444 4401 2737 4456 exponere,
2787 4388 2937 4457 quasi
2979 4382 3257 4459 cujusdam
3305 4388 3552 4467 przeludii
3585 4382 3760 4467 causa,

2186 4479 2354 4534 velle:
2381 4487 2542 4548 atque
2565 4494 2659 4548 per
2685 4478 2829 4552 hunc
2868 4481 3086 4535 modum
3111 4480 3325 4549 juribus
3352 4466 3613 4537 accurate
3643 4466 3762 4550 per-

2184 4570 2407 4640 pensis,
2458 4567 2749 4649 Cadaloum
2798 4570 2930 4649 vitio
2982 4568 3185 4625 factum
3239 4560 3403 4637 esse,
3448 4557 3760 4643 planissime

2183 4661 2438 4716 ostendit.
2474 4722 2481 4729 ,
2704 4644 2713 4649 ’
2818 4644 2851 4653 ”
3364 4652 3369 4657 ’
3709 4646 3719 4658 ’

2255 4753 2453 4809 Eodem
2489 4768 2628 4808 anno
2667 4751 2873 4831 (1069).
2923 4752 3111 4809 Petrus
3144 4754 3407 4817 Damiani,
3461 4768 3628 4824 quem
3665 4750 3763 4831 hoc

2183 4843 2321 4908 loco,
2372 4844 2445 4898 uti
2496 4860 2660 4914 supra
2690 4824 2990 4910 docuimus,
3022 4842 3259 4919 Joannes
3287 4824 3764 4921 Trithemiusepi—

2183 4949 2406 5004 scepum
2431 4932 2761 4990 eardinalem
2796 4934 3048 5004 appellat,
3081 4936 3134 5007 in
3164 4919 3514 5007 Germaniam
3548 4938 3619 4991 ab
3638 4935 3757 5007 Ale-

2182 5024 2389 5079 xandro
2420 5023 2677 5094 pontiﬁce
2720 5023 2924 5094 legatus
2949 5036 3034 5080 est
3065 5004 3261 5084 missus
3288 5029 3358 5084 ob
3387 5043 3512 5083 eam
3545 5004 3762 5084 causanti

2181 5114 2321 5184 quod
2344 5115 2608 5184 llenricus
2634 5114 2814 5190 Caesar
2849 5117 3053 5170 nullum
3080 5118 3358 5175 omitteret
3392 5120 3647 5174 avaritiae
3676 5131 3767 5193 ge-

2184 5222 2284 5260 nus
2323 5206 2573 5275 imDeum
2604 5207 2984 5275 hominesque;
3035 5208 3178 5278 plebi
3216 5213 3461 5285 studeret
3501 5212 3764 5266 adversus
