3964 5310
215 277 326 330 175

1029 273 1570 331 PROLEGOMENA.
1615 275 1758 328 —S.
1799 273 2002 328 PETRI
2047 271 2324 328 DAMIANI
2369 275 2526 330 \'lT.\
2573 275 2656 330 l\'.

3375 280 3476 335 ιιι

213 389 636 460 desponsaajam
663 393 808 445 illum
832 391 1054 445 satietas
1083 399 1298 460 ceperat
1323 399 1378 444 ut
1401 389 1602 442 faceret
1626 389 1804 442 divor-
1835 391 1879 450 Α
1911 403 2028 457 qua!
2075 387 2218 440 diem
2267 395 2518 440 octuVuln
2567 385 2680 438 Kal-
2737 385 2892 438 Muri.
2953 387 3244 440 antecessit
3297 390 3486 456 eodem

211 481 378 542 tium,
412 479 784 550 Moguntinnm
821 480 1120 534 antistitem
1159 480 1228 534 ad
1269 479 1610 535 indicendum
1637 479 1704 534 de
1739 495 1804 532 ea

213 587 276 624 re
319 569 610 638 Moguntia:
649 581 968 624 conventum
1017 571 1321 640 impulerat.
1373 573 1558 642 Itaque
1609 585 1804 642 oppor-

213 671 350 716 tune
381 661 578 716 Petrus
609 678 730 717 cum
769 663 818 716 in
849 661 1196 716 Germaniam
1237 663 1590 732 pervenisset,
1621 661 1816 717 confc-'

213 755 345 808 stim
377 753 771 823 Muguntinum,
813 757 1074 810 intentato
1109 755 1339 810 acrioris
1374 755 1802 810 animadversio-

213 846 305 898 nis
343 841 606 912 peri'culo,
651 847 718 900 ab
761 845 1008 898 habendo
1049 845 1283 900 concilio
1333 848 1628 900 revocavit.
1681 845 1802 900 Mox

213 937 454 990 accessit
484 935 944 1000 Francofordiam,
971 937 1060 992 ubi
1077 946 1202 991 'tum
1227 935 1492 992 llenricus
1519 953 1802 1008 procerum

213 1041 440 1079 suonun
485 1037 808 1080 conventum
858 1029 1080 1098 agebat;
1133 1029 1184 1081 in
1237 1039 1672 1098 conventumque
1709 1030 1804 1083 ad-

209 1117 441 1182 missus,
475 1118 750 1186 pontiﬁcis
777 1119 1062 1189 explicatis
1105 1119 1398 1186 mandatis,
1427 1129 1478 1174 et
1511 1121 1802 1191 principes,

215 1210 310 1276 qui
337 1207 652 1279 frequentes
681 1211 923 1274 aderant,
961 1219 1015 1263 et
1041 1209 1330 1264 Henricum
1369 1211 1542 1280 ipsum
1571 1213 1806 1280 graviter

213 1299 527 1367 increpavit
562 1315 721 1368 quam
773 1299 861 1353 ille
893 1299 1174 1353 moliretur
1205 1315 1319 1352 rem
1349 1301 1660 1369 pessimam,
1689 1309 1742 1354 et
1773 1317 1804 1354 a

215 1390 439 1442 nomine
467 1389 780 1443 Christiano
817 1391 1014 1444 nedum
1045 1391 1193 1462 regio
1221 1391 1380 1460 plane
1407 1393 1634 1446 alienam
1665 1409 1801 1448 esse.

215 1479 277 1533 Si
311 1481 494 1536 minus
533 1491 837 1537 terreretur
870 1484 1120 1538 humanis
1170 1485 1432 1541 divinisve
1481 1486 1708 1558 legibus,
1750 1495 1804 1540 at

213 1572 409 1630 saltem
437 1575 598 1630 fama:
629 1591 739 1631 sum
773 1577 1036 1632 rationem
1089 1579 1612 1652 existimationisquc
1643 1583 1806 1638 hahe-

217 1673 322 1724 ret,
351 1679 452 1719 nec
481 1673 760 1734 pateretur
793 1677 898 1719 tam
953 1677 1090 1721 tetro
1119 1685 1329 1722 veneno
1364 1685 1392 1723 a
1433 1687 1558 1742 rege
1603 1681 1804 1742 tempe-

1907 493 2050 532 anno
2097 479 2166 532 ab
2201 487 2320 532 ortu
2347 477 2546 532 Christi
2591 475 2748 532 1080.
2803 475 2932 545 Ejus
2975 487 3148 532 morte
3195 480 3264 534 ab
3300 481 3366 535 iis
3395 485 3486 552 qui

1907 568 2244 624 excubabant
2281 568 2436 637 juxta
2483 568 2788 623 cmnohium
2815 607 2828 632 ,
2868 583 2934 622 ne
2961 563 3208 624 sanctum
3253 571 3488 626 cadaver

1908 668 2088 728 posset
2113 673 2142 712 a
2175 661 2616 722 suisﬁnonachis,
2647 660 2740 729 qui
2767 674 2796 712 e
2819 661 3136 730 propinquis
3163 662 3294 718 locis
3323 664 3490 718 adve-

1909 749 2358 814 nerant,'furtim
2395 751 2704 819 exportari,
2753 752 3034 814 numiata,
3081 763 3300 821 repente
3343 756 3492 810 cives

1908 855 2100 894 mnues
2127 843 2194 894 ad
2221 839 2336 908 ejus
2365 841 2662 909 parentalia
2705 851 3020 902 accurrunt,
3047 845 3310 914 brevique
3353 855 3486 900 tem-

1910 935 2051 1004 plum
2083 945 2230 990 tanta
2261 937 2438 1006 populi
2469 937 2810 992 multitudine
2841 936 3100 992 refertum
3125 947 3210 994 est
3235 947 3292 992 ut
3317 939 3490 994 unda-

1911 1043 2028 1080 rum
2055 1043 2174 1084 sese
2201 1031 2360 1083 modo
2385 1029 2612 1084 invicem
2643 1025 2974 1096 impellerent
3009 1029 3274 1099 planeque
3301 1029 3490 1086 beatus

1909 1119 1998 1172 ille
2027 1119 2302 1174 diceretur
2333 1121 2420 1174 cui
2451 1121 2680 1176 dabatur
2711 1119 2810 1173 viri
2845 1119 3018 1174 sant-ti
3063 1119 3294 1176 loculum
3327 1123 3492 1178 attin-

1909 1223 2056 1277 gere,
2087 1225 2308 1264 munera
2353 1209 2426 1264 illi
2479 1209 2740 1280 praebere,
2785 1209 2950 1278 pedes
2995 1210 3249 1264 osculari.
3303 1211 3494 1282 Sepul-

1909 1313 2062 1353 crum
2091 1299 2297 1356 interea
2327 1317 2390 1356 ett
2423 1301 2806 1358 candidissimo
2853 1316 3144 1364 marmore,
3171 1319 3380 1358 sutnma
3407 1303 3492 1358 fa-

1905 1389 2132 1456 cilitate,
2161 1391 2291 1461 ipsis
2311 1391 2404 1461 qui
2439 1391 2777 1447 adducebant
2817 1392 3228 1460 admirantibus,
3283 1409 3352 1450 ex
3387 1395 3494 1450 alio

1911 1482 2044 1536 satis
2075 1483 2308 1538 distante
2337 1483 2585 1540 cmnohio
2625 1485 2909 1540 devehitur
2951 1495 3112 1554 atque
3155 1487 3208 1540 in
3257 1502 3326 1542 eo
3351 1502 3386 1544 e
3413 1503 3494 1544 re-

1909 1573 2066 1642 gione
2126 1575 2276 1628 chori
2333 1575 2490 1643 juxta
2544 1577 2744 1646 gradus
2799 1577 3000 1645 quibus
3057 1579 3369 1634 ascenditur
3425 1579 3495 1634 ad

1911 1675 2061 1716 aram
2121 1663 2333 1728 locato,
2383 1666 2635 1720 omnibus
2681 1665 2910 1736 hymnus
2957 1683 3020 1722 ac
3051 1669 3288 1737 psalmos
3319 1672 3498 1726 conci-

219 1763 340 1808 rato
373 1755 516 1811 inlici
551 1757 920 1812 Christianum
953 1761 1229 1830 pupulum,
1258 1769 1313 1816 et
1357 1764 1448 1832 qui
1473 1764 1695 1819 deberet
1727 1767 1808 1819 ul-

1915 1751 2184 1814 nentibus,
2223 1753 2498 1824 Deumque
2538 1755 2878 1810 laudantibus
2930 1755 3030 1808 viri
3065 1759 3242 1812 sancti
3295 1773 3495 1829 corpus

217 1847 350 1900 cisci
401 1847 604 1916 ﬂagitia
661 1849 726 1902 iis
775 1865 834 1903 se
882 1851 1136 1920 princeps
1193 1861 1377 1907 tantus
1426 1857 1806 1926 obstringeret.

217 1937 372 2003 Quod
401 1939 444 1991 si
479 1955 584 1992 non
617 1938 927 1994 ﬂecteretur
969 1943 1241 2008 consiliis,
1275 1943 1502 2000 haberet
1533 1961 1629 2014 pro
1658 1955 1811 2002 certo

219 2027 532 2094 pontificem
574 2031 684 2084 vim
725 2030 1154 2086 ecclesiasticam
1203 2033 1593 2104 adhibituram,
1638 2053 1812 2106 neque

223 2115 336 2169 fore
367 2125 424 2168 ut
455 2115 601 2171 illius
635 2133 872 2188 unquam
904 2121 1152 2175 manibus
1180 2135 1612 2178 consecraretur.
1661 2125 1812 2182 Hanc

219 2209 550 2275 orationem,
593 2213 851 2280 maxima,
892 2223 950 2267 ut
985 2215 1162 2286 inquit
1191 2217 1542 2286 Trithemins,
1577 2225 1810 2277 auctori-

221 2305 331 2351 tate
363 2314 426 2352 ac
457 2301 728 2369 sapientia
761 2303 1002 2358 habitam
1047 2316 1249 2360 secuta:
1277 2318 1404 2362 sunt
1443 2325 1635 2380 graves
1665 2312 1810 2381 prin-

219 2387 398 2458 cipum
451 2391 542 2458 qui
575 2391 806 2448 aderant
855 2409 1053 2450 voces:
1087 2413 1238 2466 aqua
1263 2397 1564 2454 Rourtanum
1592 2403 1811 2471 pontili-

219 2495 334 2534 cem
369 2481 597 2552 jubere;
647 2485 885 2540 nominis
929 2487 1064 2556 regii
1111 2487 1448 2556 majestatem
1499 2501 1606 2545 tam
1639 2495 1808 2563 turpis

225 2568 344 2622 facti
383 2569 508 2626 labe
545 2589 614 2626 ne
651 2575 1094 2640 commacularet,
1135 2593 1236 2632 neu
1267 2581 1583 2648 parentibus
1609 2585 1809 2652 regina:

223 2673 440 2714 causam
489 2659 812 2719 defectionis
857 2666 1142 2734 przeberet,
1197 2677 1252 2721 et
1292 2665 1494 2736 justam
1531 2673 1808 2728 turbandae

223 2749 538 2818 reipublica:
566 2755 944 2820 occasionem;
981 2756 1097 2824 qui,
1128 2756 1172 2810 si
1201 2755 1302 2810 viri
1347 2769 1528 2812 essent
1557 2763 1646 2830 qui
1683 2763 1804 2832 plu-

213 2841 410 2894 rimum
439 2851 687 2910 possent,
715 2853 770 2899 et
797 2845 968 2898 milite
987 2855 1046 2900 et
1067 2847 1234 2902 armis
1263 2857 1368 2900 tam
1395 2849 1658 2920 insignem
1687 2851 1810 2906 lilia:

211 2934 608 2994 contumeliam
637 2935 898 3004 przeclaro
929 2935 1110 3006 aliquo
1150 2937 1393 2993 facinore
1433 2939 1598 2994 dubio
1623 2942 1805 3011 procul

213 3025 512 3093 cxpiaturi.
545 3036 599 3080 et
631 3029 897 3084 acerrime
929 3043 1028 3097 pro
1061 3031 1255 3099 Opibus
1301 3031 1622 3087 vindicaturi
1655 3036 1802 3090 vidc-

1911 1843 2210 1912 reponitur.

1983 1933 2246 1990 Caeterum
2277 1937 2532 2006 qnoniam
2571 1937 2892 2008 amplissimi
2939 1939 3098 2010 hujus
3119 1940 3380 1996 antistitis
3429 1955 3496 1994 ac

1911 2026 2164 2080 monachi
2231 2041 2392 2097 supra
2455 2027 2710 2098 frequens
2770 2028 2950 2084 habita
3007 2030 3210 2086 mentio
3237 2069 3252 2092 ,
3309 2045 3340 2084 a
3395 2045 3495 2086 no-

1911 2115 1996 2170 bis
2033 2125 2138 2180 est,
2167 2127 2222 2172 et
2261 2117 2314 2171 in
2357 2119 2502 2172 hunc
2541 2133 2740 2172 annum
2783 2117 2902 2186 ejus
2945 2119 3174 2174 incurrit
3223 2120 3495 2184 interitus,

1909 2221 2250 2276 nequaquam
2299 2208 2590 2278 ingratum,
2637 2219 2696 2262 ut
2737 2219 2890 2278 puto,
2931 2207 3096 2264 fuerit
3139 2225 3242 2264 nec
3269 2197 3492 2266 cumino

1913 2312 1942 2349 a
1973 2305 2158 2352 nostro
2207 2297 2452 2354 instituto
2499 2299 2732 2354 alienum
2781 2301 2850 2354 de
2893 2299 2986 2352 illo
3035 2301 3282 2369 quaedam
3331 2301 3494 2369 paulo

1911 2387 2218 2440 accuratius
2245 2389 2504 2444 scribere.
2531 2387 2650 2454 llic,
2677 2399 2732 2442 ut
2761 2390 3038 2446 memoria:
3060 2391 3234 2458 prodit
3256 2389 3496 2448 Joannes

1911 2480 2230 2544 monaclms,
2263 2480 2352 2549 qui
2385 2479 2500 2549 ejus
2533 2481 2822 2550 aliquando
2869 2497 3051 2537 comes
3084 2481 3186 2538 fuit
3231 2493 3287 2538 et
3321 2484 3492 2540 vitam

1911 2568 2216 2639 descripsit,
2253 2573 2520 2626 Ravennae
2559 2573 2790 2627 obscuro
2845 2583 3063 2643 propter
3114 2583 3488 2645 paupertatem

1911 2658 2050 2724 loco,
2083 2661 2176 2714 sed
2227 2661 2460 2732 ingenuo
2505 2671 2694 2728 natus;
2733 2673 2862 2718 sunt
2893 2673 3073 2718 tamen
3101 2665 3194 2734 qui
3227 2681 3294 2722 ex
3327 2669 3496 2724 nobili

1911 2752 2268 2810 Honestorum
2293 2755 2494 2812 familia
2524 2767 2703 2812 ortum
2733 2768 2957 2828 putant;
2999 2775 3188 2816 verum
3213 2761 3494 2828 falluntur.

1911 2865 2034 2904 cum
2069 2851 2119 2905 id
2149 2851 2308 2906 Petro
2333 2851 2608 2921 peccaturi
2649 2855 2964 2920 conveniat;
3001 2853 3284 2926 diligenter
3311 2858 3496 2911 onmi~

1911 2939 2012 2994 bus
2037 2941 2319 2995 eharitatis
2347 2942 2534 2998 oﬂiciis
2580 2961 2610 2998 a
2639 2943 2908 3001 Damiano.
2931 2945 3098 3001 fratre
3129 2955 3254 3001 natu
3289 2945 3494 3014 majore

1912 3031 1992 3085 sic
2031 3031 2268 3086 nutritus
2299 3047 2364 3086 ac
2393 3032 2550 3088 bonis
2589 3033 2786 3089 litteris
2835 3033 3076 3090 imbutus
3105 3045 3207 3100 est,
3239 3045 3300 3090 ut
3329 3036 3398 3089 ab
3425 3050 3492 3090 eo

215 3125 428 3170 rentur.
485 3116 582 3171 His
613 3117 818 3174 fractus
848 3119 1150 3174 rationibus
1177 3123 1354 3190 potius
1385 3138 1546 3192 quam
1580 3123 1806 3181 inﬂexus
1835 3105 1880 3166 (ἶ
1911 3119 2014 3174 sibi
2045 3131 2458 3190 cognomentum
2491 3123 2806 3192 ascripserit
2853 3125 3144 3193 vocarique
3171 3125 3406 3179 voluerit
3437 3135 3494 3180 et

213 3205 510 3272 llenricus,
539 3223 598 3262 se
631 3209 682 3263 in
711 3209 990 3280 pontilicis
1023 3213 1349 3268 auctoritate
1391 3213 1632 3269 futurum
1663 3215 1805 3270 aﬂir—

215 3299 400 3360 mavit,
437 3311 606 3368 atque
649 3301 790 3356 hunc
835 3303 1028 3357 habuit
1071 3305 1273 3359 exitum
1317 3305 1637 3362 Germanica
1661 3307 1809 3363 Petri

215 3391 462 3446 Damiani
499 3393 722 3464 legatio.
1483 3397 1496 3412 ’

289 3481 364 3534 lio
389 3497 524 3536 vero
557 3499 698 3537 anno
725 3484 908 3556 (l080)
939 3488 1030 3557 qui
1073 3487 1356 3544 insecutus
1402 3497 1505 3554 est,
1533 3505 1653 3544 cum
1679 3490 1808 3545 Gre-

217 3573 402 3640 gorius
425 3571 512 3627 Vll
537 3591 674 3644 papa
705 3575 1009 3631 Wihertum
1047 3579 1514 3650 archiepiscopum
1547 3581 1806 3637 Ravenna

209 3665 516 3732 profectum
568 3668 828 3736 audisset,
889 3669 1105 3725 Petrum
1151 3671 1418 3736 Damiani,
1485 3671 1606 3728 licet
1651 3685 1810 3730 actate

213 3755 550 3822 confectum,
583 3758 900 3814 Ravennam
947 3762 1180 3832 legatum
1217 3763 1380 3816 misit.
1417 3763 1698 3820 ProfectUs
1724 3777 1806 3822 cst

214 3863 404 3918 magna
449 3851 730 3906 voluntate
759 3851 976 3918 Petrus,
1009 3865 1118 3908 tum
1155 3855 1344 3924 patriae
1391 3855 1653 3912 charitate
1703 3858 1805 3912 im-

213 3941 420 4009 pulsus,
463 3953 576 3996 tum
619 3942 898 4014 religionis
939 3945 1140 4012 studio,
1169 3962 1277 4016 quo
1308 3963 1522 4018 semper
1547 3947 1807 4019 ﬂagrave-

209 4041 294 4084 rat
335 4033 538 4088 tnirutn
587 4033 638 4086 in
678 4033 894 4088 modum
947 4035 1219 4092 incensus.
1271 4037 1628 4092 Accedentcm
1660 4041 1806 4094 cives

215 4119 525 4176 humaniter
552 4131 607 4176 et
636 4140 846 4178 summa
874 4115 1128 4180 comitate
1161 4137 1493 4196 exceperunt
1520 4129 1805 4183 omnibus-

213 4225 312 4278 que
355 4211 552 4266 oﬂiciis
603 4213 806 4266 cultum
855 4215 1086 4286 benigne
1132 4217 1418 4270 audierunt
1464 4219 1530 4274 de
1571 4219 1802 4274 Wiherti

217 4301 489 4370 impietate
523 4303 910 4371 disserentem,
938 4308 1026 4376 qui
1069 4322 1327 4378 perverso
1365 4309 1588 4378 judicio,
1627 4311 1808 4382 negle—

215 4407 402 4468 ctaque
433 4399 720 4468 religione,
753 4400 970 4456 llenrici
1017 4413 1200 4472 partes
1250 4413 1466 4458 secutus
1505 4405 1800 4460 videretur.

213 4485 390 4556 itaque
423 4489 629 4544 hortari
672 4507 768 4545 eos
806 4507 1152 4562 magnopere,
1187 4504 1244 4545 ut
1272 4494 1357 4562 pie
1397 4493 1528 4547 inita
1567 4495 1796 4549 sanctis-

217 4580 326 4632 simi
357 4581 636 4650 pontiﬁcis
671 4583 901 4637 consilia
942 4583 1301 4654 susciperent,
1337 4594 1392 4638 et
1421 4584 1580 4654 justae
1619 4603 1798 4642 causa:

216 4669 391 4726 favere
419 4673 640 4737 vellent,
673 4673 1010 4742 salutariqne
1039 4675 1256 4728 decreto
1291 4673 1356 4728 ab
1379 4675 1609 4730 Wiberti
1635 4677 1797 4731 disci-

213 4759 349 4828 plina
397 4763 516 4830 pios
561 4763 840 4838 fgrtcsque
892 4763 1101 4818 animus
1149 4773 1460 4820 avocarent.
1495 4763 1588 4820 llis
1614 4767 1794 4831 dictis,

215 4869 326 4907 cum
356 4873 606 4927 magnam
637 4855 898 4908 onmium
917 4856 1301 4913 demissionem
1353 4855 1672 4924 intueretur,
1703 4874 1797 4928 po-

217 4945 384 5012 pulum
415 4947 656 5001 damnati
697 4945 1092 5015 archiepiscopi
1125 4947 1450 5017 contagione
1475 4957 1794 5020 corruptmn

221 5035 264 5088 iu
299 5039 524 5106 gratiam
557 5037 818 5092 Ecclesiae
867 5039 1098 5108 recepit,
1143 5057 1203 5097 ac
1255 5048 1539 5096 contracto
1581 5039 1800 5112 piaculo

219 5130 526 5183 auctoritate
555 5127 840 5198 pontilicia
877 5125 1140 5185 liberavit.

279 5219 526 5276 Ravenna
559 5222 780 5278 tandem
805 5221 1080 5278 discedens
1100 5227 1165 5282 ad
1187 5221 1502 5298 pontiﬁcem
1530 5227 1794 5289 aditurus,

1913 3211 2076 3266 scribi
2103 3211 2294 3268 Petrus
2321 3213 2588 3280 Damiani,
2641 3215 2785 3284 quod
2835 3216 3128 3285 contigisse
3175 3216 3228 3270 in
3257 3216 3490 3272 Eusebio

1909 3299 2224 3356 Cmsariensi
2277 3302 2526 3374 legimus,
2575 3305 2664 3372 qui
2715 3321 2744 3358 a
2781 3304 3062 3374 Pamphilo
3109 3307 3284 3361 amico
3313 3307 3487 3362 Euse-

1911 3392 2033 3448 bius
2079 3391 2344 3462 Pamphili
2395 3406 2450 3448 et
2495 3395 2676 3448 vocari
2721 3405 2776 3450 et
2819 3411 2942 3450 esse
2991 3405 3250 3465 perpetuo
3297 3397 3488 3462 voluit,

1911 3499 2217 3552 quanquam
2270 3485 2322 3538 id
2369 3485 2648 3540 observari
2703 3486 2756 3539 in
2811 3487 2970 3541 Petro
3020 3488 3260 3542 Damiani
3311 3497 3487 3558 potest

1909 3580 2050 3648 quod
2099 3580 2214 3649 ipse
2257 3595 2315 3634 se
2364 3589 2572 3634 tantum
2605 3579 2822 3634 Petrum
2855 3580 3088 3650 appellat
3127 3581 3340 3650 reliqui,
3377 3581 3482 3634 Da-

1912 3669 2122 3738 miani,
2187 3671 2502 3742 adjungunt.
2565 3673 2870 3741 Antequam
2923 3673 3189 3727 cucullum
3247 3683 3488 3728 sumeret

1907 3762 2082 3816 bonas
2121 3771 2265 3818 artes
2306 3763 2568 3832 plurimos
2605 3761 2820 3830 publice
2856 3761 3062 3824 docuit,
3099 3759 3260 3832 stylo,
3294 3771 3352 3814 ιιι
3401 3761 3490 3816 illa

1907 3851 2156 3906 ferebant
2203 3851 2470 3906 barbarici
2517 3851 2828 3920 plenissima
2883 3861 3146 3921 tempora,
3199 3853 3330 3906 satis
3374 3853 3487 3904 ele—

1907 3942 2092 4011 ganti:
2128 3940 2272 4009 quod
2313 3949 2368 3996 et
2414 3957 2480 3994 ex
2521 3940 2665 3996 illius
2710 3941 2972 4009 epistolis,
3023 3955 3158 4010 quas
3187 3941 3254 3992 ad
3289 3939 3486 3996 multos

1907 4033 2072 4097 misit,
2117 4043 2172 4089 et
2199 4049 2267 4088 ex
2307 4033 2460 4087 libris
2514 4047 2650 4102 quos
2681 4031 2922 4101 scripsit,
2951 4039 3008 4086 et
3035 4047 3100 4085 ex
3153 4031 3218 4086 iis
3245 4045 3383 4100 quas
3417 4031 3484 4084 ad

1907 4125 2160 4193 populum
2211 4123 2400 4178 habuit
2447 4121 2818 4185 concionibus,
2865 4136 3192 4192 cognoscere
3236 4119 3485 4176 dillicilli-

1907 4233 2052 4269 llttlltl
2101 4231 2206 4270 non
2255 4227 2358 4270 est.
2405 4215 2488 4270 Ab
2542 4216 2758 4270 ineunte
2791 4224 2956 4270 actate
3003 4215 3198 4284 agitari
3247 4213 3490 4268 adversis

1903 4309 2089 4378 coepit.
2140 4307 2275 4364 Cum
2321 4309 2465 4363 cnim
2519 4319 2692 4362 mater
2731 4317 2852 4377 post
2883 4307 3144 4378 plurimos
3173 4307 3310 4362 filios
3337 4307 3482 4360 hunc

1907 4401 2181 4472 genuisset
2225 4410 2576 4470 postremum,
2624 4401 2966 4469 quadamque
3003 4399 3089 4453 die
3123 4407 3248 4452 natu
3291 4395 3484 4463 major,

1907 4503 2060 4564 patre
2097 4492 2400 4556 demortuo,
2426 4491 2654 4546 fratrum
2695 4490 3089 4545 multitudinem
3122 4499 3176 4544 et
3203 4489 3486 4544 h:eredita-

1905 4589 2013 4636 tem
2041 4595 2263 4652 parvam
2303 4589 2744 4649 conquereretur,
2775 4581 2908 4634 adeo
2937 4589 3128 4644 mater,
3160 4593 3320 4648 quam
3345 4579 3490 4648 jam-

1904 4673 1994 4728 diu
2021 4675 2274 4745 egestatis
2300 4675 2454 4729 dolor
2481 4673 2776 4738 cruciabat,
2803 4683 2890 4728 est.
2915 4672 3188 4740 indignata
3217 4685 3280 4725 ac
3303 4672 3492 4729 dolore

1903 4767 2110 4836 percita
2141 4774 2198 4818 ut
2232 4781 2291 4820 se
2321 4765 2576 4820 miseram
2612 4763 2923 4819 exclamans
2958 4771 3121 4831 atque
3167 4761 3396 4832 amplius
3427 4777 3490 4818 ut

1903 4858 2109 4913 viveret
2139 4857 2438 4928 indignam,
2465 4855 2629 4913 Petro
2651 4856 2738 4910 vix
2766 4857 2892 4910 dum
2935 4865 3062 4910 nato
3101 4855 3186 4911 lac
3208 4859 3491 4927 negaverit

1901 4961 1956 5004 et
1983 4949 2116 5004 nihil
2143 4949 2362 5003 assiduo
2407 4947 2629 5004 infantis
2657 4947 2867 5018 ploratu
2919 4959 3190 5004 couunota
3237 4959 3490 5018 expetere

1901 5044 2016 5114 ejus
2046 5057 2232 5098 necem
2261 5041 2557 5106 videretur,
2591 5057 2712 5111 qua:
2757 5041 2914 5110 plane
2958 5049 3078 5094 erat
3125 5051 3489 5098 cunsccntura

1903 5149 2242 5206 nequaquam
2289 5147 2434 5196 sero,
2487 5133 2592 5188 nisi
2645 5131 2808 5197 fame,
2858 5131 3015 5187 simul
3065 5141 3120 5186 et
3167 5133 3218 5187 vi
3265 5131 3482 5200 frigoris

1903 5227 2294 5298 nigrescentem
2339 5230 2394 5274 ct
2437 5237 2572 5278 voce
2619 5223 2735 5275 fere
2780 5221 3135 5284 destitutum,
3184 5217 3482 5276 sacerdotis
