3964 5310
515 284 623 350 1³13

1400 293 1455 349 S.
1482 292 1753 351 PETRUS
1778 290 2128 350 DAMIANUS
2160 289 2219 347 S.
2258 293 2322 347 ll.
2347 294 2411 348 E.
2444 295 2877 353 CARDINALIS.
2970 328 2975 333 ι

3639 313 3727 369 liti

516 411 707 467 mediis
762 406 1078 464 semivivum
1143 406 1402 462 infantem
1457 407 1730 463 revocavit
1777 407 1844 462 ad
1899 406 2084 461 vitam.
2115 407 2164 468 Δ
2192 404 2414 462 minime
2457 409 2715 465 tributum
2763 410 3027 467 accidisse
3069 413 3409 483 existimans,
3435 432 3724 484 commutato

582 500 737 556 Hand
773 501 846 555 ita
877 499 967 554 diu
991 506 1114 568 post
1141 508 1318 555 mater
1351 499 1494 555 diem
1521 515 1677 555 suum
1717 500 1871 566 obiit,
1898 508 1953 555 et
1978 499 2089 554 fra-

511 599 598 647 ter
628 599 756 647 nalu
784 587 955 660 major
979 589 1132 645 duxit
1172 604 1418 646 uxorem.
1463 589 1529 645 Hi
1559 590 1816 662 conjuges
1845 605 1968 647 cum
1997 606 2090 661 ge-

511 697 631 739 rere
673 681 826 754 pueri
854 695 1041 737 curam
1080 679 1220 737 velle
1247 681 1588 743 simularent.
1620 689 1730 736 tam
1759 680 1895 736 dura
1935 680 2086 736 illum

507 773 728 843 acrique
764 770 1084 842 premebant
1123 769 1407 836 servitute,
1436 778 1496 824 ut
1533 770 1580 825 is
1616 784 1723 826 non
1763 770 1922 826 modo
1949 786 2087 842 pane

507 864 773 934 cibisque,
816 876 880 918 ac
906 861 1033 918 vino
1059 861 1273 917 vitiosis
1304 870 1360 917 et
1385 862 1658 933 corruptis
1699 861 1963 930 aleretur,
1990 863 2087 920 sed

506 963 769 1027 perpetuo
812 955 1032 1010 nudatis
1072 954 1304 1026 pedibus
1347 968 1621 1024 pannosus
1666 953 1979 1021 incederet,
2029 963 2086 1011 et

507 1045 692 1101 multis
733 1031 1053 1100 verberibus
1078 1042 1378 1113 vapularet,
1406 1042 1675 1113 pauloque
1718 1044 1977 1114 grandior
2006 1045 2085 1099 fa-

504 1147 627 1190 ctus
665 1133 872 1190 alendis
908 1134 1096 1190 suibus
1120 1132 1508 1203 praeficeretur.
1566 1132 1625 1188 ln
1650 1147 1757 1203 quo
1798 1133 1887 1189 vili
1912 1133 2087 1189 famu-

506 1227 618 1281 latu
647 1241 770 1281 cum
797 1225 885 1280 die
909 1225 1141 1295 quadam
1184 1233 1504 1297 argenteum
1538 1241 1815 1282 nummum
1848 1227 2083 1296 reperis-

505 1325 608 1385 sct,
647 1325 700 1372 et
725 1316 949 1387 perinde
985 1331 1050 1372 ac
1073 1316 1224 1373 dives
1262 1326 1485 1389 repente
1521 1316 1698 1373 factus
1736 1317 2084 1389 gratulabun-

500 1411 605 1466 dus
635 1408 763 1478 quid
798 1422 864 1463 eo
907 1417 1090 1479 posset
1134 1408 1312 1479 aptius
1363 1409 1594 1465 mercari
1646 1407 1789 1464 dulci
1838 1409 2082 1480 appetitu

503 1502 763 1573 puerilem
806 1500 1047 1556 animum
1093 1500 1340 1557 suavium
1382 1514 1562 1556 rerum
1603 1499 1846 1555 omnium
1890 1515 2081 1571 exper-

500 1599 611 1646 tem
639 1606 738 1662 per
766 1590 949 1646 mollia
987 1590 1260 1656 trahente,
1291 1590 1495 1646 diutius
1540 1590 1825 1660 cogitaret,
1866 1591 2079 1647 tandem

503 1682 721 1738 caelitus
743 1679 982 1747 adlatus,
1010 1681 1139 1751 quid
1168 1681 1305 1746 haec,
1350 1680 1558 1751 inquit,
1604 1688 1786 1736 mente
1830 1680 2082 1737 revolvo?

500 1865 790 1920 Praestabit
836 1864 1051 1919 tradere
1089 1864 1194 1920 hoc
1227 1863 1518 1930 sacerdoti,
1547 1863 1641 1935 qui
1671 1878 1828 1920 sacra
1858 1863 1968 1920 Deo
1997 1863 2080 1919 fa-

500 1957 629 2015 ciat.
656 1956 838 2014 Rediit
862 1955 999 2012 alius
1025 1956 1231 2012 interea
1256 1956 1372 2027 ejus
1401 1955 1591 2023 frater,
1618 1956 1704 2012 cui
1732 1965 1850 2013 erat
1880 1971 2079 2013 nomen

502 2048 815 2112 Damianus,
842 2047 1209 2118 Ravennaque
1257 2046 1463 2117 aliquot
1501 2061 1673 2103 annos
1707 2046 1974 2103 abfuerat.
2029 2047 2077 2103 ls

500 2137 689 2210 fratris
734 2149 1004 2192 aerumnas
1044 2135 1357 2201 miseratus,
1402 2150 1527 2192 eum
1558 2135 1613 2190 in
1642 2135 1802 2191 fidem
1832 2145 1888 2191 et
1915 2136 2079 2192 clien-

498 2228 661 2285 telam
693 2226 965 2297 accipiens
986 2233 1232 2291 amanter
1251 2239 1316 2281 ac
1342 2234 1566 2296 paterae
1589 2224 1745 2290 fovit,
1772 2224 2077 2295 litterisque

496 2322 877 2376 instruendum
902 2317 1134 2374 curavit.
1185 2315 1338 2384 Quod
1370 2331 1491 2372 cum
1517 2315 1787 2371 Ravenna:
1820 2314 2074 2385 aliquan-

488 2411 589 2467 diu
618 2408 854 2473 fecisset,
885 2407 1089 2479 optima
1115 2406 1333 2478 cognita
1358 2406 1509 2476 pueri
1538 2403 1738 2471 indole,
1762 2403 2074 2460 Faventiam

482 2503 673 2574 primo
702 2503 872 2569 misit,
917 2516 1038 2556 mox
1061 2499 1342 2566 Parmam,
1371 2508 1433 2554 ut
1460 2497 1649 2554 doctos
1688 2497 1760 2553 ibi
1792 2497 1936 2553 viros
1980 2512 2074 2552 an-

487 2596 655 2651 diret.
688 2595 844 2663 Quod
870 2593 1065 2649 Petrus
1087 2592 1200 2648 suis
1221 2590 1414 2647 litteris
1436 2597 1686 2647 testatur.

477 2718 484 2726 -
565 2684 723 2740 Brevi
767 2691 949 2739 autem
988 2680 1239 2738 liberales
1277 2689 1423 2737 artes
1450 2696 1644 2738 omnes
1677 2680 1922 2748 edoctus,
1955 2689 2073 2737 tan.

494 2786 609 2831 tum
640 2775 875 2831 nominis
908 2789 975 2830 ac
1014 2773 1175 2829 famae
1206 2775 1349 2844 apud
1390 2788 1581 2830 onmes
1609 2774 1835 2844 adeptus
1879 2781 1964 2827 est
1990 2783 2067 2835 ut,

495 2878 705 2919 summa
764 2863 1000 2918 utilitate
1047 2870 1210 2931 atque
1266 2861 1572 2918 auditorum
1618 2860 1924 2932 frequentia
1977 2875 2072 2916 eas

490 2954 709 3009 caneris
736 2952 930 3009 deinde
975 2951 1279 3021 explicans,
1329 2951 1489 3008 facile
1519 2952 1726 3022 primus
1757 2959 1867 3006 tota
1916 2949 2067 3006 Italia

472 3041 809 3097 ’haberetur.
843 3040 1089 3110 Cumque
1113 3040 1169 3097 in
1200 3040 1315 3096 dies
1340 3038 1637 3107 favoribus,
1667 3041 1840 3113 gratia
1866 3040 2067 3112 princi-

2188 509 2348 565 pane,
2390 497 2564 568 primo
2600 497 2718 567 ejus
2759 500 2884 556 bolo
2910 502 3213 569 convaluit;
3256 507 3610 578 quamobrem,
3644 528 3726 570 su-

2186 597 2284 652 pra
2323 600 2488 656 quam
2532 588 2636 644 dici
2667 597 2843 660 potest
2887 590 3062 659 laetus,
3107 596 3320 664 aperuit
3365 600 3562 658 cunctis
3584 603 3725 662 mira»

2186 674 2386 733 culum.

2256 765 2353 823 llis
2394 778 2557 840 atque
2586 771 2708 828 aliis
2737 772 2804 829 ad
2825 774 2919 830 Dei
2960 773 3275 833 famulatum
3327 778 3379 835 in
3426 782 3537 839 dies
3578 787 3725 859 magis

2186 874 2474 928 accensus,
2504 878 2626 919 cum
2656 865 2879 924 omnino
2908 868 2976 925 ab
3003 869 3089 926 bis
3115 871 3336 930 caducis
3379 876 3534 933 rebus
3558 879 3725 938 abduci

2185 948 2594 1038 monachusque
2633 952 2750 1008 fieri
2778 953 3129 1027 decrevisset,
3178 960 3235 1017 id
3264 972 3442 1020 tamen
3487 966 3538 1022 in
3563 969 3726 1038 patriis

2186 1036 2384 1094 finibus
2412 1038 2482 1095 ob
2518 1039 2707 1099 attines
2740 1043 3047 1116 aliquotque
3088 1048 3196 1105 alia
3230 1036 3602 1123 impedimenta
3642 1059 3728 1113 mi-

2184 1141 2286 1183 nus
2315 1136 2487 1184 tutum
2514 1130 2895 1201 arbitraretur,
2925 1136 3039 1193 haec
3066 1139 3392 1211 cogitantem
3419 1143 3725 1218 assiduisque

2183 1218 2434 1286 precibus
2480 1222 2893 1280 contendentem
2939 1241 2972 1281 a
3003 1226 3134 1295 Deo,
3161 1237 3222 1284 ut
3244 1231 3314 1287 ad
3342 1231 3563 1289 salutem
3603 1250 3726 1291 sem-

2182 1308 2448 1379 piternam
2474 1311 2679 1368 aditum
2706 1324 2924 1386 pararet
2965 1332 2996 1371 a
3026 1318 3314 1379 solitudine
3340 1332 3539 1379 sancta:
3564 1323 3729 1382 Crucis

2182 1399 2360 1468 pontis
2383 1399 2676 1469 Avellanae,
2706 1418 2825 1475 qua:
2852 1414 2936 1462 est
2981 1408 3035 1462 in
3059 1408 3338 1480 Eugubina
3374 1414 3605 1482 dioecesi,
3632 1431 3729 1471 mo-

2182 1489 2341 1544 nachi
2369 1491 2496 1559 duo,
2523 1492 2590 1548 de
2617 1494 2813 1564 quibus
2832 1494 2947 1566 jam
2972 1499 3139 1554 multa
3165 1502 3426 1571 prmclara
3455 1516 3727 1576 acceperat,

2183 1577 2440 1637 divinitus
2467 1580 2704 1653 impulsi,
2734 1586 3085 1643 conveniunt.
3112 1589 3207 1646 llis
3233 1592 3447 1658 Petrus,
3472 1604 3726 1667 postquam

2185 1667 2251 1726 de
2276 1671 2388 1727 Deo
2413 1672 2580 1728 multa
2606 1673 2815 1733 locutus
2839 1693 2960 1734 cum
2989 1678 3096 1736 illis
3128 1680 3243 1743 luit.
3278 1684 3454 1755 aperit
3483 1686 3635 1741 animi
3658 1688 3728 1743 sui

388 1832 395 1843 ,
500 1776 695 1831 horum
738 1783 889 1830 certe
933 1772 1183 1843 voluptas
1230 1786 1571 1843 nequaquam
1611 1771 1776 1829 fuerit
1803 1772 2075 1828 diuturna.
2110 1776 2158 1838 Β
2185 1773 2424 1826 sensum.
2457 1760 2697 1834 petitque
2729 1780 2858 1820 num
2918 1768 2986 1823 ab
3011 1783 3201 1826 60mm
3242 1770 3459 1839 abbate.
3485 1774 3531 1829 Si
3569 1791 3729 1831 mona-

2183 1847 2318 1905 chus
2341 1850 2504 1906 vellet
2548 1851 2687 1919 fieri,
2739 1856 3110 1928 reciperetur?
3161 1858 3296 1932 lpsis
3342 1860 3728 1933 afﬁrmantibus,

2178 1938 2336 1995 laetus
2378 1943 2607 2012 spondet
2637 1959 2696 2000 se
2729 1944 2855 2003 illuc
2888 1962 3049 2019 quant
3091 1951 3326 2021 primum
3367 1954 3728 2024 profecturum.

2179 2030 2353 2087 D‘onat
2399 2033 2606 2090 interea
2636 2037 2898 2110 scyphum
2929 2052 3246 2112 argenteum
3272 2045 3611 2105 abeuntibus.
3638 2045 3730 2104 Ve-

2178 2134 2296 2176 rum
2335 2136 2457 2176 cum
2505 2123 2771 2180 instanter
2813 2126 2965 2193 illud,
3018 2130 3164 2186 nullo
3203 2133 3458 2202 precibus
3488 2134 3600 2192 loco
3628 2136 3731 2193 reli-

2177 2219 2286 2277 cto,
2335 2214 2644 2270 renuissent
2691 2226 2853 2287 atque
2901 2218 2971 2274 ob
3014 2219 3066 2274 id
3092 2231 3430 2293 conceptam
3477 2225 3528 2281 in
3572 2226 3730 2281 animo

2177 2298 2328 2355 Petri
2380 2301 2692 2374 religionem
2744 2315 2800 2361 et
2848 2307 3152 2378 opinionem
3206 2326 3397 2369 eorum
3454 2314 3729 2372 sanctitatis

2176 2389 2352 2461 magis
2385 2391 2818 2463 confirmassent,
2871 2394 3113 2453 fecerunt
3148 2401 3225 2455 uti
3258 2403 3433 2472 majus
3468 2404 3633 2461 adhuc
3655 2420 3729 2461 ca-

2181 2480 2443 2537 ducarutn
2490 2483 2682 2539 harum
2715 2501 2896 2542 rerum
2926 2488 3197 2546 fastidium
3223 2491 3419 2551 Petrus
3447 2495 3730 2562 incurrerit,

2174 2585 2277 2628 nec
2299 2574 2589 2645 quidquam
2616 2576 2759 2633 aliud
2788 2578 2892 2634 nisi
2920 2579 3162 2636 coelestia
3192 2586 3481 2655 cogitaret.
3577 2563 3587 2573 ’

2243 2665 2372 2723 Post
2423 2670 2811 2727 monachorum
2859 2673 3177 2744 discessum,
3225 2690 3284 2734 ut
3335 2697 3442 2737 usu
3480 2684 3732 2742 tractanti?

2172 2773 2521 2831 cognosceret
2551 2771 2732 2818 utrum
2767 2764 2883 2837 ejus
2928 2777 3073 2823 esset
3102 2769 3343 2828 laborem
3373 2777 3729 2846 asperitatem-

2170 2866 2278 2922 que
2309 2852 2436 2909 vitte
2481 2855 2711 2924 laturus,
2736 2859 2969 2931 conjecit
3013 2876 3074 2919 se
3120 2863 3172 2919 in
3207 2865 3458 2923 cellulam
3502 2870 3629 2925 satis
3654 2885 3731 2924 ar-

2171 2949 2336 3046 ctam,
2369 2946 2457 3001 ubi
2506 2961 2604 3016 per
2632 2950 2989 3054 quadraginta
3019 2954 3157 3021 dies,
3196 2957 3363 3012 vitam
3408 2958 3561 3029 juxta
3605 2960 3731 3054 leges

2167 3033 2514 3090 eremitarum
2542 3048 2742 3093 sanctae
2779 3038 2971 3099 Crucis
3009 3044 3266 3101 traduxit.
3293 3045 3414 3115 Quo
3444 3033 3728 3121 genere'vi-

492 3146 620 3201 pum
669 3131 872 3186 divitiis
905 3139 962 3185 et
1010 3131 1337 3187 auctoritate
1378 3138 1668 3197 cresceret,
1699 3132 1937 3202 seipsum
1980 3132 2064 3189 in-
2094 3131 2143 3198 ο
2172 3123 2330 3179 vendi
2356 3125 2644 3196 plurimum
2689 3131 2995 3199 roboratus,
3027 3135 3160 3191 nihil
3176 3135 3293 3206 jam
3330 3139 3664 3198 difﬁcultates
3686 3152 3733 3197 et

491 3235 745 3290 crepans,
782 3220 1046 3290 nunquid,
1065 3220 1302 3288 dicebat,
1324 3220 1410 3277 his
1431 3228 1692 3292 perpetuo
1712 3222 1953 3289 caducis,
1984 3232 2065 3280 at—

485 3326 598 3380 que
626 3311 931 3367 iuterituris
957 3311 1111 3367 bouis
1136 3309 1482 3367 inhaeserint?
1522 3327 1590 3365 an
1640 3325 1745 3367 nou
1775 3312 1954 3382 potius
1980 3313 2066 3369 bis

472 3399 816 3465 .valedicens,
850 3400 1089 3456 caelestia
1127 3400 1443 3457 consecter?
1498 3401 1629 3468 Quae
1657 3417 1780 3458 cum
1802 3412 2067 3473 repeteret

488 3491 708 3561 saepius,
755 3490 970 3546 tandem
1014 3489 1278 3561 paulatim
1327 3490 1493 3562 ccepi!
1539 3491 1737 3547 divinis
1780 3492 1974 3547 studiis
2011 3501 2068 3549 et

485 3580 768 3652 obsequiis
793 3594 996 3635 navare
1021 3593 1267 3650 operam.
1321 3579 1509 3651 Itaque
1533 3580 1632 3636 sub
1654 3581 1889 3651 pretiosa
1921 3591 2068 3638 veste

486 3672 667 3729 induit
713 3671 983 3738 cilicium,
1036 3671 1371 3744 mediaque,
1419 3680 1475 3729 et
1514 3672 1712 3745 vigiliis
1761 3688 1825 3729 ac
1872 3673 2068 3731 divinis

486 3762 706 3835 hymnis
736 3762 992 3833 frequens
1023 3760 1264 3817 studium
1295 3761 1538 3827 exhibet,
1569 3776 1800 3832 cumque
1828 3761 2069 3819 libidinis

489 3865 625 3911 mstu
656 3871 760 3925 pro
783 3855 959 3911 aetatis
991 3863 1185 3909 natura
1218 3853 1548 3923 jactaretur,
1585 3853 1780 3910 mediis
1819 3853 2068 3911 noctibus

461 3983 467 3993 .
492 3962 525 3999 e
550 3944 712 4000 cubili
740 3959 965 4014 surgens
991 3943 1147 4013 aquis
1174 3958 1234 3999 se
1270 3941 1613 4015 immergere,
1646 3942 1771 3998 dum
1801 3950 1944 3999 totus
1972 3942 2069 3998 fri-

492 4042 757 4105 gesoeret,
798 4034 1030 4101 indeque
1078 4046 1331 4101 egressus
1374 4031 1429 4086 in
1480 4030 1675 4087 lectum
1720 4031 1940 4090 minime
1984 4047 2067 4088 rc-

492 4125 664 4195 gredi,
713 4125 808 4179 sed
857 4124 1079 4194 psalmis
1127 4132 1289 4194 atque
1337 4123 1553 4194 hymnis
1594 4123 1761 4179 Deum
1814 4126 2065 4180 venerari

491 4226 870 4274 consueverat.

564 4307 758 4363 Mirum
787 4305 950 4362 fuerit
977 4306 1123 4363 dictu
1153 4320 1315 4376 quam
1350 4306 1665 4376 praetiterit
1689 4306 1973 4378 egentibus
2002 4306 2065 4360 li-

454 4452 459 4457 .
490 4396 831 4453 beralitatem
867 4404 926 4451 et
963 4393 1386 4450 munificentiam
1406 4434 1421 4460 ,
1459 4410 1729 4466 quamque
1761 4397 1990 4468 benigne
2014 4406 2069 4453 et

2170 3215 2362 3272 durum
2409 3218 2532 3274 vita:
2589 3219 2734 3277 illius
2782 3226 3002 3281 modum
3055 3227 3279 3296 timens,
3334 3233 3453 3289 suis
3507 3234 3733 3291 omnibus

2168 3306 2374 3375 insciis,
2405 3307 2544 3366 clam
2566 3311 2634 3367 ad
2662 3326 2783 3368 eam
2810 3316 3010 3372 montis
3035 3317 3233 3375 Catrize
3256 3322 3601 3381 solitudinem
3625 3341 3732 3397 pro-

2168 3398 2342 3455 fectus
2373 3410 2480 3456 est.
2509 3401 2725 3474 Excipit
2769 3419 2892 3461 eum
2938 3406 3170 3466 libenter
3203 3410 3391 3480 abbas,
3437 3413 3731 3486 cuculloque

2169 3491 2415 3549 indutum
2454 3494 2546 3550 uni
2593 3510 2661 3550 ex
2698 3498 2975 3554 monachis
3015 3500 3070 3555 in
3123 3502 3464 3574 disciplinam
3517 3506 3731 3562 tironum

2168 3599 2319 3643 more
2368 3586 2550 3642 tradit.
2598 3584 2869 3655 Quantum
2910 3599 3087 3647 autem
3120 3593 3430 3663 profecerit,
3481 3610 3733 3668 quamque

2171 3675 2535 3733 obedientiam
2561 3679 2820 3750 magistro
2843 3683 3304 3755 reverentiamque
3323 3688 3650 3757 prazstiterit,
3672 3702 3730 3742 ex

2164 3781 2230 3823 eo
2258 3765 2414 3824 facile
2440 3770 2690 3842 cognosci
2719 3781 2915 3843 potest,
2944 3775 3087 3844 quod
3118 3775 3223 3832 iter
3249 3793 3371 3835 cum
3416 3789 3731 3853 praeceptore

2165 3870 2333 3927 eques
2379 3857 2739 3929 ingressurus,
2783 3860 3076 3934 jussusque
3123 3864 3192 3922 ab
3240 3881 3337 3934 eo,
3392 3878 3453 3924 ut
3502 3871 3731 3926 indueret

2166 3944 2465 4004 molliorem
2494 3957 2696 4004 vestem
2743 3964 2808 4005 ac
2842 3950 3226 4023 pulchriorem,
3259 3959 3583 4029 magistrum
3617 3975 3728 4030 sup-

2164 4036 2284 4119 plex
2315 4037 2619 4093 obsecravit
2646 4054 2714 4094 ne.
2742 4041 2882 4111 quod
2913 4043 3092 4101 minus
3121 4044 3315 4101 decere
3361 4048 3478 4119 ipse
3512 4050 3728 4104 arbitra—

2165 4127 2325 4181 batur
2357 4128 2688 4198 praeciperet.
2722 4128 2988 4187 Caeterum
3040 4134 3319 4205 magister,
3364 4136 3458 4207 qni
3504 4152 3626 4193 eum
3668 4135 3730 4191 ob

2166 4224 2477 4286 perspectas
2504 4216 2729 4272 virtutes
2753 4218 2909 4274 unice
2936 4220 3213 4293 diligebat,
3245 4234 3635 4295 pmptereaqne
3670 4238 3729 4278 ne

2167 4306 2220 4360 in
2248 4306 2524 4376 publicum
2570 4305 2810 4376 prodiret
2839 4311 2973 4365 adeo
3000 4312 3258 4380 in’cultus,
3287 4317 3512 4385 optabat
3542 4331 3730 4386 nequa-

2167 4409 2326 4464 quam
2364 4395 2593 4452 assiduis
2635 4399 2982 4470 repetitisque
3022 4402 3139 4472 ejus
3167 4404 3417 4474 precibzts
3464 4405 3727 4462 assentiri.

488 4492 575 4559 pie
623 4487 852 4559 prandio
892 4486 1012 4542 illos
1054 4487 1349 4557 exciperet.
1395 4486 1512 4553 Quo
1550 4486 1669 4543 loco
1705 4487 1831 4544 illttd
1864 4504 2064 4558 nequa-
2091 4476 2141 4535 D
2170 4483 2332 4555 Igitur
2353 4483 2564 4552 Petrus,
2581 4501 2647 4542 ne
2662 4487 2822 4542 nimis
2835 4489 3137 4558 praefractae
3150 4494 3394 4562 pertinax
3419 4494 3731 4551 obedientize

485 4595 651 4648 quam
675 4577 892 4635 silentio
915 4575 1127 4633 videtur
1162 4578 1627 4647 praetereundum,
1673 4593 1793 4633 cum
1830 4580 2063 4648 quadam

444 4726 449 4731 .
487 4673 578 4727 die
625 4685 731 4726 una
778 4683 902 4725 cum
949 4667 1120 4724 sodali
1176 4682 1308 4735 suo,
1362 4669 1518 4740 cujus
1571 4684 1733 4740 opera
1788 4670 2059 4735 utebatur,

490 4761 800 4830 pranderet,
831 4772 1008 4829 neque
1031 4766 1185 4813 extra
1218 4758 1434 4813 unicum
1462 4774 1530 4814 ex
1557 4759 1864 4830 sitnilagine
1895 4760 2060 4816 tritici

398 4910 409 4919 κ
491 4866 683 4921 panem
707 4850 871 4905 alium
901 4848 1125 4904 haberet
1154 4847 1457 4918 sedulique,
1490 4849 1580 4919 qui
1611 4850 1798 4905 eodem
1824 4850 1946 4906 cibo
1980 4852 2059 4907 uti

484 4947 881 4998 consueverat,
930 4937 1168 4994 cibarius
1220 4945 1274 4992 et
1319 4938 1669 4993 secundarius
1714 4939 1868 4998 nanis
1916 4947 2061 4995 esset

2169 4592 2510 4651 repugnaret,
2549 4599 2854 4654 quanquam
2902 4587 3142 4642 maximo
3189 4590 3391 4658 pudore
3432 4606 3500 4646 ac
3547 4592 3733 4646 rubore

2163 4671 2416 4736 suffusus,
2463 4674 2604 4743 quod
2651 4690 2770 4744 qua:
2809 4673 3070 4743 rejecerat
3109 4690 3424 4735 ornamenta
3472 4681 3732 4752 recepisse

2163 4764 2462 4829 videretur,
2494 4765 2764 4819 neminem
2795 4765 2990 4821 intueri
3029 4784 3139 4838 prae
3173 4773 3375 4840 pudore
3409 4786 3597 4835 ausus,
3624 4769 3732 4840 pul-

2162 4854 2376 4910 chriore
2407 4855 2625 4910 indutus
2655 4855 2884 4924 cucullo,
2917 4861 3176 4930 magistro
3218 4860 3397 4916 condes
3422 4863 3588 4928 abiit;
3617 4876 3730 4916 cer—

2165 4958 2296 4998 nere
2340 4955 2535 4998 autem.
2568 4947 3014 4998 uucmadmodnm
3061 4950 3284 4998 insemel
3315 4951 3513 4998 retulit-
3549 4963 3732 4998 omnes
