3964 5310
194 393 288 448 177

1023 387 1551 448 PROLEGOMENA.
1592 418 1658 428 -—
1696 387 1753 443 S.
1796 386 1998 446 PETRI
2056 388 2341 446 DAMIANI
2376 389 2531 446 VITA
2573 390 2658 445 ιν.

3347 397 3452 453 178

189 517 301 559 sum
347 499 616 557 cubiculis
662 498 804 554 cocti
869 501 1182 567 sumebant;
1237 499 1533 571 diebusque
1587 513 1756 554 sacrae
1786 500 1830 558 Α
1859 499 2270 556 solemnioribns
2299 500 2459 556 Petro
2488 502 2667 572 pisces
2692 501 2836 558 dono
2883 505 3100 562 mittere
3149 523 3450 569 consueve-

193 595 396 659 inedire,
423 593 604 664 panis,
627 607 732 648 non
754 601 1012 663 quantum
1036 593 1263 663 quisque
1283 593 1466 660 vellet,
1488 592 1584 648 sed
1607 601 1764 647 certa

191 686 414 756 quadam
448 698 706 740 mensura
749 685 1014 754 modoque
1049 686 1409 755 praebebatur.
1459 683 1649 740 Vinum
1675 684 1758 738 rei

194 788 390 833 tantum
423 777 624 832 divinae
655 775 912 831 facienda:
961 785 1018 832 et
1063 777 1279 847 {egrotis
1323 785 1528 841 notum,
1559 775 1759 830 nemini

193 877 467 940 prmterea.
496 867 791 922 Cumvero
823 866 868 922 is
894 876 1037 922 esset
1062 868 1114 922 in
1145 867 1338 938 vigiliis
1363 881 1500 932 mos,
1525 875 1583 947 ut
1607 866 1762 936 signo

194 960 341 1019 dato.
391 957 678 1010 matutinis
729 955 956 1026 expletis
1001 957 1274 1025 precibus,
1317 970 1506 1010 omnes
1535 956 1763 1026 hymnos

193 1050 399 1104 Daviilis
427 1051 741 1114 recitarent,
764 1050 1094 1118 praeveniens
1117 1065 1401 1105 commune
1423 1050 1524 1105 hoc
1549 1051 1761 1120 signum

194 1141 395 1206 Petrus,
421 1142 686 1211 quidquid
708 1151 824 1197 erat
848 1143 1024 1198 noetis
1055 1142 1340 1213 reliquum,
1365 1145 1764 1200 continentibus

192 1231 427 1286 excubiis
455 1231 724 1296 ducebat;
753 1232 893 1286 unde
923 1231 976 1285 in
1021 1246 1156 1287 eum.
1182 1231 1376 1287 incidit
1407 1233 1672 1298 morbum,
1703 1243 1763 1288 ut

194 1322 297 1377 dies
345 1330 641 1392 noctesque
692 1323 962 1377 insomnes
1017 1331 1234 1394 ageret;
1275 1323 1370 1379 sed
1419 1324 1765 1394 temperatior

194 1413 358 1466 lactus
386 1411 682 1467 convaluit.
712 1412 956 1484 Cumque
1001 1413 1151 1469 brevi
1182 1413 1234 1468 in
1264 1429 1528 1469 summam
1559 1416 1761 1470 sancti-

193 1506 306 1560 tatis
361 1505 565 1558 famam
618 1505 902 1570 crevisset,
948 1505 1174 1561 summis
1223 1505 1438 1561 tandem
1492 1505 1760 1576 precibus,

195 1595 428 1652 Cuidone
457 1596 791 1651 Strambiato
819 1595 1150 1662 Ravennate,
1173 1597 1363 1653 abbate
1387 1595 1761 1666 Pomposiano,

194 1687 239 1741 id
264 1689 331 1742 ab
374 1696 578 1744 sancta:
605 1687 796 1744 Crucis
839 1685 1118 1758 praefecto,
1164 1688 1502 1759 impetrante,
1532 1687 1762 1758 Pompo-

191 1780 310 1832 siam
349 1778 603 1843 mittitur,
631 1787 691 1831 ut
733 1779 1027 1835 monachos
1069 1778 1191 1834 illos
1235 1778 1520 1850 praeceptis
1566 1777 1764 1834 divinis

1858 599 1964 654 rat,
1991 599 2172 656 nocte,
2200 606 2320 661 qua:
2350 593 2494 647 diem
2524 591 2763 648 natalem
2806 592 3007 651 Christi
3057 597 3152 653 Dei
3199 601 3452 670 proxime

1857 681 2168 748 antecessit,
2217 682 2360 752 quod
2406 684 2608 739 habere
2654 687 3028 757 antea-pisces
3075 704 3178 744 non
3215 702 3447 760 poterat,

1859 785 2074 826 servum
2124 787 2248 828 cum
2301 772 2448 841 pisce
2503 774 2694 845 grandi
2744 775 2908 831 misit.
2960 777 3091 834 Erat
3129 779 3330 836 fmdum
3383 797 3448 838 ea

1859 870 2018 915 nocte
2045 860 2264 926 calum,
2291 862 2454 917 nuliis
2494 872 2586 917 aut
2614 863 2776 931 lunae,
2822 875 2915 922 aut
2947 867 3177 924 aliorum
3209 871 3448 928 siderum

1861 952 2028 1008 radiis
2074 953 2313 1021 illustre;
2368 965 2424 1010 et
2475 958 2541 1011 ad
2578 967 2893 1028 perpetuam
2925 962 3024 1018 viae
3076 963 3445 1023 difﬁcultatem

1860 1042 2015 1098 nives
2043 1043 2166 1098 alta:
2196 1045 2543 1100 accedebant.
2579 1047 2766 1119 Itaque
2790 1051 2918 1107 dum
2955 1067 3143 1110 servus
3172 1056 3238 1111 ad
3269 1058 3451 1114 excelo

1861 1147 1980 1187 sam
2002 1133 2172 1203 ripam
2200 1135 2554 1204 pervenisset,
2587 1137 2703 1208 ejus
2731 1148 2973 1196 extrema
3003 1144 3229 1200 nimium
3257 1161 3448 1216 perse-

1860 1238 2055 1294 quens,
2083 1223 2233 1296 lapso
2279 1227 2415 1297 pede
2444 1243 2684 1300 praeceps
2720 1229 2947 1288 inferius
2977 1235 3191 1306 agitur;
3239 1248 3295 1293 et
3323 1252 3454 1293 cum

1865 1327 1909 1369 ts
1955 1312 2122 1371 fuerit
2163 1331 2322 1373 casus
2369 1329 2429 1373 ut
2477 1329 2620 1375 totus
2666 1321 2897 1393 discerpi
2935 1323 3092 1382 facile
3118 1327 3454 1401 alfringique-

1862 1409 2146 1476 potuisset,
2176 1411 2385 1466 meritis
2411 1419 2590 1468 tamen
2620 1414 2721 1469 viri
2751 1417 2948 1480 sancti,
2980 1419 3030 1473 vi
3062 1419 3267 1487 divina,
3297 1422 3450 1475 inco-

1862 1496 2022 1553 lumis
2049 1513 2113 1552 ac
2151 1498 2350 1556 illtesus
2383 1502 2576 1567 evasit,
2609 1502 2927 1576 validusquc
2964 1517 3018 1563 et
3055 1508 3236 1564 alacer
3261 1524 3458 1565 excus-

1863 1599 1982 1640 sum
2027 1600 2167 1642 onus
2197 1589 2410 1645 cervice
2457 1593 2770 1663 resumpsit.
2813 1595 3056 1667 Cumque
3103 1598 3333 1654 venisset
3383 1599 3455 1652 ad

1864 1675 2104 1746 Petrum,
2134 1688 2190 1734 et
2213 1679 2413 1735 domini
2447 1697 2641 1737 munus
2676 1684 2984 1751 obtulisset,
3018 1689 3161 1756 quod
3188 1687 3304 1757 ejus
3337 1705 3454 1743 me-

1867 1768 1986 1824 ritis
2028 1771 2291 1827 evasisset
2341 1783 2570 1828 mortem
2625 1775 2874 1846 ingentes
2918 1780 3122 1846 gratias
3169 1781 3297 1852 egit.
3351 1781 3458 1836 Cni‘

193 1868 458 1938 sacrisque
486 1868 681 1922 litteris
709 1868 1034 1934 instrueret;
1071 1868 1142 1922 ibi
1174 1844 1435 1938 transegit
1462 1867 1758 1922 biennium.
1792 1844 1837 1904 Β
1867 1858 2081 1925 Petrus.
2108 1877 2194 1926 ne.
2227 1863 2420 1933 inquii.
2455 1863 2526 1919 mi
2571 1865 2665 1931 mi.
2689 1844 2900 1922 'erl'imli
2925 1844 3136 1924 homini
3179 1844 3242 1924 at:
3267 1871 3454 1925 crimi-

194 1958 294 2024 Quo
315 1959 523 2028 elapso,
548 1957 616 2013 ab
637 1968 838 2015 sancta
863 1957 1050 2015 Crucis
1072 1958 1344 2028 praefecto,
1371 1959 1462 2028 qui
1488 1958 1613 2012 illuc
1639 1973 1762 2013 eum

195 2050 422 2116 miserat,
467 2049 690 2120 suisque
716 2049 998 2106 monachis
1043 2059 1349 2105 revocatur.
1395 2049 1595 2104 Ibidem
1626 2063 1765 2118 pra:-

196 2142 316 2196 fecto
351 2141 508 2211 paulo
535 2150 656 2211 post
683 2151 916 2204 mortuo,
947 2157 1180 2197 renuens
1213 2156 1276 2197 ac
1301 2141 1584 2212 diligenter
1610 2154 1764 2195 recu-

191 2248 323 2297 sans,
377 2233 593 2288 tandem
623 2233 873 2288 coenobio
902 2233 1214 2302 prtefieitur.
1243 2231 1396 2300 Quod
1437 2247 1560 2288 cum
1607 2231 1761 2287 insti-

191 2320 383 2384 tuisset,
431 2321 485 2375 in
538 2319 879 2376 Camertibus
927 2321 1182 2391 primum,
1235 2335 1358 2376 mox
1407 2321 1475 2374 ad
1522 2329 1760 2375 montem

191 2412 422 2483 Regium.
472 2414 566 2483 qui
613 2422 700 2468 est
747 2413 800 2468 in
847 2412 1132 2478 Perusino,
1182 2414 1273 2468 ubi
1318 2413 1511 2469 cellam
1561 2413 1762 2483 reperit

192 2519 332 2572 quam
361 2505 546 2558 divum
572 2503 928 2560 Romualdum
954 2505 1243 2561 incoluisse
1266 2505 1544 2571 ferebant;
1568 2504 1762 2561 deinde

193 2595 237 2647 in
259 2596 577 2662 Faventino,
608 2606 719 2652 tum
750 2598 816 2653 ad
842 2598 1145 2665 Aceretem,
1175 2611 1285 2654 tum
1311 2598 1378 2654 ad
1405 2598 1758 2665 Gaviunium;

191 2703 313 2743 nunc
361 2689 623 2743 Cavinam
655 2688 911 2760 appellari
963 2698 1181 2761 putant;
1221 2698 1406 2761 postea
1456 2690 1510 2744 in
1559 2689 1761 2745 Arimi-

195 2779 327 2833 nensi
359 2779 428 2834 ad
460 2777 800 2834 Marcianum
829 2781 1076 2836 cmnobia
1102 2781 1379 2836 excitavit.

247 2871 371 2926 Cum
402 2886 536 2927 vero
562 2881 711 2928 esset
737 2873 790 2926 in
835 2872 1174 2928 Gaviuniano
1198 2873 1464 2939 cmuobio,
1488 2872 1642 2943 jubet
1675 2875 1762 2930 die

187 2963 402 3031 quadam
435 2963 790 3027 monachum,
831 2965 923 3034 qui
959 2964 1272 3020 ministrare
1317 2964 1417 3020 sibi
1468 2980 1763 3021 consueve-

189 3062 280 3117 rat,
309 3063 495 3123 potum
527 3052 724 3108 afferre
750 3053 850 3110 sibi
891 3069 955 3109 ex
988 3053 1155 3109 fonte.
1181 3053 1330 3110 Fecit
1363 3055 1624 3125 imperata
1654 3057 1758 3110 mi-

187 3143 357 3210 nister,
404 3146 503 3200 sed
535 3160 676 3216 aqua
724 3145 777 3200 in
823 3145 1008 3201 vinum
1044 3155 1276 3214 mutata,
1302 3145 1440 3201 alius
1476 3147 1652 3202 denuo
1688 3149 1757 3204 ab

186 3236 534 3293 assidentibus
567 3237 845 3294 monachis
879 3238 1143 3306 mittitur,
1176 3239 1270 3309 qui
1307 3254 1500 3310 aquam
1543 3239 1752 3296 aﬂ'erat.

1782 3195 1829 3258 C

1865 1965 1992 2004 num
2023 1951 2142 2007 labe
2171 1968 2484 2022 consperso,
2515 1956 2648 2012 velis
2675 1958 2950 2013 ascribere
2980 1961 3122 2030 quod
3148 1971 3450 2030 prtepotctts

1863 2041 2006 2098 Deus
2031 2060 2136 2099 una
2183 2060 2278 2100 sua
2321 2047 2693 2103 misericordia
2727 2049 2821 2118 tibi
2851 2050 3070 2119 elargiri
3108 2067 3213 2106 non
3245 2062 3328 2106 est
3362 2053 3451 2106 de-

1861 2133 2146 2204 dignatus;
2177 2137 2367 2208 gratia:
2410 2137 2484 2192 illi
2529 2137 2626 2194 abs
2671 2148 2723 2194 te
2765 2151 2997 2210 agantur
3041 2141 3133 2213 qui
3175 2157 3446 2211 nusquam

1862 2227 2012 2282 deest
2040 2226 2107 2282 iis
2130 2227 2222 2298 qui
2256 2228 2309 2283 in
2339 2227 2742 2286 calamitatibus
2767 2231 3126 2303 periculisque
3153 2231 3268 2302 ejus
3289 2247 3450 2304 Opem

1861 2318 2176 2389 suppliciter
2202 2319 2511 2390 implorant.
3445 2345 3450 2348 ·

1930 2408 2066 2464 Cum
2099 2411 2226 2469 item
2249 2411 2393 2467 haud
2421 2413 2495 2467 ita
2525 2413 2720 2472 multos
2748 2425 2871 2486 post
2903 2417 3019 2474 dies
3049 2433 3213 2474 unum
3242 2432 3308 2473 ex
3339 2421 3456 2475 suis

1864 2502 2144 2559 monachis
2175 2503 2242 2557 ad
2280 2504 2530 2560 abbatem
2559 2507 2849 2576 quemdam
2885 2509 3140 2574 misisset,
3188 2509 3459 2565 monacho

1861 2604 2043 2649 autem
2091 2595 2291 2650 diutius
2321 2596 2594 2662 abbatem,
2639 2598 2733 2668 qui
2779 2598 2988 2664 aberat,
3038 2609 3356 2671 exspectare
3393 2611 3454 2656 et

1861 2687 2078 2742 tandem
2110 2702 2176 2742 eo
2204 2703 2312 2757 quo
2339 2687 2527 2742 aberat
2575 2688 2834 2744 adhibere
2869 2690 3059 2746 fuisset
3094 2708 3250 2762 opus,
3292 2692 3452 2746 intel-

1862 2774 2050 2846 ligens,
2079 2777 2182 2832 nisi
2214 2777 2316 2832 iter
2344 2787 2506 2834 noctu
2537 2777 2761 2846 faceret,
2791 2781 2857 2834 ad
2885 2783 3244 2852 praestitutam
3278 2783 3380 2839 sibi
3414 2798 3447 2838 a

1862 2867 2022 2924 Petro
2065 2869 2206 2924 diem
2249 2883 2354 2924 non
2389 2885 2511 2925 esse
2558 2884 2925 2938 reversurum,
2952 2873 3088 2929 duce
3124 2875 3223 2929 viae
3266 2885 3448 2944 capto,

1863 2959 1966 3015 iter
1995 2961 2205 3030 vesperi
2235 2961 2567 3032 ingreditur;
2586 2977 2695 3030 nec
2723 2963 2812 3018 diu
2845 2979 3158 3034 processum
3188 2973 3293 3028 est,
3324 2981 3452 3020 cum

1861 3066 1981 3108 sese
2005 3053 2095 3106 diu
2125 3067 2194 3107 ex
2221 3052 2398 3108 oculis
2421 3052 2607 3108 furtim
2638 3053 2914 3110 subduxit.
2939 3055 3125 3126 Itaque
3153 3058 3451 3112 monachus

1865 3144 2084 3214 ignarus
2136 3144 2235 3199 vice
2284 3145 2634 3200 vehementer
2682 3146 2899 3212 anxius,
2947 3156 3004 3202 et
3051 3147 3291 3204 incertus
3341 3164 3454 3218 quo

1863 3237 2125 3302 tenderet,
2153 3245 2340 3307 petere
2365 3251 2395 3290 a
2425 3237 2534 3292 Deo
2565 3245 2624 3291 ut
2650 3237 2868 3307 prmiret
2891 3238 3104 3295 itineris
3124 3241 3254 3305 dux,
3287 3241 3456 3295 meri-

187 3325 286 3393 Qua
313 3329 501 3385 itidem
549 3329 605 3385 in
642 3331 827 3385 vinum
858 3346 1139 3397 conversa,
1170 3331 1444 3386 mandavit
1471 3329 1665 3388 Petrus
1703 3333 1757 3388 id
1859 3327 1928 3382 lis
1953 3326 2093 3397 eius.
2134 3328 2222 3383 ευί
2265 3327 2489 3384 Obedil'e
2517 3329 2830 3401 satagebat;
2862 3346 2960 3386 nec
2985 3331 3074 3386 ditt
3105 3340 3227 3402 post
3263 3347 3452 3402 perve-

186 3431 245 3471 ne
267 3421 517 3488 cuiquam
561 3420 961 3489 patefacerent;
1003 3423 1144 3492 quod
1175 3429 1230 3477 et
1275 3419 1476 3477 factum
1521 3437 1535 3476 :
1573 3437 1671 3478 nec
1703 3422 1756 3477 id
1857 3419 1957 3478 nit.
1985 3434 2092 3488 quo
2138 3434 2198 3474 se
2243 3419 2329 3475 via
2362 3419 2646 3476 Seiedebat
2688 3421 2824 3477 duas
2869 3422 2921 3476 in
2965 3431 3166 3492 partes,
3199 3424 3289 3479 ubi
3319 3425 3454 3479 dum

181 3510 450 3581 quisquam
478 3511 586 3567 nisi
617 3513 686 3568 ab
713 3514 830 3583 ejus
860 3513 1082 3568 interitu
1110 3528 1349 3584 unquam
1383 3514 1623 3569 rescivit.
1857 3509 2103 3567 laesisset
2147 3508 2446 3582 paululum,
2490 3526 2654 3581 quam
2686 3521 2907 3582 caperet
2948 3513 3254 3583 ambigens,
3286 3514 3451 3586 elegit

249 3600 369 3657 Illud
397 3603 568 3657 etiam
608 3601 711 3658 fuit
745 3604 877 3660 satis
903 3603 1118 3661 celebre
1144 3605 1287 3675 quod
1319 3620 1443 3662 cum
1481 3603 1636 3672 juxta
1670 3619 1756 3660 sa-
1859 3600 2072 3656 tandem
2102 3616 2265 3671 quam
2309 3601 2483 3676 magis
2525 3601 2706 3657 tritam
2738 3603 2898 3670 vidit,
2925 3604 3298 3676 aptioremque
3329 3606 3446 3660 exi-

189 3690 366 3746 cellum
395 3709 552 3748 suum
578 3694 796 3764 plenum
825 3695 935 3750 vini
967 3694 1170 3750 dolium
1199 3695 1446 3760 haberet,
1475 3704 1756 3750 transeun-
1855 3692 2118 3748 stimavit.
2157 3692 2422 3749 Cancrum
2454 3693 2582 3749 dum
2625 3706 2855 3750 conatur
2897 3695 2952 3750 in
2982 3711 3104 3751 eam
3143 3695 3448 3764 jumentum

186 3782 318 3837 tibus
341 3783 460 3840 illac
507 3784 773 3839 militibus
817 3794 872 3840 et
919 3801 948 3839 a
999 3787 1279 3842 sacerdote
1322 3784 1505 3840 sacelli
1535 3785 1757 3840 custode
1855 3783 2108 3855 dirigere,
2136 3784 2264 3839 illud
2295 3799 2403 3840 non
2429 3786 2588 3841 modo
2616 3785 2812 3852 renuit,
2844 3787 2939 3842 sed
2975 3786 3135 3842 aliam
3168 3787 3445 3858 ingredie-

182 3881 349 3938 potum
373 3883 698 3945 arroganter
722 3876 1052 3945 petentibus,
1077 3891 1196 3931 cum
1221 3877 1476 3932 sacerdos
1509 3884 1752 3945 vegelem
1854 3876 2034 3930 batur.
2084 3875 2302 3932 Veritus
2340 3885 2519 3932 autem
2573 3877 2872 3933 monachus
2920 3892 2990 3933 ne
3039 3877 3340 3949 jumentum
3393 3878 3448 3934 id

182 3962 478 4029 iudicasset,
512 3974 566 4021 et
593 3967 774 4021 omnia
802 3967 920 4038 ejus
956 3966 1217 4022 foramina
1247 3968 1348 4038 ipsi
1393 3969 1751 4037 aperuissent,
1855 3963 2076 4030 faceret,
2122 3964 2250 4035 quia
2295 3964 2430 4020 alias
2478 3979 2599 4020 eam
2649 3964 2860 4037 ingredi
2909 3966 3052 4021 viam
3105 3975 3443 4030 consuesset,

181 4051 344 4109 vinum
393 4055 813 4126 haudquaquam
863 4057 1078 4128 prodiit.
1120 4057 1392 4128 Suspicati
1421 4066 1548 4112 sunt
1579 4058 1754 4128 primo
1853 4055 2097 4113 calcibus
2129 4071 2195 4111 ac
2225 4055 2539 4113 verberibus
2581 4056 2635 4111 in
2675 4055 2836 4112 aliam
2869 4056 3168 4124 nitebatur,
3193 4057 3445 4128 jumento

180 4159 231 4200 se
275 4162 303 4200 a
356 4147 645 4203 sacerdote
695 4149 969 4220 deceptos.
1020 4150 1206 4220 Itaque
1254 4151 1518 4221 superiori
1552 4160 1755 4207 retecto
1853 4162 1922 4202 ne
1948 4146 2243 4217 quidquam
2275 4145 2640 4208 assemienle:
2673 4145 2743 4202 ad
2777 4154 3080 4202 eXll‘emllm
3111 4161 3235 4202 cum
3288 4147 3451 4202 irrito

181 4233 452 4306 foramine,
506 4249 738 4295 cernunt
791 4255 980 4310 parum
1033 4240 1224 4297 deesse
1287 4241 1429 4306 vini;
1492 4248 1750 4296 caeterum
1854 4238 1974 4295 nisu
2009 4238 2099 4294 diu
2128 4238 2613 4310 decertasset,jam
2643 4237 2858 4294 demum
2891 4240 3178 4310 suspicans
3208 4256 3277 4296 ne
3309 4239 3448 4296 forte

180 4343 478 4400 quanquam
541 4330 856 4401 injiciebant
887 4331 1072 4404 virgas
1098 4332 1149 4386 in
1182 4331 1468 4398 foramina,
1502 4331 1636 4386 nihil
1675 4340 1752 4386 ta-
1851 4329 2067 4385 brutum
2115 4328 2242 4386 illud
2288 4329 2488 4385 animal
2535 4329 2637 4386 sibi
2664 4339 2854 4386 contra
2886 4345 3116 4398 morem,
3145 4330 3328 4386 divino
3365 4331 3448 4386 in-

181 4435 285 4476 men
308 4423 423 4477 vini
455 4439 682 4493 estquam
712 4424 866 4489 exiit,
895 4439 1018 4478 cum
1049 4424 1248 4494 alioqui
1281 4424 1446 4496 virgre
1474 4423 1603 4494 ipsa:
1626 4423 1752 4478 vino
1851 4420 2077 4487 stinctu,
2111 4421 2408 4487 resisteret,
2438 4420 2637 4476 laxavit
2667 4420 2926 4485 habenas,
2960 4430 3016 4476 et
3051 4421 3268 4492 quidem
3302 4437 3446 4475 vano

179 4515 466 4571 maderent.
504 4514 656 4582 Quod
704 4515 1024 4569 miraculum
1055 4530 1121 4570 eo
1150 4515 1313 4570 etiam
1344 4512 1518 4584 majus
1554 4523 1636 4572 est
1673 4515 1750 4569 vi-
1777 4557 1829 4618 Β
1853 4510 2216 4581 nequidquam
2261 4517 2476 4566 eventu.
2509 4509 2882 4566 lnalbescente
2925 4512 3070 4567 enim
3109 4510 3268 4576 cmlo,
3296 4519 3443 4565 recta

181 4617 254 4655 um
297 4605 444 4674 quod
489 4606 778 4675 peregrino
805 4605 991 4675 paucis
1019 4616 1140 4676 post
1168 4607 1318 4662 horis
1343 4607 1531 4662 eadem
1573 4617 1749 4663 lrans—
1777 4599 1827 4618 ⁸’
1855 4615 1914 4656 se
1937 4599 2239 4671 ingressum
2264 4601 2500 4673 agnovit,
2526 4601 2793 4671 pauloque
2817 4610 2940 4671 post
2961 4617 3082 4658 cum
3108 4602 3446 4673 pervenisset

179 4706 320 4751 eunte
377 4712 447 4752 ac
499 4697 598 4752 sibi
657 4697 752 4753 Dei
808 4713 970 4753 causa
1021 4708 1187 4769 atque
1237 4698 1452 4754 nomine
1519 4699 1745 4770 praeberi
1855 4688 1923 4744 ad
1947 4688 2427 4759 coenobiumqum
2454 4689 3017 4760 οοηιῖῧίδεθηῑοπιηῖει
3046 4689 3450 4753 Ρθῑτοῐωνηὶιι

177 4796 343 4851 polum
399 4790 742 4860 postulante,
795 4804 920 4844 cum
973 4805 1222 4846 sermone
1277 4791 1574 4846 sacerdotis
1628 4808 1748 4863 quae

180 4879 423 4935 militibus
451 4882 781 4936 accidissent
823 4882 1097 4937 narrantis
1143 4883 1256 4952 ipse
1291 4881 1601 4947 deterritus,
1633 4898 1749 4938 ma-

177 4982 322 5032 gnum
349 4985 568 5039 sperare
597 4987 656 5028 se
703 4971 1027 5026 beneficium
1062 4971 1371 5037 affirmaret,
1413 4989 1479 5028 ex
1510 4989 1576 5028 eo
1604 4975 1747 5045 quod

1856 4789 2072 4859 Deoque
2105 4798 2268 4859 atque
2299 4788 2374 4843 illi
2402 4789 2606 4859 gratias
2631 4789 2741 4859 egit
2769 4788 3121 4845 immortales.

1925 4880 2046 4936 Pari
2079 4881 2394 4938 meritorum
2432 4879 2656 4946 virtute,
2699 4880 2856 4934 dante
2893 4879 3022 4945 Deo,
3070 4879 3447 4936 adolescentu-

1857 4973 1988 5037 lum,
2042 4986 2200 5044 quem
2259 4973 2327 5027 ad
2378 4971 2689 5042 episcopum
2742 4970 3032 5042 quemdam
3064 4970 3118 5025 in
3169 4971 3443 5042 negotium

188 5058 235 5108 ib
261 5059 598 5118 insolentium
629 5062 819 5132 rapina
851 5060 1118 5118 incolume
1143 5071 1304 5132 atque
1331 5062 1598 5135 integrum
1630 5081 1744 5121 ser-
1854 5063 2117 5130 mittebat,
2151 5062 2379 5133 trajecto
2424 5058 2664 5126 ﬂumine,
2719 5058 2773 5112 in
2821 5058 2950 5113 limo
2979 5058 3088 5114 alte
3124 5059 3442 5122 haerentem,

667 5153 897 5176 ---σι-ιε...
935 5153 1069 5176 ---ιλιι
1103 5163 1257 5176 ..-n---
1307 5153 1405 5176 ..εις
1434 5153 1474 5176 Ξ-
1505 5173 1530 5176 γ-
1561 5157 1606 5176 1η
1634 5159 1647 5176 Ι
1675 5174 1680 5175 γ
1707 5173 1734 5175 γ-

1865 5170 1973 5176 -.-κ
2008 5154 2147 5174 ΞΙΙΑᾘ--
2185 5153 2492 5174 -J_I----W-
2527 5155 2541 5166 ⁵
2587 5169 2638 5172 -.Α
2663 5159 2828 5172 ----,ι
2888 5149 3024 5170 2η--.
3179 5167 3199 5169 Α
3249 5167 3259 5169 μ
3289 5151 3300 5168 I
3383 5150 3418 5168 ⁸.

181 5160 337 5176 ,νηί-..Δ
369 5160 536 5176 Γ.---.-ι
589 5160 897 5176 ...ηνλΑιΑ-..ζοαδ
935 5160 1069 5176 ---ιιι
1103 5169 1164 5176 ..Α
