3964 5310
498 242 603 296 179

1346 260 1351 263 ν
1389 239 1446 303 S,
1487 238 1761 294 I’ETR'JS
1790 235 2156 291 'DAMIANUS
2197 238 2256 292 S.
2294 238 2363 292 Ii.
2404 240 2463 294 E.
2505 241 2936 298 CARDINALIS.

3658 246 3752 303 I80

498 359 688 428 orienti
723 356 915 413 Petrus
956 355 1202 419 Damiani
1236 355 1428 411 adesse
1478 356 1622 410 visus
1668 365 1774 419 est,
1823 355 1915 424 qui
1970 354 2087 409 acri
2113 359 2158 418 Α
2186 353 2543 421 occidentem,
2571 355 2844 411 transtulit
2870 356 2937 410 ad
2965 355 3228 411 orientem
3258 357 3447 422 solem,
3478 358 3567 413 ubi
3595 360 3645 413 in
3673 374 3758 429 pa—

498 447 648 522 vnltu
676 447 951 511 minitans,
977 456 1035 501 et
1059 444 1372 515 objurgans,
1399 447 1543 515 quod
1580 447 1777 517 agresti
1809 447 2085 518 negligent-

498 542 573 621 tia
622 539 868 593 nuntium
912 554 1068 593 suum
1115 537 1251 595 adeo
1293 537 1437 594 male
1481 537 1745 604 aﬂ'eeerit,
1791 541 2085 609 perterruit

496 647 620 687 cmn
653 644 816 699 quam
845 630 1099 689 maxime.
1126 629 1331 687 Somno
1351 630 1517 700 igitur
1535 631 1743 688 solutus
1769 641 2091 702 exspectare

497 723 622 793 dum
650 720 887 786 illuceat,
932 730 989 775 ut
1020 722 1221 783 invisat
1246 721 1514 792 hoSpitem
1543 732 1861 795 quaeratque
1891 726 2085 781 easibi

499 813 628 887 quid
656 812 883 879 vellent;
931 813 1075 883 quod
1103 828 1228 871 cum
1255 822 1402 883 esset
1437 812 1665 881 factum,
1686 823 1745 869 et
1768 830 1921 871 suam
1953 816 2087 870 iter-

497 918 605 972 que
656 904 961 960 molestiam
1008 914 1319 960 enarrasset
1345 944 1373 969 ,.
1414 905 1517 960 viri
1567 906 1739 962 sancti
1791 908 2087 975 potentiam

497 994 779 1061 admirati,
802 996 1064 1071 extollere
1094 996 1186 1052 Dei
1217 995 1466 1067 gloriam,
1490 996 1591 1065 qui
1610 996 1684 1051 sit
1712 996 1766 1051 in
1795 997 1863 1052 iis
1889 997 1979 1067 qui
2013 996 2088 1052 illi

501 1102 570 1153 ex
612 1074 794 1146 animo
839 1091 1084 1146 serviunt
1122 1091 1406 1146 mirabilis.
1460 1091 1611 1146 Adeo
1656 1100 1837 1147 autem
1884 1092 1986 1147 hac
2029 1108 2091 1148 re

501 1181 838 1247 adolescens,
866 1196 1025 1251 qurtn
1069 1182 1263 1237 Petrus
1301 1184 1546 1248 miserat,
1568 1191 1654 1238 est
1678 1192 2000 1249 commotus,
2033 1193 2096 1238 ut

505 1292 759 1339 reverstsxs
780 1277 848 1331 ad
876 1277 1091 1333 Petrum
1116 1278 1192 1333 illi
1230 1288 1491 1334 setotum
1519 1281 1875 1346 commiserit,
1908 1280 2095 1336 brevi-4

504 1381 611 1432 que
640 1374 754 1434 post
787 1366 985 1423 ibidem
1011 1367 1280 1423 cucullum
1313 1367 1573 1423 induerit.

577 1455 842 1525 Gregorio
885 1457 1079 1513 deinde
1134 1459 1364 1528 septimo
1413 1460 1688 1525 hortante,
1741 1476 1774 1517 e
1825 1462 2096 1533 legatione

502 1543 830 1604 Gertnanica
873 1562 1137 1609 reversus.
1191 1563 1288 1618 per
1334 1564 1549 1605 omnem
1599 1551 1830 1618 Italiam,
1881 1568 2099 1608 sacram

503 1635 742 1692 inediam
772 1646 827 1693 et
854 1638 1099 1693 ciborum
1135 1638 1494 1708 jejunitatem,
1526 1642 1614 1698 die
1648 1641 1870 1698 Veneris
1908 1644 1961 1698 in
2002 1644 2098 1698 ho-

2185 446 2320 502 riete
2347 443 2547 502 Christi
2577 448 2726 502 cruci
2752 446 2963 502 subﬁxa
2996 447 3174 518 imago
3197 447 3341 515 picta
3367 449 3579 503 aderat.
3603 447 3759 506 Paulo

2185 538 2350 594 etiam
2379 547 2526 609 post,
2551 538 2691 594 alius
2721 540 3039 606 monachus,
3080 539 3166 594 cui
3198 538 3361 596 Petro
3405 549 3527 596 erat
3554 554 3760 607 nomen,

2186 631 2254 687 ad
2306 631 2614 686 coenobium
2667 631 2803 687 l‘eria
2852 631 3038 702 quinta
3095 645 3409 700 regressus.
3461 645 3588 687 cum
3637 633 3762 687 nihil

2187 724 2363 779 adhuc
2399 732 2583 779 nosset
2611 723 2679 779 de
2716 723 2827 778 hac
2856 723 3056 788 inedia,
3087 731 3244 778 nocte
3272 737 3373 792 per
3398 723 3641 793 quietem
3670 725 3763 780 Pe-

2191 823 2333 869 trum
2365 815 2610 870 Damiani
2640 814 2794 880 vidit,
2822 810 2974 869 illum
3006 815 3075 868 ad
3100 814 3389 884 prandium
3432 814 3766 878 invitantem,

2191 920 2485 976 secumque
2522 907 2956 962 accumbentem.
2989 905 3176 977 Itaque
3205 905 3469 975 postridie
3510 906 3770 976 accipiens

2192 997 2313 1052 novi
2362 998 2502 1052 ritus
2550 997 2927 1067 disciplinam,
2976 996 3149 1063 hctus,
3194 1006 3356 1064 atque
3404 995 3632 1053 alacer:
3677 995 3770 1060 En,

2192 1088 2385 1158 inquit,
2412 1088 2594 1143 divina
2621 1089 2816 1159 gratia,
2843 1088 3146 1159 prandium,
3174 1086 3247 1142 ad
3273 1087 3417 1158 quod
3466 1102 3555 1143 me
3588 1086 3770 1143 Petrus

2195 1183 2444 1238 Damiani
2471 1191 2789 1239 vocaverat.

2266 1273 2362 1329 His
2398 1282 2576 1329 autem
2616 1273 2748 1328 visis
2772 1312 2789 1339 ,
2820 1272 3073 1328 monachi
3119 1272 3204 1327 sui
3249 1285 3442 1326 omnes
3488 1271 3770 1335 commoti,

2197 1366 2289 1438 qui
2331 1366 2404 1420 ob
2452 1364 2505 1423 id
2547 1374 2774 1420 cernere
2798 1362 2974 1419 oculis
3000 1362 3161 1433 plane
3207 1361 3453 1416 divinum
3484 1361 3783 1421 institutum

2198 1457 2327 1513 illud
2353 1471 2476 1513 esse
2497 1456 2840 1521 videbantur,
2872 1455 2942 1510 ab
2965 1470 3031 1510 eo
3059 1452 3320 1524 ﬂagitant,
3346 1462 3408 1508 ut
3430 1452 3479 1507 si
3504 1452 3631 1522 quid

2200 1562 2344 1608 terea
2394 1552 2447 1606 in
2495 1550 2705 1620 reliquo
2748 1549 2914 1615 victu,
2966 1563 3031 1603 ac
3072 1547 3272 1603 vestitu
3322 1546 3785 1615 commutandam,

2201 1642 2604 1713 corrigendum,
2657 1641 3050 1696 detrahendum
3101 1648 3294 1709 putet;
3345 1637 3621 1701 detrahat,
3666 1650 3778 1691 cor-

505 1745 696 1785 norem
724 1733 903 1788 crucis
931 1733 1186 1799 instituit,
1228 1750 1293 1789 ac
1337 1737 1517 1803 potius
1547 1738 1845 1805 antiquitus
1884 1738 2096 1792 institu-
2130 1747 2171 1805 ις
2202 1735 2361 1803 rigat,
2401 1740 2721 1788 commutet.
2757 1728 3122 1799 Quamobrem
3159 1727 3333 1796 magis
3382 1725 3696 1781 adltuc‘vili
3725 1737 3781 1778 ac

508 1828 641 1882 tam,
670 1830 724 1873 et
744 1818 857 1888 jam
888 1820 1000 1878 fere
1029 1822 1416 1889 oblitteratam,
1449 1827 1753 1892 revocavit;
1781 1827 1923 1896 quod
1950 1835 2004 1881 et
2029 1828 2097 1881 de

506 1907 746 1964 horariis
784 1914 1054 1980 precibus,
1091 1915 1291 1985 quibus
1318 1916 1562 1984 quotidie
1592 1917 1730 1972 diva:
1773 1917 1955 1972 Marim
1986 1919 2092 1971 vir-

507 1998 621 2064 gini
663 1999 1014 2071 Christiparm
1061 2003 1277 2058 debitus
1318 2004 1497 2060 cultus
1541 2006 1847 2069 exhibetur,
1898 2006 2096 2062 factum

508 2098 627 2154 est;
656 2088 926 2161 jussitque
954 2092 1197 2162 pontifex;
1219 2095 1286 2149 ab
1308 2096 1580 2161 omnibus,
1606 2097 1695 2166 qui
1724 2098 1895 2152 sacris
1920 2106 2105 2152 essent

507 2180 733 2243 initiati,
766 2181 851 2250 pie
881 2197 945 2237 ac
970 2193 1156 2239 sancte
1180 2186 1427 2254 quotidie
1456 2189 1780 2258 recitandas.
1813 2188 1969 2255 Quod
2000 2204 2101 2243 au-

511 2282 620 2337 tem
651 2270 718 2326 ad
753 2286 963 2327 sacram
993 2269 1107 2328 diei
1136 2273 1357 2330 Veneris
1381 2276 1436 2330 in
1461 2277 1720 2334 honorem
1744 2280 1924 2334 crucis
1952 2280 2105 2335 iusti-

513 2369 691 2423 tntam
715 2377 779 2417 ac
803 2364 981 2431 potius
1011 2373 1316 2421 revocatam
1346 2367 1581 2423 inediam
1602 2379 1835 2439 spectat,
1859 2372 2103 2441 quaedam

512 2456 580 2511 de
616 2456 752 2525 ipsa,
781 2472 902 2526 qum
947 2458 1312 2529 contigerunt,
1359 2460 1579 2516 minime
1621 2461 1920 2516 omittenda
1954 2463 2107 2517 duxi-

510 2563 656 2604 mus.
695 2548 752 2602 In
795 2549 1046 2605 cubiculo
1076 2551 1295 2622 aegrotis
1325 2552 1525 2616 dicato,
1556 2567 1727 2609 senex
1754 2564 1874 2609 erat
1913 2568 2107 2608 mona-

512 2642 673 2705 chus,
706 2641 816 2697 Leo
846 2642 1082 2706 nomine,
1114 2643 1207 2714 qui
1235 2645 1639 2701 continentibus
1674 2646 1950 2716 precibus,
1973 2647 2111 2718 vigi-

515 2730 628 2797 liis,
660 2742 827 2802 atque
857 2734 1186 2790 abstinentia
1232 2750 1265 2790 a
1309 2735 1434 2791 cibo
1455 2735 1682 2807 juvenili
1729 2752 1868 2808 pene
1916 2737 2111 2792 ardore

514 2824 775 2887 intentus,
807 2835 991 2892 nocte,
1016 2841 1137 2896 quae
1166 2826 1309 2882 diem
1337 2829 1631 2898 praecessit,
1659 2843 1766 2899 quo
1792 2830 1879 2884 die
1911 2830 2025 2884 haec
2054 2829 2108 2883 in

518 2915 782 2976 honorem
827 2916 1007 2971 crucis
1049 2932 1205 2973 sacra
1251 2917 1431 2973 inedia
1475 2919 1805 2975 instituenda
1844 2929 1986 2988 erat,
2016 2936 2114 2991 per

523 3005 762 3075 quietem
809 3007 944 3063 vidit
971 3007 1310 3078 frequentem
1355 3010 2113 3067 monachorumconventum

2197 1825 2434 1881 demisso
2470 1824 2638 1879 vestis
2668 1833 2832 1892 atque
2876 1820 3097 1876 habitus
3136 1833 3332 1890 genere
3372 1818 3642 1881 instituto,
3683 1831 3778 1870 non

2197 1918 2378 1972 minus
2426 1911 2773 1970 sermonibus
2808 1913 3064 1978 assiduis,
3110 1924 3274 1980 quam
3321 1909 3452 1964 vita:
3506 1907 3781 1978 exemplis,

2197 2023 2292 2064 eos
2327 2009 2393 2062 ad
2423 2005 2809 2062 cmlcstisvitar
2835 2004 3056 2074 praemia
3093 2002 3375 2057 evellebat.

2214 2122 2219 2127 ί
2272 2098 2391 2166 Quo
2433 2110 2562 2153 vero
2611 2105 2854 2165 tempore
2898 2092 3191 2150 cardinalis
3236 2091 3357 2156 fuit,
3397 2099 3455 2146 ct
3490 2089 3783 2146 Ostiensem

2201 2192 2568 2262 episcopatum
2613 2189 2804 2253 tenuit,
2841 2186 3102 2257 quidquid
3146 2194 3451 2255 supererat,
3486 2184 3542 2237 iu
3586 2192 3789 2253 egentes

2204 2282 2485 2336 allluentcr
2509 2277 2806 2342 eli’undcre,
2836 2292 2904 2332 ex
2942 2270 3046 2330 illis
3075 2270 3361 2330 duodecim
3399 2275 3572 2343 pedes
3605 2287 3790 2342 perpe-

2206 2384 2297 2429 tuo
2324 2373 2568 2437 abluere,
2615 2371 2945 2441 epulumque
2992 2368 3254 2437 prta-bere,
3295 2375 3350 2421 ct
3382 2374 3497 2419 tota
3538 2366 3667 2418 urbe
3704 2378 3786 2434 pu-

2210 2466 2368 2538 pillos
2403 2481 2467 2521 ac
2516 2464 2706 2519 viduas
2734 2462 3055 2535 perquirere
3096 2470 3152 2515 et
3191 2459 3403 2529 iuvare.
3457 2456 3516 2510 In
3561 2455 3793 2511 ctenobio

2206 2577 2304 2632 per
2356 2558 2711 2629 quadraginta
2759 2555 3081 2625 quandoque
3129 2551 3247 2607 dies
3292 2550 3614 2606 comedebat
3658 2547 3775 2601 nihil

2209 2652 2353 2723 quod
2395 2659 2541 2705 esset
2581 2648 2687 2720 igni
2724 2655 2958 2710 coctum,
3004 2642 3100 2697 sed
3143 2650 3349 2696 tantum
3393 2638 3574 2708 pomis
3623 2634 3795 2690 crudis

2213 2744 2417 2812 absque
2460 2740 2571 2794 ullo
2615 2748 2745 2808 potu
2792 2736 3132 2792 vescebatur.
3171 2729 3340 2799 Cujus
3385 2731 3471 2784 rei
3517 2725 3790 2797 discipulus

2211 2834 2349 2904 ejus,
2388 2834 2439 2888 is
2466 2833 2556 2903 qui
2593 2827 2915 2898 conscripsit
2948 2827 3087 2880 hanc
3118 2824 3307 2888 vitam,
3340 2821 3502 2875 testis
3540 2827 3640 2875 cst.
3668 2817 3795 2872 Cou-

2215 2933 2464 2983 suevcrat
2524 2923 2689 2978 etiam
2738 2919 2947 2975 diurnis
2992 2913 3228 2972 horariis
3290 2912 3587 2984 precibus,
3653 2919 3791 2978 atque

2218 3018 2433 3092 hymnis
2459 3013 2774 3078 recitandis,
2819 3009 2951 3066 nulli
2987 3008 3169 3079 podio,
3208 3003 3545 3092 subsellioch
3584 3001 3793 3055 haerete.

520 3098 577 3153 in
610 3098 831 3170 templo,
859 3100 951 3170 qui
976 3100 1094 3157 alba
1120 3101 1291 3156 induti
1321 3111 1491 3168 veste,
1524 3104 1861 3160 suavissimis
1884 3103 2107 3160 vocibus
2134 3103 2178 3166 C
2211 3091 2266 3166 et
2308 3109 2463 3164 initio
2513 3105 2796 3174 utriusque
2824 3097 3288 3169 Quadragesimaa,
3312 3108 3412 3166 per
3444 3091 3679 3148 triduum
3709 3103 3792 3157 pc-

524 3197 578 3243 et
599 3189 855 3258 prtedulci
886 3199 1153 3246 conventu
1178 3193 1473 3248 cantabant
1499 3210 1513 3247 :
1545 3192 1713 3248 Dulce
1738 3193 1960 3265 lignum,
1989 3194 2117 3249 dul-

526 3300 609 3339 us
634 3283 832 3351 clavos,
857 3295 913 3342 et
942 3300 1065 3356 qua:
1095 3286 1289 3341 deinde
1317 3296 1638 3363 sequuntur.
1667 3288 1784 3354 Quo
1808 3289 1973 3344 etiam
2000 3287 2119 3343 loco

531 3390 657 3431 cum
682 3376 968 3432 comedere
992 3390 1368 3443 consuessent,
1393 3380 1623 3449 panibus
1650 3390 1958 3436 exstructas
1996 3395 2118 3436 esse

522 3480 747 3524 mensas
769 3468 1129 3534 nitidissimis,
1153 3470 1479 3528 dulcissimis
1501 3476 1559 3528 et
1583 3473 1937 3543 aspidissimis
1958 3480 2129 3543 atque

530 3560 674 3617 inter
699 3562 994 3617 monachos
1016 3563 1254 3634 undique
1278 3563 1708 3627 discumbentes,
1736 3565 1910 3620 virum
1944 3564 2119 3619 maxi-

528 3667 618 3707 me
663 3653 966 3723 speciosum
1010 3670 1075 3710 ac
1106 3657 1489 3722 venerabilem,
1535 3656 1628 3727 qui
1675 3656 1946 3712 undenam
1983 3656 2129 3727 ejus-

531 3743 680 3801 modi
710 3759 897 3814 panes,
925 3761 1191 3816 nusquam
1223 3748 1291 3801 ad
1322 3746 1465 3801 diem
1494 3747 1612 3807 visi,
1652 3747 1931 3802 venissent
1960 3747 2130 3801 inter-

534 3846 759 3907 rogatus
784 3855 804 3893 :
829 3838 894 3893 lli
926 3848 1074 3901 sunt,
1125 3839 1317 3911 inquit,
1365 3853 1551 3909 panes,
1596 3839 1795 3910 quibus
1827 3838 1921 3894 Illii
1964 3837 2132 3894 Israel

538 3944 738 3984 manna
780 3932 1138 4001 percipientes
1181 3947 1212 3987 e
1240 3933 1401 3996 culo,
1429 3932 1543 3986 aliti
1571 3941 1696 3986 sunt
1737 3933 1789 3986 in
1841 3931 2131 3987 solitudine

541 4017 741 4091 (Exod.
772 4020 909 4091 xvi).
938 4023 1033 4078 Vir
1060 4024 1199 4077 ideo.
1232 4038 1472 4078 mensam
1505 4022 1739 4088 abbatis,
1769 4039 1889 4094 qum
1918 4032 2035 4077 erat
2064 4021 2132 4075 ad

540 4197 3501 4240 WWMW

2217 3204 2363 3258 nitus
2391 3199 2663 3256 abstinere
2700 3196 2843 3251 cibo.
2885 3191 2967 3247 Ad
2999 3190 3142 3260 quod
3175 3186 3511 3249 institutum,
3542 3182 3669 3237 licet
3696 3178 3794 3247 ipse

2218 3296 2493 3351 neminem
2524 3290 2706 3346 verbis
2736 3285 3004 3347 allexerit,
3031 3280 3357 3352 quibusdam
3401 3286 3585 3330 tamen
3626 3284 3795 3327 emno-

2220 3389 2349 3452 biis,
2374 3388 2426 3442 id
2446 3384 2566 3454 ejus
2586 3381 2835 3452 exemplo
2856 3377 3052 3434 deinde
3073 3371 3439 3434 servantibus,
3466 3367 3800 3422 vehementer

2222 3479 2481 3544 laudavit,
2505 3492 2613 3546 quo
2633 3471 2943 3545 diligentius
2967 3477 3080 3524 toto
3104 3481 3172 3521 eo
3201 3463 3379 3519 triduo
3406 3463 3553 3516 intra
3580 3457 3796 3515 claustra

2225 3570 2457 3628 etnuobii
2485 3567 2757 3624 silentium
2793 3568 3139 3618 servaretur:
3174 3556 3467 3611 instituens
3490 3560 3552 3606 ut
3577 3565 3648 3605 ne
3672 3546 3796 3617 quis,

2229 3670 2382 3716 estra
2410 3672 2678 3714 summam
2709 3653 3114 3714 necessitatem,
3151 3647 3523 3703 ealCeamenta
3555 3641 3799 3700 indueret,

2231 3762 2519 3821 antequam
2562 3746 2789 3819 singulis
2836 3744 3026 3799 diebus
3072 3738 3291 3796 Davidis
3334 3750 3528 3792 omnes
3585 3729 3807 3825 psalmos

2233 3820 2596 3897 communiter
2650 3836 3031 3892 absolvissent.
3086 3830 3194 3887 Sed
3239 3829 3307 3884 de
3354 3827 3519 3883 Petro
3578 3820 3807 3878 Damiani

2238 3934 2499 3987 hactenus
2535 3930 2684 3983 satis.

1905 4378 2445 4491 QUIE-DAM

551 4608 736 4720 'Qua:
768 4643 851 4704 ad
879 4644 1071 4705 vitam
1107 4643 1467 4723 laudemque
1506 4643 1579 4705 Β.
1606 4644 1780 4704 Petri
1812 4642 2098 4701 Damiani
2125 4641 2460 4718 pertinent,
2492 4656 2568 4697 ex
2606 4635 2902 4714 gravibus
2934 4630 3352 4710 scriptoribus
3396 4626 3771 4705 deprompta.

1333 5077 1353 5132 Ι

646 5176 748 5230 Leo
780 5170 862 5227 IX
892 5189 1025 5238 papa
1055 5172 1166 5294 Sun.
1191 5170 1349 5239 10I9)
1375 5186 1438 5222 ex
1462 5168 1715 5222 monacho
1741 5166 1856 5218 0rd.
1883 5163 1940 5218 S.
1972 5163 2142 5217 Bene—

633 5247 778 5294 dicti-
810 5245 863 5294 in
892 5245 1053 5294 enisto
1078 5259 1108 5294 a
1133 5244 1201 5294 ad
1229 5256 1346 5293 eum
1373 5241 1565 5294 scripta
1595 5252 1708 5294 qua:
1729 5235 1848 5288 Imb.
1876 5252 2054 5294 opust.
2087 5234 2140 5294 7,

1078 5259 1108 5294 a
1133 5244 1201 5294 ad
1229 5234 1346 5293 eunt
1373 5241 1565 5310 scripta
1595 5252 1708 5307 qua:
1729 5235 1848 5288 Itab.
1876 5252 2054 5297 opust.
2087 5234 2140 5298 7,

633 5247 778 5307 dicti,
810 5245 863 5296 in
892 5245 1053 5310 episto

2249 5046 2445 5104 mentis
2487 5043 2830 5114 pervenisse,
2897 5042 3105 5097 libellus
3150 5055 3311 5112 quem
3367 5045 3557 5094 contra
3606 5026 3808 5102 quadri-

2250 5121 2465 5192 modam
2495 5132 2727 5189 carnalis
2769 5132 3071 5203 contaginis
3097 5129 3408 5200 pollutionis
3442 5128 3665 5180 honesto
3701 5117 3811 5188 qui—

2251 5231 2371 5286 dem
2393 5225 2560 5298 ,stylo,
2587 5224 3005 5305 sed'honcstiori
3037 5224 3245 5278 ratione
3270 5220 3500 5283 edidisti,
3531 5209 3811 5308 manifestis
