3964 5310
237 259 330 314 ιει

235 371 484 428 docuisti.
525 361 652 427 Plus
687 381 770 428 est
799 375 956 428 'euim
1000 388 1166 444 opere
1201 373 1420 434 docere,
1448 383 1612 438 quam
1665 383 1812 424 voce.
1849 383 1892 440 Α

235 466 592 536 Quapmpter,
643 473 862 522 auctore
907 467 1038 530 Deo,
1087 465 1320 536 palmam
1357 461 1824 518 ohtinebis.victo-

239 561 360 624 riae;
387 569 442 614 et
474 575 598 614 cum
624 559 740 624 Dei,
767 571 822 614 et
849 558 1088 630 Virginis
1123 557 1258 613 Filio
1285 555 1552 611 laetaberis
1577 555 1632 610 in
1655 555 1822 616 ccrle-

237 653 300 708 sti
349 653 661 716 mansione;
713 661 767 706 et
815 661 892 706 tot
939 649 1286 706 mercedibus
1336 647 1446 708 eris
1491 645 1820 710 cumulatus,

237 749 358 811 quot
386 741 592 810 ereptis
631 757 728 812 per
755 751 806 796 te
842 757 870 795 a
912 741 1114 796 diaboli
1151 739 1362 810 laqueis
1397 737 1570 792 lueris
1613 736 1822 792 consti-

237 843 408 903 patus,
435 842 494 888 et
517 833 916 904 quodammodo
951 841 1266 889 coronatus.
1339 859 1342 866 -

239 1021 525 1076 Marander
557 1021 616 1075 11
645 1039 778 1091 papa
811 1023 922 1088 (an.
969 1019 1148 1090 1061),
1185 1021 1250 1074 de
1280 1020 1671 1090 religiosissima
1707 1016 1818 1091 Pa-

301 1104 434 1146 trum
489 1087 947 1150 Benedictiimrum
987 1087 1194 1160 familia
1244 1087 1436 1160 optime
1479 1091 1716 1154 meritus,
1765 1087 1821 1140 in

297 1163 522 1232 quodam
551 1179 648 1218 suo
673 1163 976 1232 diplomate.
1017 1161 1118 1232 Ap.
1153 1179 1234 1214 me
1265 1177 1392 1215 mss.

296 1253 622 1308 ALEXANDER
659 1253 968 1324 episcopus,
1001 1269 1194 1308 servus
1227 1267 1510 1309 servorum
1541 1250 1661 1314 Dei,
1697 1263 1817 1304 om-

235 1344 380 1398 nibus
413 1345 729 1414 eugubinis,
756 1343 924 1418 clero,
951 1351 1008 1398 et
1035 1343 1252 1418 p0pulo,
1283 1341 1532 1420 fidelibus
1561 1339 1818 1396 videlicet

236 1435 286 1490 S.
315 1435 484 1500 Petri,
509 1445 564 1490 et
597 1437 788 1502 nostri,
827 1428 1078 1506 salutem,
1117 1443 1172 1490 et
1201 1419 1560 1506 apostolicam
1595 1431 1818 1486 benedi-

234 1528 476 1582 ctionem.
509 1526 627 1582 Non
651 1529 864 1598 ignoret
889 1535 1076 1583 sancta
1107 1539 1286 1582 vestra
1319 1525 1555 1591 devotio,
1583 1524 1818 1580 dilectis-

233 1619 342 1674 simi
363 1617 596 1684 fratres,
620 1628 676 1684 et
721 1619 840 1682 ﬁlii,
869 1619 994 1689 quia
1025 1617 1321 1674 Ecclesiam
1350 1615 1658 1672 charissimi
1709 1613 1816 1670 fra-

237 1709 342 1772 tris,
367 1715 420 1760 et
450 1707 760 1776 coepiscopi
793 1709 963 1762 nostri
999 1707 1142 1763 Petri
1171 1705 1442 1773 Damiaui,
1473 1706 1526 1760 in
1569 1705 1630 1760 ll.
1659 1705 1816 1760 Luca:

234 1796 570 1867 evangelista;
615 1797 836 1882 upmine
883 1781 1422 1876 consecratamhnos
1468 1797 1522 1850 in
1563 1797 1622 1850 Β.
1673 1793 1819 1850 Petri

235 1889 590 1958 apostolorum
637 1891 922 1960 principis,
972 1900 1266 1960 nostraque
1313 1890 1476 1944 tutela
1527 1905 1590 1944 ac
1631 1889 1820 1944 defen-

236 1981 372 2034 sioue
399 1981 762 2052 suscepimus,
796 1991 902 2036 etc.

235 2141 522 2222 Desiderius
553 2147 712 2214 abbas
756 2141 867 2229 (an.
903 2151 1080 2226 i062i,
1126 2164 1276 2216 sacri‘
1295 2161 1510 2215 cceuobt'i
1543 2159 1606 2216 S.
1645 2157 1816 2216 Bene-

293 2229 414 2302 dicti
441 2233 665 2302 Antoniis?
689 2229 989 2302 CasiuiLS.
1015 2231 1080 2286 R.
1117 2230 1182 2302 E.
1223 2232 1394 2302 presb.
1426 2233 1581 2302 card.
1751 2231 1812 2288 S.

293 2299 544 2362 Care-ilice,
577 2301 666 2368 qui
697 2311 744 2353 et
889 2301 1062 2356 Victor
1089 2301 1184 2356 III
1217 2299 1370 2372 papa,
1396 2301 1505 2354 lib.
1541 2315 1578 2354 ιι
1631 2300 1816 2356 Dialo-

290 2386 472 2439 gorum
493 2387 734 2434 suorum.
753 2371 862 2440 τᾼρι
891 2389 971 2426 me
1003 2390 1128 2440 mss.

233 2499 242 2508 .
291 2461 584 2518 Multorum
639 2463 868 2518 fratrum
921 2464 1229 2520 testimonio
1281 2465 1442 2521 didici
1501 2464 1645 2530 inec,
1697 2481 1817 2536 qua:

229 2563 404 2608 nostro
435 2555 622 2608 curavi
653 2555 919 2610 adnotare
949 2555 1152 2622 libello,
1182 2565 1238 2610 et
1275 2556 1402 2611 licet
1443 2556 1633 2612 Petrus
1657 2571 1817 2612 vene-

228 2643 408 2698 rabilis
436 2644 706 2710 Ostiensis
729 2646 1016 2720 episcopus
1045 2647 1100 2702 in
1143 2639 1418 2716 sermone,
1461 2663 1622 2718 quem
1653 2649 1706 2702 in
1738 2648 1818 2702 vi-

227 2740 360 2810 giliis
391 2740 452 2793 B.
471 2739 546 2792 Ρ.
575 2740 856 2796 Benedicti
893 2739 1180 2810 legendum
1209 2727 1638 2808 luculentissime
1667 2755 1816 2794 com-

227 2832 420 2900 posuit,
467 2831 520 2885 id
548 2831 848 2902 eleganter,
877 2833 1240 2902 decenterque
1277 2833 1606 2902 inseruerit;
1638 2842 1816 2888 tamen

225 2923 360 2977 inter
403 2933 608 2978 caetera
655 2924 937 2988 miracula,
985 2939 1130 2992 quae,
1164 2907 1507 2994 omnipotens
1557 2925 1699 2978 Deus
1747 2926 1814 2978 ad

223 3013 432 3069 laudem
459 3015 545 3070 sui
571 3015 828 3080 noluistis,
855 3025 1043 3071 nostra
1072 3015 1238 3071 etiam
1269 3017 1528 3070 memoria
1582 3025 1688 3070 etc.

961 3106 1048 3162 iV.

219 3195 688 3270 -Leo_llarsicanus
717 3196 834 3270 (an.
863 3196 1042 3270 l_l_l88_),
1069 3175 1356 3270 mdnaclms
1395 3204 1442 3270 et
1476 3193 1812 3270 bibliotheca-

218 3307 226 3314 .
291 3268 572 3338 ἀδικείμεῖί
615 3265 836 3338 ,crenqbii
876 3265 1530 3338 Casinepsis,'sancta"que
1561 3265 1813 3338 Romamn

291 3335 544 3391 Ecclesia:
585 3335 740 3406 card.
797 3339 954 3404 episc.
1000 3335 1228 3392 ostiens.
1277 3354 1392 3406 cap.
1441 3335 1588 3400 iiii,"
1630 3337 1722 3391 lib.
1769 3353 1807 3393 ιι

291 3406 676 3462 Chronicorum
711 3405 1100 3462 Casiniensium.
1139 3409 1239 3478 Ap.
1277 3405 1360 3461 me
1400 3423 1526 3462 mu.
1561 3423 1626 3462 ex
1659 3421 1812 3463 auto-

221 3487 228 3514 ῖ
293 3480 512 3546 grapho.
569 3511 572 3514 -
701 3509 704 3512 -
913 3505 920 3528 τ
1075 3501 1086 3530 .-
1307 3493 1324 3534 ἢ
1381 3499 1420 3514 -·
1511 3513 1529 3520 ~-

295 3569 498 3624 luterea
547 3569 848 3640 Gregorius
909 3571 978 3625 de
1025 3569 1278 3626 Alberico
1321 3571 1698 3626 uaterenensis
1759 3579 1814 3624 et

217 3655 884 3726 ‘Tuscuianensiscomes,
926 3668 1206 3730 comperto
1253 3659 1500 3714 Romano
1541 3659 1812 3730 pontificis

222 3749 384 3814 obitu,
409 3752 626 3808 sociato
649 3751 752 3812 Sibi
781 3751 1014 3818 Girqrdo
1035 3753 1101 3808 de
1127 3750 1342 3814 Galera.
1365 3760 1424 3826 et
1445 3751 1810 3812 Romanorum

221 3843 514 3908 potentium
555 3843 781 3914 aliquot,
831 3853 1094 3897 nocturno
1124 3853 1367 3912 tempore
1405 3858 1528 3898 cum
1573 3851 1811 3898 arnuito—

225 3947 334 3985 rum
379 3933 556 3988 turbis
595 3934 854 3988 Ecclesiae
897 3931 1020 4002 jura
1067 3935 1404 4004 pervadunt:
1448 3942 1502 3988 et
1545 3931 1809 3990 Joannem

213 4020 650 4086 'Veliternensem
691 4025 1028 4096 episcopum,
1074 4024 1326 4088 Mincium
1369 4033 1566 4094 .postea
1609 4039 1813 4093 cogno-

223 4115 504 4180 minatum,
533 4117 728 4185 papam
773 4115 1448 4180 constituunt,'Beuedicti'
1485 4116 1703 4182 nomine
1735 4115 1811 4170 illi

223 4206 490 4276 imposito.
523 4205 680 4272 Quod
705 4222 828 4261 cum
857 4207 1048 4262 Petrus
1067 4191 1328 4262 'Damiani
1369 4206 1473 4275 (vir
1504 4206 1658 4262 valde
1685 4207 1812 4262 reii-

203 4301 418 4367 giusus,
444 4315 608 4370 quem
633 4299 698 4355 eo
721 4302 964 4371 tempore
989 4300 1298 4372 Stephanus
1327 4317 1460 4372 papa
1493 4302 1811 4358 distractum

203 4389 282 4443 πώ
315 4405 524 4456 eremo,
574 4391 628 4444 in
667 4390 905 4446 Ostiensi
943 4391 1186 4446 Ecclesia
1229 4392 1540 4462 episcopum
1585 4393 1810 4464 fecerat)

883 213 1420 314 recensens-ss.
1463 283 1534 293 --
1572 247 1986 306 resrmom
2019 251 2104 306 ne
2130 252 2186 306 s.
2231 253 2821 332 peruenturum.

1903 2911 2056 2964 ‘iaret
2116 2909 2372 2980 populum
2444 2911 2810 2965 Christianum
2865 2929 2877 2964 :

3397 259 3504 332 ts:

2641 375 2748 428 .V.

1931 465 2236 536 Lamberlus
2256 465 2790 536 iSchasnaburgensis
2818 465 3105 536 monac/ms
3151 463 3504 536 Hirfeldensis

1997 535 2115 590 ard.
2142 535 2203 592 S.
2238 535 2530 606 Benedicti,
2558 533 2633 606 jn'
2653 533 2892 606 Historia
2918 536 2983 590 de
3019 535 3170 589 rebus
3193 533 3352 605 gestis
3375 534 3508 592 Ger-

1995 621 2289 669 manorum,
2324 603 2392 658 ad
2420 601 2509 660 mi.
2541 603 2601 660 C.
2635 607 2722 658 an.
2757 604 2915 662 1069.

1991 717 2311 774 imminente
2407 721 2518 790 jam
2607 721 2730 782 die,
2815 721 2904 792 qui
2985 721 3283 776 scindendo
3357 721 3502 794 regis

1925 807 2172 880 (Hem-iri
2201 807 2302 862 ΙΙΙ
2339 819 2460 878 post
2487 801 2646 880 imp.)
2681 809 2934 880 conj'ugio
2971 799 3150 866 dictus
3171 811 3370 875 fuerat,
3405 829 3504 866 rex

1925 899 2258 970 Moguntiam
2311 901 2561 955 concitus
2629 903 2977 971 properabat.
3039 901 3108 956 Et
3175 917 3306 958 ecce
3360 903 3500 958 inter

1921 993 2178 1048 cumdum
2209 993 2473 1064 comperit
2521 992 2754 1064 legatum
2796 995 2940 1050 sedis
2987 995 3298 1064 apostolica:
3339 1011 3497 1050 suum

1921 1083 2206 1164 Moguntiee
2251 1086 2543 1164 adventum
2589 1085 2909 1155 praestolari,
2938 1087 3032 1155 qui
3069 1087 3351 1142 dissidium
3379 1087 3500 1140 fieri

1919 1161 2225 1242 prohibeat,
2260 1161 2614 1246 et'episcopo
2661 1173 2988 1246 Moguntina
3023 1175 3332 1246 apestolicaa
3385 1173 3504 1228 ani-

1920 1263 2310 1319 madversionis
2327 1265 2651 1320 sententiam
2666 1267 2969 1332 minitetur,
2983 1246 3125 1336 quod
3143 1275 3250 1326 tam
3275 1265 3495 1320 nefaria:

1921 1357 2283 1427 separationis
2327 1373 2388 1414 se
2435 1367 2712 1414 auctorem
2742 1359 3076 1429 promiserit.
3105 1358 3500 1414 Consternatus

1921 1449 2088 1515 illico,
2111 1449 2254 1519 quod
2289 1465 2402 1504 rem
2435 1449 2526 1505 diu
2563 1459 2878 1520 exeptatam
2911 1451 3242 1521 perdidisset
3267 1467 3296 1506 a
3331 1451 3504 1504 mani»

1919 1539 2040 1608 bus,
2071 1541 2278 1612 pariter
2307 1553 2418 1611 quo
2447 1551 2674 1596 venerat
2701 1543 2756 1596 in
2792 1541 3088 1597 Saxoniam
3135 1542 3314 1598 redire
3353 1541 3506 1598 vole-

1919 1632 2029 1686 bat.
2067 1631 2165 1686 Vix
2192 1640 2247 1686 et
2299 1646 2441 1703 aegre
2491 1642 2672 1687 tamen
2727 1633 3024 1689 amicorum
3063 1631 3304 1690 consiliis
3339 1648 3504 1701 supc-

1850 1724 1898 1816 ‘B
1927 1731 2095 1788 ratus,
2129 1737 2195 1777 ne
2226 1722 2498 1792 principes
2529 1722 2680 1791 regni
2715 1721 3095 1786 frustraretur,
3127 1737 3261 1792 quos
3289 1737 3502 1776 summa

1925 1812 2226 1884 frequentia
2271 1811 2430 1876 ,sibi.
2515 1812 2804 1882 Moguntina
2874 1827 3166 1868 occurrere
3223 1810 3502 1882 iussisset,

1917 1902 2314 1959 Franconefurt
2333 1903 2466 1957 abiit
2499 1922 2512 1956 :
2545 1902 2728 1972 ibique
2755 1917 2874 1968 eos,
2911 1903 3002 1971 qui
3031 1902 3320 1971 Moguntize
3372 1917 3502 1958 con-

1919 2007 2199 2063 venerant,
2232 2005 2437 2052 statuto
2473 1997 2560 2052 die
2603 1997 2796 2053 adesse
2837 1997 3020 2066 jussit.
3053 1995 3206 2063 Quod
3230 1997 3356 2051 dum
3385 1995 3500 2050 fre-

1919 2097 2148 2159 quentes
2175 2085 2698 2148 renissent,-Petrus
2717 2087 3018 2142 Damianus
3049 2087 3122 2158 (is
3144 2087 3352 2157 legatus
3377 2096 3500 2141 erat

1917 2181 2064 2236 sedis
2091 2179 2532 2251 apost'oiicze,vir
2559 2187 2723 2236 atate
2747 2190 2803 2236 et
2831 2180 2956 2235 vita:
2980 2180 3288 2234 innocentia
3315 2179 3505 2234 admo-

1915 2273 2048 2326 dum
2094 2269 2448 2340 rev'erendus)
2479 2272 2736 2326 mandata
2763 2271 3014 2340 exposuit
3047 2269 3280 2324 Romani
3317 2269 3498 2338 ponti-

1918 2363 2054 2432 ﬁcis,
2101 2365 2392 2435 pessimam
2463 2379 2600 2430 rem,
2661 2373 2718 2419 et
2775 2365 2843 2420 ab
2899 2363 3116 2419 nomine
3167 2363 3500 2426 Christiano,

1917 2457 2114 2510 nedum
2145 2457 2212 2512 ab
2260 2457 2412 2528 regio
2459 2457 2688 2512 multum
2739 2458 3128 2512 abhorrentem
3166 2471 3306 2523 esse,
3338 2472 3500 2526 quam

1909 2545 2204 2614 moliatur.
2227 2547 2284 2618 Si
2328 2547 2508 2602 minus
2541 2547 2814 2622 .humauis
2855 2547 3087 2618 legibus,
3115 2548 3200 2602 vel
3233 2563 3500 2602 canonum

1915 2623 2290 2691 sanetiouibus
2328 2645 2648 2701 terreretur,
2687 2645 2940 2706 parceret
2979 2638 3172 2692 saltem
3217 2636 3398 2702 faime,
3445 2650 3502 2691 et

1916 2727 2307 2782 existimationi
2333 2730 2594 2797 propriae;
2631 2743 2695 2784 ne
2726 2729 2937 2785 scilicet
2959 2739 3067 2785 tam
3099 2729 3225 2785 findi
3266 2729 3502 2800 exempli

1917 2833 2209 2885 venenum,
2241 2819 2308 2873 ab
2353 2835 2476 2888 rege
2516 2827 2732 2890 sumpto
2771 2819 2946 2885 initio,
2984 2829 3153 2876 totum
3183 2834 3499 2874 commacu—

2931 2921 2986 2966 ct
3035 2912 3128 2982 qui
3185 2910 3330 2966 ultor
3379 2923 3504 2964 esse

1917 3002 2192 3057 debuisset
2219 3001 2535 3068 criminum,
2565 3003 2690 3074 ipse
2709 3013 2883 3070 actor,
2911 3015 2966 3059 et
2999 3003 3230 3074 signifer
3251 3004 3406 3058 ﬁeret
3429 3005 3499 3056 ad

1839 3103 1884 3164 (ς
1917 3091 2200 3165 ﬂagitium.
2245 3092 2526 3149 Postremo
2563 3095 2610 3150 si
2649 3110 2756 3151 non
2781 3093 3090 3152 flecteretur
3117 3095 3404 3160 consiliiis,
3439 3109 3498 3147 se

1916 3183 2221 3240 necessario
2235 3184 2345 3240 vim
2359 3183 2788 3240 ecclesiasticam
2803 3185 3139 3250 habiturum,
3151 3193 3207 3239 et
3227 3199 3498 3238 canonum

1915 3273 2030 3346 lege
2081 3275 2258 3330 scelus
2297 3275 2726 3346 prohibiturum.
2778 3275 2858 3330 Ad
2931 3276 3044 3330 lucc
3091 3275 3206 3330 suis
3251 3273 3506 3328 manibus

1916 3359 2606 3436 nunquam-imperatorem
2634 3367 3066 3423 consecrandum
3093 3367 3230 3431 fore,
3261 3367 3352 3436 qui
3388 3373 3499 3419 tam

1913 3455 2190 3528 pestilenti
2228 3455 2493 3530 exelnpio,
2553 3459 2818 3530 quantum
2881 3461 2934 3515 in
2993 3475 3052 3515 se
3105 3467 3268 3523 esset,
3335 3458 3495 3514 iidem

1912 3551 2278 3605 Christianam
2331 3551 2678 3620 prodidisset.
2719 3550 2855 3606 Tum
2891 3565 3018 3606 vero
3063 3551 3116 3604 in
3163 3564 3286 3604 eum
3327 3549 3500 3602 coorti

1913 3655 2100 3696 omnes
2126 3641 2216 3709 qui
2241 3642 2486 3705 aderant,
2511 3641 2808 3710 principes,
2833 3641 3069 3704 aiebant,
3099 3653 3252 3707 requa
3276 3651 3510 3692 censere

1891 3721 2216 3784 ’l'iiima'num
2261 3729 2595 3801 pontificem,
2643 3739 2699 3784 et
2737 3745 2836 3800 per
2873 3731 3040 3784 Deum
3088 3729 3371 3798 rogabant,
3429 3742 3500 3781 ne

1914 3822 2118 3875 crimen
2157 3819 2384 3875 inferret
2421 3821 2606 3890 gloria:
2652 3835 2786 3886 suae,
2816 3829 2872 3874 et
2893 3821 3028 3890 regii
3059 3819 3294 3874 nominis
3324 3817 3492 3887 maje-

1913 3922 2110 3969 statem
2179 3923 2286 3966 tam
2351 3913 2522 3984 turpis
2602 3913 2730 3967 facti
2795 3911 3102 3968 colluvione
3176 3907 3490 3966 macularet.

1914 4007 2190 4079 Praeterea.
2227 4023 2294 4062 ne
2322 4008 2639 4077 parentibus
2667 4009 2866 4080 reginae
2900 4023 3122 4082 causam
3149 4007 3471 4063 defectionis

1914 4109 1968 4156 et
1990 4100 2193 4171 justam
2236 4099 2516 4166 turbanda:
2561 4097 2869 4170 reipublica:
2911 4100 3254 4156 occasionem
3300 4100 3492 4156 daret:

1915 4195 2004 4264 qui
2032 4195 2075 4254 si
2115 4195 2213 4247 viri
2247 4203 2451 4258 essent,
2498 4209 2620 4248 cum
2669 4195 2837 4248 armis
2881 4203 2938 4248 ct
2965 4195 3159 4264 opibus
3202 4193 3498 4264 plurimum

1914 4297 2154 4357 possent,
2181 4299 2385 4342 tanturn
2419 4287 2540 4340 lilia:
2567 4302 2677 4342 sua:
2697 4286 3081 4341 contumeliam
3113 4285 3486 4354 proculdubio

1917 4377 2112 4447 insigni
2133 4377 2314 4446 aliquo
2334 4375 2576 4430 facinore
2597 4377 2866 4446 expiaturi
2891 4385 3091 4429 essent.
3120 4373 3231 4427 liae
3252 4374 3498 4428 oratione

201 4489 590 4556 'cmuperisset,
623 4503 728 4542 una
761 4501 884 4542 cum
925 4485 1290 4541 cardinaiibus
1319 4486 1486 4554 ctepit
1514 4486 1805 4552 obsistere,

1920 4467 2121 4523 fractus
2151 4467 2347 4537 magis,
2377 4481 2538 4536 quam
2575 4465 2802 4520 inflexus
2829 4465 2928 4544 τ’δί
2975 4465 3054 4536 id,
3093 4459 3299 4538 inquit,
3328 4463 3494 4516 fixum

199 4579 609 4646 ‘reciamare,ac
638 4579 1120 4636 nathemati‘zare.
1147 4577 1216 4632 Et
1245 4579 1334 4631 lib.
1373 4594 1432 4632 ιιι
1459 4580 1606 4633 lucc:
1634 4578 1807 4634 Porro

213 4670 440 4727 domnus
469 4671 664 4727 Petrus
695 4665 1192 4738 Damianus,'cuj'us
1217 4667 1333 4738 jam
1365 4669 1810 4740 supmm‘emini-

219 4781 354 4830 unus,
383 4767 452 4820 ad
486 4767 590 4821 hoc
627 4765 1018 4820 monasterium
1048 4764 1372 4834 (Casinense)
1405 4765 1646 4830 veniens,
1680 4781 1804 4820 cum

211 4857 414 4920 rei-bo;
431 4855 636 4926 pariter
649 4864 720 4912 aet
755 4853 1005 4923 exemplo
1033 4855 1116 4922 ad,
1139 4854 1230 4908 Dei
1256 4854 1544 4925 servitium
1576 4853 1804 4910 ferventi

199 4945 348 5012 'zeio‘,
381 4933 738 5018 quoscunque
769 4949 974 5013 posset,
1019 4946 1378 5002 accenderet:
1423 4946 1637 5000 tandem
1677 4961 1804 5000 con-

213 5053 388 5104 sensu,
405 5049 460 5096 et
479 5039 841 5112 permissione
855 5037 1036 5092 domni
1065 5037 1347 5106 (Desiderii
1369 5035 1425 5089 S.
1451 5035 1514 5090 Il.
1535 5035 1600 5090 E.
1625 5037 1754 5091 card
1763 5077 1798 5103 .,

195 5131 338 5202 'clc.)
362 5119 572 5189 abbatis
604 5149 632 5186 ει
660 5139 861 5186 cuncta
897 5130 1311 5201 congregatione
1340 5127 1640 5182 voluntaria
1656 5129 1806 5183 obla-

195 5211 374 5293 tione,
400 5226 452 5280 in
483 5217 866 5279 remissionem
895 5221 1135 5275 omnium
1157 5229 1502 5292 peccatorum
1527 5221 1764 5276 obtinuit
1789 5264 1801 5282 ,

1910 4562 2354 4630 obstinatumque
2391 4569 2488 4630 est
2543 4560 2714 4622 vobis,
2767 4559 3046 4628 imperabo
3075 4547 3288 4638 egomet
3336 4555 3490 4616 mihi,

1913 4657 2191 4724 feramque
2215 4663 2276 4718 tit
2300 4662 2490 4722 potero
2523 4668 2682 4716 onus,
2709 4654 2852 4722 quod
2883 4653 3153 4721 deponere
3183 4665 3286 4704 non
3311 4648 3482 4698 valeo.

1909 4743 1986 4800 ita
2039 4743 2268 4800 eii'erato
2309 4744 2482 4814 magis
2537 4759 2633 4812 per
2691 4743 2932 4798 studium
2983 4739 3288 4798 concordet:
3345 4739 3489 4798 mlio,

1909 4835 2122 4900 annuit,
2154 4836 2394 4904 quidem,
2427 4845 2484 4889 ut
2514 4837 2565 4890 in
2597 4835 2748 4904 regni
2773 4835 3103 4890 consortium
3133 4833 3314 4918 regina
3346 4847 3496 4884 revo-

1909 4937 2145 4982 (aretur.

2659 5039 2743 5093 VI.

1910 5153 2224 5209 Bertholdus
2278 5151 2546 5223 presbyter
2587 5151 3018 5223 Constantianus-
3055 5149 3168 5219 (nu.
3225 5149 3409 5223 itiiiii),
3447 5155 3498 5195 rt

1979 5223 2393 5310 pmiiitentiuritis
2425 5219 2852 5310 apostqlicus,liii
2873 5226 3143 5310 aclurzo-
3165 5225 3231 5274 ad
3269 5219 3492 5271 [lenm-i-
