3964 5310
491 331 594 390 185

1341 327 1400 382 S.
1444 324 2094 398 ΡΕΤιιυεψΑΜιΑΝυε
2132 324 2191 380 S.
2237 324 2300 379 R.
2339 324 2402 380 E.
2439 324 2874 384 CARDI‘NALIS.

3634 325 3732 381 181

488 449 682 504 Petrus
719 447 960 501 Damiani
990 445 1088 514 pia:
1119 443 1389 497 memoria;
1420 442 1709 496 cardiualis
1743 444 2045 512 episcopus,
2080 443 2124 500 A
2154 437 2260 494 alio
2287 449 2447 508 atque
2474 440 2576 495 alio
2601 441 2722 495 vita:
2756 450 2895 496 statu
2927 440 3081 495 edita:
3105 457 3118 495 :
3142 454 3373 510 quarum
3399 439 3456 494 in
3484 438 3630 504 aliis,
3677 452 3734 496 ut

483 535 596 608 jam
628 538 832 593 dudum
855 536 1054 590 mundo
1089 534 1400 597 cruciﬁxus,
1449 534 1704 601 migravit
1755 535 1825 587 ad
1874 535 2057 590 Domi-

487 645 615 686 num
640 643 737 684 vut
797 628 1020 683 Kalend.
1073 627 1252 681 Martii
1289 644 1306 684 ς
1342 624 1428 680 cui
1476 624 1736 680 Dominus
1790 625 2056 682 Geroldns

490 720 788 793 (Giraldus,
829 719 945 773 0rd.
986 719 1046 775 S.
1087 719 1218 779 Ben.
1258 717 1816 788 Cluniac.cwnobita),
1867 734 2056 774 revera

485 809 785 866 monachus
798 808 1022 864 scientia
1043 807 1442 877 Scripturarum
1461 807 1710 877 insignis,
1736 818 1790 862 et
1814 811 2056 865 moribus

482 917 580 955 suo
633 898 1020 969 praedecessori
1049 913 1156 957 non
1196 897 1391 968 impar,
1424 896 1478 952 in
1517 898 1884 968 episc0patum
1926 914 2052 955 sue-

480 989 645 1044 cessit

1217 1077 1340 1137 Vll.‘

478 1167 777 1250 Sigebertus
815 1165 999 1224 Gallus
1034 1169 1146 1236 (an.
1187 1168 1370 1291 “092,
1397 1169 1684 1251 monacltus
1715 1167 2052 1252 Qeutblucen-

545 1254 642 1291 sis.
707 1239 825 1291 0rd.
897 1239 960 1291 S.
1028 1237 1310 1291 Bened..lt
1351 1277 1364 1291 .
1419 1237 1494 1291 De
1550 1255 1674 1291 virts
1732 1237 2052 1291 illustribus.

545 1238 642 1303 sis,
707 1239 825 1293 0rd.
897 1239 960 1294 S.
1028 1237 1364 1305 Bened.,lib.
1419 1237 1494 1292 De
1550 1239 1674 1293 viris
1732 1237 2052 1306 illustribus,

545 1324 663 1377 cap.
697 1308 822 1362 105.

544 1396 741 1453 Petrus
781 1400 1026 1454 Damiani
1061 1399 1218 1456 Rom.
1264 1399 1517 1456 Ecclesiae
1546 1401 1808 1470 septimus
1857 1401 2048 1468 levita,

475 1487 692 1558 scripsit
718 1489 883 1544 vitam
919 1489 1162 1546 0dilouis
1189 1491 1364 1561 quarti
1404 1491 1844 1546 Cluniacensium
1884 1491 2051 1548 abba-

477 1577 569 1632 tis.
609 1577 962 1633 lnveniuntur
987 1580 1150 1636 etiam
1182 1580 1418 1635 bomiliae
1443 1581 1513 1635 ab
1537 1594 1602 1636 eo
1632 1579 1905 1637 luculento
1934 1597 2052 1636 serv

474 1683 636 1724 mone
658 1670 1000 1740 conscriptae.

1188 1785 1319 1840 Vill.

483 1870 754 1948 Honorius
775 1872 1257 1948 Augustoduneusis
1295 1877 1560 1948 presbyter
1579 1876 1694 1948 (an.
1729 1876 1912 1947 “20),
1940 1893 2052 1931 mo-

543 1942 826 2017 uacuuset
857 1942 1017 2017 abbas
1041 1947 1176 2017 prd.
1213 1945 1269 2001 S.
1295 1942 1508 2001 'Bene'd.
1546 1942 1705 2017 prope
1747 1942 1905 2015 ﬁnem
1930 1948 2052 2002 libri

540 2011 619 2064 De
639 2012 990 2068 luminaribus
1028 2015 1298 2070 Ecclesiw.

537 2120 739 2178 Petrus.
783 2131 1135 2192 cognomento
1205 2125 1480 2190 Damiani,
1533 2143 1601 2181 ex
1659 2129 1923 2182 monacho
1986 2136 2044 2182 et

483 2213 708 2266 eremita
750 2214 1056 2284 episcopus,
1089 2215 1306 2284 scripsit
1337 2215 1532 2270 librum
1557 2225 1744 2272 contra
1771 2218 1912 2284 illos,
1956 2218 2049 2288 qui

470 2300 798 2357 simoniacos
827 2303 1142 2358 reordiuare
1165 2313 1590 2372 consueverunt,
1612 2313 1668 2360 et
1697 2305 1864 2361 multa
1885 2307 1989 2361 alia
2029 2323 2041 2359 :

483 2390 584 2445 sub
609 2390 842 2448 Henrico
872 2391 968 2448 Pio
989 2391 1190 2450 ﬂoruit.

1214 2504 1304 2558 IX.

469 2608 801 2687 Ilelinaadus
841 2610 1038 2687 Callus
1072 2612 1181 2687 (an.
1469 2615 1753 2687 monachus
1797 2614 2045 2687 Frigidi-

545 2682 870 2755 rrtontis_ord.
1002 2681 1194 2755 Heneti.
1220 2685 1274 2737 in
1305 2684 1542 2738 Historia
1570 2702 1686 2748 sua,
1716 2686 1870 2755 cujus
1891 2681 2045 2741 uerba

535 2751 697 2834 apud.
717 2750 1044 2834 Vincentium
1063 2753 1580 2834 Belvaceasen-tnorrl.
1609 2750 1790 2810 I’raul.
1834 2759 1888 2810 in
1914 2757 2046 2827 Spe-

537 2819 654 2873 culo
675 2821 956 2889 Itistoriali,
984 2823 1076 2876 lib.
1103 2839 1228 2889 xxv,
1255 2841 1369 2894 cap.
1395 2824 1481 2888 52,
1516 2825 1626 2877 iure
1655 2836 1795 2878 sunt.

545 2929 658 2984 lloc
689 2940 929 3000 tempore
951 2932 1142 2987 Petrus
1175 2934 1468 2988 Damianus
1494 2934 1712 3004 scripsit
1751 2935 1820 2989 ad
1853 2951 2044 3006 papam

469 3019 912 3085 llildebrandum,
931 3021 1159 3077 reddens
1185 3023 1471 3086 rationem,
1490 3038 1658 3092 quare
1674 3025 2043 3095 episcopatum

2159 529 2289 584 mihi
2320 530 2552 594 videtur,
2583 541 2877 600 occupatus
2903 532 3084 587 amissi
3129 533 3224 588 otii
3273 534 3516 602 requiem
3555 536 3736 604 suspi-

2159 629 2283 686 rat;
2325 622 2376 675 in
2399 622 2520 676 aliis
2549 623 2755 678 otiosus
2783 623 3041 680 transaeti
3069 624 3266 693 negotii
3304 624 3733 694 inquietudinem

2159 713 2496 768 recordatur.
2544 712 2716 783 Hujus
2744 714 2876 771 mihi
2905 729 3047 769 nunc
3095 713 3296 768 certior
3323 713 3588 768 memoria
3627 723 3734 768 est.

2157 802 2380 858 Cameris
2409 803 2590 874 igitur,
2615 819 2734 874 qum
2762 817 2914 859 cntra
2942 804 3276 875 propositum
3312 811 3460 870 sunt,
3491 804 3734 869 omissis,

2157 895 2361 965 utique,
2399 896 2645 966 inquam,-
2675 895 2868 952 Petrus
2897 897 3006 964 hic,
3037 905 3296 967 quantum
3327 910 3392 952 ex
3424 896 3741 952 novissimis

2155 983 2269 1052 ejus
2327 985 2540 1057 scriptis
2585 987 2773 1052 elicio,
2816 986 3121 1042 Romanum
3167 985 3565 1043 cardinalatum
3627 1003 3734 1042 non

2159 1076 2276 1131 sine
2303 1076 2457 1132 laude
2493 1081 2841 1147 possederat:
2879 1079 2970 1132 Vir
3011 1079 3151 1132 haud
3198 1078 3459 1148 dignitate
3511 1077 3735 1140 clarior,

2153 1180 2316 1236 quam
2344 1165 2546 1238 lingua.
2579 1167 2716 1234 Quid
2750 1177 2929 1224 tamen
2951 1177 3005 1221 et
3033 1168 3120 1222 hic
3143 1167 3350 1223 consilii
3378 1167 3736 1238 ceperit,jam

2155 1257 2359 1312 audies.
2391 1257 2664 1327 Siquidem
2692 1268 2890 1312 statum
2926 1257 3108 1323 illum,
3167 1272 3494 1328 pompasque
3547 1255 3737 1312 saeculi

2153 1349 2545 1404 contribulibus
2572 1349 2686 1405 suis
2712 1350 2982 1420 linquens,
3016 1351 3127 1420 ipse
3148 1349 3312 1404 haliae
3339 1349 3536 1413 medio,
3568 1350 3637 1402 ad
3662 1349 3738 1402 si-

2154 1439 2378 1493 nistrum
2391 1440 2692 1510 Appennini
2709 1439 2865 1502 latus,
2881 1440 3270 1510 quietissimam
3284 1440 3652 1506 solitudinem,
3671 1441 3742 1496 de

2152 1546 2257 1599 qua
2315 1531 2479 1585 multa
2510 1532 2850 1602 conscripsit,
2896 1543 2949 1588 et
2977 1519 3276 1602 quze'vetus
3321 1533 3495 1587 adhuc
3549 1532 3743 1588 Fontis

2152 1621 2390 1681 Avellani
2408 1637 2600 1678 nomen
2617 1632 2819 1689 servat,
2843 1624 3097 1693 perituris
3120 1624 3414 1679 honoribus
3439 1623 3743 1694 praeferen-

2152 1714 2275 1768 dam
2304 1713 2456 1768 duxit
2485 1731 2498 1768 :
2530 1714 2618 1768 ubi
2665 1729 2768 1769 non
2801 1714 2976 1768 minus
3021 1713 3250 1784 gloriose
3280 1714 3624 1782 postmodum
3656 1713 3740 1766 la-

2079 1787 2126 1847 Β
2156 1805 2274 1869 luit,
2312 1817 2472 1875 quam
2498 1805 2804 1859 innotuerat
2836 1804 3066 1874 prinmm
3099 1804 3316 1858 Romze:
3349 1818 3448 1858 nec
3477 1803 3739 1858 dedecori

2156 1894 2229 1950 illi
2257 1894 2358 1948 fuit
2391 1894 2485 1949 alti
2518 1894 2735 1951 verticis
2760 1894 2980 1949 rutilum
3017 1893 3204 1958 decus,
3249 1891 3517 1963 squalenti
3549 1892 3744 1948 cilicio

2153 1993 2509 2054 permutasse.

2880 2096 2973 2154 Xl.

2155 2206 2214 2262 S.
2250 2207 2545 2262 Antoninus
2602 2209 2734 2279 (an._
2764 2208 2947 2278 1450),
2989 2224 3054 2262 ea:
3094 2208 3280 2279 ordine
3323 2207 3736 2278 prmdicatorrm

2221 2277 2636 2346 archiepiscopus
2689 2277 3050 2344 Florentiuus,
3089 2277 3464 2332 C/tronicmum
3511 2292 3733 2332 suorum

2219 2359 2366 2417 parte
2392 2364 2455 2413 ιι,
2482 2350 2562 2401 tit.
2595 2351 2676 2414 l6,
2707 2365 2820 2418 cap.
2847 2349 2899 2404 8.

2219 2462 2376 2517 Anno
2431 2463 2641 2516 Domini
2696 2463 2848 2519 l068.
2907 2462 3098 2518 Petrus
3161 2462 3454 2516 Damiauus
3509 2462 3623 2515 vita
3677 2470 3734 2516 et

2152 2553 2378 2608 scientia
2411 2553 2656 2623 insignis,
2683 2554 2913 2607 habetur
2940 2553 2992 2607 in
3022 2553 3188 2616 Italia,
3221 2553 3309 2607 hic
3332 2553 3499 2607 edidit
3526 2553 3735 2608 multos

2149 2660 2428 2700 sermones
2455 2644 2682 2714 eleganti
2701 2645 2838 2716 stylo
2867 2645 2932 2700 de
2955 2645 3184 2700 diversis
3214 2645 3472 2700 materiis.
3505 2644 3735 2713 Episeo~

2148 2737 2298 2807 patui
2328 2751 2473 2799 vero,
2503 2750 2609 2804 quo
2638 2734 2893 2789 infulatus
2923 2735 3120 2800 fuerat,
3153 2736 3504 2799 renuntiavit,
3527 2745 3588 2787 ut
3621 2735 3734 2788 Deo

2149 2827 2368 2881 liberius
2395 2836 2633 2881 vacaret.
2660 2825 2884 2894 Scripsit
2910 2833 2964 2880 et
2985 2825 3133 2894 plura
3149 2824 3428 2894 opuscula,
3454 2824 3732 2889 videlicet,

2151 2919 2347 2972 librum
2375 2919 2609 2989 primum
2652 2919 2728 2971 De
2758 2916 3090 2984 perfectione
3124 2915 3512 2970 monachorum
3548 2931 3563 2967 :
3601 2914 3730 2967 item

2146 3010 2331 3075 alium,
2349 3011 2437 3080 qui
2456 3008 2771 3071 intitulatur,
2786 3006 3158 3072 Gratissimus,
3175 3022 3266 3061 seu
3284 3004 3729 3070 Probatissimus,

465 3110 754 3166 dimiserit.
798 3111 932 3168 Erat
965 3114 1109 3168 enim
1144 3115 1228 3168 vir
1268 3115 1526 3186 religione
1565 3126 1621 3170 et
1655 3117 1919 3187 sapientia
1951 3136 2043 3174 no-

2156 3112 2205 3156 et
2258 3110 2446 3156 contra
2479 3100 2842 3155 simoniacos:
2877 3099 3004 3153 item
3046 3099 3243 3154 librum
3295 3099 3370 3152 De
3411 3106 3730 3167 contemptu

469 3200 888 3268 minatissimus,
937 3203 1030 3274 qui
1071 3205 1318 3273 quadam
1361 3206 1433 3260 ibi
1466 3216 1676 3271 narrat,
1697 3222 1817 3276 quae
1847 3208 1899 3262 in
1942 3209 2046 3264 hoc

468 3291 589 3347 loco
635 3294 974 3362 excerpeuda
1024 3295 1242 3349 decrevi
1292 3313 1305 3348 :
1355 3295 1513 3362 Quia,
1557 3296 1756 3366 inquit,
1814 3298 2044 3353 refutari

465 3381 892 3438 ecclesiasticum
916 3384 1178 3455 regimen,
1199 3395 1414 3440 centum
1436 3402 1701 3442 annorum
1719 3389 2046 3458 poenitentia

469 3469 602 3524 mihi
634 3471 874 3539 injuncta
904 3482 1007 3541 est,
1049 3474 1348 3534 secundum
1396 3476 1633 3532 remedia
1677 3478 1878 3550 regulae
1925 3494 2043 3536 mo-

471 3560 718 3620 nasticae.

469 3749 790 3826 Fru‘uciscus
834 3751 1124 3826 Parare/ta
1175 3753 1535 3826 (an._l?;ZO),
1579 3765 1760 3826 orator
1787 3765 1848 3826 et
1888 3765 2042 3826 poeta

536 3822 746 3942 ‘clariss.
792 3839 908 3893 cap.
953 3823 1040 3889 17,
1087 3822 1244 3877 tract.
1291 3823 1346 3889 5,
1380 3822 1471 3877 lib.
1518 3840 1580 3890 ll,
1615 3824 1691 3880 De
1747 3825 1850 3879 vita
1888 3822 2043 3880 'soli-

558 3909 693 3945 arta.

539 3981 731 4038 Petrus
751 3999 895 4039 nunc
921 3986 1160 4040 occurrit
1191 3985 1302 4052 ille,
1333 3987 1423 4057 qui
1452 3987 1697 4041 Damiani
1737 4003 2040 4059 cognomen

467 4073 652 4138 habet,
682 4077 928 4143 quamvis
953 4089 1006 4131 ct
1036 4078 1101 4133 de
1130 4079 1234 4133 hoc
1253 4079 1387 4148 ipso,
1427 4089 1482 4134 et
1512 4081 1578 4134 de
1611 4080 1742 4146 vita,
1769 4081 2041 4151 rebusque

465 4163 569 4217 viri
594 4162 750 4233 hujus
769 4167 1066 4236 agentium,
1091 4169 1362 4224 discordia
1406 4169 1572 4223 multa
1607 4171 1678 4224 sit
1705 4189 1717 4224 :
1745 4172 1890 4240 quod
1914 4188 2038 4226 eum

465 4256 556 4310 alii
581 4271 612 4312 e
637 4257 947 4312 solitudinis
972 4260 1105 4324 otio,
1139 4261 1210 4315 ad
1227 4260 1583 4315 ecclesiastici
1615 4262 1818 4331 negotii
1843 4277 2036 4327 curas;

463 4357 675 4415 contra,
702 4348 791 4404 alii
814 4365 877 4405 ex
903 4351 1015 4420 ipsa
1041 4367 1296 4406 curarum
1320 4369 1464 4418 arce,
1505 4354 1842 4424 strepituque
1877 4370 2038 4425 nego-

2151 3191 2329 3247 seeculi
2371 3209 2382 3244 :
2421 3191 2546 3243 item
2577 3188 2836 3254 libellum,
2867 3189 2955 3258 qui
2989 3188 3305 3251 intitulatur,
3340 3186 3598 3241 Dominus
3629 3201 3730 3240 vo-

2148 3285 2376 3348 biscum,
2394 3285 2459 3337 ad
2475 3282 2705 3338 Leonem
2719 3296 2930 3351 papam,
2951 3280 3142 3334 librum
3155 3281 3221 3335 de
3235 3279 3729 3335 Consuetudinibus

2152 3374 2406 3431 Ecclesia:
2439 3392 2453 3428 :
2487 3373 2612 3428 item
2665 3371 2882 3441 scripsit
2911 3370 3154 3440 regulam
3179 3370 3536 3444 eretniticam,
3568 3377 3625 3422 et
3662 3368 3730 3421 de

2148 3466 2336 3521 ordine
2380 3463 2502 3518 vita:
2547 3463 2840 3518 eremiticte
2877 3479 2891 3515 :
2933 3462 3060 3516 item
3113 3460 3307 3519 librum
3357 3476 3453 3530 per
3505 3460 3728 3514 modum

2149 3556 2367 3627 dialogi,
2396 3562 2582 3611 contra
2604 3553 2816 3610 Judteos
2845 3568 2860 3607 :
2895 3554 3022 3608 item
3053 3552 3291 3609 libellum
3305 3551 3726 3606 Narrationum:

2150 3646 2277 3700 item
2308 3645 2504 3699 librum
2529 3643 2605 3699 De
2629 3643 2988 3713 diremptione
3011 3641 3494 3713 nuptiarum:itetn
3525 3641 3727 3695 librum

2148 3735 2223 3790 De
2253 3734 2613 3805 disputatione
2664 3734 2732 3789 de
2778 3733 3054 3790 canonicis
3082 3734 3232 3788 horis
3262 3750 3275 3786 :
3311 3732 3441 3788 item
3489 3732 3728 3787 Invecti-

2145 3841 2266 3880 vam
2295 3833 2479 3879 contra
2512 3825 2800 3894 quemdam
2830 3824 3162 3894 episcopum,
3189 3823 3278 3894 qui
3324 3825 3623 3878 momtchos
3652 3825 3718 3881 al

2145 3913 2396 3969 saeculum
2419 3914 2722 3969 revocabat.
2749 3913 2944 3968 Narrat
2971 3914 3131 3969 etiam
3177 3913 3328 3983 plura
3353 3913 3603 3982 exempla
3625 3928 3719 3967 eo-

2145 4020 2422 4080 rum,qu:e
2435 4005 2775 4076 contigerunt
2803 4005 3128 4074 temporibus
3156 4005 3269 4060 suis
3291 4005 3344 4059 in
3376 4005 3610 4062 diversis
3640 4004 3711 4058 lo.-

2144 4100 2223 4155 eis
2245 4099 2466 4155 multum
2490 4097 2764 4162 notabilia,
2787 4099 2853 4154 de
2875 4099 3070 4168 quibus
3091 4098 3144 4153 in
3173 4099 3274 4153 isto
3285 4097 3523 4169 capitulo
3538 4097 3720 4168 aliqua

2142 4199 2436 4263 ponuntur.
2468 4191 2521 4244 In
2551 4190 2831 4261 Apologia,
2863 4190 2914 4244 id
2943 4199 3025 4245 est
3049 4189 3398 4245 excusatione
3420 4204 3519 4244 sua
3548 4205 3719 4258 super

2143 4282 2450 4350 episcopatu
2498 4280 2740 4344 dimisso,
2797 4279 3129 4336 Helinandus
3169 4282 3249 4337 sic
3272 4281 3348 4335 ait
3371 4281 3436 4336 de
3473 4295 3542 4336 eo
3573 4297 3586 4334 :
3622 4281 3722 4336 llic

2144 4370 2336 4425 Petrus
2375 4373 2441 4424 ad
2476 4385 2668 4440 papam
2698 4369 3141 4436 llildebrandum,
3169 4371 3261 4440 qui
3300 4369 3402 4425 fuit
3428 4369 3727 4441 Gregorius

461 4442 683 4543 ίίξπυηξν
721 4444 788 4543 fit]
838 4444 996 4499 οιῖοδί
1031 4445 1230 4543 sucini?
1271 4460 1458 4514 νοοοιιι
1501 4447 1740 4543 imiimi}:
1786 4447 2036 4543 Πινιῗμξθ
2068 4485 2112 4543 ο
2145 4461 2418 4531 Septimus
2446 4461 2682 4530 scripsit,
2716 4462 2978 4516 rationem
3002 4462 3232 4517 reddens
3255 4479 3425 4532 quare
3447 4464 3726 4533 episcopa-

461 4531 587 4584 vita:
645 4532 804 4602 hujus
857 4533 1280 4599 commendatio,
1335 4549 1428 4588 seu
1481 4544 1628 4590 tanto
1675 4535 1824 4590 illum
1860 4537 2036 4591 ollicio

459 4621 678 4690 dignum
726 4620 874 4687 fecit,
903 4637 998 4676 seu
1049 4623 1163 4692 ipsa
1208 4624 1368 4694 digna
1414 4624 1527 4678 visa
1573 4633 1676 4692 est,
1717 4641 1837 4694 quae
1886 4635 2036 4682 tanto

459 4712 674 4783 fastigio
695 4713 1061 4782 przeferretur.
1085 4714 1190 4768 Alii
1217 4730 1326 4770 rem
1357 4716 1699 4784 permiscent.
1727 4715 1883 4782 Nam,
1913 4732 2036 4772 cum

456 4807 701 4861 exactius
733 4821 921 4861 verum
971 4822 1221 4877 quaerens
1258 4823 1429 4877 usque
1465 4810 1531 4862 ad
1570 4811 1901 4875 coenobium,
1943 4810 2033 4864 ubi

456 4897 504 4950 is
534 4896 732 4962 ﬂoruit,
762 4898 1050 4963 misissem,
1074 4899 1164 4968 qui
1192 4899 1320 4953 mihi
1345 4907 1619 4969 comperta
1645 4901 1824 4954 omnia
1853 4917 2036 4970 repor-

459 4995 669 5049 tarent;
725 4987 1096 5056 religiosorum
1148 4989 1250 5044 loci
1309 4989 1451 5044 illius
1496 4991 1797 5045 assertione
1845 4991 2032 5056 didici,

459 5073 626 5130 fuisse
681 5091 803 5129 eum
841 5077 1016 5144 primo
1055 5079 1271 5147 quidem
1320 5079 1659 5142 solitarium,
1711 5080 1834 5134 inde
1871 5082 2034 5136 altius

452 5173 720 5232 evectum,
745 5165 960 5220 demum
986 5167 1134 5222 ultro,
1149 5168 1214 5222 ad
1243 5168 1587 5225 solitudinem
1612 5168 1855 5224 rediisse.
1881 5171 2034 5236 Quod

455 5258 497 5296 ci
529 5258 597 5296 ita
631 5267 712 5298 ne!
765 5268 816 5298 nl
863 5259 1119 5300 iniiinii-In
1167 5261 1284 5300 plne
1330 5271 1634 5302 nutu-annum
1676 5270 1819 5302 nnlnl
1874 5272 1926 5302 nl
1976 5263 2029 5304 in

2147 4560 2258 4604 tum
2282 4551 2581 4605 dimiserat.
2613 4551 2748 4606 Erat
2774 4551 2921 4607 enim
2951 4552 3035 4606 vir
3058 4553 3346 4622 sapientia,
3377 4563 3434 4607 et
3461 4553 3726 4624 religione

2144 4642 2630 4696 nominatissimus.
2663 4639 2730 4696 Et
2762 4643 2944 4710 infra:
2979 4642 3080 4709 Qui
3109 4642 3272 4696 etiam
3320 4643 3614 4714 descripsit
3641 4644 3724 4697 vi-

2145 4742 2256 4788 tam
2277 4732 2333 4788 S.
2361 4731 2666 4798 Romualdi,
2693 4741 2748 4787 et
2773 4730 3036 4787 Odilonis.

2874 4842 2987 4896 Xll.

2142 4937 2444 5006 Auouymus
2475 4940 2759 5007 monac/ms
2779 4935 3144 5007 Benediclinus
3163 4935 3276 5006 (an.
3296 4935 3454 5005 M80)
3477 4952 3721 5007 congreg.

2212 5007 2255 5061 U
2265 5004 2442 5059 uitatis
2476 5006 2536 5060 S.
2560 5006 2806 5069 Justinw,
2853 5022 2988 5058 nunc
3009 5004 3328 5071 Casineusis,
3377 5004 3441 5059 in'
3479 5004 3725 5068 Historia

2209 5077 2522 5138 monastica,
2550 5076 2689 5145 apud
2721 5092 2799 5128 me
2828 5092 2924 5128 ms.

2211 5169 2444 5223 Sanctus
2471 5167 2664 5223 Petrus
2689 5167 2982 5222 Damianus
3005 5167 3113 5220 vita
3137 5177 3193 5222 et
3215 5167 3440 5224 scientia
3467 5168 3720 5242 insignis,

2141 5263 2192 5304 in
2223 5261 2372 5304 Italia
2418 5259 2590 5304 ατη-Μ-
2627 5259 2856 5304 liimisen
2889 5261 3224 5304 pnisnnnaln.
3258 5262 3305 5304 st!
