3964 5310
157 319 278 377 185

155 449 346 498 ratur,
374 431 467 502 qui
514 432 686 487 multa
721 431 1168 487 excellentissime
1193 430 1430 500 scripsit,
1459 430 1752 484 secundum
1787 439 1830 495 Α

155 523 540 589 Vincentium,
583 531 639 578 ct
673 522 1154 594 archiepiscopum,
1199 523 1264 576 ad
1311 537 1447 591 quos
1499 520 1756 576 lectorem

153 614 343 667 mitto.

895 705 1029 760 XIII.

156 821 452 874 Il'crncrus
484 818 711 875 Rolewik
739 820 848 890 (an.
898 820 1056 888 1491)
1083 817 1417 890 Teutonicas,
1449 815 1760 890 Carr/iusin-

235 909 355 954 nus,
381 893 434 944 in
471 888 1077 960 Fasciculotcmporum,
1112 891 1206 943 sub
1235 906 1324 943 an.
1359 888 1420 943 ϐ.
1461 889 1620 942 1051.

234 985 432 1040 Petrus
479 986 774 1040 Damianus
800 987 988 1040 doctor
1013 985 1347 1057 gravissima}
1393 983 1757 1048 auctoritatis,

160 1089 217 1132 et
251 1077 544 1149 religiosus
571 1077 747 1143 valde,
785 1077 974 1132 claret.

898 1186 1034 1242 XIV.

164 1279 406 1336 Joannes
435 1278 757 1334 Trithemius
785 1280 896 1348 (an.
945 1277 1114 1348 1497)
1146 1277 1265 1332 abb.
1315 1277 1432 1331 0rd.
1468 1277 1529 1331 S.
1559 1275 1754 1329 Bcned.

237 1367 484 1433 congreg.
517 1347 925 1421 Bursfeldcnsis,
956 1349 1048 1403 lib.
1096 1347 1176 1402 De
1207 1347 1568 1419 Scriptoribus
1603 1348 1760 1400 eccle-

235 1433 493 1476 8111811618.

237 1531 436 1586 Petrus
471 1527 722 1585 Damiani
743 1544 811 1585 ex
842 1529 1113 1586 monacho
1139 1528 1204 1584 D.
1232 1528 1294 1583 Ρ.
1323 1527 1602 1584 Benedicti
1639 1525 1758 1595 epi-

164 1638 368 1694 scopus
417 1622 722 1686 Ostiensis,
782 1631 836 1678 et
879 1631 1246 1678 sacrosancta:
1291 1620 1450 1676 Rom.
1503 1618 1760 1674 Ecclesia:

163 1716 484 1779 cardinalis,
520 1716 602 1770 vir
627 1715 678 1768 in
702 1714 899 1768 divinis
925 1713 1222 1784 Scripturis
1249 1712 1524 1768 studiosus
1550 1720 1605 1765 et
1632 1725 1759 1764 eru-

163 1808 334 1874 ditus,
363 1816 416 1861 et
454 1806 799 1862 smcnlarium
828 1805 1133 1860 litterarum
1165 1820 1268 1860 non
1317 1805 1566 1875 ignarus,
1606 1802 1755 1871 inge-
1787 1807 1830 1864 ις

168 1898 260 1950 nio
301 1897 474 1960 mitis,
508 1905 563 1950 et
591 1905 814 1960 acutus;
845 1894 1062 1964 eloquio
1101 1894 1368 1964 placidus,
1395 1901 1448 1947 et
1478 1891 1756 1961 composi-

168 1998 278 2046 tus.
302 1997 359 2042 et
399 1987 468 2041 ad
498 1986 931 2056 persuadendum
973 1986 1108 2041 satis
1138 1985 1399 2051 idoneus;
1431 2000 1538 2038 non
1575 1983 1758 2038 minus

166 2079 474 2141 sanctitate,
505 2091 671 2146 quam
693 2075 997 2131 eruditione
1031 2075 1236 2140 clarus,
1267 2084 1322 2130 et
1352 2075 1576 2145 insignis
1603 2072 1757 2127 ell‘ul-

165 2173 253 2237 sit,
284 2171 378 2242 qui
415 2169 669 2240 exeutplo
697 2168 872 2240 Magni
903 2169 1147 2239 Gregorii
1197 2167 1458 2222 antistitis
1489 2163 1758 2235 (Nazian-

169 2280 351 2318 zenum
405 2261 703 2332 intelligit),
735 2275 921 2315 amore
969 2258 1282 2314 solitudinis
1310 2267 1366 2314 et
1394 2257 1614 2327 quietis.
1645 2256 1761 2325 epi-

169 2365 445 2424 sc0patum
495 2368 654 2408 suum
684 2352 958 2419 deferens,
1005 2361 1359 2422 posteaquam
1394 2349 1546 2403 illum
1599 2346 1758 2402 annis

168 2446 367 2516 aliquot
382 2455 610 2500 strenue
632 2445 1054 2515 gulxarnavcrat,
1079 2443 1148 2498 ad
1169 2443 1476 2499 coenobium
1497 2455 1653 2496 suum
1672 2456 1757 2494 re-

171 2550 352 2591 versus
379 2545 492 2602 est,
517 2545 572 2590 et
605 2535 770 2590 vitam
802 2535 1056 2604 deinceps
1091 2549 1213 2588 cum
1262 2533 1520 2588 fratribus
1560 2532 1672 2588 suis
1701 2531 1755 2586 in

170 2628 565 2698 tranquillitate
579 2627 746 2682 animi
763 2628 964 2697 exegit.
982 2626 1114 2682 Cum
1140 2635 1321 2682 autem
1343 2641 1373 2679 a
1396 2638 1606 2680 summo
1625 2638 1757 2693 pou-

171 2719 653 2776 tilicecbaritativa
676 2719 1045 2788 increpatione
1075 2726 1520 2788 argueretur,cur
1548 2715 1757 2785 episco-

167 2825 368 2882 patum,
393 2822 582 2881 utpote
611 2813 693 2866 vir
723 2811 870 2866 utilis
893 2820 948 2865 et
976 2811 1221 2874 idoneus,
1240 2808 1534 2863 dimisisset
1563 2821 1753 2860 amore

168 2907 347 2962 salutis
363 2908 619 2976 privatzn,
651 2907 718 2960 ad
746 2915 854 2960 tres
888 2903 992 2958 sibi
1022 2903 1251 2957 invicem
1274 2901 1646 2965 succedentes,
1664 2897 1756 2951 Ni-

169 2999 371 3053 colaum
386 2998 453 3064 ll,
478 2997 849 3054 Alexandrum
871 2996 914 3052 11
935 3008 990 3050 et
1005 2995 1325 3066 Gregorium
1347 2992 1453 3059 VII,
1479 2992 1755 3048 Romanos

166 3096 469 3166 pontiﬁces,
494 3093 874 3166 Apologeticos
895 3093 1093 3158 edidit;
1121 3093 1176 3146 in
1193 3091 1390 3162 quibus
1402 3089 1748 3152 auctoritate,

169 3188 372 3243 ratione
397 3197 455 3242 et
477 3187 729 3256 exemplo
757 3185 958 3240 factum
983 3200 1140 3240 suum
1166 3182 1444 3238 humiliter
1465 3195 1753 3245 excusans,
1785 3177 1830 3240 C

168 3281 373 3336 animos
394 3294 589 3336 eorum
624 3279 880 3348 placavit.
906 3278 980 3332 De
1023 3276 1178 3346 cujus
1204 3274 1480 3345 opusculis
1510 3273 1754 3342 subjecta

169 3371 409 3426 feruntur
440 3389 454 3424 :
489 3371 556 3425 ad
610 3371 847 3424 Leonem
898 3370 1204 3432 crcmilam,
1251 3377 1428 3421 utrum
1480 3365 1756 3420 solitarius

165 3478 314 3518 orans
330 3465 501 3518 horas
523 3462 836 3526 canonicas,
861 3461 1052 3516 debeat
1079 3459 1243 3513 etiam
1264 3458 1463 3519 dicere,
1493 3455 1756 3510 Dominus

167 3557 464 3622 vobiscum,
492 3554 712 3626 quando
738 3569 895 3608 nemo
922 3554 992 3609 sit
1019 3553 1112 3622 qui
1141 3552 1497 3622 respondeat;
1517 3565 1746 3620 opuscu-

169 3645 262 3701 lum
289 3646 704 3710 instrue-tivum,
757 3645 898 3715 quod
927 3653 1277 3714 praenotatur,
1308 3643 1398 3698 lib.
1434 3643 1485 3696 1.
1522 3642 1751 3697 Domino

168 3735 325 3793 Leoni
362 3753 582 3804 amore,
614 3737 945 3806 Antilogium
969 3747 1160 3793 contra
1191 3719 1430 3802 Judmos,
1462 3736 1498 3789 l.
1531 3737 1581 3790 1.
1614 3734 1753 3790 Con-

170 3840 242 3886 tra
288 3833 585 3902 quemdam
615 3831 951 3901 episcopum,
983 3830 1018 3883 Ι.
1048 3830 1099 3883 1.
1134 3829 1207 3884 De
1237 3829 1447 3883 naturis
1485 3843 1751 3898 quorum-

167 3923 283 3978 dam
316 3922 638 3978 animalium
661 3962 676 3985 ,
702 3921 794 3976 lib.
824 3923 876 3975 1.
907 3921 1407 3992 Apologeticorum,
1441 3920 1532 3975 lib.
1563 3921 1616 3974 5.
1653 3919 1753 3974 Do-

169 4016 309 4071 mino
337 4031 437 4072 suo
465 4015 708 4070 Nicolao.
741 4015 814 4069 De
857 4015 1191 4069 continentia
1227 4014 1592 4076 sacerdotum,
1625 4012 1661 4065 l.
1698 4013 1750 4067 1.

169 4105 346 4179 Nuper
383 4107 594 4163 habens
632 4122 755 4161 cum
807 4106 1102 4161 nonnullis.
1134 4107 1208 4160 De
1239 4105 1500 4160 uxoribus
1526 4104 1756 4159 clerico-

171 4219 310 4270 rum,
348 4203 444 4258 lib.
476 4204 527 4257 1.
566 4201 676 4258 Vos
707 4202 976 4272 alloquor,
1003 4217 1037 4256 ο
1069 4201 1300 4270 lepores.
1337 4198 1540 4269 Regula
1567 4197 1756 4253 solita-

169 4297 394 4362 riornm,
426 4296 522 4352 lib.
555 4298 606 4350 1.
638 4295 772 4349 Dum
798 4293 1066 4350 fervorem
1099 4302 1299 4349 sancta:
1327 4307 1448 4347 con.
1482 4291 1753 4346 Exhorta-

171 4390 365 4442 torium
417 4389 485 4443 ad
527 4388 842 4453 monachos,
879 4387 918 4440 l.
977 4388 1024 4441 1.
1053 4385 1338 4441 Fratribus
1379 4386 1432 4439 in
1457 4383 1750 4454 Gangensi.

167 4479 548 4537 iliraculoru-m
575 4479 657 4536 sui
682 4479 966 4548 temporis,
982 4478 1018 4531 l.
1036 4478 1086 4531 1.
1109 4476 1470 4532 Dilectissimo
1484 4474 1750 4530 Gerardo.

170 4572 234 4629 De
261 4571 511 4645 profectu
543 4571 953 4634 monachorum,
990 4569 1084 4623 lib.
1116 4567 1168 4622 1.
1203 4569 1278 4623 De
1308 4566 1536 4622 avaritia
1559 4565 1754 4635 praela-

171 4674 370 4730 torum,
425 4664 462 4718 l.
519 4666 569 4719 1.
629 4661 754 4717 Vita
815 4659 1057 4718 0dilonis
1113 4661 1349 4724 abbatis,
1402 4659 1440 4713 l.
1497 4660 1550 4713 1.
1603 4655 1755 4728 llugo

169 4755 538 4812 Cluniacensis
566 4754 756 4810 abbas.
798 4754 873 4808 De
905 4763 1113 4809 terrore
1145 4753 1358 4816 mortis,
1393 4751 1430 4805 l.
1458 4751 1509 4805 1.
1544 4748 1755 4804 Blanca:

171 4847 288 4902 olim
317 4848 631 4903 comitissae.
658 4846 735 4900 De
759 4847 1106 4903 meditatione
1131 4847 1342 4912 mortis,
1370 4845 1405 4899 l.
1441 4847 1490 4899 1.
1517 4843 1755 4904 Pensan-

172 4938 288 4992 dum
321 4940 518 5010 quippe
546 4949 654 4993 est.
686 4936 887 4992 Contra
927 4939 1210 5008 episcopos
1250 4937 1599 5004 simoniacos,
1631 4939 1667 4992 l.
1700 4941 1750 4993 1.

175 5028 240 5084 lle
290 5029 577 5085 insolentia
622 5027 980 5097 malignorum
1014 5029 1312 5091 hominum,
1345 5029 1378 5082 Ι.
1415 5031 1464 5083 1.
1499 5029 1756 5085 Gratissi-

176 5136 306 5188 mus,
357 5139 448 5179 seu
476 5121 928 5183 Probatissimus,
969 5120 1002 5172 l.
1034 5121 1083 5175 1.
1112 5121 1340 5174 Domino
1369 5119 1432 5174 ll.
1467 5121 1756 5176 Ravenna-

179 5215 284 5240 ti--.“
338 5213 772 5240 ΠληιρκλιξΛ-ιηη
806 5213 1087 5242 -ιΙωΛΕΛ-νῖιιω
1137 5213 1150 5242 Ι
1208 5213 1228 5242 Ι
1287 5211 1358 5242 nn
1387 5212 1464 5242 QQ
1519 5212 1677 5242 pla-In
1703 5218 1753 5242 Α.

823 317 1359 376 PROLECOMENA.
1403 349 1469 358 —-
1511 315 1928 371 TESTIMO‘NIA
1979 315 2064 370 DE
2107 315 2164 372 8.
2198 317 2427 376 PETRO
2469 318 2795 374 DAMIANO.

3340 315 3436 370 I85

1861 502 2011 558 Idem
2037 503 2372 569 Tritltemius,
2405 504 2496 558 lib.
2530 433 2736 573 nixi).
2763 506 2852 568 95,
2889 504 2964 559 De
2994 504 3120 559 viris
3150 502 3440 560 illustribus

2393 576 2509 629 ortl.
2529 576 2586 630 S.
2616 574 2901 629 Benedicti.

1929 668 2120 724 Petrus
2166 668 2410 724 Damiani
2453 670 2752 724 monachus
2800 670 3136 725 Vivariensis
3183 669 3441 736 cmuobii,

1859 759 2142 828 episcopus
2190 758 2478 820 Ostiensis,
2531 767 2586 812 et
2643 758 2958 822 cardinalis,
3011 758 3095 813 vir
3139 757 3194 813 in
3244 759 3443 814 divinis

1861 851 2159 920 Scripturis
2187 850 2608 913 eruditissimus,
2639 850 2852 920 ingenio
2883 851 3121 918 subtilis,
3150 859 3206 906 et
3226 851 3444 922 eloquio

1861 940 2115 1004 disertus,
2162 949 2217 992 et
2269 938 2618 1010 Gregorianze
2657 941 2981 1010 eloquentiae
3020 942 3216 1007 instar,
3271 941 3445 999 dulcis

1859 1039 1916 1084 et
1945 1040 2191 1095 ornatus,
2225 1038 2278 1084 et
2303 1030 2368 1084 ad
2400 1030 2834 1100 persuadendum
2858 1032 2991 1088 satis
3025 1050 3037 1085 :
3070 1047 3192 1087 cum
3219 1048 3316 1102 per
3343 1031 3445 1086 ali-

1860 1129 1993 1190 quot
2048 1137 2217 1175 annos
2265 1121 2640 1190 pontificatum
2675 1131 2892 1177 strenue
2925 1106 3186 1190 rexisset,
3213 1134 3271 1180 et
3309 1125 3443 1179 vitia

1863 1212 2283 1280 itnpiorntnsine
2311 1213 2525 1267 delectu
2557 1229 2910 1283 personarum
2945 1216 3262 1286 corriperet,
3291 1216 3445 1272 senio

1864 1302 2076 1356 tandem
2111 1303 2410 1368 confectus,
2439 1312 2513 1365 et,
2544 1303 2701 1358 taedio
2718 1303 2785 1358 ad
2809 1305 3194 1359 consulendum
3214 1305 3445 1376 propria:

1861 1392 2041 1458 saluti,
2075 1393 2447 1463 episcopatmn
2473 1394 2714 1449 deseruit
2757 1411 2772 1450 :
2815 1405 2871 1450 et
2917 1395 3165 1466 exemplo
3196 1394 3445 1465 Gregorii

1862 1483 2394 1553 Magni,Naziauzcni
2410 1485 2680 1554 quondam
2699 1485 2958 1556 episcopi,
2975 1487 3041 1540 ad
3055 1486 3446 1540 monachorum

1861 1577 2036 1631 studia
2070 1588 2367 1632 remeatur.
2405 1577 2557 1634 Unde
2588 1593 2751 1648 super
2779 1579 2881 1634 hoc
2921 1595 2950 1633 a
2983 1581 3156 1634 tribus
3184 1577 3445 1634 Romanis

1862 1669 2212 1738 pontilicibus
2243 1670 2512 1741 arguitur,
2546 1670 2688 1739 quod
2715 1669 2798 1724 vir
2839 1679 2945 1724 tam
2974 1670 3186 1735 doctus,
3222 1679 3278 1724 et
3300 1667 3448 1723 utilis

1865 1759 2142 1822 Ecclesiae,
2191 1761 2494 1816 deseruerit
2538 1762 2934 1831 episc0patnm,
2985 1770 3041 1816 et
3095 1760 3444 1816 commodum

1863 1851 2130 1921 privatum
2167 1853 2387 1907 utilitati
2436 1854 2793 1922 praeposuerit
2851 1853 3158 1916 communi;
3211 1866 3335 1906 cum
3376 1849 3447 1906 ad

1861 1945 2102 2010 regimen
2131 1945 2437 1999 animarum
2465 1945 2630 2000 verbo
2662 1953 2716 1999 et
2745 1944 2992 2014 exemplo
3018 1953 3164 1999 esset
3191 1944 3441 1999 idoneus.

1860 2037 1932 2090 At
1961 2037 2152 2092 Petrus
2208 2036 2488 2092 humiliter
2527 2051 2587 2092 se
2634 2052 2910 2092 excusans
2959 2036 3176 2106 scripsit
3213 2050 3315 2106 pro
3343 2048 3446 2089 suo

1861 2127 2004 2182 facto
2024 2129 2420 2198 Apologeticos.
2446 2129 2643 2199 quibus
2666 2129 2876 2184 ratione
2900 2138 2954 2183 et
2983 2128 3236 2198 exemplo
3264 2125 3446 2197 ponti-

1861 2218 1990 2273 ﬁces
2033 2218 2163 2273 fecit
2187 2218 2528 2288 tranquillos.
2555 2218 2787 2290 Scripsit
2820 2219 2924 2274 alia
2947 2219 3115 2274 multa
3147 2217 3445 2282 volumina,

1861 2311 1928 2365 de
1965 2312 2164 2380 quibus
2189 2326 2290 2381 ego
2318 2319 2526 2365 tantum
2554 2311 2728 2380 reperi
2766 2310 3027 2380 subjecta.
3054 2309 3133 2364 Ad
3164 2307 3447 2364 Nicolaum

1859 2417 2054 2472 papam
2086 2403 2130 2456 ll
2156 2402 2592 2473 Apologeticum,
2620 2403 2713 2458 lib.
2741 2405 2792 2457 1.
2818 2403 2898 2457 Ad
2930 2402 3298 2456 Alexandrum
3328 2399 3371 2454 ll
3391 2407 3448 2454 et

1858 2493 2178 2564 Gregorium
2199 2493 2406 2558 Vll,lib.
2421 2494 2479 2548 2.
2499 2493 2574 2549 De
2592 2492 3259 2563 profectu'monachorum,
3279 2488 3371 2544 lib.
3390 2489 3444 2542 1.

1858 2585 2165 2656 Antilogion
2205 2594 2390 2640 contra
2429 2585 2663 2651 Iudaeos,
2702 2586 2738 2639 l.
2781 2587 2830 2639 1.
2874 2587 2946 2640 De
2963 2582 3448 2654 avaritiapraclato-

1858 2691 1998 2743 rznn,
2017 2676 2107 2733 lib.
2131 2677 2382 2732 l.Contra
2397 2678 2674 2748 episcopos
2691 2677 3033 2742 simoniacos,
3053 2675 3176 2729 lih.l
3192 2713 3204 2727 .
3224 2674 3298 2728 De
3311 2670 3448 2728 Con-

1861 2771 2087 2824 tinentia
2122 2771 2482 2833 sacerdotum,
2505 2768 2598 2822 lib.
2633 2769 2683 2822 1.
2709 2768 2785 2821 De
2803 2768 3062 2822 uxoribus
3101 2766 3442 2828 clericorum,

1859 2863 1949 2917 lib.
1971 2862 2116 2916 I.Ad
2147 2862 2377 2917 Leonem
2402 2861 2734 2926 solitarium;
2767 2876 2834 2914 an
2854 2859 3089 2914 solitarie
3103 2872 3267 2913 orans
3281 2869 3444 2912 cano-

1859 2957 2008 3010 nicas
2035 2955 2196 3010 horas
2221 2955 2415 3009 debeat
2462 2953 2625 3009 etiam
2649 2952 2910 3007 Dominus
2938 2950 3216 3006 vobiscum
3237 2948 3444 3013 dicere,

1856 3063 1978 3103 cum
1996 3064 2100 3103 non
2121 3049 2313 3102 habeat
2332 3048 2768 3117 respondentem,
2788 3044 2880 3100 lib.
2907 3045 2958 3098 1.
2977 3044 3232 3116 Regulam
3249 3043 3446 3098 eremi-

1864 3148 2039 3191 tarum
2053 3149 2108 3192 et
2125 3136 2592 3203 inclusorumJlib.
2611 3137 2633 3189 1
2650 3177 2663 3190 .
2679 3135 3119 3190 Exltortatorium
3131 3133 3197 3187 ad
3222 3133 3444 3197 fratres.

1864 3229 1972 3283 Ι.1.
2012 3230 2086 3283 De
2116 3229 2434 3299 quibusdam
2459 3228 2864 3284 incredibilibus
2895 3243 2994 3282 suo
3010 3236 3248 3297 tempore
3264 3224 3444 3291 factis,

1861 3321 1956 3376 lib.
1979 3321 2028 3375 1.
2049 3321 2227 3375 Vitam
2256 3321 2312 3376 S.
2333 3321 2579 3377 0dilonis
2605 3321 2817 3375 abbatis
2844 3318 3236 3384 Cluniacensis,
3267 3317 3362 3372 lib.
3388 3316 3444 3370 1.

1860 3416 1935 3469 De
1987 3427 2192 3470 terrore
2235 3415 2445 3478 mortis,
2495 3413 2588 3467 lib.
2626 3415 2676 3468 1.
2716 3413 2791 3466 De
2835 3412 3187 3468 meditatione
3229 3409 3443 3475 mortis,

1858 3505 1953 3560 lib.
1998 3507 2048 3560 1.
2082 3505 2156 3560 De
2184 3505 2284 3560 SS.
2319 3503 2478 3558 Flora
2527 3513 2584 3558 et
2613 3503 2835 3567 Lucilla,
2871 3502 2966 3557 lib.
3010 3502 3059 3556 1.
3102 3500 3304 3564 Alium,
3350 3497 3444 3570 qui

1858 3607 2190 3668 praenotatur
2219 3595 2609 3660 Gravissimus,
2643 3609 2735 3649 seu
2765 3592 3207 3658 Probatissimus,
3242 3590 3335 3646 lib.
3391 3589 3444 3645 1.

1858 3690 2132 3744 Adversus
2184 3686 2474 3757 quemdam
2504 3686 2837 3756 cpisc0pnm,
2885 3683 2978 3753 qui
3028 3681 3328 3738 monachos
3373 3679 3443 3734 ad

1860 3782 2113 3839 smculum
2159 3781 2468 3843 revocabat,
2510 3779 2604 3832 lib.
2649 3780 2697 3832 1.
2732 3777 2809 3832 De
2848 3776 3136 3831 insolentia
3168 3774 3438 3844 maligno-

1860 3890 1978 3928 rum
2036 3871 2349 3934 hominum,
2408 3870 2501 3924 lib.
2544 3871 2594 3923 1.
2653 3869 3082 3924 Declamationes
3131 3865 3440 3928 rhetoricae,

1859 3966 1952 4020 lib.
1987 3965 2036 4018 1.
2071 3963 2144 4018 De
2171 3973 2362 4017 natura
2387 3961 2742 4030 quorumdam
2771 3958 3107 4024 animalium,
3141 3957 3234 4012 lib.
3263 3957 3314 4010 1.
3368 3955 3444 4012 De

1859 4058 1916 4112 8.
1963 4056 2222 4111 Cassiano
2253 4064 2514 4126 martyre,
2555 4061 2846 4106 tractatum
2867 4051 2914 4105 I.
2947 4049 3023 4105 De
3053 4049 3112 4104 S.
3141 4047 3441 4114 Bonifacio,

1859 4155 2018 4202 tract.
2051 4146 2101 4200 1.
2129 4145 2204 4200 De
2234 4145 2336 4200 situ
2362 4155 2416 4200 et
2459 4143 2775 4198 fnudatione
2807 4141 3142 4197 Vivariensis
3184 4137 3442 4202 emnobii,

1858 4238 1894 4291 l.
1934 4238 1985 4292 1.
2017 4237 2310 4293 Sermones
2338 4245 2392 4291 et
2436 4235 2701 4290 Homilias
2723 4234 2942 4304 scripsit
2967 4247 3106 4303 pene
3131 4231 3438 4286 innumera-

1857 4329 2036 4384 biles:
2078 4327 2350 4398 Epistolas
2393 4327 2556 4382 etiam
2596 4325 2780 4397 plures
2822 4325 2889 4378 ad
2929 4323 3214 4378 diversos:
3243 4331 3300 4377 et
3337 4319 3440 4374 alia

1861 4423 2049 4488 nmlta,
2068 4437 2188 4491 qua:
2206 4423 2258 4476 in
2285 4436 2474 4474 manus
2489 4430 2704 4474 nostras
2725 4419 2902 4472 adhuc
2917 4417 3139 4470 minime
3155 4421 3439 4469 venerunt.

1785 4531 1831 4591 υ
1857 4515 2064 4570 Claruit
2086 4513 2187 4570 sub
2215 4513 2446 4568 Henrico
2472 4511 2557 4577 lll,
2585 4526 2729 4565 anno
2755 4508 2968 4564 Domini
2997 4506 3155 4562 1060.

2579 4601 2717 4656 XVI.

1862 4695 2061 4750 Eadem
2087 4697 2220 4750 serie
2245 4697 2351 4765 ipse
2372 4693 2690 4765 Trithemiu}
2710 4693 2864 4765 habet
2893 4691 3090 4765 lib._lv,‘
3110 4686 3340 4765 cap._55,
3369 4686 3438 4765 ps

1931 4768 2056 4822 viris
2106 4756 2402 4821 illustribus
2459 4765 2576 4819 0rd.
2635 4762 2695 4817 S.
2743 4762 2942 4817 Bened.
2974 4760 3039 4812 At
3075 4761 3129 4812 in
3185 4756 3439 4811 Chronico

1931 4836 1981 4890 11
1989 4837 2324 4907 irsaugiensis
2351 4833 2656 4890 monasterii
2681 4834 2776 4886 sub
2803 4849 2892 4886 an.
2919 4831 2980 4885 C.
3010 4829 3147 4883 1056
3168 4828 3299 4882 lucc.

1930 4929 2124 4985 Petrus
2144 4941 2359 4998 quoque
2390 4926 2684 4981 Damianus
2709 4939 2777 4978 ex
2805 4921 3075 4980 monacho
3105 4919 3274 4975 nostri
3299 4918 3439 4975 ordi-

1863 5023 2246 5094 riiSepiscopus
2272 5021 2563 5084 Ostiensis,
2587 5026 2645 5072 et
2666 5022 3037 5074 sacrosanctae
3064 5013 3320 5068 Ecclesiae
3344 5013 3448 5067 Ro-

1861 5132 2035 5170 manae
2072 5112 2386 5178 cardinalis,
2442 5112 2530 5166 his
2579 5109 2926 5176 temporibus
2973 5104 3154 5160 clarus
3185 5103 3447 5165 habetur;

1860 5210 1944 5242 υἷι·
1982 5215 2129 5244 non-Ia
2160 5208 2303 5244 inlar
2327 5205 2518 5244 dnnlnc
2549 5201 2631 5244 Qui
2665 5206 2938 5244 ιρηῒηηιιία
2987 5195 3374 5244 doctissimus:
3405 5200 3456 5244 ει
