3964 5310
549 273 644 330 191

545 391 845 454 nobilitatis
874 399 1108 459 innixus.
1137 404 1325 479 Itaque
1350 425 1435 466 res
1464 429 1632 484 usque
1658 433 1723 474 eo
1746 420 1981 480 infamiae
2001 443 2121 482 mu-

548 485 659 542 tuis
684 487 1157 562 altercationibus,
1182 494 1485 571 jurgiisque
1527 505 1754 564 deducta
1785 513 1907 578 fuit,
1939 525 1997 570 ut
2031 533 2121 572 sa-

545 580 796 636 cerdotes
829 582 922 651 qui
970 599 1169 642 uxores
1211 589 1495 660 haberent,
1524 612 1636 665 prae
1662 602 1866 669 pudore
1899 621 2122 675 separa-

546 670 642 723 tim
694 685 724 725 a
771 675 983 731 caeteris
1027 691 1142 731 rem
1187 679 1422 739 divinam
1467 684 1648 745 facere
1702 705 2027 764 cogerentur
2065 701 2118 755 in

542 757 682 824 loco,
714 761 804 831 qui
832 762 1045 820 Pataria
1086 767 1302 826 dicitur.
1351 773 1500 831 Unde
1532 780 1694 852 vulgo
1724 799 1754 838 a
1805 789 1987 855 pueris
2020 789 2123 845 Pa-

541 851 702 906 tarini
725 855 790 908 ad
817 861 1202 918 contumeliam
1232 865 1567 928 dicebantur.
1607 851 1742 932 Huic
1768 851 1948 936 autem
1979 884 2120 940 malo

537 951 895 1010 opportunum
927 951 1224 1008 remedium
1256 954 1415 1014 Wido
1435 963 1657 1034 cupiens
1685 969 1963 1040 adhibere,
1990 990 2120 1030 con-

537 1041 756 1088 ventum
801 1038 1177 1110 episcoporum
1223 1061 1442 1105 suorum
1475 1056 1616 1122 apud
1656 1038 2014 1123 Fontanetum
2065 1070 2117 1124 in

537 1139 668 1195 agro
694 1127 1014 1190 Novariensi
1045 1137 1297 1206 Oppidum
1329 1149 1646 1204 convocavit
1675 1169 1688 1204 :
1721 1161 1885 1224 atque
1921 1169 1988 1212 ex
2021 1174 2115 1214 eo-

445 1254 449 1258 .
535 1229 655 1270 rum
679 1223 945 1278 sententia
974 1225 1184 1283 clericis
1215 1247 1414 1289 uxores
1439 1235 1660 1306 habere,
1693 1242 1876 1314 inique
1907 1257 2111 1318 tamen,

535 1311 833 1366 constituit.
865 1313 1117 1374 Florebat
1139 1337 1205 1376 eo
1237 1333 1476 1395 tempore
1497 1311 1806 1402 sanctitate,
1840 1339 2110 1410 doctrina,

538 1411 605 1453 ae
636 1415 816 1457 rerum
865 1410 1220 1476 gerendarum
1277 1417 1468 1485 peritia
1513 1419 1704 1480 Petrus
1739 1426 2113 1490 DamianiRa-

531 1503 761 1558 vennas,
798 1499 891 1566 qui
939 1501 1107 1557 vitam
1148 1509 1484 1566 eremiticam
1523 1515 1801 1584 professus
1836 1523 1887 1577 in
1929 1539 2112 1584 eremo

532 1582 599 1636 ad
625 1582 849 1642 Fontem
890 1591 1209 1651 Avellanum
1251 1600 1473 1670 agebat,
1508 1606 1661 1675 cujus
1686 1623 1906 1678 operam
1934 1617 2107 1673 cccle-

529 1672 624 1728 siae
648 1678 1038 1738 constituendae
1061 1684 1365 1756 Stephanus
1389 1692 1635 1750 idoneam
1658 1701 1972 1768 arbitratus,
2006 1707 2110 1762 ini-

530 1763 604 1818 tio
635 1764 1102 1842 Quadragesimae,
1139 1780 1272 1836 urbe
1329 1785 1578 1852 repetita,
1643 1789 1817 1859 ipsum
1867 1793 2101 1855 Ostiensi
2137 1799 2182 1860 Β

527 1855 768 1916 Ecclesia
799 1863 1094 1923 decoravit.

596 1948 728 2004 Cum
786 1953 1082 2016 Landulfus
1128 1961 1407 2023 Arialdum
1448 1970 1672 2029 Romam
1723 1979 1993 2048 misisset,
2045 1991 2106 2038 ut

523 2051 778 2095 vesanam
829 2044 1083 2105 Ecclesiae
1117 2051 1534 2116 Mediolanensis
1586 2071 1984 2125 contumaciam
2017 2073 2103 2128 de-

526 2127 714 2195 ferret,
741 2133 1006 2205 simulque
1034 2149 1093 2194 ut
1123 2143 1189 2197 ad
1218 2160 1436 2202 causam
1468 2151 1738 2212 haereseos
1772 2173 2103 2229 cognoscen-

523 2217 645 2272 dam
688 2219 897 2290 judiees
947 2231 1265 2300 postularet,
1312 2239 1553 2306 pontifex
1604 2217 2098 2308 Petrumbamiani

520 2308 828 2381 episcopum
861 2314 1160 2375 Ostiensem
1189 2325 1258 2378 ad
1281 2341 1400 2382 eam
1429 2330 1541 2385 rem
1566 2333 1804 2406 legatum
1835 2341 2096 2401 decrevit.

518 2399 740 2456 Interim
780 2403 972 2462 Petrus
1025 2410 1271 2469 Damiani
1305 2417 1560 2477 Anselmo
1592 2426 1843 2498 episcopo
1867 2431 2097 2492 Lucensi

516 2504 816 2564 assumpto,
865 2498 1072 2569 legatus
1094 2503 1456 2565 Mediolanum
1499 2517 1764 2586 perrexit,
1791 2522 1862 2576 ibi
1893 2541 1990 2595 pro
2017 2527 2096 2582 di-

515 2581 1024 2658 gnitate'receptus,
1066 2609 1284 2653 causam
1344 2599 1628 2672 legationis
1664 2609 1731 2664 ad
1775 2625 1868 2668 eos
1900 2629 2012 2671 suae
2039 2617 2092 2673 in

514 2674 773 2732 concione
793 2683 1064 2750 exposuit.
1090 2687 1164 2741 Ea
1195 2692 1410 2762 cognita
1431 2699 1692 2766 postridie
1719 2719 1906 2760 rumor
1931 2708 1984 2762 in
2016 2710 2094 2764 ci-

513 2765 682 2822 vitate
732 2787 758 2824 a
800 2771 1035 2831 factione
1091 2779 1411 2842 clericorum
1471 2792 1740 2850 excitatus
1790 2797 2088 2868 incrcbuit;

510 2853 925 2916 Ambrosianam
960 2866 1260 2927 Ecclesiam
1302 2878 1538 2948 antiquis
1573 2882 1794 2942 Patrum
1826 2889 2089 2949 institutis

510 2943 759 3015 liberam,
792 2968 890 3008 nec
917 2955 1174 3016 Romanis
1192 2961 1400 3033 legibus
1429 2971 1714 3028 obnoxiam
1744 2991 1885 3045 esse,
1910 2996 2087 3052 neque

507 3037 814 3101 pontificem
863 3042 1165 3102 Romanum
1199 3050 1288 3119 jus
1317 3054 1480 3109 ullum
1513 3059 1567 3113 in
1598 3076 1692 3116 sua
1723 3064 1960 3124 Ecclesia
1998 3086 2086 3126 or-

1433 297 1489 354 S.
1538 299 1812 363 PETRUS
1851 308 2208 373 DAMIANUS
2250 319 2308 375 S.
2349 323 2414 380 Β.
2444 326 2508 383 Ε.
2552 332 2983 402 CARDINALIS.

3709 371 3829 428 192

2152 436 2196 492 Α
2231 433 2334 490 hac
2361 441 2494 496 urbe
2533 451 2853 519 martyrium
2883 467 2966 512 est
2993 475 3280 533 perpessus
3307 487 3319 522 :
3348 483 3397 526 ct
3428 473 3722 539 Gcrvasius
3755 503 3830 543 ac

2226 523 2349 543 ην,
2425 530 2436 540 .

2993 523 3011 530 _
3093 523 3108 533 ι
3355 523 3394 526 *κ
3435 523 3525 531 ,νυ
3550 523 3722 539 --ι-νιιιυ
3755 523 3821 543 οἱ.

2225 523 2525 598 Protasius,
2557 549 2786 603 quorum
2832 559 3019 604 sancta
3050 552 3103 606 in
3150 554 3252 613 hac
3282 559 3418 618 urbe
3453 581 3686 638 corpora
3709 591 3821 632 co—

2226 616 2370 638 ,μμ
2615 630 2649 638 ..

3398 616 3411 618 ἡ
3461 616 3686 638 --τω-
3709 616 3818 632 νυ-

2223 616 2428 689 luntur,
2450 641 2556 682 non
2581 630 2742 688 alium
2767 651 2928 704 quam
2952 641 3176 702 Paulum
3201 649 3440 711 habuere
3461 662 3822 732 magistrum.

2223 707 2387 732 “in.--
2424 713 2447 732 -Ι
2463 729 2475 732 -
2503 717 2535 732 ν’

2223 707 2390 764 Divus
2416 713 2666 788 denique,
2715 738 2824 794 quo
2861 744 2957 786 vos
2997 741 3277 808 tantopere
3325 707 3658 818 gloriamini,
3683 756 3826 813 Am-

3147 797 3164 808 _
3325 797 3404 815 0,-
3683 797 3821 813 ...πί

2221 797 2457 866 brosius.
2482 820 2604 864 cum
2628 811 3014 877 Nieolaitarum
3045 825 3294 886 haeresim
3325 849 3423 903 per
3451 853 3512 894 se
3533 846 3821 910 quondam

2221 903 2480 951 coercere
2501 915 2606 955 non
2635 916 2839 974 posset,
2870 927 2899 966 a
2928 912 3168 974 Romana
3204 920 3442 983 Ecclesia
3491 935 3819 1000 praesidium

3293 978 3303 980 ἡ
3341 978 3442 983 ,η-
3491 978 3816 1000 r-...,.........

2221 978 2545 1052 imploravit,
2573 1002 2733 1064 atque
2772 1007 2882 1058 tres
2909 1004 3011 1062 viri
3065 1011 3134 1066 ad
3162 1012 3323 1086 hujus
3374 1024 3578 1080 erroris
3614 1031 3816 1099 expia-

2221 1071 2418 1099 ”“m
2463 1095 2480 1099 ,
2519 1080 2552 1099 η
2627 1086 2638 1098 .
2677 1089 2690 1099 .

3231 1071 3252 1086 υ
3380 1071 3578 1080 ν--ν---ν
3616 1071 3810 1099 ν-ιιην

2219 1071 2420 1131 tionem
2456 1095 2485 1135 a
2519 1080 2727 1154 Syricio
2755 1098 2865 1148 tum
2912 1100 3168 1166 pontifice
3197 1107 3381 1176 missi,
3407 1127 3653 1182 praesens
3675 1121 3816 1176 civi-

2220 1163 2314 1218 tati
2346 1168 2602 1227 auxilium
2626 1163 2940 1240 attulerunt.
2973 1187 3359 1264 Quamobrem,
3388 1163 3510 1257 crum
3554 1214 3610 1260 et
3640 1211 3813 1278 primi

2220 1251 2403 1278 ﬁn'--I:A
2435 1269 2578 1278 —--~-»

2217 1251 2406 1310 salutis
2435 1269 2628 1318 vestrae
2673 1279 2924 1329 auctores
2945 1315 2960 1339 ,
2983 1251 3065 1333 wet
3093 1290 3212 1350 post
3243 1251 3470 1345 labentis
3500 1251 3814 1366 disciplinae

2216 1349 2608 1418 emendatores,
2640 1357 2708 1412 ab
2756 1358 2994 1420 Ecclesia
3043 1349 3285 1428 Romana
3311 1379 3610 1447 prodierint
3631 1349 3813 1456 ,Iquid

2214 1440 2299 1486 est
2339 1437 2480 1504 quod
2517 1441 2634 1512 ejus
2691 1446 2925 1507 decretis
2965 1437 3370 1531 obtemperare,
3418 1437 3807 1542 intempesiiva

2214 1535 2356 1579 nunc
2380 1535 2717 1590 contumacia
2744 1544 3256 1615 recusetis?Quibus
3280 1558 3458 1613 verbis
3480 1573 3806 1630 protervum

2214 1614 2465 1682 populum
2501 1622 2637 1678 adeo
2665 1624 2843 1697 ﬂexit,
2874 1641 2933 1688 ut
2963 1651 3022 1691 se
3067 1614 3134 1694 ad
3165 1645 3346 1699 omnia
3372 1614 3496 1716 ejus
3536 1656 3803 1712 mandata

2213 1712 2461 1768 paratum
2490 1724 2612 1767 esse
2651 1721 3011 1788 responderit.
3056 1727 3363 1795 Quaestione
3403 1739 3529 1797 inde
3558 1743 3805 1802 clerico-

2212 1804 2330 1847 rum
2361 1795 2627 1869 instituta,
2654 1807 2744 1861 vix
2771 1811 3057 1884 quisquam
3086 1835 3226 1877 unus
3266 1838 3514 1896 repertus
3551 1843 3670 1901 est,
3699 1841 3805 1908 qui

2207 1897 2312 1938 non
2335 1893 2657 1952 autordines
2678 1901 2931 1972 emisset,
2949 1917 3048 1965 aut
3075 1915 3353 1975 muliebris
3373 1931 3798 1989 consuetudinis

2205 1977 2472 2049 particeps
2501 1997 2663 2042 esset.
2697 1991 2831 2049 Tum
2858 1995 3089 2070 legatus,
3116 2019 3238 2062 cum
3262 2025 3320 2066 se
3346 2018 3602 2076 omnibus
3626 2022 3790 2079 dam-

2205 2066 2396 2124 nandis
2443 2087 2596 2130 sacra
2647 2079 2834 2140 tollere
2877 2101 2908 2141 e
2937 2089 3398 2168 civitate,paucis
3419 2108 3796 2180 absolvendis,

2205 2153 2421 2180 ..διάει-..2-
2455 2175 2504 2180 -,
2543 2163 2554 2180 ρ
2600 2165 2612 2176 ι
2689 2171 2701 2180 .
2831 2175 2850 2180 -

3174 2153 3187 2163 ,
3213 2153 3226 2168 ,
3421 2153 3794 2180 _---.........s,

2203 2153 2424 2225 reliquis
2449 2175 2508 2214 se
2542 2163 2792 2234 injuriam
2825 2175 3026 2247 facere,
3051 2197 3174 2239 cum
3207 2203 3306 2258 par
3325 2197 3569 2253 omnium
3622 2217 3794 2260 causa

2200 2254 2363 2312 esset,
2391 2249 2864 2330 animadverteret,
2894 2279 3178 2340 propterea
3211 2282 3465 2339 omnibus
3485 2302 3544 2343 se
3567 2293 3792 2348 veniam

2201 2336 2450 2396 daturum
2472 2351 2728 2417 ostendit,
2775 2357 2821 2411 si
2852 2374 2912 2415 se
2941 2377 3305 2438 sacramento,
3342 2391 3406 2432 ac
3433 2379 3654 2448 piaculo
3682 2386 3791 2441 ob-

3293 2427 3305 2438 .
3346 2427 3402 2432 η
3433 2427 3651 2448 την-,ν
3683 2427 3753 2441 νυ

2197 2427 2566 2502 δι”ίηιίδδθηίν
2605 2455 2664 2496 se
2721 2444 2774 2499 ίη
2821 2461 3096 2517 Posterum
3147 2461 3216 2516 ab
3255 2464 3520 2534 ejuSmodi
3561 2471 3789 2544 ﬂagitiis

2197 2523 2430 2544 ΙΛ-νι-ιιι..-
2443 2532 2552 2544 1..-“-
2573 2543 2582 2544 κ
2646 2531 2678 2544 n

2197 2523 2610 2589 temperaturos.
2645 2531 3056 2597 Sacramentum
3079 2557 3256 2604 autem
3281 2523 3394 2609 'fuit
3415 2523 3787 2629 triplefori-

2194 2620 2342 2662 mum
2372 2615 2809 2693 archiepiscopus
2843 2628 2912 2684 ita
2955 2630 3162 2701 juravit
3197 2657 3210 2693 :
3247 2639 3526 2702 Conﬁteor
3567 2666 3783 2711 morem

2195 2695 2247 2750 in
2280 2697 2524 2758 Ecclesia
2557 2706 2876 2784 inolevisse,
2919 2728 2978 2776 ut
3015 2726 3327 2800 quicunque
3362 2733 3648 2797 clericales
3686 2757 3780 2798 or-

2191 2789 2345 2847 dines
2375 2797 2661 2869 aceiperet,
2680 2807 3098 2872 subdiaconatus
3123 2822 3342 2880 nomine
3372 2843 3621 2886 nummos
3641 2833 3771 2890 duo-

2189 2879 2382 2950 decim,
2427 2889 2743 2952 diaconatus
2771 2902 3101 2974 octodecim,
3153 2916 3555 2986 presbyteratus
3581 2925 3776 2995 viginti

2187 2981 2420 3038 quatuor
2448 2982 2722 3046 penderet.
2747 2987 2934 3060 ltaque
2952 2981 3218 3064 praesente
3238 3003 3300 3057 ι).
3317 2981 3496 3075 Ῐδειιιο,
3529 2981 3772 3073 Ostiensi

2186 3063 2469 3136 episcopo,
2501 3071 2678 3143 legato
2725 3078 2929 3138 Nicolai
2956 3063 3115 3156 ipont.
3164 3102 3220 3148 et
3250 3095 3310 3150 Ι).
3349 3063 3632 3170 Anselmo,
3661 3107 3770 3165 Lu-

507 3123 764 3192 dinanda,
795 3138 955 3200 atque
997 3137 1370 3196 constituenda
1403 3144 1622 3203 habere.
1661 3151 1847 3224 Itaque
1873 3158 2082 3216 sublato

507 3215 740 3259 nlnmnrn
765 3224 958 3259 ramim
984 3227 1218 3259 "mla"..-
1251 3248 1275 3259 ,ι
1308 3237 1671 3259 ...-μ--ι.---η.σ.
1832 3247 1845 3259 .
1943 3250 1955 3259 .

2219 3123 2235 3132 ,
2369 3123 2383 3136 _
2454 3123 2469 3135 ,
2504 3123 2674 3143 qn“-
2726 3123 2929 3138 -..νυ-..ι
2966 3123 3115 3156 νυιιι.
3164 3123 3220 3148 ut.
3250 3123 3310 3150 υ.
3349 3123 3632 3170 ιιιιιδυιῐηο,
3661 3123 3770 3165 Lu-

2189 3157 2330 3213 censi
2355 3162 2625 3235 episcopo,
2663 3178 2717 3224 et
2759 3176 3010 3235 omnibus
3041 3183 3212 3250 vobis,
3261 3187 3482 3259 damno,
3523 3211 3590 3252 ac
3615 3197 3771 3255 dete-

503 3215 740 3273 clamore
764 3224 958 3291 raptim
983 3227 1219 3298 undique
1249 3248 1278 3286 a
1308 3237 1757 3300 tumultuantibus
1779 3247 1846 3302 ad
1873 3250 2081 3319 episco-

500 3307 646 3374 pium
685 3316 1049 3385 concurritur,
1085 3336 1473 3394 campanarum
1528 3334 1784 3405 strepitu,
1829 3354 1892 3395 ac
1941 3357 2079 3412 prae—

498 3401 719 3464 grandis
748 3405 888 3462 tuba:
925 3409 1180 3482 clangore
1207 3418 1335 3473 urbs
1361 3427 1469 3475 tota
1495 3401 1815 3498 completur,
1844 3447 1908 3488 ac
1932 3450 2078 3492 mors

497 3489 676 3561 legato
707 3495 774 3550 ab
802 3502 1052 3559 omnibus
1083 3505 1402 3566 intentatur.
1431 3515 1964 3582 Accenderatautem
1989 3530 2072 3583 in-

495 3583 651 3639 vidiae
675 3585 967 3657 flammam,
997 3597 1139 3662 quod
1169 3598 1362 3657 Petrus
1383 3606 1557 3672 pridie
1579 3609 1630 3662 in
1650 3625 1916 3672 conventu
1937 3634 2074 3688 prae»

431 3685 436 3688 ·
493 3672 694 3740 sidens,
717 3677 784 3731 ad
806 3679 1050 3736 dextram
1079 3686 1180 3739 sibi
1202 3688 1514 3748 Anselmum
1535 3699 1844 3775 episcopum
1870 3712 2072 3765 consti-

495 3772 700 3833 tuerat,
732 3783 763 3822 a
814 3771 1036 3829 sinistra
1087 3792 1216 3833 vero
1265 3781 1547 3841 Widonem
1603 3796 2068 3870 archiepiscopum

488 3852 591 3906 sibi
644 3858 885 3915 assidere
936 3865 1237 3922 mandaret.
1279 3870 1569 3945 Perspecta
1600 3898 1731 3938 vero
1767 3891 1946 3959 populi
1977 3908 2069 3949 vo-

488 3940 694 3998 luntate
731 3946 957 4018 legatus,
988 3958 1246 4022 postridie
1263 3940 1560 4024 convocato
1595 3972 1646 4026 in
1689 3940 1942 4046 templum
1967 3998 2066 4052 po-

488 4030 606 4052 ...ιΔ
888 4041 899 4051 -
1275 4051 1281 4052 γ

1798 4030 1811 4046 _
1839 4030 1942 4034 Ὗ---
1967 4030 2032 4052 ,η

484 4030 632 4097 palo,
664 4034 717 4087 in
748 4041 1061 4096 concionem
1087 4051 1354 4112 ascendit,
1385 4065 1548 4125 atque
1583 4066 1812 4120 tumultu
1847 4073 2061 4128 tandem

483 4120 670 4176 sedato
692 4163 707 4187 ,
747 4125 820 4179 ita
875 4129 1125 4187 disseruit
1157 4155 1168 4189 :
1198 4137 1448 4198 Nicolaus
1477 4150 1719 4214 pontifex
1760 4159 2058 4230 maximus,

483 4205 675 4230 l'....n..-_
713 4212 750 4230 ,ι
781 4229 784 4230 ,
812 4215 851 4230 ,o
916 4217 927 4228 ο
993 4219 1006 4230 .
1117 4223 1128 4230 .
1167 4224 1178 4230 -

1477 4205 1494 4214 -
1760 4205 2058 4230 --νπ--ηηυυν

482 4205 678 4264 fratres
705 4212 1030 4284 eharissimi,
1061 4223 1206 4278 misit
1237 4243 1322 4282 me
1344 4232 1409 4284 ad
1435 4248 1548 4300 vos,
1581 4252 1685 4292 non
1727 4252 1785 4297 ut
1809 4245 2061 4307 Ecclesiae

479 4399 674 4443 vestrae
701 4391 882 4462 gloriae
937 4409 1100 4468 atque
1153 4406 1313 4461 saluti
1344 4414 1700 4472 consulerem.
1733 4422 1870 4490 Quid
1911 4429 2054 4485 enim

477 4479 682 4537 honore
728 4490 1027 4546 tenuissimi
1084 4493 1320 4555 hominis
1352 4501 1593 4564 Romana
1635 4524 1755 4583 eget
1787 4517 2050 4590 Ecclesia,

475 4586 595 4640 quae
624 4574 842 4632 laudum
894 4588 1161 4650 praeconia
1205 4605 1271 4645 ex
1302 4593 1466 4663 ipsius
1514 4615 1608 4656 ore
1635 4615 1719 4660 est
1754 4607 2048 4672 Salvatoris

475 4663 706 4732 adepta?
733 4683 852 4736 quae
878 4682 1058 4728 autem
1089 4681 1368 4747 provincia
1412 4687 1465 4742 in
1502 4694 1660 4749 terris
1695 4696 1764 4751 ab
1785 4698 1898 4767 ejus
1933 4705 2048 4759 edi-

473 4757 618 4813 tione
655 4759 827 4818 libera
868 4770 1149 4837 reperitur,
1182 4775 1334 4845 cujus
1359 4781 1584 4840 arbitrio
1620 4788 1792 4856 ipsum
1829 4810 2043 4866 quoque

469 4848 665 4903 caelum
694 4855 952 4922 aperitur,
978 4868 1032 4912 et
1081 4861 1383 4921 clauditur?
1411 4848 1796 4950 (Matt/navi.)
1829 4848 1894 4936 Et
1921 4848 2041 4954 (ιῖιί-

467 4937 608 5003 dem,
640 4942 683 4994 si
710 4953 854 5001 recte
885 4952 1243 5022 attenderitis,
1286 4937 1518 5030 reliquas
1551 4937 1816 5026 Ecclesias
1851 4937 2041 5032 abito-

464 5027 700 5084 minibus
746 5034 1017 5095 institutas
1046 5059 1165 5099 esse
1216 5051 1526 5118 reperietis;
1574 5057 1873 5118 Ecclesiam
1911 5081 2038 5123 vero

461 5114 759 5175 Romanam
795 5141 825 5178 a
853 5127 965 5184 Deo
1017 5131 1132 5202 ipso
1171 5151 1290 5192 esse
1339 5139 1638 5212 fundatam,
1672 5160 1836 5221 atque
1869 5157 1938 5211 ab
1971 5174 2033 5215 ea

461 5222 581 5261 eum
625 5211 856 5282 reliquas
890 5219 1042 5285 alias,
1070 5232 1180 5278 tum
1209 5231 1440 5288 maxime
1466 5234 1917 5302 Mediolanensem
1945 5267 2035 5304 or-

2183 3255 2299 3301 stor
2324 3264 2538 3309 omnem
2589 3259 2942 3322 simoniacam
2984 3269 3254 3342 haeresim,
3283 3294 3347 3335 ac
3372 3297 3478 3350 me,
3519 3295 3577 3342 et
3599 3288 3768 3346 cleri-

2180 3353 2294 3403 eos,
2325 3349 2379 3396 et
2401 3358 2744 3408 successores
2772 3370 2944 3425 meos,
2967 3365 3203 3432 spondeo
3229 3369 3373 3428 nihil.
3394 3373 3447 3429 in
3477 3388 3764 3446 posterum

2179 3439 2484 3490 exacturos.
2544 3437 2934 3503 Nieolaitarum
2989 3465 3206 3524 quoque
3267 3459 3517 3521 haeresim
3566 3472 3761 3527 eadem

2179 3521 2387 3579 ratione
2415 3529 2738 3600 condemno,
2781 3545 2836 3592 et
2890 3545 3268 3614 presbyteros,
3322 3551 3604 3625 diaconos,
3631 3563 3761 3618 sub-

2175 3609 2537 3686 diaconosque
2567 3621 2636 3677 ab
2659 3639 2906 3695 uxorum,
2930 3639 2986 3686 et
3014 3639 3438 3700 concubinarum
3469 3650 3762 3720 societate,

2172 3703 2349 3766 quoad
2376 3715 2586 3774 potero,
2618 3715 2997 3784 propulsurum
3026 3727 3305 3792 promitto.
3356 3730 3484 3790 Inde
3511 3747 3642 3796 ante
3675 3703 3756 3796 al:

2174 3795 2288 3843 tare
2314 3807 2494 3850 coram
2531 3801 2782 3874 episcopo
2811 3805 3042 3867 Lucensi
3067 3814 3201 3871 dixit
3235 3836 3248 3872 :
3285 3819 3341 3875 Si
3366 3821 3449 3877 his
3477 3826 3754 3899 defecero,

2172 3888 2281 3935 tum
2304 3899 2390 3938 me
2418 3887 2577 3958 Deus,
2608 3903 2662 3948 et
2699 3898 2805 3952 divi
2832 3902 3041 3969 piorum
3072 3915 3449 3972 communione
3470 3920 3764 3992 dejieiant.

2172 3971 2232 3992 η-
2251 3984 2287 3992 -.
2502 3981 2514 3992 ι
2644 3986 2685 3992 --

3404 3971 3443 3972 γέ
3477 3971 3749 3992 “rm--.

2168 3971 2448 4034 Postremo
2487 3981 2744 4045 Arnulfus
2799 4007 2966 4063 nepos
3002 3997 3148 4068 ejus,
3195 4003 3423 4063 clericus
3475 4025 3601 4067 cum
3641 4032 3749 4074 una

2168 4082 2330 4125 manu
2368 4089 2584 4132 manum
2614 4083 3006 4158 archiepiscopi
3037 4101 3276 4162 teneret,
3307 4099 3477 4157 altera
3527 4119 3747 4165 sacrum

2163 4156 2439 4232 Evangelii
2467 4169 2706 4227 codicem
2725 4156 2990 4249 tangeret,
3017 4184 3090 4239 ita
3118 4185 3328 4246 locutus
3351 4195 3746 4258 estzbominus

2165 4246 2323 4305 Wido
2343 4256 2800 4334 archiepiscOpus,
2822 4246 2983 4339 quod
2997 4279 3245 4344 promisit
3271 4283 3338 4338 de
3359 4289 3610 4345 castitate
3633 4293 3745 4350 ele-

2161 4338 2396 4398 ricorum
2421 4385 2436 4410 ,
2472 4350 2782 4412 observabit
2826 4379 2841 4415 :
2890 4377 3066 4434 neque
3108 4376 3449 4431 consecrabit
3496 4379 3741 4455 aliquem

2157 4438 2355 4494 praeter
2375 4438 2690 4507 monachos,
2727 4458 2886 4513 quem
2931 4455 3210 4523 superiore
3251 4438 3612 4524 sacramento‘
3628 4487 3740 4528 non

2086 4513 2131 4573 D
2156 4516 2374 4590 obliget.
2407 4523 2606 4582 Eadem
2638 4529 2819 4590 clerici
2857 4513 3131 4606 jurarunt.
3157 4545 3252 4602 His
3277 4552 3435 4620 actis,
3467 4558 3740 4630 archiepi-

2154 4624 2348 4680 scopus
2381 4629 2442 4670 se
2474 4618 2698 4688 projecit
2731 4625 2782 4680 in
2833 4635 3030 4686 terram
3051 4675 3066 4699 ,
3097 4644 3259 4707 atque
3297 4642 3568 4711 piaculum
3630 4652 3733 4707 sihi

2154 4698 2355 4773 iujungi
2391 4704 2585 4777 jussit;
2637 4713 2763 4782 quia
2803 4725 3051 4788 quamvis
3083 4741 3146 4781 ea
3179 4729 3291 4798 ipse
3328 4731 3385 4787 in
3427 4734 3730 4796 Ecclesiam

2148 4793 2342 4860 probra
2372 4813 2476 4853 non
2503 4801 2815 4875 invexusset,
2845 4819 3020 4868 tamen
3052 4833 3172 4872 eum
3200 4833 3405 4892 posset,
3431 4842 3498 4882 ex
3526 4845 3590 4885 ea
3619 4848 3728 4888 non

2146 4888 2475 4946 sustulisset.
2514 4893 2745 4966 Legatus
2773 4914 2990 4960 centum
3023 4924 3286 4968 annorum
3323 4917 3594 4986 piaculum
3628 4925 3729 4978 im-

2145 4983 2344 5049 posuit,
2373 4984 2534 5056 idque
2561 4991 2750 5045 redimi
2781 5008 2940 5062 posse
2987 5011 3133 5056 certa
3179 5004 3232 5058 in
3285 4983 3525 5080 shigulos
3553 5029 3727 5072 annos

2144 5073 2316 5130 soluta
2348 5082 2597 5148 pecunia,
2623 5083 2809 5141 voluit.
2853 5088 3049 5147 Clerici
3096 5094 3325 5154 diversis
3363 5101 3420 5155 in
3453 5103 3563 5160 vita
3584 5105 3726 5175 jeju-

2141 5165 2246 5221 niis
2275 5167 2517 5241 obligati.
2553 5173 3008 5252 Archiepisc0pus
3035 5185 3158 5240 inde
3179 5192 3494 5250 concionem
3529 5213 3722 5254 ascen-

2139 5257 2234 5304 (ίίῐ-
2288 5275 2378 5304 51ογ
2415 5277 2678 5304 nrmcnnln
2705 5270 2848 5304 nlo-un
2880 5285 2933 5304 ηο
2976 5281 3166 5304 ..η-..μ
3259 5287 3294 5304 μι
3361 5288 3374 5303 υ
