3964 5310
131 361 250 416 195

801 353 1338 414 PROLEGOMENA.
1377 383 1446 394 —
1485 351 1904 409 TESTIMONIA
1945 355 2032 410 DE
2069 356 2127 411 S.
2168 356 2398 416 PETRO
2438 361 2770 420 DAIIIANO.

3323 368 3428 423 194

131 471 321 542 gionis
368 468 580 540 gratia,
613 468 838 523 Romam
886 475 978 522 aut
1012 466 1287 521 Turonum
1338 464 1601 519 missuros
1636 482 1649 518 :
1680 479 1738 519 se
1767 475 1812 530 Α
1843 469 1953 525 nati
1997 471 2389 542 archiepiscopi
2433 477 2757 546 contagione
2803 488 3153 550 corruptum,
3202 495 3434 553 eumque

129 576 270 616 vero
296 561 366 616 ad
397 558 460 615 S.
494 558 757 616 Jacobum
797 557 852 612 in
881 556 1194 626 Hispaniam
1237 555 1438 610 iturum
1463 554 1736 625 promisit.

136 652 276 708 llaac
296 652 497 708 Petrus
529 653 644 722 ipse
665 665 724 706 se
740 648 1022 706 Mediolani
1053 647 1285 718 legatum
1305 646 1480 717 egisse
1500 644 1739 715 scripsit.

207 739 475 796 Profecto
507 740 633 795 inde
661 741 860 810 legato,
891 735 1332 806 archiepiscopus
1381 735 1592 806 asperis
1630 733 1740 789 cle-

133 833 383 886 ricorum
416 847 645 887 suorum
672 829 932 887 conviciis
956 829 1247 892 laceratus,
1289 827 1433 898 quod
1485 826 1742 882 Mediola-

135 923 330 979 neusis
355 923 673 979 libertatem
703 921 961 979 Ecclesia1
1001 920 1359 991 prodidisset,
1387 920 1440 974 in
1469 919 1738 974 sententia

135 1013 417 1068 castitatis
477 1028 589 1067 non
633 1011 887 1082 perstitit,
934 1012 1029 1066 sed
1070 1009 1408 1080 promiscuos
1449 1007 1736 1063 mulierum

135 1104 470 1159 concubitus
493 1104 704 1159 annuit.
764 1102 954 1173 Itaque
999 1101 1247 1171 sequenti
1290 1115 1456 1166 anno,
1501 1101 1594 1170 qui
1632 1099 1738 1155 fuit

136 1197 470 1252 millesimus
489 1195 883 1268 sexagesimus,
909 1193 1285 1248 Arlembaldus
1307 1192 1462 1247 Cotta
1487 1193 1539 1246 in
1559 1191 1737 1246 locum

137 1287 390 1343 Landulﬁ
461 1287 652 1343 fratris
696 1287 892 1342 mortui
941 1285 1252 1350 sublectus,
1279 1284 1468 1339 eodem
1515 1283 1736 1337 Arialdo

140 1378 477 1450 impellente,
510 1394 732 1435 causam
777 1379 1194 1433 intermortuam
1239 1374 1495 1431 excitavit
1530 1393 1544 1429 :
1575 1384 1738 1444 atque

139 1470 400 1542 gravibus
441 1469 760 1524 tumultibus
807 1468 862 1522 in
917 1468 1050 1522 urbe
1101 1466 1424 1532 miscendis;
1464 1465 1626 1520 etiam
1670 1478 1738 1518 ne

141 1558 310 1615 abbas
370 1559 431 1613 S.
486 1559 630 1615 Celsi
673 1559 741 1614 ab
769 1557 1175 1629 archiepiscopo
1209 1565 1541 1621 sacraretur,
1597 1555 1738 1639 inhi-

146 1651 280 1706 buit.
311 1650 503 1722 Itaque
533 1650 728 1706 Petrus
767 1650 1010 1705 Damiani
1048 1652 1115 1704 ad
1137 1665 1230 1706 eos
1275 1650 1418 1706 hanc
1444 1648 1735 1719 epistolam

139 1743 289 1798 misit
318 1762 335 1798 :
360 1743 558 1799 Petrus
579 1742 970 1808 Damiani,etc.
986 1741 1112 1797 hab.
1143 1757 1267 1797 eam
1282 1740 1376 1796 lib.
1406 1756 1454 1807 v,
1471 1739 1627 1811 epist.
1645 1738 1734 1794 84.

1841 564 2156 616 danmatum
2203 563 2255 618 in
2301 565 2532 635 gratiam
2587 567 2842 625 Ecclesia:
2889 572 3130 642 recepit,
3181 587 3246 629 ac
3298 589 3434 631 con-

1843 661 2015 709 tracto
2041 653 2255 724 piaculo
2307 660 2632 716 auctoritate
2675 663 2953 732 pontillcia
3006 665 3280 721 liberavit.
3312 665 3434 722 Mox

1840 745 2099 802 Ravenna
2149 749 2455 818 digressus,
2513 767 2636 808 cum
2690 754 3006 812 Faventiam
3056 759 3435 828 pervenisset,

1843 839 1979 896 febri
2027 856 2317 911 oppressus
2348 843 2573 899 interiit.
2617 845 2745 910 Vir,
2784 858 2839 902 et
2873 849 3202 915 sanctitate,
3255 862 3312 906 et
3347 867 3436 906 sa-

1839 932 2039 1000 pientia
2079 947 2174 1002 per
2215 932 2328 987 haec
2375 941 2616 1006 tempora
2659 937 2861 994 clarus.
2913 939 3304 999 Post.mortem
3337 943 3429 999 mi-

1840 1023 2041 1079 raculis
2091 1023 2350 1096 inclytum
2395 1041 2495 1096 pro
2536 1027 2659 1081 divo
2694 1028 2941 1087 homines
2968 1031 3295 1088 habuerunt.

2559 1116 2726 1172 XXV.

1839 1205 2029 1261 Petrus
2071 1207 2391 1287 ﬁirordatus
2440 1211 2786 1287 (μω-1578),
2837 1213 3035 1287 Tuscus
3085 1217 3434 1287 Bojanemis,

1873 1279 2158 1331 monachus
2179 1296 2417 1350 congreg.
2439 1280 2620 1335 Casin.
2649 1279 2820 1337 diaria
2847 1285 2879 1338 4
2910 1284 3051 1341 llist.
3081 1279 3398 1346 monasticar.

1910 1368 1985 1423 De
2015 1369 2173 1424 Petro
2204 1371 2449 1426 Damiani
2471 1413 2487 1438 ,
2534 1381 2644 1428 lttm
2672 1375 2920 1430 doctrina
2943 1419 2958 1442 ,
3003 1388 3115 1434 tum
3144 1381 3438 1437 sanctitate

1840 1459 2038 1531 insigni
2091 1461 2252 1515 verba
2302 1461 2593 1524 facientes.
2644 1467 2879 1523 dicimus
2934 1469 3104 1527 fuisse
3152 1472 3438 1529 Ravenna-

1841 1555 1948 1602 tem
1971 1589 1984 1611 ,
2010 1558 2062 1604 et
2089 1554 2404 1607 monasterii
2432 1553 2489 1608 S.
2524 1553 2708 1610 Maria:
2735 1573 2766 1612 a
2797 1558 3055 1616 Faventia
3086 1565 3436 1620 monachum.

1842 1639 1948 1706 Qui
1977 1641 2045 1695 ob
2077 1656 2204 1696 suas
2233 1643 2521 1710 praeclaras
2569 1647 2797 1703 virtutes
2836 1664 2866 1702 a
2915 1651 3190 1722 Stephano
3226 1653 3293 1708 IX
3326 1655 3442 1724 epi-

1842 1747 2036 1802 scopus
2079 1731 2346 1788 Ostiensis
2399 1743 2451 1790 et
2496 1735 2554 1790 S.
2608 1737 2674 1792 Il.
2714 1738 2774 1793 Ε.
2829 1743 2978 1795 card.
3031 1753 3246 1800 creatus
3279 1786 3294 1810 ,
3345 1746 3440 1801 tali

207 1834 358 1888 Idem
385 1833 682 1906 (Henricus
711 1833 778 1888 Ill
829 1831 986 1905 imp.)
1013 1831 1173 1887 malis
1202 1831 1536 1895 suasoribus,
1567 1830 1736 1898 inpri-
1762 1836 1811 1900 Β
1839 1839 2062 1878 munere
2089 1839 2186 1894 per
2223 1824 2445 1880 multum
2475 1829 2734 1897 temporis
2768 1832 2999 1900 spatium
3024 1834 3188 1904 digne
3218 1835 3438 1892 functus

139 1924 352 1995 misque
379 1925 700 1992 Adelberto,
723 1923 1004 1981 Bremensi
1033 1922 1462 1994 archiepiscopo,
1489 1922 1728 1986 deditus,

139 2015 346 2070 nullum
372 2033 505 2088 erga
537 2017 806 2083 homines,
837 2016 1114 2086 Deumque
1158 2015 1435 2078 avaritia}.
1469 2013 1727 2079 libidinis,

143 2123 303 2184 atque
328 2114 640 2170 insolentia:
686 2130 861 2186 genus
884 2115 1160 2170 omittere.
1187 2112 1322 2168 Nam
1355 2121 1411 2169 et
1429 2112 1570 2182 plebi
1598 2127 1734 2168 con-

143 2213 222 2256 tra
259 2202 494 2270 nobiles,
536 2204 922 2275 principesque
977 2203 1220 2268 studere,
1266 2212 1431 2273 atque
1472 2202 1652 2258 omnia
1677 2203 1730 2256 vi

143 2293 328 2364 magis,
362 2309 530 2364 quam
576 2294 702 2364 jure
756 2309 949 2365 agerc,
979 2303 1036 2349 et
1064 2294 1440 2363 episc0patus,
1465 2292 1737 2347 abbatias-

144 2399 241 2455 que
290 2382 472 2453 palam
525 2385 780 2450 vendere,
824 2392 882 2438 et
933 2384 1112 2454 opima
1155 2383 1271 2453 ipsa
1344 2384 1736 2437 monachorum

144 2476 344 2546 praedia
374 2475 744 2532 sectatoribus
794 2476 907 2531 suis
963 2476 1106 2546 turpi
1158 2475 1447 2546 largitione
1477 2475 1734 2531 tribuere.

145 2567 278 2633 Quin
308 2567 478 2621 etiam
511 2581 634 2622 cum
657 2566 885 2636 conjuge
909 2567 1129 2632 Bertha,
1157 2564 1384 2621 Othonis
1408 2565 1739 2620 rnarchionis

144 2658 267 2722 tilia,
299 2655 461 2725 cujus
508 2658 671 2727 paulo
701 2665 842 2712 'ante
883 2657 990 2712 sibi
1033 2657 1310 2727 desponsa:
1343 2655 1456 2726 jam
1515 2657 1741 2712 satietas

145 2760 382 2820 ceperat,
423 2751 714 2806 divortium
737 2749 921 2805 facere
948 2750 1196 2820 cupiens,
1234 2748 1607 2819 Moguntinum
1633 2763 1734 2803 an-

145 2843 368 2897 tistitem
410 2842 480 2896 ad
521 2841 878 2896 indicendum
911 2855 1075 2910 super
1096 2855 1159 2896 ea
1196 2853 1256 2894 re
1282 2839 1571 2910 Moguntiae
1599 2854 1740 2895 con-

143 2944 363 2990 ventum
395 2934 633 2990 induxit.
682 2934 838 3001 Quod
868 2933 960 2988 ubi
997 2932 1252 3004 cognovit
1279 2931 1607 3000 Alexander,
1637 2931 1737 2988 Pe-

145 3035 284 3079 trum
322 3025 571 3079 Damiani
602 3025 840 3097 legatum
872 3025 927 3079 in
976 3023 1349 3090 Germaniam,
1377 3025 1444 3080 ad
1475 3039 1595 3080 eam
1626 3039 1740 3080 rem

146 3119 545 3188 impediendam
592 3119 759 3173 misit.
801 3117 852 3173 ls
876 3117 1124 3187 sequenti
1156 3131 1300 3172 anno
1324 3116 1600 3186 profectus
1629 3116 1740 3171 Mo-

1831 1925 1938 1972 cst.
1967 1918 2112 1972 Inter
2141 1932 2204 1972 ea
2224 1957 2240 1983 ,
2270 1933 2389 1987 qua:
2436 1919 2500 1975 de
2528 1921 2646 1992 ipso
2687 1923 2825 1977 scitu
2856 1926 3016 1996 digna
3063 1927 3116 1981 in
3149 1929 3438 2003 IIirsaugia

1832 2007 2116 2062 Trithemii
2168 2007 2418 2073 invenio,
2477 2009 2674 2081 legitur
2728 2013 2900 2082 quod,
2950 2017 3150 2072 missus
3205 2019 3274 2075 ab
3315 2021 3441 2076 Ale-

1833 2099 2044 2154 xandro
2088 2098 2130 2153 II
2178 2101 2246 2154 ad
2273 2099 2567 2157 Henricum
2601 2103 2808 2175 legatus
2837 2106 3183 2164 Fraucol‘urti
3204 2151 3220 2176 ,
3251 2128 3437 2168 coram

1836 2189 2183 2260 magnatibus
2222 2199 2277 2244 ct
2329 2190 2666 2260 principibus
2724 2194 2935 2265 imperii
2990 2212 3203 2254 summa
3247 2213 3439 2258 aucto-

1837 2279 1997 2332 ritate
2047 2288 2102 2334 et
2151 2281 2380 2336 scientia
2423 2283 2731 2338 universam
2763 2285 3050 2356 legationis
3088 2292 3283 2347 seriem
3322 2296 3439 2363 regi

1839 2371 2155 2426 insinuavit.
2188 2371 2390 2442 Captus
2418 2374 2611 2429 deinde
2651 2392 2837 2432 amore
2871 2380 3211 2448 solitudinis,
3244 2384 3440 2441 talibus

1839 2478 1897 2517 se
1951 2465 2178 2534 negotiis
2220 2467 2537 2532 extricavit,
2593 2475 2760 2538 atque
2806 2472 3122 2542 episcopatu
3183 2490 3242 2530 se
3287 2478 3441 2532 abdi-

1839 2569 2001 2620 cans,
2032 2557 2097 2610 ad
2148 2559 2539 2613 monasterium
2572 2560 2630 2615 S.
2662 2562 2852 2618 Crucis
2881 2565 2950 2619 ab
2977 2566 3234 2628 Avellana
3275 2585 3440 2640 supra

1840 2657 2198 2702 memoratum
2247 2664 2306 2703 se
2354 2648 2600 2705 contulit.
2655 2651 2807 2708 Jaeet
2857 2664 3038 2710 autem
3083 2657 3187 2712 hoc
3245 2674 3437 2715 mona-

1839 2739 2064 2793 sterium
2107 2740 2160 2794 in
2198 2741 2473 2797 montibus
2519 2751 2698 2798 status
2750 2742 3062 2811 Urbinatis,
3115 2749 3205 2803 ubi
3251 2761 3440 2806 noster

1839 2837 1997 2897 poeta
2046 2829 2280 2897 Dantes,
2314 2830 2555 2888 solitaria
2599 2833 2687 2888 illa
2722 2837 2943 2906 regione
2978 2837 3306 2908 delectatus,
3345 2843 3437 2897 diu

1842 2919 2202 2976 commoravit
2229 2921 2522 2977 maximam
2555 2937 2776 2979 suorum
2807 2940 3030 2994 operum
3057 2937 3260 2997 partem
3292 2945 3440 2986 com-

1841 3027 2082 3081 ponens,
2115 3013 2270 3084 cujus
2319 3015 2398 3069 rei
2430 3015 2644 3087 signum
2674 3031 2847 3087 usque
2883 3018 2949 3072 ad
3000 3020 3140 3075 banc
3173 3022 3313 3077 diem
3345 3036 3442 3076 ex-

1843 3113 1953 3159 stat
1999 3104 2269 3174 quoddam
2301 3106 2556 3176 spelamm
2580 3147 2596 3172 ,
2628 3108 2770 3178 quod
2801 3110 2990 3164 Dantis
3015 3111 3193 3167 cubile
3221 3113 3437 3169 dicitur.

144 3211 392 3280 guntium
422 3251 439 3276 ,
483 3211 754 3265 intentato
799 3208 1030 3264 acrioris
1065 3207 1735 3278 animadversionis;peri-

1846 3195 1999 3252 Hunc
2047 3196 2223 3252 locum
2270 3206 2430 3267 poeta
2479 3200 2532 3254 in
2581 3215 2682 3256 suo
2730 3201 2990 3258 Paradiso
3038 3204 3321 3274 descripsit
3373 3207 3442 3263 iis

145 3303 263 3357 culo
282 3342 298 3367 ,
351 3303 428 3357 ab
475 3301 728 3356 habendo
757 3299 990 3356 concilio
1017 3298 1310 3355 revocavit.
1342 3297 1577 3354 Henrico
1608 3313 1738 3354 vero

146 3393 536 3461 Franeiordize,
577 3409 687 3466 quo
713 3393 800 3449 ille
816 3401 1142 3450 conventum
1159 3392 1453 3459 acciverat,
1482 3392 1737 3446 mandata

146 3485 418 3556 pontiﬁcis
437 3486 492 3540 in
521 3487 662 3541 banc
689 3484 1022 3540 sententiam
1043 3483 1248 3549 edidit,
1279 3497 1393 3538 rem
1422 3482 1736 3553 pessimam,

143 3587 198 3631 et
226 3593 257 3643 a
281 3579 503 3632 nomine
527 3576 860 3640 Christiano,
903 3574 1104 3631 nedum
1128 3574 1299 3644 regio,
1332 3573 1564 3629 alienam
1593 3589 1735 3640 esse,

145 3687 313 3742 quam
345 3670 433 3725 ille
480 3669 786 3725 moliretur.
818 3668 970 3736 Quod
1021 3667 1068 3723 si
1110 3666 1387 3732 humanis,
1415 3677 1510 3721 aut
1541 3666 1739 3721 divinis
1779 3667 1786 3673 ’

145 3760 358 3830 legibus
390 3775 496 3815 non
527 3767 850 3822 terreretur,
883 3767 939 3813 at
968 3757 1162 3813 saltem
1189 3755 1347 3811 famae
1374 3765 1431 3812 et
1455 3756 1739 3811 existima-

148 3855 309 3910 tionis
329 3869 446 3909 sua:
474 3855 742 3909 rationem
774 3853 1032 3918 haberet,
1055 3867 1125 3907 ne
1164 3859 1273 3906 tam
1299 3859 1441 3906 tetro
1468 3865 1677 3906 veneno
1706 3865 1738 3904 a

145 3963 270 4018 rege
307 3954 613 4017 temperato
639 3954 811 4001 totum
853 3944 1106 4016 populum
1145 3943 1513 3998 Christianum
1553 3940 1741 3996 inﬁce-

149 4047 258 4102 ret;
300 4047 360 4094 et
413 4037 506 4106 qui
555 4035 756 4107 ﬂagitia
805 4036 991 4091 ulcisci
1033 4035 1272 4099 deberet,
1299 4034 1363 4088 iis
1398 4047 1456 4088 se
1483 4033 1738 4102 princeps

146 4128 540 4198 obstringeret.
571 4125 726 4194 Quod
778 4125 824 4182 si
867 4139 973 4180 non
1014 4123 1323 4180 ﬂecteretur
1350 4122 1612 4189 consiliis,
1640 4138 1739 4192 pro

148 4227 294 4273 certo
320 4218 554 4273 haberet
581 4218 894 4288 pontiﬁcem
919 4217 1028 4272 vim
1076 4215 1506 4272 ecclesiasticam
1529 4214 1740 4268 adbibi-

147 4319 356 4377 turum,
387 4325 565 4381 neque
594 4325 718 4366 cum
754 4311 866 4365 suis
916 4310 1166 4364 manibus
1215 4308 1602 4377 imperatorem
1643 4306 1741 4360 ali-

148 4403 366 4473 quando
423 4412 795 4457 sacratorum.
852 4401 1026 4471 Hujus
1079 4399 1382 4456 orationem
1439 4399 1740 4455 subsecutae

149 4501 273 4547 sunt
302 4492 434 4547 inde
461 4506 654 4560 graves
691 4490 997 4562 principum
1021 4491 1114 4560 qui
1133 4489 1361 4544 aderant
1383 4503 1564 4549 voces.
1588 4503 1739 4559 aequa

147 4582 344 4650 jubere
376 4581 680 4637 Romanum
709 4580 1040 4651 pontiﬁcem.
1075 4578 1153 4633 Ne
1179 4593 1278 4648 per
1310 4579 1478 4633 Deum
1505 4579 1763 4634 nominis-

152 4675 283 4744 rcgii
317 4675 663 4746 maiestatem
696 4681 808 4726 tam
855 4673 1026 4742 turpis
1063 4671 1189 4726 facti
1225 4671 1346 4726 labe
1381 4670 1744 4727 commacula-

149 4778 253 4833 ret,
289 4782 428 4823 neve
472 4766 788 4837 parentibus
819 4766 1019 4836 reginae
1065 4778 1289 4820 causam
1326 4764 1647 4821 defectionis
1689 4771 1745 4817 et

143 4858 350 4927 justam
403 4858 686 4914 turbanda:
711 4857 1023 4927 reipublicze
1061 4856 1402 4912 occasionem
1442 4857 1738 4926 prmheret;

151 4951 268 5021 qui,
324 4950 372 5005 si
403 4951 507 5005 viri
553 4957 763 5013 essent,
809 4964 931 5004 cum
974 4949 1142 5004 armis
1169 4949 1408 5018 virisque
1449 4949 1743 5019 plurimum

151 5054 393 5115 possent,
425 5052 534 5098 tam
583 5043 857 5113 insignem
888 5041 1011 5096 ﬁlia:
1049 5057 1161 5098 sure
1211 5040 1597 5098 contumeliam
1626 5041 1746 5097 sine

155 5136 316 5191 dubio
330 5136 528 5206 insigni
555 5135 746 5204 aliquo
771 5133 1007 5189 facinore
1031 5133 1299 5204 expiaturi
1316 5142 1516 5189 essent.
1535 5132 1748 5202 Quibus

156 5227 454 5260 ml:nn:.nlc
499 5225 706 5260 fluant-Ic
733 5228 898 5260 monia
925 5241 1085 5260 ηιισηη
1115 5223 1343 5260 innotui:
1376 5225 1638 5260 "nnrinnc
1687 5237 1748 5260 cn

1841 3288 2125 3352 versibus,
2179 3303 2318 3358 quos
2368 3299 2534 3345 cantu
2563 3307 2654 3347 xxi
2691 3292 2960 3349 dicentem
3011 3294 3186 3364 ipsum
3219 3295 3438 3354 Petrum

1845 3379 2050 3435 inducit
2093 3379 2346 3437 videlicet
2376 3400 2389 3436 :

2024 3468 2121 3535 "Ila
2144 3470 2244 3521 due
2269 3469 2340 3535 liti
2362 3471 2548 3522 d'Italia
2581 3486 2764 3535 surgon
2788 3479 2913 3527 sassi

2029 3531 2091 3600 (_E
2115 3545 2207 3581 non
2233 3532 2386 3600 {nullo
2408 3531 2718 3600 distantial'la
2746 3545 2824 3588 tua
2847 3540 3024 3600 patria)

2028 3593 2186 3643 Tanto
2211 3595 2294 3646 chi
2317 3595 2471 3645 Tuoni
2502 3597 2624 3645 assai
2649 3593 2859 3649 suonam'
2875 3601 2955 3662 piit
2980 3593 3128 3661 bassi,
3154 3609 3251 3653 etc.
3271 3639 3282 3648 .

1902 3677 2015 3734 [Ioc
2035 3679 2427 3735 monasterium
2453 3681 2521 3736 ab
2537 3679 2904 3739 illustrissimo
2921 3693 2974 3739 et
2992 3687 3444 3742 reverendissimo

1841 3768 1986 3826 Julio
2014 3769 2164 3824 card.
2193 3768 2458 3826 Urbinate
2487 3772 2554 3826 ab
2578 3773 2982 3828 observantiam
3012 3775 3316 3846 regularem
3342 3779 3443 3832 sub

1843 3861 2268 3932 congregatione
2295 3859 2692 3917 Camaldulensi
2742 3865 2943 3919 nostris
2995 3867 3329 3935 temporibus
3362 3885 3446 3922 re-

1843 3948 2059 4003 dactum
2098 3957 2200 4004 est.
2250 3947 2321 4003 Ut
2349 3948 2511 4020 igitur
2539 3951 2606 4004 ad
2645 3951 2950 4007 institutum
2988 3955 3306 4023 redeamus,
3342 3957 3444 4013 Pe-

1844 4046 1959 4094 trus
2009 4040 2077 4093 ad
2123 4041 2510 4098 monasterium
2541 4056 2821 4107 reversus,
2852 4044 3124 4114 privatum
3161 4045 3338 4102 locum
3368 4056 3446 4104 te-

1843 4130 1995 4188 nuit:
2024 4118 2210 4198 pestea
2234 4146 2264 4185 a
2287 4129 2506 4187 Nicolao
2533 4134 2769 4189 secundo
2789 4133 3096 4190 Alexandro
3126 4141 3363 4194 secundo
3391 4147 3447 4194 et

1843 4219 2103 4289 Gregorio
2117 4221 2348 4290 septimo
2367 4221 2624 4288 monitus,
2644 4240 2709 4277 eo
2726 4225 2868 4294 quod
2893 4234 3038 4280 esset
3063 4227 3447 4284 inconveniens

1845 4311 2018 4365 virum
2047 4327 2076 4366 a
2101 4311 2210 4366 Deo
2238 4313 2442 4383 optimo
2469 4323 2615 4368 tanta
2642 4315 2867 4370 scientia
2887 4323 2942 4370 et
2968 4317 3274 4388 eloquentia
3304 4301 3445 4375 dita-

1847 4412 1960 4458 tum
1977 4444 1990 4468 ,
2021 4404 2088 4458 ad
2113 4405 2548 4474 persuadendum
2573 4405 2785 4476 populis
2807 4417 3016 4461 rectum
3040 4401 3253 4463 vivendi
3278 4426 3447 4480 genus

1848 4495 2083 4550 maxime
2108 4496 2382 4562 idoneum,
2409 4497 2685 4566 propriam
2708 4505 2986 4551 curantem
3013 4497 3299 4552 utilitatem
3328 4514 3446 4554 ecs-

1849 4590 1985 4644 sisse
2037 4587 2404 4658 episc0patui,
2438 4605 2562 4643 cum
2610 4589 2792 4643 multis
2825 4589 2876 4642 in
2930 4590 3025 4644 tali
3063 4591 3323 4660 dignitate
3352 4593 3448 4645 ad-

1843 4678 2095 4748 jumento
2140 4686 2284 4731 esset
2314 4693 2414 4747 per
2440 4678 2723 4746 epistolam
2753 4679 3070 4748 respondit,
3112 4679 3164 4732 in
3199 4696 3304 4751 qua
3334 4689 3446 4734 tum

1847 4772 2100 4841 optimas,
2124 4779 2236 4823 tum
2261 4779 2626 4840 congruentes
2655 4769 2737 4824 sui
2761 4770 3035 4825 discessus
3057 4785 3250 4825 causas
3273 4771 3447 4826 all‘ert.

1851 4861 2081 4932 Scripsit
2125 4860 2191 4915 ad
2230 4860 2469 4915 Leonem
2517 4861 2804 4916 ercmitarn
2845 4877 2911 4915 an
2969 4863 3020 4915 in
3052 4859 3228 4914 ollicio
3269 4861 3451 4917 divino

1850 4953 2138 5008 dicendum
2194 4952 2264 5005 sit
2296 4969 2308 5005 :
2346 4951 2611 5007 Dominus
2661 4951 2974 5018 vobiscum,
3026 4952 3100 5006 lib
3138 4967 3174 5005 Il
3210 4969 3221 5005 :
3255 4952 3457 5023 Apolo-

1853 5043 2185 5113 geticorum,
2227 5039 2262 5092 Ι.
2299 5056 2390 5105 III;
2433 5041 2509 5096 De
2535 5039 2867 5097 continentia
2897 5042 3275 5107 sacerdotum,
3329 5042 3363 5096 l.
3400 5043 3452 5106 I;

1852 5133 1930 5188 De
1961 5132 2143 5206 regula
2181 5129 2547 5186 solitariorum
2567 5173 2584 5200 ,
2613 5129 2651 5181 l.
2687 5130 2710 5182 l
2737 5146 2752 5195 ;
2783 5129 2858 5184 De
2901 5131 3177 5186 miraculis
3204 5135 3285 5188 sui
3320 5142 3457 5188 tem-

1853 5227 1996 5260 nnnio
2073 5226 2088 5260 Ι
2143 5223 2193 5260 4·
2224 5223 2680 5260 Πτιὶηνιηίῖηηιηη
2712 5225 3139 5260 ηὶηηαειῖηοὶνιηη
3211 5223 3225 5260 1
3285 5226 3306 5260 Ι
3334 5241 3346 5252 ο
3388 5225 3461 5260 “re
