3964 5310
558 323 682 377 ⁸195

1458 327 1530 382 8.’
1556 325 1828 382 PETYlUS
1867 326 2216 384 DAMIANUS
2257 327 2313 383 S.
2340 326 2420 384 Ἡ.
2455 325 2518 387 Ε.
2550 330 2979 394 CARDINALIS.

3703 344 3823 408 {96

542 435 584 488 ι..
625 435 694 499 1;.
719 435 793 489 De
822 436 1342 511 pateraaliqnorinn
1366 439 1678 505 animalium
1698 481 1713 505 ,
1753 439 1790 492 l.
1823 440 1875 505 ις
1908 441 1980 495 De
2007 456 2128 495 san-
2154 454 2202 508 Α
2230 460 2295 500 ex
2328 449 2591 503 monacho
2616 451 2871 509 Ecclesia:
2898 457 3152 541 Romana:
3179 450 3467 530 cardinalis
3493 479 3814 555 episeOpus,

544 536 631 555 ιιΙΛ
665 527 919 555 Ρ.ιι-.ιε......
971 537 1202 555 ..ωηο-...Λ
1269 529 1282 555 Ι
1346 530 1394 555 ις.
1448 530 1766 555 ΩΑΑ..-...-..Α
1801 540 1848 555 Α.
1881 532 2094 555 1--..Αιε-
2231 538 2243 550 ο
2338 539 2370 555 ,ι
2414 541 2425 553 ο
2474 540 2485 553 .
2548 540 2580 555 ι.
2653 543 2665 554 .
2713 554 2721 555 ,
2799 546 2809 555 .
2888 548 2917 555 -.

543 536 634 582 clo
665 527 922 582 Cassiano
969 537 1232 597 martyre,
1268 529 1304 583 Ι.
1344 530 1395 596 ίες
1448 530 1768 586 Sermonum
1796 540 1851 586 et
1880 532 2129 587 homilia-

544 631 696 678 rum,
749 616 785 669 Ι.
836 617 889 680 1;
940 616 1008 671 de
1060 616 1159 671 SS.
1190 617 1345 673 Flora
1393 628 1448 675 et
1476 619 2127 691 Lueilla,quaruni.eor-

542 724 672 778 pora
722 709 777 775 in
808 720 993 785 nostro
1037 712 1364 772 monasterio
1399 712 1622 769 Λιθιίυο
1668 715 2038 784 (ιυὶθεευηι,ιι.
2069 715 2123 769 i-

540 799 709 858 Multa
752 800 854 853 alia
883 802 1152 871 scripsit,
1204 820 1335 873 qum.
1357 819 1643 862 numerare
1691 807 1905 878 longum
1945 819 2122 877 esset,

539 887 705 958 obiit,
737 889 1035 958 imperante
1073 890 1307 958 Henrico
1344 893 1442 960 III,
1472 896 1623 971 ‘circa
1647 911 1736 951 an.
1773 898 1834 951 Ι).
1866 897 2003 954 1080
2023 939 2038 965 ,
2068 908 2127 956 εδ

539 978 594 1032 in
640 992 866 1041 numero
914 989 1223 1046 sanctorum
1270 992 1353 1037 est
1399 984 1687 1054 ascriptus.
1865 996 1874 1003 '

1239 1072 1426 1129 XXVI.

539 1156 801 1233 Arnoldii:
842 1159 999 1233 Wion
1036 1159 1143 1233 (rm.
1182 1161 1376 1233 1294),
1420 1162 1612 1233 Belga,
1654 1168 1939 1225 monachus
1969 1169 2123 1226 Οαεὶτ

537 1226 549 1243 ⁹
608 1219 778 1280 nensis
804 1219 1375 1305 cohgregationistlif},
1401 1248 1437 1285 ll
1460 1273 1474 1297 ,
1492 1219 1621 1305 cup:
1644 1235 1726 1305 .9,
1752 1219 1912 1305 Ligm’
1955 1237 2083 1292 Vitae
2100 1280 2116 1304 ,

606 1307 838 1350 tractans
894 1298 956 1350 de
995 1297 1369 1367 cardine/ibus
1406 1297 1604 1355 ordinis
1650 1297 1709 1358 S.
1751 1297 2120 1362 Pu'trimBene;

606 1367 768 1429 dicti,
816 1368 927 1419 Itwc
975 1369 1150 1420 scribit
1202 1371 1265 1421 de
1311 1369 1373 1422 Β.
1410 1368 1569 1424 Petro
1602 1373 1888 1429 Damiam':
1934 1378 1950 1440 f

607 1450 836 1507 Sanctus
873 1453 1065 1508 Petrus
1094 1456 1160 1506 de
1203 1455 1485 1520 Honestis,
1524 1470 1877 1528 cognomento
1902 1452 2121 1518 DamiaL

535 1532 637 1593 nus
655 1580 669 1604 ,
710 1550 768 1594 et
793 1552 1075 1609 peccator,
1107 1544 1301 1598 nobilis
1327 1543 1643 1612 Ravennas,
1683 1553 1977 1607 monachus
2005 1569 2117 1608 mo-

536 1621 758 1682 nasterii
801 1629 867 1683 'S.
902 1626 1129 1713 Andreze
1170 1635 1336 1686 eremi
1373 1635 1445 1715 de
1467 1636 1745 1697 Avellana,
1777 1640 1896 1694 ord.
1929 1641 1988 1695 S.
2016 1641 2117 1698 Be-

533 1720 757 1783 nedicti,
799 1702 1227 1791 congregationis
1271 1709 1574 1793 Colunibm',
1628 1727 1685 1783 S.
1724 1728 1807 1784 Β.
1859 1732 1921 1786 Ε.
1961 1735 2111 1789 card.

2228 538 2282 592 in
2320 539 2517 596 divinis
2548 540 2842 630 scripturis
2870 538 3634 630 doctoreruditissimum-his
3666 538 3813 629 teni:

2224 630 2455 699 poribus
2483 622 2594 688 eas'
2622 636 2693 689 ob
2737 634 2825 691 res
2872 653 3067 710 magno
3109 644 3163 699 in
3212 650 3387 716 pretio
3428 622 3810 721 habitus

2224 720 2492 779 Honorius
2536 725 2668 780 item
2722 727 2798 785 De
2835 732 3188 802 scriptoribus
3215 742 3629 818 ecclesiasticis;
3660 753 3812 811 Pan-

2221 812 2379 868 vinns
2432 814 2484 868 in
2527 813 2798 873 Chronico
2832 822 3143 890 pontiﬁcum
3189 828 3381 899 Rom.,
3429 848 3484 892 et
3531 812 3644 897 alii.
3696 846 3812 902 Re-

2220 902 2358 972 gnlm
2392 906 2524 960 vero
2552 905 2659 959 divi
2683 905 2963 966 Benedicti
3004 915 3362 982 professorem
3391 927 3659 997 referunt,
3684 932 3813 990 Tri.

2222 993 2484 1060 themius,
2525 995 2560 1049 l.
2604 1013 2677 1062 ιι,
2726 1015 2774 1053 c.
2826 1000 2924 1067 95,
2974 1013 3029 1058 et
3079 1006 3113 1060 Ι.
3161 1025 3247 1076 ιν,
3295 1027 3344 1067 c.
3396 1014 3498 1084 :5,
3547 993 3812 1079 De'viris

2218 1082 2416 1139 illustr.
2478 1087 2597 1142 0rd.
2646 1086 2703 1142 8.
2747 1088 2946 1147 Bcned.
2995 1095 3160 1153 Libro
3205 1112 3383 1159 autem
3439 1082 3515 1164 De
3572 1116 3811 1185 scripto-

2220 1173 2369 1229 ribus
2387 1175 2605 1242 eccles.,
2623 1180 2755 1233 et‘in
2780 1181 3047 1264 Chronico
3081 1187 3409 1264 Hirsaugiaa;
3443 1173 3727 1259 Panvinus
3752 1205 3805 1260 in

2218 1261 2461 1334 Epitom'e
2490 1268 2543 1321 in
2576 1269 2739 1338 solio,
2769 1287 2890 1327 cum
2914 1263 3048 1332 dicit
3078 1266 3093 1332 ἐ
3124 1261 3316 1340 Petrus
3338 1287 3808 1351 Damiani'mona-

2217 1354 2352 1409 chus
2375 1354 2685 1414 Casinensis
2702 1399 2717 1425 ,
2738 1362 2857 1416 ord.
2885 1362 2942 1418 S.
2970 1364 3240 1427 Benedicti
3281 1377 3432 1430 card.
3458 1381 3631 1450 episc.
3658 1383 3803 1452 Ost.,

2215 1448 2509 1502 monachus
2524 1456 2701 1505 autem
2722 1451 3029 1513 Casinensis
3057 1460 3273 1529 dicitur,
3296 1470 3437 1535 quod
3458 1448 3512 1524 in
3535 1448 3805 1532 cmnobiis

2216 1535 2320 1591 illis
2347 1537 2508 1592 vitam
2534 1538 3142 1617 monasticamduxerit;
3171 1568 3292 1622 quae
3307 1556 3588 1617 Casinensi
3616 1572 3825 1620 mona-'

2213 1628 2375 1681 sterio
2401 1629 2840 1698 subjiciebanlur.
2872 1638 3077 1695 Addam
3112 1653 3170 1698 ut
3205 1655 3432 1707 caeteros
3463 1658 3802 1714 recentiores

2211 1719 2457 1775 omittam
2480 1760 2496 1785 ,
2523 1733 2580 1777 et
2607 1724 2777 1794 ipsius
2806 1727 3048 1786 Damiani
3077 1736 3436 1796 testimonium
3466 1744 3520 1799 in
3545 1760 3821 1806 sermone

528 1810 812 1878 episcopus
835 1812 1097 1867 Ostiensis
1130 1824 1343 1869 creatus
1365 1816 1458 1870 an.
1500 1818 1561 1871 D.
1595 1818 1751 1883 1058‘.
1772 1818 1952 1909 mense
1976 1822 2115 1878 Mar-

2216 1807 2282 1863 de
2327 1808 2390 1867 S.
2442 1811 2763 1883 Benedicto,
2817 1819 2909 1875 ubi
2963 1823 3022 1879 S.
3079 1825 3425 1888 Benedictum
3473 1841 3796 1909 magistrum

530 1903 635 1964 tio,
669 1901 903 1957 Sabban
932 1913 1166 1972 quatuor
1197 1914 1495 1976 temporum
1527 1902 1981 1981 Quadragesimaa.
2010 1915 2111 1982 Qui

528 1990 756 2043 tandem:
788 1986 1123 2047 cardinalitia
1168 1996 1429 2065 dignitate;
1474 1983 1757 2067 abdicata,
1796 2018 1937 2057 anno
1973 2004 2111 2059 1072

526 2081 594 2133 ad
642 2082 1026 2138 monasterium
1072 2100 1227 2140 suum
1261 2089 1447 2154 rediit,
1479 2091 1718 2161 obiitquc
1757 2092 2024 2151 Faventize
2054 2099 2107 2152 in

526 2171 774 2225 emnobio
799 2171 856 2226 S.
896 2173 1103 2239 Mariae,
1129 2177 1268 2243 quod
1303 2178 1415 2246 ipse
1438 2195 1557 2234 cum
1584 2183 1822 2254 quinque
1842 2185 1961 2241 aliis
1983 2203 2112 2242 con-

523 2267 831 2326 struxerat,
862 2279 1002 2317 anno
1033 2265 1203 2331 1080,
1235 2268 1323 2323 die
1347 2260 1419 2323 Ξῖ
1442 2270 1743 2327 Februarii.

593 2348 738 2404 Inter
782 2351 1118 2420 professores
1169 2358 1364 2427 regulae
1417 2361 1524 2415 divi
1583 2362 1868 2434 Augustini
1920 2384 2110 2424 recen-

522 2448 675 2492 setur
720 2439 808 2494 hic
861 2453 1040 2498 noster
1091 2445 1386 2505 Damianus
1412 2468 1441 2504 a
1474 2450 1858 2523 Volaterrano,
1891 2458 1984 2514 lib.
2014 2455 2122 2517 ιη’

523 2530 988 2602 Anthropolo'giae,
1035 2544 1090 2588 et
1128 2540 1398 2596 nonnullis
1449 2543 1588 2598 aliis.
1630 2546 1764 2601 Falli
1813 2559 1993 2605 autem
2036 2566 2106 2606 ex

523 2622 711 2676 multis
754 2624 1205 2684 demoustr‘amus.
1250 2632 1316 2686 Et
1366 2635 1596 2703 primum
1649 2637 1758 2694 Leo
1806 2638 2102 2706 Ostiensis,

521 2710 618 2765 lib.
656 2730 693 2768 ιι
732 2729 846 2785 cap.
883 2716 1015 2782 102,
1050 2736 1115 2773 ex
1158 2713 1340 2777 eremo
1392 2726 1456 2780 ad
1491 2726 1770 2783 'honorem
1806 2732 2097 2787 cardinali-

522 2800 659 2854 tium
711 2815 1043 2875 assumptum
1095 2810 1291 2876 refert,
1342 2814 1419 2868 sic
1460 2804 1761 2885 inquiens:
1796 2810 2102 2887 Q'ubd‘cum

522 2888 716 2945 Petrus
744 2893 1034 2949 Damianus
1060 2899 1145 2952 vir
1173 2901 1324 2955 valde
1345 2904 1629 2972 religiosus
1647 2947 1662 2973 ,
1695 2924 1854 2978 quem
1879 2926 1944 2966 eo
1974 2921 2104 2966 tem-

520 2992 651 3044 pore
703 2980 1013 3049 Stephanus
1054 3002 1189 3056 papa
1235 2991 1304 3045 ab
1354 3006 1533 3049 eremo
1573 3006 1903 3064 extractum,
1938 3003 1991 3056 in
2036 3002 2102 3059 O-

517 3068 705 3130 stiensi
729 3071 970 3128 Ecelesia
995 3077 1303 3148 episcopum
1332 3080 1552 3150 fecerat,
1583 3090 1962 3158 comperisset,
1997 3109 2097 3168 una

521 3175 641 3215 cum
673 3163 1318 3227 cardirnalibus'resistere
1348 3188 1411 3230 ac
1439 3177 1733 3234 reclamare
1760 3183 1954 3251 erepit.
1988 3196 2093 3239 etc.
2126 3139 2171 3201 Ο

516 3249 815 3313 Conﬁrmat
856 3254 1180 3327 Bertholdus
1225 3260 1652 3323 Constantien‘sis
1698 3270 1751 3323 in
1804 3249 2100 3342 appendice

515 3343 582 3395 ad
608 3343 966 3402 llermannum
994 3349 1339 3408 Contractum
1366 3358 1431 3412 ad
1459 3375 1658 3415 annum
1689 3361 1825 3418 1066
1861 3367 1944 3420 his
1974 3381 2096 3421 vera

514 3433 598 3487 his
625 3453 640 3490 :
676 3434 770 3490 llis
812 3441 1143 3508 temporibus
1162 3446 1481 3503 venerabilis
1502 3448 1694 3507 Petrus
1720 3453 1993 3531 Daniiani,
2027 3473 2097 3511 ex

511 3523 735 3577 cremita
760 3527 1051 3595 cardinalis
1075 3535 1387 3605 episcopus,
1416 3537 1581 3593 multa
1603 3523 1957 3612 conscripsit,
1989 3558 2093 3602 etc.

512 3609 699 3669 Nullus
752 3627 932 3672 autem
979 3623 1269 3691 eremitas,
1312 3641 1378 3682 eo
1409 3636 1649 3700 tempore
1694 3609 1957 3699 maxime,
2016 3651 2098 3694 re-

512 3703 693 3774 gulam
752 3707 881 3783 divi
907 3709 1191 3781 Augustini
1228 3717 1579 3785 observasse,
1608 3736 1675 3776 ex
1715 3723 1957 3782 historiis
1983 3744 2103 3782 mae

436 3854 451 3863 κ
510 3794 763 3853 nifestum
807 3809 918 3867 est;
938 3787 1059 3858 Sub,
1081 3806 1186 3860 divi
1215 3822 1343 3863 vero
1374 3808 1654 3883 Benedicti
1681 3814 1863 3886 regula
1896 3817 2094 3874 multos

508 3884 666 3953 hujus
709 3890 1063 3956 professionis
1105 3897 1384 3955 militasse.
1426 3900 1699 3969 Auctores:
1734 3884 1860 3963 sunt
1899 3905 2092 3964 Petrus

508 3975 808 4046 Diaconus,
861 3983 952 4038 lib.
989 3985 1063 4041 De
1099 3989 1301 4045 sanctis
1343 3992 1542 4049 montis
1593 3992 1778 4051 Casin.
1804 4036 1819 4061 ,
1853 4012 1902 4051 c.
1942 3999 1995 4061 4,
2038 4004 2092 4055 in

508 4066 630 4120 Vita
679 4067 737 4123 8.
785 4071 996 4128 Martini
1036 4080 1277 4134 eremitze
1321 4083 1520 4138 montis
1567 4083 1818 4149 Marcisi;
1853 4086 2092 4146 Joannes

511 4152 840 4222 Dnbravius,
872 4159 965 4237 lib.
1003 4178 1076 4215 vi.
1105 4164 1357 4220 Historiae
1390 4167 1703 4237 Bojemicaz,
1736 4173 1788 4227 in
1824 4176 1941 4229 Vita
1972 4193 2093 4232 san-

506 4251 714 4297 ctorum
763 4236 997 4329 quinque
1046 4254 1431 4331 monachorum
1465 4260 1812 4316 eremitarum
1846 4262 2092 4321 Brouno-

504 4322 1484 4423 vicnsium;Martinus'vCrmnerus,
1541 4349 1597 4423 in
1648 4348 1883 4407 Historia
1932 4353 2086 4411 Polo-

505 4430 624 4485 nica
646 4472 660 4495 ,
693 4431 760 4487 de
800 4433 1046 4510 ejusdem
1070 4454 1254 4510 agens
1286 4424 1341 4497 et
1364 4442 1455 4497 alii
1492 4444 1730 4520 Polonici
1759 4445 2081 4520 Scriptores.

504 4520 753 4577 Eremitze
803 4540 932 4579 vero
984 4543 1176 4584 nomen
1220 4531 1339 4586 ideo
1369 4514 1558 4607 habuit
1585 4534 1875 4607 Damianus
1908 4541 2046 4607 quod
2066 4580 2079 4606 ,

510 4617 572 4662 ut
616 4609 670 4663 in
717 4608 834 4680 ejus
866 4610 989 4668 Vita
1031 4615 1252 4687 legitur,
1290 4621 1558 4696 refertque
1603 4624 1936 4696 Augustinus
1963 4627 2109 4711 Flo-A

500 4701 745 4758 rentinus
770 4712 908 4774 part.
956 4722 993 4760 ιι
1021 4747 1037 4772 ,
1089 4706 1226 4765 Hist.
1268 4711 1535 4781 Camald.,
1568 4706 1660 4771 lib.
1692 4733 1760 4782 v,
1791 4732 1839 4772 c.
1860 4718 1932 4794 _7,
1968 4736 2084 4774 mo-

503 4792 657 4845 nachi
687 4797 995 4851 monasterii
1028 4796 1086 4853 S.
1115 4801 1343 4857 Andreae
1373 4805 1438 4859 de
1465 4804 1741 4872 Avellana,
1771 4792 1914 4878 quod
1944 4826 2086 4868 nunc

501 4873 559 4957 S.
606 4881 791 4937 Crucis
841 4885 1054 4941 titulum
1106 4891 1289 4959 gerit,
1343 4902 1471 4948 tunc
1519 4873 1817 4965 temporis,
1868 4913 1932 4952 ac
1970 4899 2080 4954 bini

499 4954 684 5026 divisis
734 4974 786 5027 in
837 4977 1043 5035 cellulis
1072 4986 1517 5051 commancbant,
1566 4988 1909 5057 psalmodim,
1961 5009 2083 5047 ora-

2214 1907 2269 1952 ct
2310 1900 2519 1969 patrem
2550 1918 2704 1960 suum
2747 1919 2936 1976 vocat,
2983 1928 3142 1983 quem
3178 1924 3429 1990 reperire
3471 1900 3599 1982 licet
3657 1934 3819 2000 apud

2213 1987 2554 2048 liosaudrum
2573 2033 2589 2060 ,
2618 2005 2765 2052 tomo
2788 1999 2869 2054 VII
2893 2001 3055 2069 Surii,
3084 2006 3173 2062 die
3197 1987 3265 2063 εί
3292 2011 3487 2079 Martii,
3518 2020 3667 2086 quod
3693 1987 3798 2076 iale

2212 2081 2576 2154 est:cui.vero
2590 2085 2670 2139 sic
2682 2088 2987 2155 specialiter
3010 2103 3152 2151 totus
3180 2103 3504 2173 evangelicae
3538 2081 3819 2166 lectionis

2211 2183 2471 2226 excursus
2513 2174 2776 2245 assignari
2818 2191 3025 2248 potest,
3059 2190 3507 2255 quemadmodum
3542 2195 3697 2254 Patri
3740 2213 3794 2256 et

2211 2260 2469 2331 magistro
2500 2275 2689 2322 nostro
2718 2267 2778 2321 Β.
2810 2270 3140 2331 Benedicto?
3185 2279 3314 2336 Item
3356 2284 3408 2338 in
3455 2288 3687 2358 epistola
3725 2294 3793 2346 ad

2210 2351 2493 2416 quemdam
2535 2352 2753 2411 Petrum
2779 2360 3077 2429 abbatem,
3111 2382 3231 2438 qua:
3268 2380 3352 2426 est
3395 2374 3447 2430 in
3488 2351 3793 2448 appendit-(2

2208 2436 2497 2507 Margarini
2521 2445 2604 2499 de
2632 2445 2690 2499 “la
2716 2446 2912 2517 Bigne,
2946 2457 3013 2509 ad
3054 2436 3438 2519 Bibliothecam
3472 2436 3789 2531 sanctorum

2208 2529 2460 2598 Patrum,
2514 2536 2714 2592 clarius
2742 2538 2992 2609 loquens,
3028 2547 3105 2602 sic
3130 2549 3301 2621 inquit
3344 2557 3526 2611 statim
3559 2560 3611 2613 in
3639 2563 3790 2629 prin-

2206 2623 2349 2693 cipio
2380 2642 2393 2678 :
2430 2626 2774 2685 Sncccnsetis
2821 2633 2962 2688 enim
3012 2652 3077 2694 ac
3121 2655 3218 2696 nos
3260 2657 3659 2716 conquerentes
3698 2666 3789 2705 ar-

2205 2715 2367 2785 guitis
2392 2719 2518 2786 quia
2561 2735 2666 2787 non
2702 2722 2984 2787 debuimus
3018 2734 3224 2786 vestros
3269 2715 3562 2792 monachos
3595 2749 3784 2794 contra

2204 2805 2357 2859 beati.
2398 2805 2576 2864 Patris
2621 2812 2792 2866 nostri
2836 2813 3108 2872 Benedicti
3162 2833 3424 2891 praecepta
3480 2828 3783 2896 suscipere.

2206 2895 2273 2949 Et
2312 2896 2488 2963 infra,
2516 2910 2801 2972 postquam
2827 2908 2990 2964 verba
3043 2909 3102 2965 Ρ.
3135 2912 3199 2967 Ν.
3246 2914 3518 2973 Benedicti
3552 2895 3809 2986 attulit,

2204 2983 2327 3041 Haec
2348 3026 2363 3051 ,
2406 2989 2623 3060 inquit,
2644 2994 2824 3063 itaque
2846 3011 3041 3054 nostra
3068 3019 3171 3058 non
3201 3017 3358 3071 sunt,
3393 3012 3488 3065 sed
3536 2983 3781 3081 ejusdem

2203 3076 2380 3135 Patris
2424 3086 2595 3139 nostri
2621 3086 2822 3154 "verba,
2869 3102 2974 3147 etc.
3027 3095 3083 3149 In
3122 3098 3242 3153 aliis
3268 3102 3451 3156 etiam
3496 3076 3780 3174 epistolis,

2202 3184 2323 3238 quae
2362 3170 2559 3229 ibidem
2594 3177 2967 3246 reperiuntur,
2997 3199 3139 3254 saepe
3164 3189 3360 3258 saepius
3389 3170 3545 3246 idem-
3558 3170 3779 3265 repetit,

2203 3257 2261 3313 S.
2307 3260 2652 3322 Benedictum
2702 3267 2916 3325 Patrem
2946 3283 2997 3329 et
3026 3257 3341 3347 magistrum
3372 3257 3669 3353 appellans.
3698 3257 3783 3342 Ad

2199 3364 2540 3422 extremum,
2592 3366 2961 3430 monasteria,
3013 3368 3067 3422 in
3118 3373 3313 3439 quibus
3361 3376 3624 3432 habitavit
3666 3379 3783 3446 ipse

2199 3442 2522 3512 Damianus,
2556 3453 2846 3509 monachus
2886 3465 2942 3510 et
2968 3459 3202 3513 nondum
3232 3461 3430 3530 abbas,
3457 3475 3516 3519 ut
3557 3466 3616 3521 S.
3653 3442 3783 3522 Vin-

2199 3538 2397 3605 centii,
2441 3539 2624 3596 Casini
2667 3554 2720 3599 et
2757 3545 3035 3617 Poniposaa
3079 3551 3222 3608 clare
3263 3555 3635 3614 demonstrant
3665 3560 3780 3615 divi

2199 3625 2469 3683 Benedicti
2514 3630 2821 3701 alumnum,
2876 3637 3142 3709 illudque,
3189 3645 3334 3713 quod
3372 3646 3473 3717 ipsi
3521 3651 3778 3705 monachi

2199 3715 2267 3770 de
2316 3717 2568 3776 Avellana
2597 3723 2663 3777 ad
2702 3724 2817 3781 inec
2851 3743 3018 3797 usque
3045 3742 3226 3786 nostra
3274 3715 3778 3808 tempora,.qnibus

2197 3811 2598 3881 πιπτει-δεθεὶυηί
2644 3813 3038 3875 Camaldnlensi
3082 3824 3216 3876 uniti
3265 3834 3420 3892 sunt,
3451 3841 3482 3880 a
3513 3829 3774 3896 primaria

2197 3895 2365 3965 ipsius
2402 3903 2631 3957 cmnobii
2670 3906 2749 3959 sui
2807 3907 3141 3981 institutione
3191 3912 3427 3983 regulam
3476 3895 3536 3970 Di.
3591 3918 3650 3972 P.
3703 3918 3771 3973 Ν.

2195 3984 2472 4045 Benedicti
2518 3992 2885 4060 observasse,
2913 4012 2972 4051 se
3020 3999 3249 4068 ingenue
3295 4003 3636 4073 proﬁtentur.
3669 4007 3774 4065 Co-

2195 4090 2541 4146 gnomentum
2572 4082 2815 4146 Damiaui
2862 4086 2938 4143 illi
2990 4087 3124 4155 fuit,
3162 4106 3300 4157 non,
3350 4102 3409 4148 ut
3459 4096 3537 4150 ait
3569 4097 3771 4153 Panvi-

2195 4182 2329 4233 nus,
2375 4171 2518 4239 quod
2564 4170 2809 4229 Dainiani
2850 4175 2990 4232 illius
3041 4177 3234 4245 fuerit,
3264 4183 3358 4238 sed
3392 4185 3536 4252 quod
3584 4201 3709 4243 cum
3737 4205 3771 4243 a

2196 4255 2364 4313 fratre
2409 4276 2541 4326 suo,
2589 4263 2854 4330 Damiano
2882 4269 3124 4335 nomine,
3173 4271 3482 4329 Faventiam
3510 4277 3767 4346 primum,

2196 4348 2447 4405 Parmam
2476 4350 2670 4408 deinde
2715 4355 2914 4415 missus
2961 4359 3179 4427 fuisset,
3212 4375 3272 4418 ut
3309 4362 3520 4422 litteras
3545 4382 3768 4437 operam

2194 4436 2381 4499 daret,
2429 4440 2482 4493 in
2525 4440 2605 4495 sui
2647 4446 2784 4513 grati
2810 4447 2972 4503 animi
3014 4452 3409 4522 testimonium,
3438 4436 3634 4517 nomen
3664 4460 3768 4515 Da-

2189 4527 2353 4581 miani
2400 4531 2468 4583 ab
2521 4530 2636 4600 ejus
2685 4535 2900 4590 nomine
2930 4540 3007 4593 sic
3039 4544 3316 4618 usurpavit
3362 4554 3420 4599 ut
3454 4560 3513 4601 se
3540 4547 3760 4604 Petrum

2188 4614 2433 4672 Damiani
2465 4633 2679 4691 semper
2704 4625 2997 4695 scriberet,
3039 4637 3097 4682 ut
3122 4614 3268 4688 recte
3294 4632 3454 4689 docet
3482 4635 3625 4691 idem
3655 4638 3764 4692 Au-

2186 4707 2431 4776 gustinus
2466 4725 2583 4779 cap.
2612 4711 2677 4784 6,
2719 4713 2784 4768 de
2828 4717 3018 4772 ordine
3043 4718 3312 4778 Columba:
3357 4723 3438 4780 sic
3462 4724 3609 4782 dicto
3636 4742 3764 4797 pro-

2185 4806 2307 4866 pter
2342 4797 2606 4872 Ludulphi
2657 4803 2815 4877 primi
2849 4806 3119 4863 Avellanze
3160 4812 3486 4870 institutoris
3523 4815 3757 4872 incredi-

2183 4886 2345 4942 bilem
2386 4890 2646 4946 columbte
2689 4893 3120 4964 simplicitatem;
3166 4910 3331 4971 agunt
3364 4902 3481 4972 ipse
3507 4903 3760 4977 Augusti~

2184 4991 2288 5031 nus
2315 4993 2433 5047 cap.
2476 4979 2540 5044 5,
2586 4989 2638 5034 et
2668 4980 3006 5039 Beneventus
3033 4984 3344 5054 lmolensis,
3378 4990 3430 5046 in
3459 5004 3754 5048 comment.
