3964 5310
534 346 638 404 199

1456 344 1515 399 s.
1544 314 1818 398 parntis
1857 336 2212 396 DAMIANUS
2247 335 2305 392 s.
2350 335 2416 390 ιι.
2454 335 2514 391 ις.
2548 335 2978 395 CARDINALIS.

3671 337 3805 398 200

530 465 734 522 fectum
755 461 976 519 reducta
1004 468 1089 516 est
1124 467 1182 515 ut
1210 458 1486 515 fusissime
1513 457 1750 513 ostendit
1770 457 1884 524 ipse
1905 453 2100 508 Petrus
2127 456 2177 516 Α
2204 465 2284 505 re.
2318 448 2495 505 Vitam
2527 448 2584 505 8.
2612 449 2892 506 Romualdi
2939 451 3170 519 abbatis,
3199 451 3262 507 l9
3287 451 3450 508 Junii.
3480 452 3559 508 De
3581 450 3642 507 8.
3668 450 3811 506 Ma—

529 557 586 611 in
641 561 892 618 tractatu,
946 565 1104 619 quem
1159 550 1465 620 composuit
1525 547 1602 604 De
1665 544 2108 602 reconciliatione

529 643 766 715 episcopi
812 640 1229 705 Mediolanensis
1273 639 1544 707 \Vidonis,
1566 639 1659 710 qui
1686 646 1773 696 est
1812 653 1916 692 ms.
1947 636 1999 691 in
2027 635 2109 690 bi-

526 734 798 793 bliotheca
826 731 1126 787 Casinensi.

597 824 733 879 Cum
766 829 948 876 autem
982 830 1127 876 esset
1145 820 1229 875 vir
1256 821 1311 875 iu
1343 820 1540 876 divinis
1564 817 1865 889 Scripturis
1895 814 2104 872 studio-

525 930 636 979 sus,
665 921 721 968 et
742 911 1009 976 eruditus,
1038 911 1377 967 secularium
1400 911 1704 967 litterarum
1724 924 1831 965 non
1862 909 2105 979 ignarus,

524 1005 744 1078 ingenio
774 1004 919 1060 mitis
942 1012 997 1060 et
1026 1012 1238 1068 acutus,
1263 1003 1482 1074 eloquio
1510 1002 1778 1074 placidus,
1807 1010 1863 1057 et
1889 1015 2107 1070 compo-

523 1100 663 1156 situs
692 1106 748 1153 et
771 1097 838 1153 ad
859 1096 1291 1167 persuadendum
1311 1096 1555 1161 idoneus,
1581 1094 1746 1151 multa
1769 1107 1933 1165 epera
1955 1107 2106 1148 com-

520 1189 709 1262 posuit
756 1188 862 1259 piis
886 1188 1159 1244 mentibus
1205 1187 1362 1243 valde
1389 1186 1562 1254 utilia,
1593 1201 1823 1257 quorum
1849 1183 2105 1241 nonnulla

518 1283 633 1354 jam
657 1294 855 1337 excusa
877 1291 1023 1345 sunt,
1051 1279 1155 1334 alia
1175 1294 1304 1335 vero
1321 1287 1543 1334 exstant
1557 1292 1657 1334 suo
1681 1285 1921 1347 tempore
1940 1277 2104 1332 etiam

522 1370 855 1427 excudenda.
886 1369 962 1425 De
982 1370 1199 1425 excusis
1224 1368 1465 1441 subjecta
1499 1370 1608 1425 vidi
1636 1387 1650 1423 :
1678 1369 1754 1424 De
1775 1368 2102 1425 ecclesiasti-

523 1476 589 1520 ca
616 1461 973 1528 institutione,
1022 1470 1080 1517 et
1116 1459 1445 1518 Simoniacae
1472 1462 1742 1517 haereseos
1774 1461 2102 1517 confutatio-

523 1566 617 1618 ne,
642 1551 736 1607 lib.
767 1567 808 1618 ι,
835 1551 926 1623 qui
956 1566 1188 1607 excusus
1212 1558 1296 1607 est
1320 1549 1557 1607 Coloniae
1580 1552 1721 1622 apud
1751 1550 2100 1623 Cymnicum,

522 1656 647 1697 cum
692 1641 864 1697 tribus
918 1640 1169 1711 Prosperi
1222 1640 1396 1707 libris,
1422 1641 1474 1696 in
1507 1642 1539 1698 8
1576 1658 1589 1695 :
1621 1649 1676 1698 et
1705 1641 1833 1698 item
1861 1643 1915 1696 in
1941 1641 2104 1696 Flau-

522 1735 664 1802 dria,
686 1735 782 1791 sed
811 1734 961 1790 locus
974 1735 1087 1804 jam
1117 1733 1336 1798 excidit,
1392 1749 1516 1790 cum
1541 1733 1661 1790 aliis
1685 1732 1923 1802 ejusdem
1943 1749 2102 1805 argu-

2209 538 2291 594 ria
2317 536 2648 608 Magdalena.
2682 539 2758 595 De
2800 539 2858 595 S.
2886 538 3096 596 Buﬂino
3124 551 3386 613 martyre.
3411 540 3685 611 Hymnum
3722 540 3807 596 de

2208 627 2420 683 eodem.
2454 626 2653 682 Vitam.
2701 627 2760 683 8.
2812 629 3075 686 Dnminici
3121 631 3377 697 Loricati,
3411 630 3481 686 14
3505 631 3802 688 Octobris.

2205 720 2283 776 De
2327 720 2578 777 omnibus
2625 721 2849 777 sanctis.
2886 721 2962 776 De
3007 722 3067 779 8.
3115 722 3352 790 Andrea,
3401 724 3540 779 alius
3567 722 3800 789 abillo,

2206 813 2297 883 qui
2327 821 2413 869 est
2436 813 2492 868 in
2544 827 2620 868 vn
2650 820 2814 868 tomo.
2844 813 2919 868 De
2952 814 3162 879 eodem,
3193 814 3424 885 hymnus
3465 806 3799 886 sapphicus.

2205 904 2283 959 De
2309 903 2491 974 vigilia
2533 902 2855 958 nativitatis.
2908 902 2985 958 De
3033 904 3316 959 nativitate
3351 903 3586 960 Domini.
3618 902 3702 957 De
3726 902 3799 959 S.

2204 992 2531 1048 Barbatiano
2579 992 2910 1048 confessore.
2965 993 3031 1049 lli
3075 1010 3265 1050 omnes
3290 1009 3570 1050 sermones
3592 993 3799 1050 excusi

2205 1088 2331 1134 sunt
2355 1078 2589 1134 Colonite
2616 1080 2672 1135 in
2693 1078 2832 1136 Vitis
2858 1080 3182 1138 Sanctorum
3211 1082 3355 1140 Surii
3380 1099 3396 1150 ;
3424 1090 3481 1139 et
3505 1081 3794 1147 Venetiis,

2205 1169 2259 1223 in
2292 1166 2437 1223 folio.
2469 1168 2739 1240 Epistolas
2782 1168 3022 1239 ejusdem
3076 1172 3382 1243 quindecim
3414 1172 3482 1228 ad
3509 1172 3795 1237 diversos,

2205 1256 2495 1328 impressas
2519 1257 2628 1312 vidi
2652 1256 2893 1326 Parisiis,
2923 1260 2979 1315 in
3010 1259 3158 1327 folio,
3181 1261 3236 1317 in
3281 1269 3428 1318 torno
3451 1261 3542 1317 VH
3569 1260 3793 1317 Biblio-

2206 1349 2375 1404 theca:
2402 1347 2502 1403 SS.
2527 1347 2746 1404 Patrum
2777 1349 3069 1422 Margariui
3100 1352 3168 1407 de
3191 1351 3241 1407 la
3270 1351 3457 1424 Pigne.

2277 1439 2350 1494 De
2374 1438 2519 1495 finali
2542 1438 2753 1496 Judicio
2779 1458 2792 1494 :
2822 1440 2937 1495 Non
2982 1443 3170 1512 ignoro
3205 1444 3333 1513 quia
3360 1459 3505 1500 cum.
3539 1444 3619 1499 De
3647 1442 3793 1499 doc-

2207 1530 2343 1584 trina
2396 1518 2720 1585 novitiorum
2770 1549 2784 1585 :
2847 1531 3016 1588 Rudis
3073 1534 3195 1588 tiro.
3251 1533 3663 1591 Consolatorius
3716 1535 3793 1590 ad

2202 1628 2502 1689 :egrotum:
2535 1622 2754 1692 Rogasti
2775 1639 2881 1679 me.
2917 1624 2997 1680 Ad
3021 1624 3380 1681 Ambitiosum
3405 1626 3739 1681 monachum
3772 1641 3790 1680 :

2202 1711 2401 1783 Dignas
2429 1714 2636 1768 auctori
2670 1715 2954 1770 bonorum.
2992 1716 3068 1770 De
3100 1716 3464 1784 correctione,
3509 1730 3694 1786 quam.
3713 1716 3793 1770 sit

519 1824 710 1880 menti.
769 1824 844 1879 De
889 1822 1207 1879 excellentia
1231 1822 1403 1879 sancti
1439 1822 1665 1879 Joannis
1696 1823 1980 1893 Baptistae,
2003 1804 2099 1879 he-

2205 1804 2349 1860 utilis
2378 1819 2393 1859 :
2420 1805 2628 1878 Exigis,
2662 1807 2757 1863 fili.
2792 1808 2869 1864 De
2909 1809 3194 1866 nativitate
3217 1809 3431 1865 Domini
3466 1827 3480 1863 :
3509 1808 3791 1865 Charitali

519 1917 703 1973 milias
732 1918 889 1982 duas,
924 1930 1154 1972 excusas
1185 1914 1423 1971 Colonia:
1460 1916 1601 1986 apud
1626 1915 1973 1987 Gymnicum.
1998 1917 2101 1971 Do-

520 2007 702 2063 minus
723 2005 1023 2071 vobiscum,
1049 2005 1144 2061 lib.
1178 2021 1218 2072 t,
1250 2005 1302 2061 id
1322 2015 1426 2073 est,
1448 2015 1630 2061 utrum
1649 2006 1920 2063 solitarius
1935 2022 2101 2063 orans

520 2100 686 2157 horas
707 2100 1018 2164 canonicas,
1037 2099 1230 2154 debeat
1249 2099 1413 2154 etiam
1435 2100 1617 2155 dicere
1633 2099 1894 2155 Dominus
1921 2100 2100 2156 vobis-

520 2204 675 2254 cum,
726 2188 941 2258 quando
972 2201 1129 2242 nemo
1157 2187 1250 2250 sit,
1279 2186 1373 2256 qui
1396 2187 1735 2257 respondeat.
1757 2186 2096 2256 Hieimpres—

521 2293 617 2334 sus
643 2287 729 2333 est
754 2276 995 2333 Venetiis
1023 2278 1163 2347 apud
1199 2276 1446 2332 Zilletum
1483 2277 1641 2341 1572,
1679 2278 1732 2331 in
1753 2277 1833 2333 8°.
1867 2277 2099 2348 Speculo

521 2366 726 2433 missm,
776 2374 831 2420 et
877 2365 1063 2422 Romae
1101 2382 1223 2422 cum
1265 2366 1386 2422 aliis
1413 2367 1769 2436 scriptoribus
1808 2368 1873 2422 de
1899 2367 2099 2422 divinis

522 2455 736 2522 ofliciis,
760 2472 902 2512 anno
937 2456 1096 2522 l59l,
1130 2457 1185 2512 in
1223 2455 1373 2512 folio.
1410 2458 1486 2511 De
1514 2456 1811 2526 Epiphania
1847 2456 2095 2514 Domini:

522 2550 658 2607 Cum
695 2559 854 2606 natus
880 2559 1048 2605 esset.
1081 2549 1205 2605 Vita
1237 2550 1409 2606 sancti
1437 2549 1606 2603 Mauri
1648 2549 1884 2619 episcopi
1923 2548 2098 2605 Caese-

522 2659 608 2699 nte
647 2660 662 2698 :
709 2642 1017 2712 Cupientes.
1070 2642 1145 2698 De
1183 2642 1538 2698 translatione
1575 2643 1747 2697 sancti
1778 2642 1961 2699 Hilarii
1983 2643 2098 2712 epi-

521 2731 675 2803 scopi
714 2751 728 2787 :
772 2731 1136 2797 Gaudeamus,
1185 2741 1240 2787 et
1285 2732 1637 2787 exsultemus.
1696 2731 1773 2786 De
1819 2731 2097 2788 Domi-ica

519 2821 869 2877 Palmarum:
903 2822 1037 2877 Cum
1069 2821 1569 2891 appropinquasset.
1607 2822 1684 2877 De
1720 2830 1906 2876 sancto
1946 2821 2099 2877 Eleu-

519 2911 713 2967 chadio
741 2911 994 2981 episcopo
1024 2930 1037 2965 :
1080 2911 1348 2965 Hodierna
1378 2911 1661 2965 festivitas.
1697 2911 1772 2965 De
1794 2920 1983 2966 sancto
2001 2912 2100 2967 Se-

521 3017 653 3057 vero
676 3004 929 3072 episcopo
964 3018 979 3055 :
1009 3003 1249 3058 Audistis
1277 3003 1495 3057 fratres.
1539 3003 1685 3058 Citat
1711 3013 1768 3057 et
1792 3004 1953 3058 alin-at
1986 3004 2099 3058 Μο-

518 3090 677 3145 lanus
698 3091 822 3145 dict
845 3090 974 3145 Feb.
1003 3092 1098 3146 sed
1121 3090 1357 3145 nondum
1377 3106 1609 3146 excusus
1636 3100 1740 3146 cst.
1767 3092 1838 3146 De
1865 3093 1922 3146 S.
1946 3092 2006 3146 P.
2030 3091 2090 3146 N.

2203 1905 2417 1953 vestrae.
2455 1899 2531 1954 De
2562 1898 2621 1954 8.
2657 1899 2865 1957 Joanne
2890 1902 3218 1974 evangelista
3242 1916 3257 1955 :
3283 1901 3554 1970 Quantum
3568 1909 3785 1958 autem.

2202 1988 2276 2044 De
2299 1989 2477 2060 vigilia
2508 1989 2567 2046 8.
2595 1991 2657 2046 Ρ.
2704 1992 2768 2048 N.
2823 1993 3099 2051 Benedicti
3125 2012 3139 2050 :
3173 1993 3420 2064 Vigiliam
3447 1992 3676 2064 egregii.
3708 1993 3790 2049 De

2200 2093 2356 2133 caena
2390 2079 2603 2135 Domini
2637 2099 2651 2135 :
2680 2081 2849 2137 Hodie
2896 2098 3114 2139 sacrum
3138 2084 3396 2139 chrisma.
3431 2084 3509 2138 De
3533 2082 3594 2138 8.
3616 2082 3786 2137 Joan-

2200 2185 2267 2229 ne
2310 2171 2547 2242 Baptista
2590 2189 2604 2227 :
2661 2172 2932 2229 Hodierna
2980 2175 3268 2232 festivitas.
3318 2175 3395 2231 De
3447 2173 3508 2230 8.
3554 2174 3787 2241 Antimo

2201 2272 2439 2334 martyre
2472 2281 2486 2319 :
2520 2264 2652 2320 Cum
2676 2264 2821 2320 beati
2844 2265 3069 2322 Antimi.
3091 2265 3169 2322 De
3195 2266 3296 2323 SS.
3328 2267 3488 2324 Flora
3517 2274 3574 2321 et
3598 2265 3787 2320 Lucil-

2203 2352 2249 2407 la
2281 2372 2293 2407 :
2317 2353 2680 2420 Gaudeamus,
2704 2354 2921 2413 fratres.
2945 2356 3021 2414 De
3040 2358 3243 2414 eisdem
3272 2376 3284 2412 :
3311 2358 3499 2423 Adest,
3529 2357 3782 2413 dilectis-

2199 2446 2342 2499 simi.
2370 2445 2447 2501 De
2476 2457 2667 2502 sancto
2693 2447 2967 2517 Stephano
2987 2465 3125 2519 papa
3154 2458 3208 2505 et
3234 2459 3508 2521 martyre:
3532 2448 3785 2504 Audistis

2200 2536 2377 2590 hodie.
2404 2538 2481 2592 De
2510 2547 2697 2593 sancto
2720 2538 2931 2596 Donato
2952 2542 3204 2611 episcopo
3224 2550 3529 2612 etmartyre
3547 2557 3562 2596 :
3580 2542 3780 2607 Adest,

2199 2624 2556 2680 dilectissimi.
2582 2626 2659 2681 De
2680 2627 2738 2682 S.
2764 2627 3159 2685 Bartholomazo
3177 2630 3424 2700 apostolo
3452 2649 3465 2683 :
3496 2630 3779 2686 Hodierna

2199 2716 2480 2771 festivitas.
2515 2718 2591 2773 De
2626 2728 2818 2774 saneto
2850 2718 3060 2775 Ruﬂino
3116 2731 3358 2793 martyre
3385 2739 3400 2776 :
3432 2721 3638 2787 Nostis,
3667 2722 3780 2777 fra-

2200 2816 2329 2873 tres.
2374 2808 2447 2863 De
2477 2810 2756 2865 nativitate
2788 2800 2847 2865 B.
2879 2809 3061 2866 Mariae
3090 2811 3315 2883 virginis
3349 2810 3658 2869 :Nativitas
3682 2813 3781 2868 ho-

2198 2898 2407 2952 dierna.
2452 2900 2527 2954 De
2571 2900 2625 2955 8.
2657 2899 2800 2955 Luca
2830 2902 3159 2972 evangelista
3197 2921 3211 2956 :
3238 2902 3375 2972 Quia
3401 2918 3500 2973 per
3529 2904 3782 2974 Evange-

2199 2992 2348 3045 liuut.
2380 2992 2457 3047 De
2488 2991 2543 3047 S.
2574 2993 2759 3048 Fidele
2783 3004 3022 3066 martyre
3063 3014 3077 3049 :
3103 2994 3303 3061 Nostis,
3338 2996 3535 3052 fratres
3555 2996 3777 3051 charis-

2199 3080 2345 3134 simi.
2378 3081 2756 3152 Fragmentum
2786 3084 3054 3140 sermonis
3084 3086 3151 3139 de
3198 3082 3257 3141 S.
3287 3081 3461 3140 Vltale
3488 3094 3775 3155 martyre:

518 3180 851 3235 Benedicto:
892 3181 1038 3235 Dixit
1069 3180 1255 3236 Simon
1297 3181 1512 3236 Petrus.
1544 3182 1621 3237 De
1660 3197 1815 3238 caena
1841 3184 2090 3246 Domini:

2205 3170 2338 3225 Ecce
2377 3170 2598 3240 liquido.
2634 3170 2921 3228 llomiliam
2950 3188 3113 3243 super
3138 3175 3489 3245 Evangelium
3518 3176 3572 3230 in
3600 3176 3693 3231 die
3718 3176 3777 3231 S.

520 3268 693 3325 Hodie
739 3269 938 3325 fratres
993 3269 1320 3325 charissimi.
1382 3272 1457 3326 De
1505 3272 1915 3327 annuntiatione
1961 3274 2097 3329 divae

519 3358 724 3415 Mariae.
758 3360 835 3414 De
870 3360 1270 3416 resurrectione
1294 3359 1552 3416 Domini-:
1579 3361 1850 3418 Postulavi
1878 3362 2095 3419 Patrem

519 3465 723 3506 meum.
755 3449 833 3506 De
854 3461 1046 3506 sancto
1071 3450 1304 3522 Georgio
1350 3463 1610 3523 martyre.
1645 3452 1915 3509 Hodierna
1944 3455 2099 3510 festi-

518 3540 682 3595 vitas.
735 3540 976 3610 Epistola
1026 3541 1093 3597 de
1133 3540 1255 3597 Vita
1312 3544 1489 3598 sancti
1542 3543 1811 3614 Rodulphi
1858 3546 2096 3617 episcopi

518 3631 830 3702 Eugubini:
866 3632 1085 3688 domino
1114 3633 1441 3691 Alexandro.
1488 3635 1565 3692 De
1593 3636 1651 3692 S.
1685 3635 1845 3693 Petro
1875 3648 2091 3709 aposto-

518 3725 573 3782 lo
598 3743 615 3780 :
646 3725 1077 3783 Adolescentulae
1102 3727 1425 3783 dilexerunt.
1456 3728 1533 3783 De
1555 3726 1655 3783 SS.
1692 3727 1848 3784 Petro
1875 3739 1929 3786 et
1954 3729 2094 3786 Pau-

521 3816 578 3872 lo
606 3834 621 3871 :
650 3816 924 3895 Hodierna
962 3818 1100 3877 dies.
1125 3819 1200 3874 De
1222 3819 1280 3875 8.
1311 3819 1621 3890 Apollinare
1651 3839 1665 3874 :
1697 3819 1965 3877 Hodierna
1987 3822 2094 3886 die,

517 3904 737 3964 fratres.
759 3909 913 3965 Alius
936 3910 1004 3965 de
1032 3909 1088 3964 S.
1118 3909 1463 3981 Apollinare:
1493 3910 1788 3981 Apostolici
1816 3913 2094 3983 martyris.

517 3998 671 4056 Alius
698 4001 764 4056 de
788 4001 979 4056 eodem
1033 4015 1049 4055 :
1080 4001 1398 4057 Audivimus
1426 4002 1603 4058 hodie.
1645 4002 1722 4059 De
1750 4013 1938 4059 sancto
1966 4003 2102 4059 Cas-

519 4089 676 4145 siano
696 4099 936 4161 martyre
966 4108 981 4145 :
1009 4090 1376 4146 Admirabilis.
1400 4091 1477 4146 De
1507 4092 1876 4162 assumptione
1896 4092 1955 4146 Β.
1990 4093 2098 4147 Ma-

521 4178 654 4233 riae:
689 4177 789 4234 llic
832 4187 999 4235 totum
1041 4180 1298 4235 decurrat
1345 4180 1634 4250 sapphicus
1675 4181 1907 4250 hymnus
1929 4182 1994 4235 de
2014 4196 2100 4235 ea-

523 4268 643 4323 dem
672 4285 685 4321 :
716 4267 846 4322 item
867 4277 923 4323 et
944 4267 1032 4322 alii
1066 4282 1260 4325 versus
1294 4278 1348 4324 et
1377 4270 1597 4339 rythmi.
1628 4269 1691 4322 D.
1726 4267 1786 4324 S.
1812 4269 2099 4324 Bartholo-

522 4371 661 4413 niteo
686 4357 969 4427 apostolo:
996 4357 1291 4420 Laetamur,
1329 4367 1384 4413 et
1420 4357 1737 4428 gloriamur.
1786 4358 1861 4413 De
1881 4357 1941 4413 8.
1975 4358 2101 4414 Vic-

524 4456 662 4537 tore.
695 4448 796 4504 Hic
836 4447 926 4503 ille
966 4463 1215 4519 magnus.
1242 4447 1318 4502 De
1360 4446 1419 4503 S.
1449 4447 1708 4503 Michaele
1729 4447 2054 4518 archangelo
2081 4462 2097 4502 :

2205 3262 2446 3318 Mattbzei
2480 3281 2493 3317 :
2519 3263 2837 3335 Evangelica
2888 3265 3068 3321 lectio.
3098 3265 3173 3321 De
3204 3266 3419 3321 silentio
3450 3284 3463 3320 :
3499 3267 3636 3322 Cum
3661 3267 3785 3337 pius

2200 3360 2441 3407 exactor.
2482 3352 2561 3407 De
2596 3354 2828 3424 spiritali
2879 3356 3176 3411 certamine
3208 3373 3222 3409 :
3272 3355 3329 3412 Si
3359 3356 3671 3429 diligenter.
3706 3357 3783 3413 Dc

2201 3443 2258 3501 S.
2283 3442 2570 3499 Anastasio
2592 3458 2828 3516 martyre
2855 3464 2868 3499 :
2893 3447 2971 3502 Ad
2993 3447 3273 3517 pulchrum
3289 3450 3668 3505 convenimus.

2270 3533 2346 3588 De
2373 3534 2677 3604 disciplina,
2697 3544 2753 3591 et
2777 3536 3156 3594 observatione
3185 3547 3354 3595 sexta:
3376 3539 3549 3606 feriae,
3575 3541 3786 3598 sanctis

2200 3622 2458 3679 fratribus
2482 3639 2498 3678 :
2529 3622 2731 3680 Contra
2755 3626 2867 3680 vini
2893 3625 3106 3684 bibulos
3133 3635 3188 3685 et
3212 3644 3406 3699 aquam
3428 3632 3783 3687 stomachan-

2202 3723 2283 3768 tes
2307 3732 2321 3768 :
2355 3715 2538 3782 Miror,
2567 3715 2917 3772 dilectissime
2938 3715 3128 3773 frater.
3150 3719 3232 3775 Ad
3257 3718 3457 3777 fratres
3481 3720 3781 3796 Gamugni,

2201 3804 2268 3860 de
2305 3804 2543 3861 Sabbato
2584 3804 2882 3877 jejunando
2929 3825 2943 3861 :
2997 3808 3341 3866 Pensualium
3372 3812 3779 3871 conductores.

2200 3894 2284 3949 Ad
2314 3892 2568 3950 Blancam
2599 3896 2930 3951 comitissam
2960 3898 3029 3952 ad
3064 3897 3349 3954 Dominum
3396 3916 3720 3959 conversam
3757 3921 3775 3958 :

2200 3984 2415 4042 Blanca:
2440 3985 2593 4041 olim.
2636 3984 2701 4041 Hi
2752 4001 2943 4044 omnes
2971 4002 3272 4057 sermones,
3314 3991 3548 4048 bomiliae
3574 4003 3635 4049 et
3662 3994 3780 4065 epi-

2201 4076 2354 4131 stolae
2380 4076 2721 4146 reperiuntur
2759 4092 2890 4134 mss.
2929 4079 3071 4148 apud
3112 4095 3223 4147 me,
3262 4088 3321 4135 et
3357 4082 3501 4153 apud
3540 4082 3607 4137 D.
3638 4083 3784 4138 Con-

2203 4172 2498 4225 stantinum
2527 4168 2844 4239 Cajetanum
2878 4169 3299 4242 Syracusanum,
3341 4176 3690 4243 monachum,
3725 4186 3785 4233 et

2203 4277 2396 4333 magna
2424 4263 2587 4317 etiam
2616 4276 2683 4318 ex
2710 4270 2865 4333 parte
2903 4263 2958 4318 in
3002 4263 3281 4322 Casinensi
3326 4267 3683 4339 bibliotheca,
3726 4280 3782 4326 et

2202 4352 2355 4407 alibi.
2385 4352 2462 4407 De
2482 4351 2761 4409 miraculis
2788 4352 2846 4408 8.
2880 4352 2944 4409 P.
2970 4354 3037 4409 N.
3066 4354 3337 4412 Benedicti
3360 4357 3454 4413 lib.
3487 4373 3526 4412 ι.
3562 4359 3643 4415 De
3666 4375 3783 4430 pm~

2203 4443 2430 4499 nitentia
2464 4462 2478 4498 :
2513 4443 2854 4513 Pensandum
2890 4447 3107 4518 quippe.
3141 4446 3333 4506 Sermo
3373 4460 3562 4506 contra
3606 4452 3783 4508 Simo-

523 4516 682 4595 Circa
707 4554 886 4594 rerum
914 4516 1192 4594 cardinem
1215 4553 1516 4592 versamur.
1557 4533 1632 4593 De
1663 4537 1720 4592 8.
1746 4537 1929 4596 Fidele
1943 4516 2097 4590 imar-
2126 4516 2179 4576 Ῐ)
2206 4534 2390 4591 niacos
2428 4553 2444 4590 :
2488 4534 2669 4591 Mundi
2701 4539 2855 4592 turba
2897 4516 3224 4595 turbulenta.
3265 4539 3342 4596 De
3378 4544 3702 4600 amoenitate
3726 4556 3783 4601 et

523 4637 664 4698 lyre,
696 4643 876 4684 sermo
903 4629 1217 4694 historicus,
1248 4628 1317 4683 28
1351 4627 1604 4684 Octobris
1632 4647 1645 4682 :
1675 4628 1875 4692 Nostis,
1904 4628 2101 4685 fratres

525 4721 857 4776 charissimi.
885 4720 960 4775 De
988 4721 1201 4785 codem,
1232 4720 1482 4792 hymnus.
1530 4720 1605 4774 De
1639 4718 1698 4775 S.
1734 4719 1965 4775 Martino
1988 4720 2102 4789 epi—

524 4825 688 4879 scopo
718 4824 733 4864 :
765 4810 972 4867 Nobilis
1000 4811 1088 4866 ille
1116 4811 1415 4866 confessor.
1440 4809 1516 4864 De
1547 4809 1607 4865 S.
1638 4811 1856 4866 Andrea
1885 4823 2101 4882 aposto-

524 4900 575 4954 lo
598 4919 612 4955 :
636 4901 830 4966 Hodie,
858 4902 1057 4957 fratres
1097 4902 1428 4957 charissimi.
1463 4901 1541 4955 De
1566 4901 1622 4956 S.
1655 4900 1871 4957 Nicolao
1895 4903 2103 4971 episco-

524 5003 592 5055 po
619 5007 633 5041 :
662 4989 917 5045 Nicolaus
940 4991 1041 5045 iste
1071 5006 1240 5044 meus.
1276 4991 1348 5045 De
1381 4990 1439 5045 S.
1474 4990 1755 5059 Stephano
1782 4998 2100 5059 protomart.

529 5077 714 5120 ΔιΙΙιιιρ
763 5078 927 5120 ﬁlium
977 5081 1199 5120 virrrinic
1273 5080 1350 5120 Dn
1402 5080 1716 5120 nvnnllpnlin
1766 5078 1823 5120 ς-
1880 5078 2102 5120 Jnnnnie

2204 4625 2413 4697 gaudiis
2439 4626 2565 4681 vitae
2590 4637 2807 4683 aeternae
2852 4645 2867 4682 :
2895 4629 2976 4684 Ad
3016 4630 3270 4699 perennis
3295 4632 3419 4688 vitae
3445 4632 3680 4690 fontem.
3711 4636 3784 4691 De

2203 4716 2380 4786 poenis
2410 4715 2601 4771 inferni
2634 4736 2647 4771 :
2680 4717 2724 4773 Ο
2751 4734 2912 4787 quam
2942 4719 3081 4785 dira,
3114 4736 3274 4791 quam
3321 4724 3614 4781 horrenda.
3655 4726 3786 4797 Epi-

2204 4807 2345 4862 stola
2375 4808 2440 4863 de
2463 4808 2549 4863 die
2572 4808 2759 4879 judicii
2792 4828 2805 4863 :
2843 4810 3048 4866 Dilecto
3076 4811 3232 4867 fratri
3255 4814 3406 4877 Adat,
3435 4815 3633 4872 Petrus
3661 4831 3784 4887 pec

2203 4908 2375 4955 calor.
2423 4898 2561 4954 Sunt
2604 4900 2747 4969 apud
2787 4916 2875 4955 me
2912 4917 3044 4958 mss.
3088 4910 3144 4957 et
3173 4903 3302 4959 item
3348 4905 3402 4960 in
3447 4904 3782 4962 bibliotheca

2208 5001 2394 5047 nostra
2443 4991 2616 5044 sancti
2662 4989 2941 5046 Benedicti
2991 4993 3287 5048 Mantuani.
3338 4995 3395 5049 ln
3447 4996 3782 5053 bibliotheca

2207 5082 2487 5120 ίῖααῖηοηεί
2520 5096 2648 5120 mam
2706 5081 2757 5120 in
2788 5096 3008 5120 annual-un
3044 5092 3200 5120 male
3234 5085 3299 5120 ηιι
3331 5086 3608 5120 cinia-mm
3669 5088 3783 5120 ιυηη
