3964 5310
139 333 236 395 ait
426 278 434 294 '
464 310 481 318 ”
502 284 575 372 εξ

820 295 1478 394 nomadum:
1492 313 2035 394 TESTIMONIADE
2071 319 2144 394 s.’
2166 320 2764 396 pnrnobAmANo:

3293 341 3405 397 202

137 450 326 507 tilicis.
365 423 614 521 Epistolas
633 422 758 518 ejus
803 449 1008 504 multm.
1055 449 1131 505 De
1177 449 1237 505 S.
1285 449 1557 517 Matthaao,
1607 465 1724 505 ser-
1750 448 1984 512 Aborat
2029 449 2336 508 inﬁrmitas.
2381 451 2602 508 Flebilis
2644 451 2962 508 lamentatio
3011 467 3174 524 super
3221 455 3405 510 anima

137 556 334 598 mones
385 541 438 596 3.
489 540 565 596 De
603 539 934 595 monasterio
968 538 1272 605 Casineusi,
1307 547 1362 595 et
1403 539 1729 611 quibusdam

137 631 447 696 miraculis,
465 632 532 686 ad
548 631 884 687 Desiderinm
911 629 1184 686 abbatem.
1202 631 1277 686 De
1292 629 1482 688 bestiis
1508 632 1732 702 quibus-

138 721 288 786 dam,
349 720 446 775 sed
485 720 811 792 principium
854 721 1026 776 deest.
1066 720 1259 776 Sermo
1299 721 1368 777 de
1405 730 1590 777 sancta
1621 721 1729 778 Co-

137 810 322 864 lumba
357 811 571 884 virgine
594 820 651 867 et
686 821 942 883 martyre.
967 809 1162 868 Sermo
1188 811 1256 868 de
1280 811 1647 884 eleemosyna,
1674 820 1733 872 et

139 902 393 973 epistolae
419 903 543 974 ejus
576 903 840 977 plurimae.

141 1085 368 1153 Ibidem,
396 1086 457 1142 in
477 1085 588 1142 aiio
627 1088 855 1170 quodam
878 1088 1013 1144 libro
1041 1105 1141 1170 ms.
1163 1090 1220 1146 in
1253 1090 1568 1149 membranis
1601 1094 1731 1148 sub-

776 1169 920 1230 jecta
939 1169 1083 1216 sunt.

119 1277 124 1291 ³
209 1274 412 1334 Sermo
438 1273 506 1331 de
534 1282 728 1331 sancto
749 1275 1032 1334 Bonifacio
1057 1287 1318 1350 martyre.
1343 1278 1420 1334 De
1441 1279 1500 1335 S.
1523 1277 1733 1337 Joanne

144 1366 413 1437 Baptista,
453 1365 582 1422 duo.
612 1364 690 1422 De
734 1365 836 1423 SS.
865 1368 1078 1425 Donato
1103 1378 1160 1426 et
1189 1369 1451 1426 Hilarino.
1487 1369 1733 1442 Hymnus

145 1460 220 1515 de-
235 1467 435 1516 sancto
453 1458 699 1516 Antimo.
725 1459 953 1518 Homilia
969 1477 1133 1533 super
1152 1463 1502 1536 Evangelium
1528 1479 1544 1518 :
1570 1463 1735 1519 Liber

146 1552 552 1610 Generationis.
575 1552 872 1611 Sermones
900 1556 1006 1611 duo
1034 1557 1098 1612 de
1121 1557 1408 1612 nativitate
1430 1557 1490 1612 Β.
1525 1556 1730 1613 Mariaz.

147 1644 298 1701 De-S.
327 1645 675 1717 Apollinare,
715 1661 994 1704 sermones
1023 1657 1153 1704 tres.
1189 1648 1264 1704 De
1292 1647 1352 1704 S.
1393 1648 1583 1712 Vitale,
1614 1664 1734 1704 ser-

147 1753 329 1794 mones
371 1739 498 1793 duo.
528 1737 608 1793 De
642 1737 700 1794 S.
733 1737 941 1796 Joanne
979 1740 1346 1813 Evangelista,
1377 1742 1565 1813 hymni
1598 1751 1729 1798 tres.

1833 540 2082 597 sordibus
2102 541 2458 598 immunditirc
2492 543 2692 608 dedita,
2723 544 2848 600 sic:
2886 543 3021 615 Ego,
3044 554 3242 616 egotc,
3271 545 3408 601 inle-

1831 632 1906 686 lix
1925 631 2126 699 anima,
2151 632 2340 688 dellco.
2370 633 2572 689 Contra
2595 633 2925 699 Sodomitas,
2951 648 3229 691 sermones
3255 643 3407 691 tres:

1831 724 2040 795 primus
2084 725 2165 782 sic
2207 727 2441 798 incipit:
2488 728 2614 792 Eos,
2656 729 2746 798 qui
2793 727 3271 794 irrationabiliter;
3321 743 3413 785 se-

1831 816 2042 871 cundus
2074 833 2088 870 :
2119 816 2359 873 Clericus
2384 828 2564 874 autem
2595 817 2841 884 Domini;
2876 819 3066 874 tertius
3095 837 3107 872 :
3135 818 3248 875 Hoc
3275 835 3412 875 sane

1832 904 2045 960 vitium.
2075 905 2323 962 Citantur
2343 917 2398 963 et
2434 923 2464 962 a
2492 908 2792 964 Trithemio
2825 909 2939 964 lucc
2973 910 3252 978 sequentia
3287 925 3300 963 ;
3334 910 3413 966 De

1831 995 1938 1051 situ
1962 1004 2016 1051 et
2034 996 2350 1053 inundatione
2377 994 2706 1053 Vivariensis
2734 999 2990 1063 cmnobii,
3018 998 3111 1054 lib.
3141 999 3198 1058 l.
3219 999 3416 1070 Apolo:
3457 1051 3461 1056 .

1833 1088 2160 1156 geticornm,
2196 1087 2289 1144 lib.
2330 1088 2388 1156 3,
2424 1088 2646 1143 domino
2674 1103 2771 1142 suo
2806 1087 3048 1144 Nicolao.
3078 1090 3154 1145 De
3185 1091 3414 1145 inconti-

1831 1177 2030 1249 nential
2049 1179 2411 1245 sacerdotum,
2439 1180 2531 1236 lib.
2558 1181 2584 1235 1
2616 1196 2631 1236 :
2662 1179 2843 1249 Nuper
2871 1179 3092 1235 habens.
3122 1183 3198 1237 De
3232 1182 3416 1236 uxori—

1833 1268 1932 1324 bus
1963 1270 2306 1338 clericorum,
2338 1271 2432 1327 lib.
2464 1273 2489 1327 1
2523 1290 2535 1326 :
2564 1269 2670 1328 Vos
2698 1272 2962 1342 alloquor.
2995 1271 3198 1343 Regula
3227 1273 3416 1328 solita-

1834 1361 2060 1427 riorum,
2094 1362 2186 1417 lib.
2223 1363 2246 1416 l
2279 1381 2291 1416 :
2325 1362 2458 1418 Dum
2492 1363 2759 1418 fervorem
2799 1373 3000 1420 sanctae
3029 1365 3415 1420 miraculorum

1834 1455 1917 1509 sui
1948 1457 2227 1525 temporis,
2249 1445 2352 1510 'lib.
2380 1457 2430 1511 1.
2458 1457 2819 1514 Dilectissimo
2853 1458 3120 1515 Gerardo.
3153 1459 3424 1514 Exhorta-

1833 1546 2033 1601 torium
2063 1546 2129 1600 ad
2162 1549 2473 1611 monachos,
2503 1548 2595 1603 lib.
2627 1550 2650 1604 l
2684 1566 2696 1602 :
2728 1549 3009 1606 Fratribus
3038 1550 3090 1604 in
3125 1550 3419 1622 Gangensi.

1835 1635 1912 1692 De
1941 1634 2187 1706 proiectu
2220 1638 2628 1704 monachorum,
2663 1638 2755 1695 lib.
2789 1641 2839 1694 1.
2872 1639 2947 1694 De
2984 1639 3273 1696 insolentia
3308 1655 3424 1695 ma-

1834 1726 2104 1800 lignorum
2137 1733 2437 1798 hominmn,
2467 1732 2561 1788 lib.
2595 1733 2644 1790 l.
2693 1736 2769 1790 De
2796 1735 3025 1790 avaritia
3049 1735 3420 1806 przelatorum.

146 1827 510 1900 Epistolarum
555 1844 776 1884 suarum
822 1829 962 1886 liber
1007 1846 1169 1888 unus.
1216 1831 1293 1887 De
1340 1832 1732 1887 incontinentis
1761 1819 1929 1880 Blib.
1980 1821 2030 1877 1.
2083 1823 2517 1880 Declamationes
2563 1827 2866 1893 rhetoricae,
2940 1826 3033 1884 lib.
3066 1828 3118 1884 1.
3155 1827 3423 1886 Gratissi-

145 1922 546 1991 episcoporum.
579 1921 656 1976 De
685 1923 1018 1993 proprietate
1053 1923 1397 1980 clericorum.
1438 1925 1514 1981 De
1546 1933 1736 1981 sancto

148 2009 568 2077 Bartholomaeo,
607 2025 888 2068 sermones
909 2013 1036 2078 duo,
1068 2021 1123 2066 et
1151 2012 1390 2070 collectas
1427 2015 1492 2069 de
1521 2013 1734 2070 eodem.

149 2097 390 2170 Hymnus
410 2100 480 2156 de
505 2109 698 2157 sancto
723 2100 996 2157 Ursicino.
1027 2101 1284 2159 Miracula
1315 2103 1489 2160 sancti
1518 2103 1735 2159 Bullini.

152 2192 391 2264 Epistola
427 2194 496 2249 ad
527 2193 791 2264 Agnetem
841 2196 1264 2266 imperatricem.
1298 2195 1587 2252 Tractatus
1617 2196 1738 2267 pius

151 2284 210 2337 ad
250 2284 580 2340 monachos.
629 2283 784 2341 Alius
831 2285 899 2341 de
945 2286 1280 2357 perfectione
1322 2289 1734 2344 monachorum.

153 2375 402 2447 Dialogus
433 2374 608 2430 Judaei
637 2383 693 2432 et
718 2375 1034 2432 Christiani.
1074 2378 1312 2434 lnvectio
1347 2379 1398 2434 in
1426 2380 1738 2450 episcopum

153 2467 448 2522 monachos
489 2465 561 2520 ad
601 2465 858 2522 saeculum
895 2478 1262 2524 revocantem.
1304 2467 1632 2539 Opusculnm
1671 2465 1739 2523 ad

154 2556 459 2613 Teuzonem
486 2556 795 2612 eremitam.
830 2557 904 2613 De
932 2558 1082 2614 horis
1116 2559 1398 2614 canonicis
1423 2558 1739 2628 disputatio.

155 2648 294 2718 Quod
337 2649 809 2722 nuptiarpossunt
842 2651 960 2707 fieri
989 2652 1107 2708 sine
1133 2653 1298 2708 coitu.
1331 2651 1522 2707 Sermo
1561 2653 1627 2708 de
1657 2652 1742 2708 vi-

154 2741 267 2814 gilia
297 2742 486 2798 sancti
523 2741 735 2799 Jacobi.
783 2745 860 2800 De
902 2744 1084 2816 vigilia
1124 2745 1296 2802 sancti
1337 2745 1741 2816 Bartbolommi,

155 2833 396 2904 epistolas
440 2833 738 2890 nonnullas.
784 2835 863 2891 De
889 2835 1176 2907 disciplina
1217 2837 1627 2892 monachorum.
1665 2836 1745 2895 De

155 2925 429 2994 patientiae
464 2924 749 2996 gradibus,
783 2926 1100 2998 disputatio.
1133 2928 1208 2985 De
1237 2929 1522 3002 privilegio
1552 2929 1744 2986 Eccle-

159 3017 241 3073 siae
282 3018 576 3084 Romanas,
607 3019 675 3073 ad
704 3018 1132 3076 Hildebrandum
1174 3021 1637 3078 archidiaconum.
1669 3023 1747 3080 De

157 3108 574 3165 reconciliandis
595 3109 886 3178 haereticis,
909 3112 1140 3183 epistola
1157 3112 1313 3184 longa
1335 3113 1404 3169 de
1425 3113 1744 3169 dimittendo

1837 1929 1978 1980 mus,
2009 1930 2102 1970 seu
2128 1915 2562 1987 probatissimus,
2593 1917 2686 1972 lib.
2720 1919 2747 1974 1
2782 1937 2796 1974 :
2830 1919 3059 1976 Domino
3096 1914 3162 1976 N.
3208 1922 3424 1978 Raven-

1839 2004 2052 2060 naticae.

1910 2096 2162 2167 Ejusdem
2209 2099 2454 2171 epistola:
2487 2102 2552 2156 de
2591 2101 2842 2158 universa
2885 2102 2999 2158 vita
3037 2111 3094 2160 et
3135 2101 3417 2176 religione,

1840 2201 1895 2246 tn
1929 2189 2077 2257 lolio,
2125 2191 2180 2246 in
2228 2193 2558 2250 membranis
2595 2210 2696 2251 ms.
2739 2195 2982 2253 existunt
3009 2195 3066 2251 in
3091 2195 3424 2254 bibliotheca

1841 2283 2206 2356 imperatoris,
2243 2286 2482 2341 Viennze.

1911 2375 2156 2431 Excusus
2179 2385 2263 2431 est
2290 2376 2600 2446 Argentinze
2632 2392 2774 2433 anno
2797 2376 2954 2444 l562,
2984 2376 3040 2433 in
3073 2376 3224 2445 folio,
3252 2376 3307 2434 in
3334 2390 3428 2434 ca-

1839 2452 2022 2540 talogo
2056 2467 2272 2523 testium
2315 2469 2582 2534 veritatis,
2630 2477 2688 2522 ut
2718 2469 2818 2539 ipsi
2856 2468 3171 2538 loquuntur,
3203 2469 3424 2540 quidam

1841 2572 2123 2631 tractatus.
2167 2579 2260 2620 seu
2303 2564 2534 2631 libellus,
2574 2566 2675 2620 sub
2716 2565 2831 2634 ejus
2871 2566 3086 2621 nomine
3131 2565 3200 2622 de
3235 2581 3423 2623 corre-

1843 2655 2028 2726 ptione
2053 2654 2290 2725 episcopi
2333 2671 2394 2710 ac
2424 2670 2603 2726 papm;
2637 2656 2728 2727 qui
2762 2666 2938 2709 utrum
2977 2663 3166 2725 partus
3204 2654 3324 2725 ejus
3352 2655 3428 2713 sit

1842 2746 2060 2814 nescio;
2094 2744 2364 2800 cavendus
2406 2755 2586 2800 tamen
2632 2747 2764 2801 mihi
2804 2746 3038 2811 videtur,
3083 2762 3206 2802 cum
3239 2745 3428 2816 hujus-

1843 2836 1989 2894 modi
2017 2835 2391 2907 supposititios
2421 2835 2562 2891 fetus
2597 2837 2797 2893 multos
2820 2836 2976 2892 nobis
2999 2836 3295 2893 obtrudaut
3319 2837 3427 2892 bre-

1845 2926 2022 2992 retici,
2055 2935 2112 2981 ut
2137 2942 2263 2982 suas
2284 2927 2633 2998 imposturas,
2659 2926 2813 2997 quasi
2841 2935 3153 2982 sanctorum
3179 2927 3422 2983 virorum

1843 3029 1900 3074 et
1951 3020 2233 3074 doctorum
2283 3016 2539 3072 Ecclesiae
2588 3019 3003 3073 auctoritatibus
3050 3025 3324 3086 tueantur,
3366 3026 3430 3076 ut

1845 3109 2072 3180 contigit
2124 3107 2285 3163 etiam
2337 3109 2388 3162 iu
2434 3108 2660 3177 epistola
2714 3107 2804 3163 illa
2857 3107 3201 3180 supposititia
3253 3109 3434 3167 sancti

155 3202 492 3272 episcopatu.
522 3200 777 3258 Nonnulli
801 3211 1067 3261 tractatus
1087 3205 1154 3259 ad
1179 3183 1495 3274 monachos,
1525 3215 1580 3264 et
1600 3221 1746 3279 qua:-
1770 3183 1819 3249 c
1850 3199 2087 3258 Udalrici
2113 3200 2352 3272 episcopi
2378 3209 2434 3257 et
2459 3200 2687 3256 aliorum
2713 3201 2995 3256 similium.

159 3295 355 3352 stiones
391 3295 624 3368 aliquot.
664 3295 917 3366 Epistolas
951 3297 1134 3353 multa:
1163 3299 1230 3353 ad
1257 3299 1552 3354 monachos
1581 3297 1746 3354 Pom—

160 3391 403 3460 posiacos
452 3397 510 3444 et
562 3388 722 3446 alios.
765 3389 844 3446 De
884 3390 1113 3447 diversis
1159 3390 1424 3458 historiis,
1465 3405 1656 3448 versus
1693 3398 1750 3447 et

159 3479 416 3552 epistolae.
449 3479 651 3535 Sermo
683 3479 751 3534 de
793 3480 1219 3551 promptitudine
1247 3480 1419 3551 magis
1454 3480 1521 3536 ad
1547 3479 1750 3537 malum

160 3589 314 3642 quam
345 3573 412 3628 ad
443 3572 678 3636 bonum,
722 3579 780 3626 et
807 3572 874 3627 de
904 3581 1028 3628 octo
1066 3571 1268 3644 vigiliis
1305 3570 1638 3643 jejunandis,
1669 3571 1752 3629 sic

162 3665 424 3737 incipiens
451 3681 468 3720 :
499 3661 847 3720 Naturaliter
873 3673 1050 3719 autem
1081 3665 1187 3721 hoc
1212 3663 1375 3720 modo
1414 3663 1648 3720 humana
1675 3663 1748 3719 la-

2610 3323 2682 3335 h-

1922 3383 2296 3437 Auctoritatem
2326 3392 2575 3452 prieterea
2600 3383 2941 3438 illustrissimi
2967 3383 3168 3439 domini
3184 3384 3434 3440 cardina-

1852 3451 2167 3525 lis_Bar_oni_i
2191 3454 2287 3525 hoc
2317 3451 2430 3507 loco
2450 3453 2641 3525 a/ferre
2669 3455 2785 3508 ideo
2811 3455 3018 3520 distuli,
3043 3457 3170 3525 quia
3188 3456 3304 3525 ejus
3326 3456 3437 3508 An-

1854 3522 1996 3606 nales
2028 3523 2426 3606 Ecclesiasticos
2469 3522 2626 3606 [agile
2665 3526 2877 3606 quilibet
2907 3522 3175 3606 consulere
3209 3522 3432 3606 poterit.

1854 3591 2028 3649 Multa
2049 3595 2184 3648 enim
2200 3594 2288 3648 ille
2310 3606 2447 3649 tomo
2468 3591 2550 3648 XI
2575 3591 2754 3649 scribit
2783 3597 2846 3650 de
2866 3597 3166 3662 sanctitate,
3190 3591 3435 3650 doctrina

1853 3679 1916 3718 ac
1953 3664 2102 3718 rebus
2126 3666 2279 3735 gestis
2303 3665 2437 3718 beati
2477 3663 2620 3719 Petri
2657 3666 2925 3720 Damiani.

169 3853 3414 3882 W

848 4003 1785 4159 MONITIUNCULA
1851 4029 2002 4122 AD
2075 4030 2748 4126 LECTOREM.

231 4278 338 4335 Hoc
359 4288 409 4336 ει
438 4280 612 4334 tacere
642 4271 938 4349 noluimus,
965 4271 1131 4349 amice
1153 4269 1352 4349 Lector,
1387 4270 1623 4341 ejusdem
1745 4267 1893 4349 Petri
1927 4269 2125 4349 Vitam,
2164 4283 2278 4349 post
2308 4273 2650 4349 prwgedcntis
2675 4282 2962 4349 auctorem,
2993 4273 3094 4349 qui
3143 4275 3437 4349 σύνχρφος

171 4349 296 4406 illius
321 4351 422 4422 fuit
446 4361 612 4422 a_tque
635 4341 957 4422 discipulus,
976 4341 1112 4422 stglo
1140 4342 1299 4396 etiam
1317 4339 1618 4422 prosecutos
1647 4339 2051 4422 esse-cannem
2080 4339 2366 4422 Antonium
2406 4342 2712 4400 Flavinium
2750 4339 3300 4422 oraeoraeliensem';
3320 4347 3438 4422 Au—

176 4409 427 4502 gustinum
456 4409 792 4502 Fortunium
822 4409 1280 4502 Gamaldulenfem
1306 4409 1642 4502 monachum,
1664 4423 1711 4502 et
1745 4409 2126 4502 Hiaiongmum
2150 4413 2386 4502 Rubeum
2412 4431 2432 4470 :
2458 4431 2522 4470 ea:
2545 4414 3237 4502 quorumJlucubrutiionibus
3266 4412 3439 4502 [usius

173 4481 220 4545 in
242 4491 478 4547 Romana
507 4485 862 4560 epistolarum
889 4483 1115 4560 editione
1144 4481 1402 4547 deductis,
1431 4485 1553 4555 quia
1582 4482 1814 4560 easdem_
1832 4481 2084 4560 Damiani
2114 4501 2195 4560 res
2226 4495 2413 4560 gestas
2435 4481 2567 4560 quas
2604 4488 2721 4546 eius
2750 4484 3060 4552 discipulus,
3090 4500 3240 4554 quem
3268 4481 3439 4536 secuti

173 4573 301 4628 sunt,
328 4552 627 4630 eademque
657 4571 877 4630 prorsus
900 4555 1031 4630 serie
1064 4562 1314 4630 narrant,
1333 4552 1620 4630 eatantum
1642 4569 1761 4630 qua;
1795 4552 1851 4630 in
1879 4555 2134 4630 superiori
2160 4552 2338 4630 deesse
2367 4552 2692 4630 uidebantur,
2712 4569 2972 4630 quresane
2999 4552 3258 4630 perpauca
3292 4563 3436 4630 sunt,

173 4623 376 4689 consilio
398 4623 709 4688 doctiorum
731 4625 1138 4695 discerpsimus;
1167 4639 1228 4678 ne
1254 4623 1506 4696 ejusdem?
1543 4623 1865 4679 narrationis
1905 4625 2054 4678 toties
2081 4627 2312 4696 repetita:
2354 4625 2628 4696 prolixitas
2650 4623 2948 4696 legentibus
3003 4626 3254 4693 ingereret
3287 4623 3438 4696 [asti-

172 4701 305 4775 dium
335 4704 510 4775 magis
533 4714 704 4773 quam
733 4690 940 4768 legendi
966 4696 1216 4775 studium.
1241 4690 1393 4760 Quod
1415 4705 1461 4749 et
1491 4695 1793 4775 in'veterum
1820 4710 2032 4775 quoque
2053 4696 2118 4749 de
2137 4690 2370 4775 ’παρίοι-ὲ
2399 4690 3140 4775 ιερεὶηιοηἱὲςόὺεενυᾳυὶῃιῐεδ,
3167 4710 3232 4748 ex
3258 4690 3446 4759 quibus

175 4765 626 4830 brevitatis'cau'sa
659 4785 725 4824 ea
765 4765 975 4836 tantum
998 4765 1279 4836 selegimus
1293 4781 1410 4836 qua:
1436 4766 1644 4819 testium
1669 4767 2000 4834 commendat
2035 4767 2342 4832 auctoritas,
2378 4765 2454 4820 vel
2489 4782 2607 4836 qua:
2631 4765 2701 4819 ad
2728 4766 2965 4820 auctoris
2989 4765 3153 4834 ipsius
3179 4779 3447 4818 commen-

176 4842 430 4902 dationem
453 4843 632 4915 magis
658 4837 891 4911 faciunt.
930 4834 1053 4893 Haec
1079 4834 1200 4893 vero
1221 4834 1316 4891 illa
1344 4845 1467 4892 sunt
1491 4852 1610 4908 qua:
1630 4837 1937 4894 avuendieis
1973 4837 2080 4891 vice
2102 4846 2374 4909 gratanter
2399 4834 2642 4906 accipies.

3510 4975 3522 5012 l

1739 5022 2092 5043 ψ-

3497 5057 3514 5078 q

3490 5100 3513 5128 0

958 5174 980 5216 1
1790 5169 1862 5216 h
1889 5185 1996 5216 Inm
2046 5173 2128 5216 vis
2176 5171 2300 5216 «lum
2344 5169 2644 5216 ablactatur:
2691 5183 2845 5216 mter-
2887 5174 3216 5216 l‘nmmiccllc
3263 5173 3463 5216 fuerat-
