3964 5310
1356 249 1414 309 s.
1444 247 1724 313 annos
1757 246 2115 317 DAIMUS
2148 249 2211 309 δ.
2232 251 2308 311 a.
2346 252 2410 310 Ε.
2452 227 2939 337 (tanaim?

506 364 777 433 Damiani,
804 364 873 445 ab
899 364 1015 437 ejus
1035 324 1356 421 commeate
1383 362 1687 439 usurpavit,
1717 373 1853 421 utse
1874 360 2096 427 Petrum
2123 369 2174 433 Α
2203 362 2419 421 αἰευιίω
2450 334 2959 439 promptitudinem,
3008 376 3063 427 et
3099 382 3291 427 verum
3316 369 3503 433 mundi
3540 324 3756 433 unum;

505 455 753 525 Damiani
781 470 999 527 semper
1030 454 1423 519 subscriberet,
1454 465 1562 511 etc.

599 689 686 747 Es
723 688 1677 815 lib.lgistoriarugt‘bﬂnvennatum
1714 689 2027 764 Hieronymi

1328 777 1400 815 et.

577 872 945 931 Alexandrum
994 870 1304 944 pontiﬁcem
1359 870 1542 943 gravis
1590 870 1803 929 interea
1842 872 2106 946 fatigabat

504 962 771 1025 dissensio
789 965 1010 1023 Cadaloi
1035 963 1372 1030 Parmensis,
1397 977 1559 1034 quem
1586 961 1844 1019 Germani
1872 962 2105 1035 pseudo-

501 1061 813 1135 pontilicem
852 1075 975 1116 cum
1021 1058 1300 1125 fecissent,
1346 1071 1376 1112 a
1402 1056 1665 1113 Romanis
1704 1057 1868 1113 etiam
1906 1072 2100 1130 proce-

504 1155 659 1214 ribus
679 1155 846 1227 recipi
876 1154 1187 1211 studebant.
1222 1151 1275 1209 ls
1293 1167 1423 1209 vero
1451 1165 1763 1224 quanquam
1793 1150 1846 1207 in
1873 1152 2103 1209 concilio

502 1245 762 1313 Mantum.
791 1261 938 1302 anno
966 1244 1103 1301 1064
1143 1243 1352 1311 habito,
1389 1257 1498 1314 quo
1534 1250 1591 1299 et
1636 1229 1947 1300 Alexander
1985 1241 2105 1316 ipse

450 1398 458 1408 ,
501 1349 753 1407 venerat,
780 1326 1037 1411 reiectus,
1069 1348 1252 1395 tamen
1289 1337 1522 1410 insignia
1549 1336 1826 1409 pontificis
1855 1336 2099 1392 retinuit.

506 1432 872 1503 Quamobrem
900 1431 1096 1489 Petrus
1137 1430 1386 1486 Damiani
1436 1428 1697 1485 Ecclesia:
1750 1428 1846 1484 Dei
1895 1436 2102 1484 tantam

507 1527 976 1600 perturbationem
994 1525 1307 1592 miseratus,
1320 1525 1387 1580 ad
1410 1522 1686 1581 hominem
1717 1521 1909 1579 scribit
1930 1521 2103 1578 tribus

505 1612 657 1676 illum
676 1620 789 1692 jam
820 1618 1175 1677 conventibus
1196 1633 1318 1675 esse
1346 1616 1662 1673 damnatum
1693 1623 1749 1671 et
1770 1622 1873 1682 ter,
1921 1614 1965 1669 si
1993 1628 2102 1671 non

501 1708 706 1782 judicio
736 1713 1101 1778 sacerdotum,
1132 1719 1191 1768 at
1216 1710 1407 1767 saltem
1436 1707 1617 1777 legum
1648 1706 1973 1764 auctoritate
1997 1707 2099 1761 ab-

505 1802 770 1861 dicatum.

1263 1914 1351 1971 III.

502 2030 811 2101 Anonymus
836 2027 1213 2101 Beneaietiaats
1234 2026 1397 2101 (circa
1426 2024 1785 2101 gn._ll%5)_in
1806 2023 1935 2101 γὰρ
1966 2025 2105 2101 beati

575 2093 800 2161 Jodnm's
820 2099 1134 2170 Qawensis,
1158 2093 1395 2170 ejusdem
1420 2093 1479 2154 S.
1508 2093 1738 2154 doctoris
1781 2093 2026 2167 discipuli
2055 2104 2104 2151 et

577 2172 804 2242 episwpi
833 2168 1133 2242 Eugubini;

574 2284 671 2347 lllo
693 2298 928 2356 namque
959 2293 1202 2355 tempore
1240 2284 1325 2339 vir
1358 2283 1705 2350 venerabilis,
1749 2292 1805 2339 et
1843 2283 2103 2340 sacerdos

503 2375 602 2433 Dei
653 2374 900 2435 altissimi
948 2375 1182 2433 domnus
1238 2375 1435 2433 Petrus
1483 2374 1755 2441 Damiani,
1809 2375 2104 2433 virtutibus

505 2475 734 2524 ornatus
764 2474 821 2523 et
844 2466 1016 2523 sacris
1049 2465 1348 2538 Scripturis
1391 2466 1656 2532 eruditus,
1702 2463 1932 2521 ﬂorebat
1971 2480 2102 2524 sam

505 2557 716 2631 etitate,
765 2569 821 2615 et
856 2558 1082 2617 scientia
1120 2559 1174 2613 in
1226 2572 1411 2614 eremo
1450 2557 1760 2615 vastissima
1807 2557 1864 2614 8.
1912 2555 2102 2618 Crucis

506 2648 699 2725 Fontis
720 2650 1016 2708 Avellanae.
1053 2651 1119 2705 Et
1147 2650 1263 2721 ipse
1290 2648 1506 2716 Petrus,
1531 2665 1652 2706 cum
1674 2657 1817 2705 esset
1846 2645 1904 2704 S.
1934 2646 1999 2705 R.
2033 2645 2099 2705 Ε.

505 2741 818 2806 eardinalis,
870 2751 925 2799 et
954 2740 1162 2813 legatus
1188 2738 1382 2797 fuisset
1412 2738 1766 2795 transmissus
1812 2754 1842 2793 a
1883 2737 2102 2795 domino

504 2848 669 2906 papa,
710 2842 768 2891 et
794 2832 1056 2895 circuiret
1096 2846 1195 2904 per
1238 2831 1581 2898 comitatum,
1630 2839 1687 2884 et
1730 2829 2101 2900 episcopatum

507 2925 876 2998 Eugubinum,
916 2934 973 2982 et
1023 2924 1374 2991 Nucerinum,
1426 2932 1482 2981 et
1528 2922 1851 2987 Callensem,
1903 2931 1958 2978 et
2005 2935 2102 2992 per

507 3018 945 3085 Romandiolatn,
993 3027 1050 3075 et
1102 3017 1425 3084 Marcbiam,
1474 3032 1598 3072 cum
1645 3018 1712 3072 de
1770 3014 2101 3087 perfectione

506 3110 742 3169 fratrum
758 3126 1060 3184 pauperum
1076 3109 1265 3167 Fontis
1280 3109 1552 3167 Avellanae
1580 3109 1899 3165 admiranda
1932 3109 2098 3174 dicta,

505 3211 562 3258 et
608 3172 777 3274 opera
822 3172 1179 3275 percepisset,
1226 3219 1415 3260 eorum
1451 3203 1720 3274 colloquio
1769 3210 1825 3257 et
1859 3172 2100 3273 angelica
2128 3172 2174 3237 (ἶ

506 3295 921 3363 conversatione
957 3302 1240 3358 attractus,
1282 3291 1649 3350 cardinalatus
1678 3291 1904 3367 gloriam
1944 3292 2100 3351 dese-

508 3383 642 3451 ruit,
673 3392 730 3441 et
756 3399 881 3440 cum
932 3384 1150 3441 licentia
1192 3384 1396 3440 domini
1425 3397 1577 3455 papae
1616 3382 1671 3439 in
1698 3396 1885 3439 eremo
1914 3380 2105 3439 Fontis

505 3475 779 3533 Avellanm
808 3491 869 3533 se
888 3476 1129 3541 reclusit,
1166 3475 1409 3533 serviens
1434 3476 1543 3531 Deo
1580 3474 1668 3530 die
1697 3487 1762 3529 ac
1796 3481 1976 3529 nocte.
2020 3471 2103 3527 Ad

507 3568 662 3639 cujus
687 3558 993 3641 exemplum
1015 3568 1233 3640 plurimi
1256 3567 1465 3625 incitati
1487 3566 1673 3622 mundi
1693 3566 1920 3638 gloriam
1948 3578 2103 3638 spre-

505 3672 702 3717 verunt
729 3668 786 3717 et
830 3661 897 3716 ad
930 3660 1271 3717 serviendum
1323 3662 1433 3715 Deo
1479 3674 1539 3714 se
1569 3659 1809 3715 letaliter
1861 3658 2100 3715 tradide-

2206 463 2358 524 ptum
2386 453 2440 509 in
2458 454 2592 526 ipso,
2618 456 2793 528 ipsum
2818 455 3052 530 benigne
3072 460 3300 531 recepit.
3329 457 3422 535 (Ει
3440 460 3593 531 paulo
3617 465 3755 539 post).

2209 546 2336 611 Duae
2384 560 2514 617 vero
2559 546 2824 613 columnas
2869 548 3061 607 lucida:
3110 550 3337 609 fratrum
3386 552 3553 608 eremi
3596 552 3759 614 Fontis

2203 633 2477 702 Avellanam
2497 676 2514 703 ,
2572 638 2900 699 reverendus
2962 639 3114 709 prior
3158 640 3354 703 Petrus
3373 680 3391 707 ,
3447 651 3502 698 et
3555 642 3758 703 clericus

2156 773 2160 776 .
2205 727 2303 785 Dei
2331 728 2587 799 Joannes.
2634 731 2776 793 sicut
2820 731 2931 793 duo
2975 731 3263 806 Serapbim
3314 732 3496 794 divina
3524 735 3762 797 cbaritata

2204 817 2546 887 inﬂammati,
2591 822 2756 878 corde
2800 831 2856 878 et
2898 838 2996 879 ore
3018 823 3223 896 iugiter
3246 824 3415 887 Deum
3469 825 3761 887 altissimum

2205 911 2610 980 collaudabant,
2638 921 2695 969 et
2719 912 2952 987 fratrum
2988 924 3203 975 mentes
3232 925 3286 971 et
3310 917 3475 972 corda
3499 926 3553 973 et
3590 932 3677 975 ora
3703 920 3759 975 ad
3809 922 3813 931 '

2205 1004 2304 1061 Dei
2334 1006 2583 1067 timorem
2614 1016 2669 1064 et
2713 1006 3013 1065 fraternam
3049 1008 3372 1073 ebaritatem
3398 1011 3758 1073 accendebant.
3866 1070 3867 1075 η

2206 1098 2440 1171 Oquam
2471 1100 2670 1156 bonum
2714 1107 2770 1155 et
2812 1114 2975 1171 quam
3016 1100 3319 1172 jucundum
3364 1111 3486 1158 erat
3523 1102 3646 1159 tales
3670 1103 3762 1158 fra-

2207 1200 2322 1253 tres
2344 1191 2593 1253 babitare
2629 1191 2684 1249 in
2716 1194 2919 1257 unum!
2972 1193 3026 1250 in
3073 1193 3254 1263 medio
3283 1209 3516 1267 quorum
3543 1194 3761 1263 Clarium

2205 1281 2365 1343 Jesus
2414 1291 2536 1340 erat
2585 1283 2845 1340 Dominus
2901 1292 2959 1341 et
3015 1285 3294 1359 magister.
3352 1285 3489 1355 Cum
3525 1301 3647 1345 vere
3665 1286 3761 1357 iant
3866 1302 3867 1305 ‘

2206 1377 2549 1448 omnipotens
2573 1375 2734 1433 'Deus
2763 1376 3131 1435 venerabilem
3168 1375 3393 1439 Petrum
3446 1392 3763 1449 remunerans

2207 1471 2275 1545 de
2301 1472 2417 1531 suis
2442 1471 2717 1530 laboribus
2752 1472 3106 1542 decrevisset,
3133 1488 3259 1533 cum
3308 1473 3511 1537 absens
3551 1482 3685 1533 esset
3705 1473 3763 1537 sb

2206 1578 2412 1631 eremo,
2451 1572 2507 1623 et
2554 1578 2675 1619 cum
2719 1561 2983 1625 fratribus
3023 1571 3332 1621 moraretur
3384 1564 3455 1623 ad
3494 1573 3692 1638 nemus
3716 1566 3763 1625 in
3866 1594 3867 1607 ι

2209 1655 2538 1715 monasterio
2580 1654 2902 1721 Faventino,
2940 1655 3107 1713 vitam
3155 1653 3275 1725 ejus
3315 1655 3459 1711 Dens
3495 1655 3631 1715 bono
3676 1655 3764 1719 litis
3866 1718 3867 1731 χ

2131 1778 2181 1840 Β
2205 1748 2511 1840 conclusit:
2543 1755 2599 1840 et
2632 1747 2745 1840 ipse
2786 1747 2882 1840 vir
2907 1745 3003 1840 Dei
3034 1746 3270 1840 feliciter
3308 1747 3551 1820 migrans
3584 1748 3645 1803 de
3679 1762 3766 1805 sn-

2207 1839 2350 1907 culo,
2378 1841 2447 1895 ad
2494 1837 2736 1895 omlestia
2765 1837 3022 1906 evolavit,
3070 1844 3128 1894 et
3164 1837 3303 1895 vivit
3344 1853 3471 1899 eum
3496 1836 3694 1899 Christo
3717 1838 3764 1901 in

2206 1941 2490 1989 aeternum.
2513 1931 2588 1986 De
2614 1928 2770 2000 cujus
2795 1944 3013 1987 recessu
3051 1931 3254 1989 fratres
3280 1945 3497 1999 omnes,
3522 1929 3641 1989 licet
3662 1930 3761 1987 feli-

2206 2024 2357 2093 citati
2406 2023 2523 2096 ejus
2549 2022 2842 2094 plurimum
2868 2023 3298 2094 eongauderent,
3346 2032 3530 2087 tamen
3573 2022 3637 2083 de
3680 2036 3762 2079 sua

2206 2116 2456 2185 absentia
2484 2115 2680 2171 damna
2728 2115 2830 2175 sibi
2860 2113 3093 2186 plurima
3139 2115 3366 2175 evenire
3427 2112 3759 2187 deplorabant.

3784 2088 3791 2095 ρ

2207 2207 2315 2279 Sed
2349 2224 2458 2267 non
2488 2206 2664 2264 defuit
2688 2208 2769 2264 eis
2797 2206 2982 2265 divina
3005 2207 3370 2279 providentia.
3391 2206 3528 2265 Nam
3548 2205 3762 2277 inspirati
3866 2248 3867 2273 ι

2206 2316 2239 2369 a
2266 2301 2517 2366 Domino,
2544 2300 2889 2363 concorditer
2915 2307 2972 2356 et
2985 2298 3314 2361 unanimiter
3343 2306 3593 2359 sath
3613 2297 3760 2363 virum
3866 2312 3867 2363 1

2204 2394 2461 2455 domuum
2485 2390 2752 2449 Joannem
2779 2391 2847 2445 de
2876 2389 3066 2445 Laudo
3092 2389 3146 2445 in
3176 2390 3419 2460 priorem
3462 2388 3760 2460 pmipuum

2203 2482 2516 2555 elegerunt,
2564 2488 2624 2537 ut
2671 2480 2814 2536 sicut
2864 2488 3056 2541 sancto
3093 2478 3245 2536 Patri
3274 2478 3441 2537 Petro
3468 2476 3760 2543 Damianiis

2202 2574 2492 2637 sanctitate
2543 2580 2602 2633 et
2644 2571 2910 2642 sapientia
2952 2569 3251 2633 consimilis
3298 2578 3443 2640 erat,
3494 2570 3570 2635 ita
3622 2568 3668 2627 ei
3712 2556 3761 2633 in

2201 2667 2444 2751 print-ato
2470 2665 2811 2727 succederet.
3418 2686 3423 2689 <

2237 2856 2497 2927 Antiqua
2542 2861 2731 2910 auster
2773 2849 3039 2975 Chronic;
3061 2847 3407 2911 Guldsnsis.
3451 2863 3550 2905 ms.
3593 2844 3732 2919 (siros

2849 2939 2940 2977 an.
2973 2924 2994 2976 l
3041 2920 3160 2992 25.)

2224 2983 2229 2989 ⁵
2276 3014 2613 3077 Venerabilis
2639 3012 2937 3079 cardinalis
2960 3012 3021 3069 S.
3045 3010 3114 3069 Β.
3137 2983 3236 3083 ἘἾ
3269 3012 3361 3071 Dei
3393 3006 3581 3075 servus
3599 3004 3761 3069 Petrus

2204 3113 2453 3173 Datttiani
2514 3112 2568 3177 in
2620 3109 2835 3167 fervore
2887 3107 2946 3164 S.
2998 3105 3241 3179 Spiritus
3282 3105 3387 3161 sibi
3428 3106 3538 3161 dati
3584 3119 3611 3163 a
3644 3101 3755 3173 Deo.

2206 3208 2434 3282 gloriam
2480 3214 2535 3265 et
2562 3204 2883 3279 dignitatem
2907 3201 3171 3259 Romanis
3200 3198 3368 3259 curia:
3395 3196 3686 3269 dereliquit,
3715 3200 3761 3251 et

2951 2755 3041 2815 IV.

2973 2924 2994 2976 1

2204 3301 2347 3359 infra
2368 3297 2681 3372 Apennines
2714 3302 2927 3353 montes
2968 3290 3207 3350 Catbriat
3246 3287 3558 3346 venerabile
3597 3282 3762 3343 eremi-
3866 3324 3867 3329 η

2206 3394 2406 3469 torium
2426 3391 2485 3449 S.
2508 3389 2701 3448 Crucis
2725 3385 2882 3459 juxta
2913 3383 3122 3449 fontem
3148 3379 3429 3439 Avellanae
3466 3373 3757 3445 construxit,

2204 3496 2262 3561 et
2283 3492 2610 3551 conventum
2637 3480 2835 3537 ibidem
2868 3475 3115 3555 pluribus
3154 3473 3360 3535 sanctis
3390 3471 3760 3561 fratribusmo-

2204 3558 2398 3642 nachis
2446 3573 2680 3635 instituit
2725 3573 2781 3630 in
2833 3580 3023 3631 sancta
3066 3566 3427 3643 perfectione,
3470 3576 3525 3629 et
3566 3559 3757 3620 multum
3866 3558 3867 3561 ‘

2204 3681 2356 3729 arcta
2413 3670 2524 3725 vita
2554 3676 2611 3724 et
2644 3665 2918 3731 ordinata,
2948 3661 3041 3719 ubi
3074 3670 3133 3718 et
3180 3659 3298 3733 ipse
3337 3673 3440 3731 per
3479 3655 3625 3730 plura
3650 3659 3759 3706 tem-

504 3751 776 3817 πρυμνὴ-
804 3760 986 3808 autem
1035 3751 1129 3808 Dei
1155 3750 1422 3817 Joannes,
1459 3750 1593 3809 tanti
1633 3751 1737 3808 viri
1780 3749 1927 3809 fama
1954 3764 2105 3809 corn-
2198 3776 2336 3836 ροη
2364 3761 2423 3817 in
2449 3773 2647 3829 magna
2672 3757 2814 3814 vixit
2840 3752 3165 3821 mnctitate,
3215 3758 3273 3811 et
3298 3749 3545 3822 pluribus
3593 3738 3758 3805 claruit
3866 3824 3867 3837 χ

503 3852 679 3915 perta,
716 3843 964 3914 exemplo
1007 3843 1122 3914 ejus
1160 3843 1455 3907 animatus,
1505 3840 1749 3912 confugit
1798 3841 1866 3897 ad
1901 3841 2101 3911 ipsum,

508 3940 565 3987 et
593 3933 864 4004 elongavit
890 3950 949 3990 se
968 3948 1000 3989 a
1027 3934 1230 3991 mundo
1252 3932 1496 4006 fugiens;
1526 3941 1584 4001 et
1615 3933 1683 3993 de
1717 3941 1862 3988 terra
1883 3930 2101 4002 propria

506 4032 563 4080 et
587 4026 910 4095 cognatione
953 4026 1227 4091 recedens,
1284 4025 1437 4081 venit
1472 4025 1526 4080 in
1579 4033 1802 4089 terram,
1849 4038 2013 4095 quam
2047 4023 2101 4077 el

507 4114 770 4171 Dominus
818 4115 1094 4182 revelavit,
1136 4125 1191 4171 et
1233 4115 1529 4172 venerabili
1580 4114 1729 4169 Patri
1783 4113 1945 4170 Petro
1993 4115 2098 4168 Da-

508 4205 675 4267 miani
705 4205 875 4276 priori
902 4205 1073 4262 eremi
1114 4214 1170 4261 et
1207 4205 1525 4263 devotnrnm
1564 4202 1796 4261 fratrum
1839 4204 2100 4273 mugietre

505 4313 569 4354 se
598 4299 794 4354 obtulit
825 4299 1125 4365 humiliter,
1154 4297 1383 4371 genibus
1405 4296 1560 4353 ﬂexis
1586 4306 1784 4369 rogans
1808 4295 2096 4361 instanter,

503 4401 563 4446 ut
590 4392 765 4463 ipsum
790 4393 890 4448 sub
917 4391 1198 4464 disciplina
1231 4404 1403 4449 sacrae
1429 4388 1629 4461 regula:
1667 4386 1967 4455 beatissimi
1994 4388 2099 4445 Pa-

2202 3854 2500 3913 miraculis.
2926 3928 2930 3932 .
2957 3935 3009 3996 Υ

2237 4036 2404 4096 Curti.
2429 4035 2692 4094 Baronius
2718 3974 3110 4160 Attritlel
3146 4038 3286 4085 tonso
3318 4024 3405 4082 XI
3425 4065 3443 4095 ,
3486 4023 3555 4079 ad
3582 4022 3643 4078 Α.
3676 4015 3728 4074 ο.

2270 4201 2366 4261 Sis
2377 4199 2521 4259 Deus
2549 4199 2655 4256 hoc
2679 4194 3117 4268 deploratissimo
3133 4190 3484 4258 saeulo,cum
3512 4180 3756 4257 excrevis-
3835 4216 3842 4222 ι

2201 4302 2286 4353 set
2314 4296 2381 4350 ad
2422 4291 2723 4349 Ecclesiam
2760 4286 3097 4345 obruendam
3125 4283 3387 4340 diluvium
3414 4281 3614 4347 carnis,
3637 4271 3759 4330 dedit

2198 4387 2401 4461 mundo
2431 4393 2642 4443 tantum
2680 4382 2879 4447 virum,
2908 4378 3002 4451 qui
3028 4375 3418 4434 austerissimaz
3456 4374 3757 4461 vimcum?

503 4458 910 4541 tris—Benedicti
945 4458 1245 4556 susciperet
1292 4484 1347 4540 in
1385 4458 1710 4555 discipulum
1758 4491 1816 4541 et
1867 4480 2093 4541 fratrem
2196 4458 2305 4551 ple.
2336 4477 2598 4548 verbique
2646 4470 3051 4549 praedicatione,
3108 4478 3164 4524 et
3212 4467 3433 4539 scriptis
3485 4458 3758 4556 exsiccaret

505 4574 572 4629 ad
601 4575 712 4647 regi
742 4574 960 4631 Christo
986 4553 1249 4648 perpetuo
1274 4553 1644 4631 serviendum.
1681 4574 1753 4628 At
1779 4587 1907 4630 vero
1942 4586 2096 4627 reve-
2122 4556 2175 4618 Β
2200 4578 2405 4626 tantam
2450 4564 2793 4640 putredinem
2847 4563 3166 4637 pariterque
3208 4566 3479 4632 pugnaret
3522 4553 3756 4613 adverse!

507 4669 709 4727 rendus
731 4668 828 4729 Dei
854 4668 1107 4729 sacerdos
1125 4667 1321 4729 Petrus
1354 4667 1605 4725 Damiani
1641 4666 1833 4731 videns
1864 4663 2093 4727 Joannis
2199 4657 2551 4717 simoniacam
2594 4654 2868 4724 haeresim,
2910 4666 3033 4727 qua
3070 4652 3274 4724 ubique
3302 4651 3544 4712 locemus
3567 4650 3759 4718 cf!!!"

458 4758 471 4796 ί
504 4759 805 4832 simplicem
844 4761 1012 4818 animi
1052 4761 1368 4832 puritatem,
1395 4758 1665 4819 fervorem
1688 4757 1935 4831 spiritus,
1963 4755 2094 4819 obe-
2197 4748 2619 4825 balurilnplltwo
