3964 5310
498 274 607 333 907

1084 271 1143 329 S.
1183 270 1389 329 PETRI
1428 266 1711 326 DAMIANI
1749 267 1901 328 OPP.
1941 269 2125 328 PARS
2164 265 2298 325 SEU
2340 264 2579 326 TOMUS
2615 266 2658 324 l.
2699 296 2769 312 —
2803 267 3023 326 EPIST.
3064 266 3195 326 LIB.
3230 268 3365 328 Vill.

2742 150 2779 172 ὁ
2792 139 2796 143 .

3406 201 3523 238 οτ⁴“”

3695 272 3812 333 208

496 392 645 457 vehi,
685 391 731 448 si
780 397 973 448 vestra:
1024 387 1332 445 sanctitatis
1370 386 1424 443 id
1471 385 1730 443 decernat
1764 386 2086 443 auctoritas.
2119 389 2171 452 Α
2194 380 2439 439 tenebris
2458 383 2840 440 remanemus?
2866 357 3005 452 Quid
3030 380 3209 453 juvat,
3232 383 3280 440 si
3300 383 3402 441 sub
3422 396 3550 441 sera
3570 382 3810 457 quilibet

497 486 763 558 Excepto,
797 483 942 555 quod
967 482 1201 539 avaritia
1223 480 1446 537 honoris
1468 486 1694 546 aestuat;
1725 479 2095 536 conscendere

497 579 569 635 ad
592 575 879 650 pastoralis
891 573 1285 631 oﬁiciiculmen
1313 570 1685 630 anhelatalloc
1703 578 1886 628 autem
1911 578 2096 626 vestro

495 668 841 741 relinquatur
868 667 1097 740 judicio.
1123 665 1231 723 Sed
1260 666 1305 721 si
1334 665 1440 722 hoc
1458 680 1565 720 non
1586 664 1752 732 obsit,
1777 678 1902 736 cum
1940 660 2097 719 Sem-

492 762 805 837 proniensis
840 760 1100 818 Ecclesia:
1130 758 1401 815 clericalis
1427 757 1484 832 4
1506 757 1641 814 ordo
1670 758 1724 812 in
1748 770 1870 813 mea
1913 762 2096 811 mente

494 851 821 919 revolvitur,
852 852 943 908 hic
988 850 1269 923 aliquanto
1298 849 1513 906 caeteris
1539 849 1694 920 quasi
1741 846 2095 905 meliusculus

492 943 792 1002 invenitur.
822 943 1166 1015 Quapropter
1202 943 1248 998 si
1286 940 1721 1014 prudentissima:
1746 947 1943 997 vestra:
1970 954 2098 995 san-

497 1036 677 1093 ctitati
732 1035 949 1107 placere
974 1042 1176 1107 potest,
1212 1041 1499 1106 postquam
1548 1047 1576 1087 a
1621 1031 1770 1089 clero
1812 1040 1866 1089 et
1894 1030 2098 1103 populo

503 1139 591 1186 est
646 1129 880 1196 electus,
928 1136 1213 1199 postquam
1257 1126 1327 1182 ad
1370 1126 1475 1183 hoc
1519 1123 1753 1182 ofﬁcium
1786 1139 1818 1180 a
1853 1122 2098 1197 pluribus

496 1233 775 1295 utcunque
822 1220 1103 1292 judicatur
1153 1221 1382 1277 idoneus
1421 1261 1437 1288 ,
1511 1219 1580 1275 de
1639 1218 1938 1274 ambitione
1999 1231 2097 1274 sua

496 1315 879 1387 paenitentiam
959 1324 1124 1384 agat,
1183 1320 1239 1368 et
1302 1310 1740 1368 benedictionem
1804 1322 2098 1366 consecra-

498 1410 667 1467 tionis
688 1410 938 1481 accipiat.
972 1390 1367 1465 Verumtamen
1390 1404 1734 1477 omnipotens
1772 1403 1936 1469 Deus,
1964 1400 2098 1474 quid

495 1502 655 1559 vobis
691 1517 854 1575 super
878 1501 981 1557 hac
1011 1516 1068 1557 re
1108 1499 1417 1556 faciendum
1464 1498 1566 1564 sit,
1603 1512 1701 1569 per
1726 1497 1811 1554 sui
1862 1496 2100 1568 Spiritus

503 1593 743 1665 gratiam
781 1592 991 1655 doceat,
1026 1599 1082 1646 et
1108 1590 1160 1645 in
1204 1588 1406 1659 templo
1436 1588 1674 1660 pectoris
1711 1587 1880 1644 vestri
1928 1586 2099 1643 mani-
2152 1640 2159 1643 .

498 1686 639 1746 festa
668 1686 960 1742 voluntatis
986 1701 1097 1741 sure
1115 1683 1239 1755 jura
1264 1683 1543 1740 decernat.
1571 1681 1749 1740 Unum
1777 1690 1960 1738 autem
1987 1687 2096 1746 est,

2198 475 2382 533 vitalis
2429 475 2672 532 alimenti
2723 476 2937 548 copiam
2988 476 3223 544 claudat,
3266 476 3381 548 ipse
3423 484 3610 535 tamen
3656 478 3811 535 fame

2198 571 2499 643 depereat?
2530 570 2674 640 Quid
2718 572 2894 645 juvat,
2944 588 3069 628 cum
3112 572 3237 644 quis
3293 573 3468 630 limati
3519 573 3812 631 mucronis

2196 659 2345 716 ferro
2370 661 2723 734 succingitur,
2752 662 2798 718 si
2819 661 3167 719 circumfusis
3186 662 3440 719 .hostium
3469 663 3672 720 cuneis
3689 676 3806 721 non

2196 750 2486 807 vibratur?
2522 752 2598 808 Te
2634 752 2807 819 enim,
2849 752 3198 823 omnipotens
3224 752 3390 821 Deus,
3438 754 3564 811 vice
3605 754 3697 811 sui
3752 754 3809 811 in

2197 841 2398 914 populo
2432 842 2836 913 quodammodo
2880 845 3061 900 cibum
3105 845 3323 916 posuit;
3372 861 3441 902 ex
3493 855 3549 902 te
3602 855 3808 903 contra

2199 950 2392 993 onmes
2433 935 2869 994 adversariorum
2910 937 3145 1008 impetus
3185 937 3445 995 Ecclesiae
3492 953 3611 996 sua
3662 938 3813 995 latus

2200 1028 2474 1096 armavit;
2503 1037 2776 1100 quatenus
2805 1038 2862 1086 et
2886 1029 2999 1087 Deo
3030 1030 3403 1087 resistentium
3441 1042 3642 1102 pectus
3690 1039 3813 1087 stu-

2200 1120 2333 1177 deas
2358 1119 2569 1177 ctelesti
2595 1120 2796 1177 virtute
2816 1121 3129 1189 confodere,
3170 1131 3227 1179 et
3266 1122 3574 1181 famelicum
3604 1132 3816 1181 nostra

2200 1210 2529 1270 humilitatis
2554 1212 2895 1270 stomachum
2936 1213 3079 1271 sacri
3110 1214 3260 1273 verbi
3300 1215 3529 1288 dapibus
3571 1216 3812 1273 satiare.

2202 1302 2310 1361 Sed
2331 1319 2454 1360 cum
2481 1303 2767 1362 videamus
2790 1304 3096 1363 lt‘anensem
3115 1306 3385 1364 latronem
3411 1311 3479 1365 ab
3506 1309 3598 1366 his
3615 1309 3813 1376 etiam,

2200 1394 2296 1467 qui
2324 1410 2435 1452 non
2474 1403 2655 1464 erant,
2709 1395 2807 1453 sed
2854 1394 3175 1453 dicebantur
3221 1398 3532 1470 apostolici.
3573 1398 3814 1456 maledi-

2201 1494 2354 1544 ctum
2381 1495 2439 1544 et
2479 1486 3045 1555 excommunicatum;
3076 1487 3445 1545 Auximauum
3472 1504 3702 1562 quoque
3728 1497 3816 1545 tot

2202 1587 2260 1636 et
2299 1579 2464 1636 tantis
2512 1578 2775 1637 inauditis
2821 1578 3147 1638 criminibus
3199 1578 3531 1649 involutum,
3559 1580 3817 1653 aliosque

2202 1672 2369 1731 simili
2397 1673 2667 1731 sententia
2690 1673 3153 1740 condemnandos,
3199 1688 3230 1728 a
3273 1674 3428 1731 vobis
3477 1689 3607 1732 cum
3656 1683 3815 1730 tanta

497 1779 645 1836 unde
671 1778 892 1851 pietatis
919 1785 1117 1834 vestra:
1145 1776 1378 1847 deposco
1400 1774 1765 1839 clementiam,
1797 1782 1860 1830 ut
1876 1774 1922 1831 si
1949 1773 2098 1831 hunc
2122 1761 2175 1825 B
2200 1765 2511 1838 arrogantia
2531 1774 2588 1822 et
2612 1764 2977 1821 exsultatione
3025 1765 3248 1832 reverti,
3268 1767 3487 1838 cogitur
3515 1765 3574 1821 in
3597 1765 3814 1822 luctum

496 1887 608 1929 non
636 1870 1107 1937 consecraveritis,
1127 1869 1300 1926 donec
1317 1882 1402 1924 me
1425 1881 1647 1925 servum
1674 1874 1916 1922 vestrum
1943 1863 2098 1919 vide-

496 1963 641 2029 ritis,
665 1962 797 2021 nulli
822 1961 1065 2034 prmdicti
1096 1961 1441 2031 episcOpatus
1472 1957 1791 2014 cathedram
1817 1954 2096 2013 tribuatis.

1070 2072 1408 2130 EPISTOLA
1436 2072 1524 2128 Ill.

712 2184 780 2224 AD
809 2182 1129 2224 CLEHENTEH
1166 2181 1204 2222 ll
1244 2179 1498 2221 ROMANO!
1527 2177 1871 2221 PONTII-163'.

498 2286 902 2343 Ancuusuruu.
952 2312 1024 2323 —
1055 2280 1245 2337 Iussus
1292 2280 1358 2335 ab
1405 2278 1735 2350 imperatore
1779 2276 2095 2349 pontiﬁcem

573 2357 747 2422 adire,
778 2362 839 2408 ut
891 2352 1038 2408 illum
1071 2353 1137 2407 de
1163 2349 1521 2423 quarumdam
1573 2349 1938 2423 Ecclesiarutn
1973 2365 2102 2423 pes-

521 2454 539 2475 μ
572 2419 899 2483 εἰηιοέιθιιι
948 2419 1237 2479 certiorem
1272 2421 1499 2488 faceret,
1526 2436 1651 2477 cum
1681 2419 1797 2489 jam
1845 2419 1990 2477 esset
2039 2420 2098 2477 in

488 2500 502 2512 '
573 2499 790 2562 itinere,
818 2495 1029 2551 litteras
1057 2493 1300 2562 ejusdem
1319 2493 1685 2564 imperatoris,
1701 2507 1839 2564 quas
1854 2491 2098 2564 pontiﬁci

564 2569 828 2627 traderet.
874 2566 1102 2637 accepit.
1157 2565 1265 2637 llas
1293 2564 1347 2618 in
1398 2563 1687 2637 praesentia
1725 2563 1817 2637 ad
1846 2563 2100 2637 eumdem

524 2654 530 2660 ·
578 2640 770 2705 mittit,
791 2632 1071 2707 rogatque,
1100 2643 1159 2690 ut
1181 2636 1246 2690 ad
1272 2649 1331 2691 se
1351 2632 1572 2707 scribat,
1595 2644 1774 2690 utrum
1803 2634 1907 2689 iter
1930 2632 2100 2689 semel

524 2742 527 2749 ς
579 2706 891 2779 susceptum
934 2706 1038 2762 sibi
1097 2706 1532 2779 prosequendum
1565 2712 1830 2779 censeat,
1886 2718 2096 2779 necne;

577 2775 756 2838 simul
776 2780 940 2835 etiam
971 2775 1187 2842 munus,
1230 2775 1514 2847 quodwsib‘i
1547 2775 1952 2847 demandatum,
1974 2775 2094 2847 fue-

574 2862 679 2917 rat,
706 2851 994 2920 diligenter
1014 2845 1352 2920 exsequitur,
1377 2845 1853 2920 Ecclesiarumqtte
1874 2846 2098 2901 calami-

572 2933 739 2986 tates,
771 2917 828 2975 εἰ
870 2918 1326 2989 perturbationes,
1377 2927 1596 2989 propter
1633 2917 1942 2989 antistitum
1975 2931 2097 2989 sce-

575 2994 712 3054 lera.
751 3000 807 3046 et
832 2985 1053 3059 ﬂagitia,
1085 2988 1168 3043 vir
1194 2989 1335 3059 pius,
1367 2985 1491 3042 noni
1514 2987 1634 3059 sine
1676 3001 1871 3056 magno
1911 2985 2099 3059 dolore

482 3080 485 3085 '
529 3116 539 3125 ,
572 3062 843 3140 deplorat.
874 3057 1357 3128 (ibtestatur’ergo
1380 3057 1713 3139 pontiﬁcem,
1743 3059 1964 3140 utipse,
2008 3058 2098 3140 cui

577 3132 833 3189 universa
886 3145 1167 3186 sacrorum
1218 3145 1349 3184 cura
1410 3132 1699 3184 commissa
1749 3139 1874 3193 est,
1927 3132 2102 3185 sacris

574 3203 835 3283 Ecclesiis
859 3201 926 3256 ab
949 3200 1211 3283 improbis
1232 3198 1544 3283 hominibus
1572 3196 1916 3283 labefactans
1939 3213 2100 3283 opem

574 3274 738 3337 ferat,
769 3272 998 3341 illasque
1027 3269 1080 3325 in
1113 3271 1393 3342 pristinam
1440 3269 1890 3339 tranquillitatem
1939 3269 2103 3325 resti-

574 3354 732 3401 tuere
757 3353 1006 3399 conetur.

574 3453 786 3508 Domtto
826 3451 1108 3506 CLEMENTI
1144 3463 1371 3503 summa:
1402 3447 1547 3503 sedis
1596 3447 1848 3513 antistiti,
1885 3448 2103 3504 Psrnus

503 3550 765 3615 peccator
786 3540 1085 3596 monachus
1100 3537 1414 3594 humillimae
1433 3537 1735 3593 devotionis
1757 3538 2101 3609 obsequium.

582 3632 805 3690 Noverit
868 3631 1148 3687 beatitudo
1205 3638 1383 3685 vestra
1412 3670 1428 3695 ,
1487 3629 1942 3686 excellentissime
2005 3631 2104 3685 do-

507 3726 678 3793 mine,
727 3727 855 3797 quia
895 3725 1146 3780 dominus
1197 3721 1591 3778 invictissimus
1644 3723 1941 3793 imperator
1992 3739 2102 3779 non

506 3819 702 3885 semel,
729 3819 823 3873 sed
850 3832 994 3888 saepe
1014 3816 1145 3871 mihi
1172 3815 1429 3887 praecepit
1456 3834 1469 3870 :
1504 3824 1579 3881 et,
1612 3816 1656 3871 si
1685 3816 1866 3871 dicere
1909 3814 2101 3882 audeo,

506 3924 705 3979 rogare
735 3908 991 3979 dignatus
1018 3916 1126 3971 est,
1157 3916 1217 3961 ut
1247 3906 1313 3960 ad
1355 3921 1450 3961 vos
1486 3906 1747 3971 venirem,
1783 3915 1839 3961 et
1879 3919 2001 3976 quae
2048 3904 2105 3959 in

512 3999 775 4056 Ecclesiis
833 4008 1150 4055 nostrarum
1212 3999 1448 4069 partium
1501 4008 1827 4069 agerentur,
1877 4012 2106 4071 quaeque

512 4090 649 4147 mihi
673 4090 985 4146 necessaria
1020 4106 1049 4144 a
1073 4090 1228 4146 vobis
1271 4089 1387 4146 ﬁeri
1416 4089 1751 4154 viderentur,
1778 4089 1976 4145 vestris
2008 4105 2105 4145 au—

505 4181 663 4239 ribus
686 4179 1017 4236 intimarem.
1034 4179 1280 4249 Cumque
1295 4193 1397 4250 ego
1416 4186 1474 4233 et
1492 4176 1861 4234 difﬁcultatem
1892 4178 2105 4236 itineris

504 4275 1004 4347 perhorrescerem,
1060 4281 1117 4326 et
1164 4272 1234 4326 ad
1271 4285 1369 4327 vos
1396 4271 1584 4327 venire
1623 4272 1840 4343 penitus
1885 4288 2104 4330 recusa-

505 4382 646 4432 rem,
680 4365 769 4422 ille
799 4380 829 4420 a
874 4380 973 4421 sua
1000 4364 1304 4420 intentione
1333 4379 1442 4420 non
1473 4364 1713 4431 destitit;
1746 4364 1862 4427 sed.
1897 4375 1957 4421 ut
1999 4367 2105 4423 iter

508 4460 840 4531 arriperem,
880 4457 1127 4514 absoluta
1154 4456 1471 4513 definitione
1500 4458 1779 4529 praecepit.
1811 4457 2104 4530 Postquam

513 4564 698 4609 autem
732 4552 931 4608 itinere
967 4550 1178 4606 dierum
1224 4549 1388 4604 trium
1432 4549 1499 4604 ad
1527 4564 1770 4606 eremum
1824 4566 2105 4624 regressus

512 4663 658 4714 sum,
689 4660 817 4703 ecce
857 4645 976 4701 ista:
1019 4643 1140 4715 ejus
1184 4643 1384 4700 litterae
1433 4642 1605 4699 sacris
1627 4644 1823 4700 vestris
1855 4645 2103 4701 manibus

505 4738 820 4804 efferendae,
866 4735 1025 4792 nobis
1064 4735 1246 4792 allatae
1288 4742 1437 4801 sunt,
1478 4749 1617 4805 quas
1673 4749 1775 4791 nos
1818 4751 1991 4807 usque
2034 4737 2103 4792 ad

506 4838 789 4901 aspectum
813 4837 1056 4885 vestrum
1082 4843 1191 4884 non
1218 4827 1601 4900 praesumimus
1627 4836 1919 4895 temerare,
1940 4844 2100 4899 quas,

506 4924 554 4980 si
580 4922 781 4995 placet,
802 4936 900 4977 vos
929 4921 1080 4992 prius
1116 4921 1384 4994 inspicite,
1410 4930 1467 4978 et
1509 4937 1635 4978 cum
1665 4921 1751 4979 his
1797 4921 1959 4978 simul
2004 4938 2104 4996 per

505 5024 721 5073 vestras
751 5028 969 5086 quoque
1012 5013 1248 5081 litteras,
1302 5024 1485 5071 utrum
1521 5015 1591 5071 ad
1624 5030 1721 5071 vos
1767 5015 1957 5072 venire
2003 5016 2103 5071 de-

508 5109 694 5175 beam,
723 5120 917 5172 uecne,
946 5106 1081 5162 mihi
1101 5105 1294 5178 jubere
1307 5106 1626 5177 dignemini.
1653 5107 1767 5180 Ego
1789 5108 1938 5165 enim
1964 5109 2107 5166 inter

457 5274 463 5285 ς
508 5210 807 5270 utrumque
834 5196 1065 5269 positus,
1098 5204 1156 5253 et
1174 5197 1291 5255 dies
1314 5213 1466 5256 meos
1490 5199 1599 5256 huc
1620 5199 1861 5271 illucqne
1893 5201 2106 5257 discur-

514 5292 677 5310 _...I-
756 5288 985 5310 _-_J-_-
1044 5287 1204 5310 12—.--
1292 5299 1335 5310 --
1373 5297 1546 5310 ι-..,-..
1598 5289 1803 5310 π--ι--ρ

1817 5290 2078 5310 ---“ο

756 5289 985 5310 ---]---
1044 5289 1204 5310 12—.--
1292 5299 1335 5310 --
1373 5297 1546 5310 n-.---_.
1598 5289 1639 5310 π

2130 4513 2187 4577 D

2201 1857 2317 1928 spei
2348 1866 2551 1914 nostra:
2578 1857 2834 1929 gaudium
2863 1858 3216 1915 commutari.
3257 1857 3369 1915 Nos
3409 1858 3555 1916 enim
3608 1874 3811 1931 spera-

2200 1950 2420 2016 bamus,
2439 1948 2584 2018 quod
2613 1958 2670 2005 tu
2692 1963 2843 2006 esses
2865 1949 3246 2020 redempturus
3274 1949 3441 2007 lsracl
3471 1948 3630 2022 (Luc.
3662 1949 3805 2020 xiv).

2203 2039 2571 2111 Quapropter,
2612 2040 2925 2098 beatissime
2954 2039 3205 2109 Domine,
3235 2041 3317 2099 sic
3345 2041 3726 2099 conculcatam
3752 2049 3817 2097 et

2204 2132 2470 2203 abjectam
2500 2132 2659 2189 stude
2697 2134 2941 2190 relevare
2971 2132 3247 2204 justitiam
3284 2151 3299 2190 :
3332 2136 3412 2192 sic
3448 2133 3815 2191 ecclesiastici

2202 2225 2411 2298 vigoris
2438 2225 2638 2282 exhibe
2658 2225 3024 2299 disciplinam,
3056 2237 3119 2284 ut
3140 2235 3198 2284 et
3225 2243 3355 2299 pars
3381 2227 3570 2299 iniqua
3598 2236 3811 2285 a.stattt

2203 2318 2474 2389 superbia:
2499 2327 2742 2388 corruat,
2779 2328 2837 2376 et
2882 2335 3036 2377 mens
3079 2320 3368 2377 humilium
3415 2322 3487 2378 ad
3532 2323 3812 2394 speranda

2204 2410 2349 2467 bona
2376 2410 2682 2470 ﬁducialius
2710 2413 3078 2470 convalescat.

2770 2507 3109 2566 EPISTULA
3146 2506 3240 2566 IV.

2454 2615 2525 2656 AD
2562 2614 2775 2657 ιεοκειι
2810 2617 2868 2657 ιχ
2908 2616 3165 2659 κοιίλιηωι
3203 2615 3552 2660 PONTII-165'.

2203 2690 2602 2765 Ancuueuruu,
2624 2724 2698 2765 τ-
2726 2692 2839 2750 Hac
2859 2693 3093 2765 epistola
3115 2701 3261 2751 totus
3283 2694 3338 2751 in
3361 2709 3428 2751 eo
3449 2704 3727 2760 versatur,
3749 2705 3812 2751 ut

2276 2765 2528 2821 ostendat
2566 2763 2704 2821 falso
2749 2779 2809 2836 s_e
2856 2763 3023 2821 fuisse
3064 2764 3133 2821 de
3178 2765 3516 2836 quibusdam,
3549 2767 3806 2822 crimini-

2274 2836 2378 2889 btts
2402 2844 2736 2908 accusatum.
2759 2834 2996 2908 Leonem
3020 2850 3149 2908 vero
3169 2834 3481 2908 pontificem
3506 2835 3808 2892 Maximum

2278 2908 2347 2978 ad
2381 2921 2442 2978 ea
2472 2906 2743 2978 credenda
2790 2906 2954 2962 nimis
2998 2906 3295 2978 proclivem
3331 2907 3525 2964 leviter
3549 2919 3806 2965 excusat.

2274 2975 2459 3048 Facile
2483 2977 2629 3048 enim
2659 2977 2848 3041 fuisse,
2871 2978 2969 3045 ait,
2987 2975 3202 3048 homini
3230 2978 3396 3035 tantis
3425 2979 3812 3048 occupationi-

2280 3047 2382 3102 bus
2409 3047 2668 3120 impedito
2699 3063 2729 3102 a
2760 3047 3246 3120 calumniatoribus
3275 3048 3552 3120 paulisper
3569 3047 3812 3120 imponi,

2279 3119 2618 3202 quodetiam
2661 3118 2913 3201 exemplo
2947 3118 3166 3202 Davidis
3212 3118 3553 3202 coittprobat.
3605 3118 3815 3202 Deinde

2222 3218 2229 3221 -
2280 3188 2582 3245 rationibus
2626 3204 2693 3244 ex
2741 3188 2918 3261 sacris
2966 3189 3162 3247 litteris
3206 3188 3392 3261 petitis
3442 3192 3810 3258 demonstrat,

2279 3273 2443 3328 quam
2473 3269 2629 3316 caute
2660 3261 2733 3315 sit
2760 3260 2951 3318 alienis
2972 3260 3444 3318 criminationibus
3476 3261 3613 3319 ﬁdes
3646 3262 3810 3317 adhi-

2277 3329 2474 3386 benda.
2523 3330 2807 3388 Postremo
2874 3332 3041 3388 Deum
3095 3347 3208 3388 sua:
3256 3331 3580 3389 innocentiae
3618 3341 3813 3388 testem

2241 3402 2246 3415 '
2280 3401 2530 3475 advocat,
2549 3400 2815 3475 additque
2853 3417 2912 3460 se
2940 3402 3224 3475 (sieidem
3256 3418 3475 3475 summo
3503 3404 3706 3475 rectori
3740 3405 3813 3457 ita

2278 3470 2564 3540 placuerit)
2609 3470 2839 3546 quodvis
2880 3470 3228 3545 supplicium,
3261 3474 3513 3546 quamvis
3554 3473 3815 3530 innocen-

2279 3552 2411 3606 tem,
2444 3544 2652 3613 perpeti
2683 3552 2930 3614 paratum
2954 3544 3098 3601 ease.

2280 3631 2492 3690 Domno
2512 3633 2679 3691 Lsoxr
2722 3635 3042 3693 beatissimo
3089 3653 3264 3710 papae,
3305 3638 3525 3696 Penus
3555 3647 3816 3712 peccator

2209 3728 2511 3785 monachus
2539 3729 2906 3788 devotissinm
2938 3730 3220 3789 servitutis
3247 3733 3594 3806 obsequium.
3662 3728 3676 3734 ’
3713 3730 3723 3735 ’

2282 3819 2396 3877 Hoc
2418 3820 2609 3877 saltem
2638 3822 2816 3878 dicam
2843 3824 3256 3883 accusatoribus
3280 3826 3418 3884 meis
3440 3865 3458 3895 ,
3486 3828 3636 3898 quod
3660 3826 3817 3900 plebs

2209 3909 2509 3968 lsraciitica
2560 3911 2698 3968 dixit
2726 3913 3175 3983 praedicatoribus
3215 3916 3375 3974 suis:
3413 3936 3433 3972 ι
3465 3918 3665 3975 Videat
3707 3919 3815 3976 Do-

2210 4003 2413 4070 minus,
2449 4011 2507 4058 et
2527 4002 2750 4074 judieet,
2800 4005 3057 4074 quoniam
3104 4005 3300 4063 fetere
3342 4007 3553 4066 fecistis
3583 4010 3812 4067 odorem

2211 4107 2457 4154 nostrum
2514 4113 2696 4153 coram
2751 4097 3035 4156 Pharaone
3060 4139 3077 4167 ,
3122 4108 3179 4156 et
3222 4101 3398 4158 servis
3444 4101 3563 4171 ejus
3609 4101 3814 4174 (Exod.

2210 4189 2324 4258 xv).
2373 4208 2393 4242 ι
2435 4188 2709 4261 Antiquns
2768 4206 3001 4263 namque
3061 4192 3235 4250 hostis
3293 4193 3538 4262 timens,
3589 4211 3663 4252 ne
3715 4210 3814 4267 ego

2209 4295 2423 4352 possem
2455 4280 2612 4337 vobis
2663 4285 3001 4354 suggerendo
3048 4283 3332 4342 destruere
3359 4324 3375 4352 ,
3421 4286 3566 4357 quod
3616 4286 3712 4344 ille
3760 4288 3813 4344 in

2211 4372 2332 4429 istis
2376 4374 2623 4444 partibus
2648 4392 2753 4433 non
2788 4376 2985 4433 desinit
3010 4378 3253 4450 quotidie
3286 4380 3443 4437 novis
3472 4371 3849 4438 adinventio-‘

2211 4463 2372 4521 nibus
2405 4464 2693 4534 fabricare,
2726 4468 3136 4541 malignantium
3163 4471 3451 4528 adversum
3482 4486 3572 4528 me
3599 4472 3815 4545 linguas

2209 4557 2449 4624 exacuit,
2481 4558 2773 4630 eomplices
2813 4561 3025 4633 cauos
3053 4563 3124 4620 ad
3164 4565 3544 4635 componenda
3579 4565 3815 4624 menda-

2211 4651 2322 4718 cia,
2349 4651 2623 4722 quoddam
2661 4653 2767 4711 sibi
2795 4654 2943 4713 velut
2965 4670 3230 4733 organum
3257 4657 3390 4714 fecit
3411 4697 3428 4724 ,
3456 4672 3560 4728 per
3586 4658 3815 4716 vascula

2209 4760 2305 4802 sua
2340 4746 2575 4817 crepuit,
2604 4757 2659 4803 et
2693 4747 2916 4804 malitia:
2950 4764 3064 4805 sua:
3090 4750 3246 4807 virus
3269 4751 3445 4807 sacris
3473 4751 3707 4810 auribus
3734 4753 3819 4810 in-

2207 4836 2452 4896 stillavit.
2481 4837 2551 4893 Et
2582 4838 2712 4909 quid
2742 4839 2960 4903 mirum,
2994 4840 3303 4899 si'Domino
3325 4858 3457 4900 meo
3505 4844 3676 4900 tantis
3720 4861 3817 4916 op-

2208 4942 2398 4999 presso
2418 4929 2652 5000 negotiis
2678 4940 2898 4985 versuta
2921 4929 3187 4988 calliditas
3207 4934 3488 4990 hominum
3513 4935 3817 5008 subrepere

2208 5020 2406 5092 potuit,
2458 5036 2583 5077 cum
2627 5031 2685 5078 et
2733 5023 2923 5089 David,
2973 5026 3065 5095 qui
3116 5028 3434 5099 praphetico
3462 5028 3662 5101 plenus
3695 5041 3818 5088 erat

2206 5110 2423 5181 spiritu,
2448 5110 2576 5169 dum
2610 5111 2754 5168 Siba:
2783 5113 3144 5173 inconsultius
3171 5118 3422 5182 credidit,
3454 5120 3816 5179 innocentem

2205 5203 2457 5276 pretinus
2520 5204 2882 5278 Miphiboseth
2929 5207 3212 5266 sententiae
3251 5211 3678 5284 proscriptionis
3719 5214 3814 5271 ad.
