3964 5310
151 435 271 498 9.00

1336 427 1542 496 LIBER
1574 435 1856 507 PRIMUS,
1889 438 2107 500 EPIST.
2135 441 2244 501 VII.

3352 442 3463 502 210

149 551 294 610 bere
319 550 487 608 facile
530 565 638 610 non
670 548 944 610 debemus.
993 553 1112 625 ipse
1153 551 1297 610 enim
1323 593 1340 622 ,
1384 552 1539 623 cujus
1585 551 1756 609 oculis
1781 557 1832 618 Α
1860 555 1946 628 gia
1995 555 2305 628 properavit
2339 551 2554 626 (Matth.
2587 557 2723 625 xix),
2752 553 2998 624 protinus
3049 569 3173 613 eum
3227 557 3467 615 crudelis

154 643 303 698 nuda
326 652 387 700 et
410 654 601 716 aperta
625 653 750 702 sunt
787 645 968 700 omnia
996 644 1182 718 (Hebr.
1216 647 1316 715 tv),
1367 661 1475 702 non
1506 645 1783 717 dedigna-'

156 742 248 789 tus
275 741 364 790 est
408 734 646 792 dicere:
692 755 713 790 ι
757 736 977 792 Clamor
1021 737 1382 794 Sodomorum
1430 746 1485 792 et
1528 736 1764 794 Gomor-

154 824 434 882 rbaorum
472 827 864 898 multiplicatus
891 834 998 895 est,
1040 839 1095 886 et
1141 840 1424 902 peccatum
1457 845 1645 886 eorum
1673 847 1766 903 ag-

154 926 450 987 gravatum
495 929 584 975 est
626 920 819 986 nimis;
853 921 1204 988 descendam,
1235 931 1289 978 et
1316 923 1534 986 videbo,
1583 931 1766 978 utrum

155 1008 488 1077 clamorem,
514 1011 610 1082 qui
635 1012 788 1067 venit
812 1013 881 1068 ad
910 1029 1000 1071 me
1023 1017 1039 1082 ‘,
1065 1030 1231 1086 opere
1259 1014 1668 1086 compleverint,
1696 1029 1767 1068 an

157 1118 268 1158 non
298 1112 384 1158 est
413 1104 491 1159 ita
514 1145 531 1171 ,
575 1113 637 1160 ut
664 1107 830 1162 sciam
863 1105 1020 1177 (Gen.
1045 1108 1226 1180 xvtn).
1274 1127 1295 1161 ο
1341 1109 1497 1176 Quod
1526 1106 1768 1178 profecto

161 1194 231 1250 ad
256 1193 334 1249 nil
365 1195 518 1251 aliud
546 1195 756 1254 dictum
787 1197 1021 1263 videtur,
1069 1199 1176 1254 nisi
1224 1208 1282 1254 ut
1307 1200 1543 1254 humana
1572 1198 1766 1254 docea-

158 1296 250 1341 tur
274 1287 592 1359 ignorantia
619 1289 738 1344 sine
763 1289 1156 1360 experimentis
1178 1291 1359 1347 audita
1386 1307 1493 1348 non
1517 1291 1765 1359 credere,

160 1379 440 1452 incognita
472 1396 582 1437 non
632 1380 826 1438 leviter
876 1383 1207 1454 adjudicare,
1249 1400 1351 1440 nec
1393 1393 1518 1440 ante
1548 1395 1767 1441 senten-

162 1472 292 1526 tiam
321 1488 619 1544 promere,
667 1490 833 1546 quam
879 1491 996 1532 rem
1040 1478 1258 1532 dubiam
1303 1479 1628 1536 testimoniis
1669 1495 1767 1550 ap-

161 1560 431 1630 probarit.
471 1562 647 1630 Quam
672 1564 919 1634 profecto
953 1568 1219 1624 cautelam
1245 1569 1369 1624 dum
1405 1585 1505 1626 vos
1533 1571 1767 1642 pruden-

161 1660 274 1709 tem
295 1652 504 1710 habere
527 1655 584 1710 in
605 1655 728 1712 aliis
749 1655 955 1728 liquido
975 1661 1242 1725 novimus,
1259 1661 1382 1731 quia
1406 1662 1562 1717 nobis
1587 1661 1770 1718 obser-

164 1750 290 1798 vata
325 1757 434 1799 non
467 1753 574 1814 est,
600 1761 707 1802 non
731 1747 885 1802 vobis
926 1749 1267 1816 ascribimus,
1292 1751 1387 1807 sed
1418 1752 1617 1808 nostris
1644 1766 1771 1822 pro-

161 1834 253 1908 cul
277 1835 445 1893 dubio
475 1837 690 1893 meritis
719 1838 1066 1909 imputamus.
1102 1839 1484 1899 Verumtamen
1513 1844 1568 1900 in
1595 1843 1682 1901 his
1701 1844 1769 1900 ad

162 1929 559 1986 conscientiam
588 1931 773 1998 redeo,
801 1933 868 1988 ad
896 1935 1094 1989 mentis
1126 1951 1260 1992 mea:
1282 1947 1492 1992 secreta
1524 1951 1770 2005 recurro,

166 2030 350 2075 certus
377 2021 506 2092 quia
532 2021 641 2077 nisi
670 2037 771 2092 pro
797 2039 984 2079 amore
1013 2023 1240 2091 Christi,
1273 2027 1425 2098 cujus
1466 2042 1566 2097 ego
1592 2026 1771 2084 malus

164 2127 353 2169 servus
375 2129 522 2181 sum,
545 2115 748 2172 nullius
772 2117 1019 2173 mortalis
1049 2119 1285 2176 hominis
1311 2121 1543 2190 gratiam
1563 2136 1766 2193 quam,

167 2206 371 2262 nullius
415 2209 753 2265 iracundiam
797 2213 1141 2282 pertimesco.
1190 2213 1530 2286 Quapropter
1593 2215 1770 2284 ipsum

167 2297 518 2352 conscientia:
561 2314 695 2354 mem
724 2310 915 2356 testem
949 2303 1163 2368 invoco,
1212 2313 1264 2358 et
1298 2304 1574 2360 humiliter
1599 2313 1725 2376 peto
1750 2345 1767 2372 ,

170 2405 330 2462 quem
361 2391 415 2444 in
447 2394 691 2449 sacrario
713 2395 878 2450 vestri
902 2396 1140 2466 pectoris
1163 2397 1413 2453 habitare
1435 2437 1452 2464 ,
1495 2397 1644 2468 pium
1687 2405 1771 2454 est

169 2483 411 2546 credere,
442 2485 564 2539 utsi
597 2485 750 2540 saluti
780 2504 912 2541 mem
931 2486 1597 2557 congruerejudicat,vos
1637 2488 1771 2544 mihi

167 2579 450 2633 mitescere
473 2595 569 2633 sua
589 2581 834 2649 protinus
849 2582 1168 2636 auczorilate
1186 2581 1487 2653 prmcipiat,
1503 2590 1556 2639 et
1570 2581 1772 2638 sereni-

169 2671 505 2727 tatisvestrte
529 2671 735 2726 vultum
762 2673 890 2728 mihi
912 2673 1227 2744 placabilem
1251 2674 1458 2742 reddat,
1498 2683 1770 2747 quatenus

171 2764 281 2832 ipse
307 2780 396 2818 me
421 2763 475 2818 in
507 2773 686 2820 vestra
715 2765 1156 2822 reconciliatione
1179 2765 1533 2835 conftntleret,
1564 2767 1656 2837 qui
1683 2781 1774 2823 me

166 2858 232 2909 ad
265 2857 619 2925 quaerendam
666 2857 967 2913 clementize
1000 2868 1192 2914 vestra:
1227 2861 1484 2931 gratiam,
1537 2877 1606 2917 ne
1634 2869 1773 2918 stem

166 2948 397 3018 rigidus,
423 2957 614 3003 terret.
649 2948 898 3021 Alioquin
924 2950 968 3004 si
997 2951 1172 3005 adhuc
1203 2951 1492 3008 durissimo
1524 2952 1773 3010 aversio-

169 3042 248 3095 nis
278 3050 481 3096 vestrm
511 3040 723 3112 ﬂagello
756 3059 840 3098 me
871 3043 1269 3100 verberandum
1320 3059 1442 3099 esse
1482 3044 1772 3114 decernit,

164 3133 393 3188 liventes
424 3133 675 3203 scapulas
718 3135 995 3190 humiliter
1025 3134 1196 3190 subdo
1221 3176 1236 3200 ,
1281 3135 1362 3190 ori
1394 3151 1516 3192 meo
1546 3136 1772 3207 digitum

164 3239 503 3296 superporo,
539 3225 610 3280 nil
639 3241 966 3296 conqueror,
1009 3227 1102 3281 sed
1150 3225 1217 3281 ad
1264 3227 1442 3298 ipsum
1489 3228 1605 3300 spei
1637 3243 1774 3287 mea:

160 3322 350 3376 oculos
387 3319 532 3382 levo,
585 3319 740 3390 cujus
783 3322 899 3380 lucc
930 3337 1058 3395 erga
1105 3337 1190 3380 me
1233 3323 1348 3379 ﬁeri
1388 3323 1533 3394 justa
1579 3326 1776 3387 occulti

157 3415 434 3473 examinis
465 3415 822 3486 dispositione
869 3417 1162 3489 perpendo.
1212 3417 1328 3474 Non
1363 3434 1492 3490 ergo
1518 3435 1636 3484 vos,
1685 3419 1780 3476 sed

158 3506 345 3574 ipsum
373 3521 530 3577 rogo,
558 3505 676 3560 sine
700 3507 853 3578 cujus
879 3515 1014 3561 nutu
1042 3522 1142 3563 nec
1172 3507 1357 3564 folium
1377 3509 1589 3566 arboris
1611 3510 1779 3567 credo

157 3598 440 3665 defluere,
489 3608 550 3653 ut
582 3614 678 3654 cor
711 3607 978 3665 vestrum,
1026 3601 1168 3672 quod
1201 3600 1252 3656 in
1299 3617 1462 3658 manu
1495 3611 1684 3670 tenet,
1732 3602 1780 3660 si

158 3691 298 3746 mihi
346 3693 497 3749 salus
524 3702 628 3762 est,
656 3694 711 3749 in
745 3709 921 3750 meam
945 3696 1199 3766 dignetur
1225 3697 1660 3754 benevolentiam
1689 3698 1777 3756 in-

165 3782 401 3840 clinare.

756 3898 1089 3958 EPISTOLA
1131 3900 1198 3960 V.

388 4026 462 4064 ΔΙ)
500 4027 775 4068 νιετοιιιιι
820 4030 859 4069 ll
913 4030 1171 4074 BOIANUI
1211 4033 1554 4074 PONTII-‘ICEI.

168 4101 684 4178 Anconssrux._—
720 4105 1040 4176 Expostulat
1069 4124 1191 4164 cum
1222 4109 1480 4178 pontifice
1515 4109 1774 4174 maximo.

237 4175 385 4242 quoi
432 4175 728 4230 llenricum
789 4175 1078 4245 quemdam
1124 4175 1392 4234 illustrem
1422 4180 1598 4234 virum
1624 4221 1639 4244 ,
1682 4181 1777 4245 aui

238 4246 443 4313 spretis
487 4245 652 4300 rebus
693 4247 945 4302 humanis
977 4249 1040 4303 ad
1073 4248 1276 4305 Christi
1307 4249 1552 4307 militiam
1589 4245 1779 4306 confu-

237 4323 421 4384 gerat,
462 4331 490 4368 a
523 4317 846 4390 quibusdam
877 4319 1074 4388 injuste
1099 4321 1308 4384 vexari,
1335 4329 1388 4374 et
1417 4320 1650 4390 opprimi
1693 4322 1773 4378 si-

240 4395 421 4446 neret.
455 4401 555 4456 pro
583 4404 692 4458 quo
719 4389 881 4444 etiam
907 4391 1183 4447 Christum
1210 4389 1547 4461 gravissimis
1571 4393 1621 4517 7
1657 4407 1780 4448 ver-

242 4455 327 4510 bis
390 4457 705 4517 loquentem
766 4460 1000 4517 inducit:
1069 4471 1360 4517 monetque
1416 4463 1564 4517 ponti
1591 4478 1726 4517 tcem
1756 4503 1774 4517 .

242 4455 327 4510 his
371 4455 705 4534 _loqnent_em
766 4460 1003 4534 inducit;
1069 4455 1381 4534 mone'tquei
1416 4455 1726 4534 pontificem
1756 4503 1774 4530 ,

121 4528 143 4550 ¹
241 4536 301 4580 ut
332 4527 517 4606 videat
544 4528 712 4606 etiam
745 4540 908 4606 atque
934 4532 1098 4606 etiam
1150 4547 1217 4587 ne
1248 4527 1322 4588 illi
1353 4527 1513 4606 dese
1539 4527 1777 4606 conqueé

243 4599 415 4662 renti,
467 4599 596 4668 quid
643 4600 815 4669 possit
854 4601 1218 4672 ireSpondere,
1273 4619 1378 4658 non
1428 4599 1776 4660 habeathd

241 4658 556 4744 extremum
585 4658 915 4744 arrogantia:
939 4658 992 4744 fa
1040 4688 1098 4727 se
1144 4658 1522 4744 suspicionem
1545 4658 1775 4741 avertit,
1806 4658 1856 4719 ι)

241 4739 598 4816 ostenditque
640 4739 888 4816 ejusdem
925 4741 1126 4816 Christi
1155 4739 1402 4816 exemplo
1448 4759 1555 4802 non
1583 4739 1783 4802 debere

245 4808 410 4866 irasci
433 4808 551 4878 eos,
566 4811 656 4878 qui
676 4808 734 4867 in
759 4811 940 4936 aliqua
965 4815 1180 4870 sublimi
1205 4808 1470 4886 potestate
1495 4817 1780 4872 constituti

245 4890 394 4936 sunt.
419 4881 466 4936 si
495 4883 563 4936 ab
595 4881 840 4936 inferiori
862 4899 947 4936 ms
973 4885 1254 4936 (ﬁrmitate.
1281 4889 1360 4936 sui
1393 4885 1555 4936 oﬂicii
1590 4888 1779 4936 admo-

218 4881 466 5006 ’sunt,tsi
495 4883 563 4937 ab
595 4881 947 4940 inferioribus
973 4881 1254 4956 dignitate,
1281 4889 1360 4941 sui
1393 4885 1556 4944 otIlcii
1590 4888 1779 4944 admo-

247 4966 388 5008 nean
419 4969 500 5008 ur.
1031 5003 1034 5006 .

253 5066 464 5125 Domno
499 5067 725 5128 VICTOM
772 5085 998 5130 summa:
1047 5073 1189 5129 sedis
1246 5074 1516 5138 antistiti,
1561 5071 1780 5132 Penus

183 5166 437 5206 peccator
461 5163 762 5206 mnnaohnc
795 5161 1030 5206 debitam
1075 5163 1389 5206 servitutem
1443 5164 1495 5206 in
1542 5163 1759 5206 Clirictn

1865 648 2048 718 praedo
2075 649 2190 704 suis
2237 647 2672 720 possessionibus
2698 646 2925 718 expulit,
2966 656 3022 702 et
3065 648 3223 719 quasi
3248 648 3350 705 sub
3381 649 3465 705 in-

1863 737 2029 792 validi
2071 737 2374 794 defensoris
2417 737 2780 809 patrocinium
2828 735 3123 809 l’ugientem
3155 737 3313 794 bonis
3342 755 3463 795 om-

1865 829 2026 885 nibus
2047 830 2318 900 spoliavit.
2348 829 2462 886 lloc
2488 831 2672 900 itaque
2715 829 2874 886 modo
2903 845 3008 886 non
3051 830 3166 902 jam
3193 831 3462 889 Henricus

1866 919 2126 991 injuriam
2161 920 2380 978 videtur
2417 921 2707 986 sustinere,
2755 921 2848 975 sed
2877 920 3162 988 Christus;
3192 922 3461 992 Christus,

1867 1011 2109 1083 inquam,
2137 1013 2304 1069 vestri
2341 1011 2664 1084 praesulatus
2695 1021 2935 1082 tempore
2961 1011 3331 1084 praeiudicium
3361 1030 3463 1085 pa-

1867 1107 2002 1162 titur
2030 1122 2043 1160 :
2075 1106 2168 1177 qui
2202 1105 2334 1162 facit
2354 1105 2619 1177 judicium
2643 1105 2895 1161 omnibus
2923 1105 3178 1175 iujuriam
3206 1107 3466 1178 patienti-

1866 1197 1968 1256 bus
1995 1198 2170 1271 (Psal.
2199 1197 2382 1272 δην),
2410 1199 2524 1270 ipse
2554 1198 2773 1254 sibimet
2804 1199 2856 1253 in
2883 1206 3080 1255 vestras
3103 1199 3490 1290 districtionis.

1867 1289 2120 1346 examine
2142 1288 2411 1360 justitiam
2438 1304 2545 1345 non
2577 1297 2836 1344 meretur.
2860 1288 2998 1356 Quid
3026 1289 3170 1344 enim
3193 1289 3237 1344 si
3270 1290 3384 1360 ipse
3411 1300 3467 1346 te

1867 1379 2119 1436 Salvator
2145 1380 2258 1436 suis
2283 1366 2576 1436 conveniat
2598 1378 2779 1435 verbis
2806 1417 2821 1445 ,
2863 1387 2918 1434 et
2950 1379 3048 1433 has
3077 1376 3317 1435 effundat
3364 1380 3472 1434 im-

1867 1471 2211 1543 properando
2258 1470 2548 1542 querelas?
2582 1489 2600 1524 t
2647 1470 2762 1541 Ego
2794 1478 2876 1538 te,
2924 1469 3138 1540 inquit,
3185 1479 3245 1524 ut
3288 1485 3391 1525 non
3440 1487 3474 1525 a

1867 1563 2134 1633 principio
2160 1571 2424 1634 repetam,
2455 1562 2523 1618 de
2553 1561 2829 1618 communi
2869 1560 3193 1617 clericorum
3220 1577 3383 1632 grege
3406 1562 3474 1616 ad

1868 1653 2206 1709 sacerdotale
2232 1653 2512 1725 fastigium
2542 1653 2732 1716 extuli,
2755 1664 2809 1708 et
2836 1654 2902 1709 de
2925 1653 3174 1710 clientela
3207 1653 3474 1723 episeopii

1870 1745 1940 1799 ad
1975 1745 2270 1801 obtinenda
2313 1745 2636 1816 episcopalis
2670 1744 2831 1801 officii
2871 1744 2996 1816 jura
3042 1745 3290 1817 promovi
3327 1763 3340 1800 :
3371 1759 3476 1816 ego

1874 1847 1925 1892 te
1953 1838 2109 1908 quasi
2156 1847 2368 1908 patrem
2414 1838 2760 1909 imperatoris
2804 1854 2926 1894 esse
2967 1838 3246 1903 constitui,
3294 1847 3349 1893 et
3375 1853 3476 1894 cor

1802 1923 1847 1983 Β
1877 1928 2019 1985 illius
2045 1930 2114 1985 ad
2158 1931 2388 2002 gratiam
2432 1931 2510 1984 tui
2554 1945 2667 2000 prae
2709 1931 2923 1985 cunctis
2967 1945 3105 2001 pene
3151 1930 3475 1986 mortalibus

1870 2022 2126 2078 inclinavi
2155 2041 2167 2078 :
2193 2040 2293 2095 ego
2314 2024 2494 2080 claves
2516 2025 2682 2081 totius
2705 2023 3024 2080 universalis
3051 2022 3306 2079 Ecclesia:
3333 2036 3471 2077 mea:

1872 2117 1980 2172 tuis
2001 2118 2254 2173 manibus
2279 2117 2500 2184 tradidi,
2531 2127 2587 2174 et
2615 2132 2778 2188 super
2806 2133 2926 2173 eam
2960 2125 3012 2172 te
3039 2116 3172 2172 mihi
3202 2115 3472 2171 vicarium

1869 2209 2044 2278 posui,
2077 2225 2238 2280 quam
2277 2210 2484 2282 proprii
2532 2209 2811 2282 sanguinis
2841 2207 3103 2265 etl‘usione
3147 2208 3370 2264 redemi.
3405 2207 3475 2263 Et

1872 2299 1920 2355 si
1951 2316 2124 2370 pauca
2157 2311 2284 2356 sunt
2316 2300 2418 2357 ista
2445 2342 2460 2368 ,
2511 2301 2676 2356 etiam
2729 2300 3076 2356 monarchias
3106 2299 3286 2355 addidi
3318 2316 3332 2354 :
3365 2299 3476 2356 imo

1871 2389 2086 2445 sublato
2137 2402 2265 2462 rege
2309 2391 2375 2446 de
2421 2390 2600 2448 medio
2626 2431 2640 2457 ,
2679 2391 2842 2446 totius
2872 2389 3101 2446 Romani
3135 2390 3345 2460 imperii
3376 2404 3475 2445 va-

1872 2481 2047 2537 cantis
2079 2481 2172 2536 tibi
2203 2480 2324 2550 jura
2353 2481 2595 2552 permisi.
2632 2500 2650 2534 ι
2683 2481 2795 2554 Ego
2821 2481 3023 2552 itaque,
3054 2481 3146 2552 qui
3175 2480 3272 2536 tibi
3302 2488 3474 2549 tanta,

1872 2581 1926 2626 et
1958 2571 2082 2626 talia
2117 2571 2364 2641 praestiti,
2401 2571 2597 2643 legent,
2630 2572 2746 2628 sive
2786 2571 3050 2644 justitiam
3101 2571 3156 2626 in
3203 2579 3294 2627 tuo
3343 2585 3474 2626 exa-

1873 2661 2022 2717 mine
2049 2678 2155 2718 non
2184 2662 2400 2718 invenio
2430 2677 2444 2716 :
2474 2672 2645 2734 atque
2669 2678 2699 2717 a
2730 2663 2838 2718 tuis
2887 2661 3249 2718 tribunalibus
3274 2664 3477 2733 despe-

1873 2761 2084 2818 ctus,et
2112 2751 2347 2808 incultus
2375 2723 2704 2809 abscedorSi
2719 2767 2849 2824 ergo
2865 2761 2940 2819 te,
2963 2751 3209 2824 piissime
3232 2723 3474 2827 domi-ne,

1875 2845 1942 2913 is,
1965 2845 2055 2916 qui
2071 2843 2413 2914 judicaturus
2433 2855 2517 2901 est
2534 2844 2687 2901 vivos
2709 2853 2763 2901 et
2782 2843 3156 2911 mortuos,-.bis
3176 2843 3358 2899 verbis
3381 2843 3481 2897 imo

1874 2946 2106 3010 peteret,
2140 2939 2270 3009 quid
2317 2939 2384 2996 ad
2413 2939 2529 2995 haec
2574 2948 2664 2994 tua
2694 2939 2962 2995 sanctitas
2988 2936 3357 2994 excusationis
3381 2947 3483 3007 ορ·

1875 3031 2140 3102 poneret?
2195 3030 2336 3099 Quid
2393 3029 2772 3102 allegationis,
2835 3029 2964 3100 quid
3022 3027 3352 3085 defensionis
3407 3026 3482 3083 ad

1876 3124 2214 3195 purgandum
2247 3137 2307 3179 se
2341 3138 2528 3180 coram
2563 3138 2650 3188 eo,
2704 3123 2795 3193 qui
2839 3121 3314 3194 argumentatione
3364 3134 3483 3178 non

1877 3215 2104 3283 fallitur,
2139 3215 2440 3272 inveniret?
2465 3214 2584 3271 Jam
2622 3216 2804 3286 itaque
2851 3214 3002 3270 zelus
3024 3213 3288 3270 facienda!
3311 3210 3481 3282 justi-

1883 3307 1970 3363 tia:
2014 3309 2446 3364 sacratissimum
2475 3318 2673 3364 vestrae
2716 3307 3016 3363 clementia:
3043 3315 3233 3378 pectus
3278 3319 3482 3360 accen-

1883 3400 1995 3466 dat,
2023 3400 2136 3472 jatn
2164 3401 2320 3472 vigor
2361 3399 2757 3457 Ecclesiastica:
2786 3398 3083 3469 disciplina:
3126 3398 3179 3453 in
3217 3396 3483 3452 ultionem

1881 3507 1940 3548 se
1972 3492 2238 3565 plecteudi
2278 3492 2522 3548 criminis
2563 3477 2787 3559 exerat;
2838 3500 2894 3546 et
2943 3491 2995 3546 iu
3039 3488 3340 3561 exspoliato
3384 3489 3484 3545 ho-

1882 3573 2026 3639 mine
2051 3584 2328 3640 Christum
2374 3599 2473 3639 suo
2513 3583 2646 3654 juri,
2691 3591 2998 3654 contempta
3050 3581 3336 3653 impiorum
3383 3580 3479 3635 bo-

1878 3676 2082 3732 minum
2123 3675 2571 3748 tergiversatione
2597 3717 2612 3741 ,
2655 3677 2924 3732 restituat.
2981 3673 3318 3730 Exhibeatur
3369 3672 3476 3726 mi-

1878 3781 2003 3824 sero
2031 3783 2156 3824 cum
2183 3766 2504 3823 sacerdotali
2535 3766 2739 3837 pietate
2763 3765 2998 3840 justitia,
3022 3763 3245 3834 prodeat
3269 3763 3321 3817 in
3348 3775 3481 3832 per-

1878 3874 2095 3915 versum
2168 3874 2291 3915 cum
2360 3859 2521 3930 regia:
2612 3855 3099 3912 animadversionis
3181 3853 3478 3909 severitate

1880 3967 2150 4018 censura;
2203 3958 2471 4022 quatenus
2518 3951 2609 4020 qui
2650 3949 2742 4005 tibi
2795 3948 3018 4005 tradidit
3065 3949 3118 4002 in
3166 3944 3480 4002 hominibus

1877 4050 2224 4113 potestatem,
2262 4040 2316 4096 in
2344 4041 2638 4112 semetipso
2680 4039 2992 4110 experiatur
3035 4035 3224 4107 legalis
3247 4034 3478 4107 jnstitia

1878 4133 2242 4191 defensorem.

1949 4249 2116 4305 Parce
2141 4249 2223 4304 ori
2250 4262 2396 4313 meo,
2413 4246 2737 4304 venerabilis
2761 4245 2942 4311 l’ater,
2976 4260 3076 4302 nec
3104 4247 3266 4300 homo
3296 4243 3470 4299 homi-

1881 4344 1967 4400 nis
2015 4342 2293 4399 humiliter
2323 4341 2664 4414 suggerentis
2712 4341 2880 4396 verba
2930 4339 3142 4406 fastidi;
3190 4353 3311 4392 cum
3341 4336 3483 4406 ﬂet

1877 4436 2224 4508 omnipotens
2253 4435 2397 4491 Deus
2441 4434 2751 4490 hominibus
2780 4434 2926 4491 dicat
2965 4448 2978 4486 :
3011 4449 3031 4484 ι
3063 4430 3255 4498 Venite
3296 4437 3352 4483 et
3382 4443 3471 4483 ar-

1879 4528 2028 4601 guite
2054 4545 2142 4586 me
2175 4527 2314 4598 (lsa.
2348 4530 2408 4598 t).
2452 4545 2470 4578 ι

2447 4659 2784 4718 EPISTOLA
2823 4657 2911 4714 Vl.

2115 4795 2183 4834 AD
2221 4793 2488 4835 NICOLMIH
2533 4793 2570 4832 11
2608 4789 2864 4832 ιιοιιωυκ
2903 4786 3245 4829 ῬΟΝΤΙΗΟΙΞΙ.

2061 4888 2329 4962 (Habetur
2355 4897 2483 4943 tom.
2518 4886 2613 4942 ιιι
2643 4896 2819 4956 estque
2843 4885 3151 4956 opusculum
3187 4881 3301 4952 i7).

2438 5023 2777 5086 EPISTOLA
2819 5024 2930 5080 Vll.

1991 5161 2058 5201 an
2095 5159 2316 5200 suntnam
2356 5157 2628 5201 NICOLAUM
2671 5155 2709 5194 ιι
2752 5154 3011 5198 nousnuu
3047 5153 3391 5198 PONTIFICBI.
3478 5136 3496 5167 ‘

3463 4941 3508 4986 Γ
