3964 5310
1022 343 1079 397 s.
1117 341 1325 400 PETRI
1365 319 1647 405 suum
1675 342 1826 399 OPP.
1866 340 2048 398 rans
2084 340 2218 400 seu
2257 341 2498 402 TOMUS
2525 343 2565 401 ι.
2595 371 2668 390 -
2702 345 2922 406 EPIST.
2953 345 3085 403 us.
3126 342 3262 405 vtu.

3684 337 3792 399 216

488 459 749 530 frequens
792 473 924 515 usus
974 460 1227 526 obtinuit,
1281 477 1402 532 qua:
1451 462 1496 518 si
1550 470 1737 520 sancta
1783 459 2074 533 prudentia
2100 460 2154 522 Α
2181 468 2268 514 tur
2293 461 2600 518 adversum.
2634 461 2769 519 Nam
2795 463 2881 519 cui
2911 461 3104 520 melius
3145 463 3382 530 dicitur,
3425 458 3586 532 quod
3626 457 3796 515 delin-

492 563 676 608 vestra
698 552 928 629 judicat,
959 561 1018 608 ut
1041 554 1195 608 nobis
1226 555 1460 620 videtur,
1485 556 1705 610 omnino
1746 555 1905 627 digna
1947 563 2077 611 sunt

496 645 714 714 corrigi.
748 644 947 709 Unum,
985 645 1111 714 quia
1158 646 1368 701 cunctis
1417 645 1532 701 fere
1580 646 1948 702 Decretalibus
1983 660 2078 715 pa-

493 736 632 805 ginis
658 735 946 788 anathema
977 733 1346 805 subjungitur;
1391 735 1640 801 alterum,
1686 735 1812 806 quia
1859 733 2079 803 cujusli-

491 827 582 880 bet
614 824 870 880 Ecclesiae
925 824 1088 889 filius,
1139 826 1254 880 sive
1307 826 1538 885 clericus
1581 827 1672 893 sit,
1724 826 1838 882 sive
1878 825 2078 892 laicus,

493 933 767 986 exponere
812 917 1013 987 prOprii
1079 933 1337 973 excessus
1407 918 1669 974 antistitis
1718 919 2074 988 prohibetur;

493 1024 726 1080 quorum
760 1009 993 1079 primum
1015 1024 1181 1078 quam
1219 1010 1288 1064 sit
1334 1010 1584 1064 humana:
1618 1009 1810 1066 salutis
1840 1011 2079 1066 immane

495 1105 818 1175 periculum,
853 1112 908 1159 ct
935 1102 1144 1158 infinite
1175 1111 1364 1174 patens
1402 1119 1602 1176 vorago
1654 1103 1972 1172 labentium,
2015 1118 2081 1160 ac

493 1200 763 1268 pernicies
793 1199 1122 1262 animarum,
1178 1197 1478 1252 clementia:
1508 1207 1702 1252 vestrae
1752 1197 1925 1268 pietas
1975 1213 2081 1253 non

495 1294 730 1362 ignorat.
761 1293 968 1348 Dicitur
992 1291 1136 1346 enim
1168 1290 1412 1360 quisquis
1439 1290 1575 1357 hare,
1605 1289 1687 1345 vel
1721 1289 1808 1344 illa
1859 1306 1965 1345 non
2004 1288 2083 1344 fe-

494 1384 633 1438 cerit
649 1400 664 1449 ;
680 1383 794 1438 sive
811 1391 958 1436 certe
973 1381 1220 1451 quisquis
1243 1381 1366 1445 hoc,
1382 1381 1526 1450 quod
1549 1381 1797 1450 superius
1819 1387 2080 1435 statutum

496 1485 599 1539 est,
622 1475 835 1530 irritum
851 1474 1086 1538 duxerit,
1105 1472 1189 1527 vel
1207 1472 1260 1526 in
1278 1471 1458 1542 aliquo
1469 1471 1774 1537 violaverit,
1792 1473 2082 1528 anathema

496 1569 587 1622 sit.
607 1567 706 1622 Ubi
723 1566 1017 1623 notandum
1033 1579 1194 1634 quam
1213 1562 1443 1628 lubrica,
1463 1578 1624 1633 quam
1646 1578 1886 1634 prmeeps
1904 1563 2084 1620 subito

496 1660 686 1716 ruendi
702 1659 808 1714 illic
822 1667 1143 1728 procuretur
1155 1657 1370 1713 occasio
1381 1698 1395 1722 ,
1412 1665 1471 1712 ut
1491 1667 1619 1712 ante
1641 1657 1766 1727 quis
1787 1657 1839 1711 in
1863 1667 2083 1712 interna:

495 1752 692 1807 mortis
709 1751 1028 1806 barathrum
1052 1758 1291 1815 corruat,
1310 1764 1471 1818 quam
1507 1763 1566 1803 se
1596 1749 1678 1802 vel
1708 1747 2081 1819 Icviterimpe—

2180 554 2296 624 quit
2323 555 2629 626 episcopus,
2657 571 2819 627 quam
2847 555 2945 623 illi,
2982 557 3074 628 qui
3104 555 3354 628 magistri
3397 552 3593 610 oﬂicio
3619 551 3798 624 fungi-

2183 645 2307 700 tur?
2345 645 2412 700 Et
2457 646 2578 702 ideo
2609 649 2754 704 inter
2797 649 2995 704 fratres
3035 647 3272 720 reliquos
3314 643 3698 720 praeerninet,
3736 652 3796 700 ut

2180 737 2322 809 quod
2363 736 2485 794 aliis
2530 755 2637 796 non
2683 740 2830 808 licet,
2871 741 2985 810 ipse
3022 739 3169 796 solus
3209 754 3308 810 per
3345 735 3609 810 prepriae
3650 734 3795 792 sedis

2181 829 2519 902 privilegium
2568 839 2747 887 errata
2795 834 3036 906 corrigat
3079 833 3464 890 sacerdotum.
3521 829 3663 898 Quis
3717 837 3798 886 est

2181 922 2323 977 enim
2367 923 2456 978 hic
2493 926 2813 996 arrogantia:
2857 927 3066 982 tumor?
3103 927 3224 998 quis
3265 924 3544 982 elationis
3590 921 3799 978 fastus!

2182 1030 2302 1085 qum
2324 1015 2556 1086 denique
2579 1026 2726 1074 tanta
2760 1019 3032 1088 superbia,
3059 1028 3120 1074 ut
3151 1017 3310 1074 liceat
3333 1017 3681 1087 episcopum
3703 1026 3798 1084 per

2185 1108 2266 1165 fas
2307 1117 2362 1164 et
2389 1109 2539 1164 nefas
2567 1109 2632 1164 ad
2671 1111 2900 1182 proprim
2924 1111 3218 1167 voluntatis
3244 1108 3557 1166 arbitrium
3583 1104 3795 1172 vivere;

2184 1208 2240 1254 et
2267 1199 2410 1269 quod
2441 1199 2735 1255 insolenter
2771 1215 3053 1257 excessum
3081 1209 3165 1257 est
3194 1216 3223 1254 a
3252 1199 3532 1269 subjectis
3561 1196 3682 1252 suis
3709 1193 3798 1250 de-

2187 1291 2435 1362 dignetur
2475 1291 2695 1346 audire?
2740 1291 3050 1346 Praesertim
3095 1307 3216 1347 eum
3266 1291 3340 1346 illi
3401 1304 3522 1345 non
3563 1284 3800 1342 adierint

2187 1381 2470 1437 tribunalia
2503 1382 2811 1451 przesidum,
2839 1399 2943 1438 non
2972 1381 3272 1438 forensium
3296 1379 3657 1453 pulsaverint
3677 1391 3797 1432 exa-

2186 1473 2330 1528 mina
2364 1473 2740 1543 cognitorum:
2783 1475 2880 1531 sed
2916 1475 3203 1532 ecclesiam
3246 1474 3442 1547 potius
3488 1471 3714 1538 adeant,
3742 1478 3794 1526 et

2187 1563 2892 1636 sacerdotibusjudicabilia
2921 1565 3004 1621 sui
3032 1565 3332 1621 sacerdotis
3364 1571 3702 1636 exponant:
3738 1569 3798 1616 ut

2187 1654 2329 1724 quod
2361 1655 2710 1711 saecularibus
2739 1655 2926 1711 venire
2950 1665 3164 1726 poterat
3204 1656 3259 1711 in
3291 1655 3578 1720 derisum,
3621 1651 3794 1725 gravi-

2193 1757 2275 1801 ter
2318 1755 2373 1801 et
2409 1747 2634 1803 honeste
2659 1763 2756 1819 per
2792 1747 3132 1803 sacerdotale
3173 1746 3497 1819 corrigatur
3536 1743 3792 1800 oﬂicium.

497 1845 641 1914 gisse
668 1844 769 1914 13
800 1851 1093 1912 cognoscat
1117 1859 1130 1895 :
1158 1849 1214 1896 et
1234 1815 1522 1896 sub—stratae
1549 1840 1946 1911 quodammodo
1973 1815 2086 1896 ten-
2114 1815 2162 1876 Β
2191 1837 2293 1894 Ubi
2321 1837 2560 1910 profecto
2585 1815 2803 1908 dignum
2828 1847 2930 1906 est,
2953 1848 3014 1895 ut
3052 1839 3098 1896 is
3135 1839 3227 1910 qui
3268 1815 3590 1910 impetitur,
3614 1833 3701 1890 vel
3724 1847 3788 1890 ex

405 1969 416 1978 ι
497 1933 686 1989 diculaa
706 1934 820 2002 jam
857 1947 952 2002 pes
980 1930 1096 2000 ejus
1127 1932 1443 1994 iunectitur,
1467 1931 1593 1986 dum
1621 1947 1678 1986 sc
1700 1931 1886 1986 liberis
1907 1931 2086 1987 adhuc

494 2025 747 2081 incedere
771 2024 1048 2096 gressibus
1083 2024 1399 2080 arbitratur.
1433 2023 1704 2094 Delinquit
1732 2024 1912 2093 itaque
1937 2024 2084 2094 quis-

495 2119 620 2190 quis
660 2118 747 2174 ille
771 2127 872 2184 est,
907 2120 961 2173 in
1000 2118 1128 2173 illud
1172 2118 1482 2187 apostolica
1526 2117 1927 2172 constitutionis
1966 2117 2084 2174 edi-

497 2221 665 2278 ctum,
695 2221 749 2265 et
773 2210 1062 2282 aliquando
1088 2210 1191 2266 levi
1243 2210 1478 2279 quadam
1509 2225 1572 2264 ac
1600 2210 1890 2280 perexigua
1913 2207 2086 2266 offen-

495 2303 648 2358 sione
677 2302 1071 2372 transgreditur
1097 2319 1109 2356 :
1153 2309 1207 2355 et
1242 2301 1500 2356 continuo
1520 2300 1668 2356 velut
1694 2301 2000 2368 luereticus,
2030 2310 2088 2357 et

498 2403 756 2464 tanquam
785 2394 994 2451 cunctis
1023 2392 1341 2448 criminibus
1364 2401 1608 2448 teneatur
1633 2392 1920 2457 obnoxius,
1948 2407 2083 2449 ana-

496 2486 753 2542 thematis
781 2485 1049 2543 sententia
1101 2484 1513 2540 condemnatur.
1551 2483 1619 2538 Et
1670 2501 1813 2551 cum,
1843 2485 2082 2542 dictante

490 2576 728 2648 justitia,
755 2577 858 2633 alia
891 2578 961 2631 sit
987 2576 1190 2631 ultione
1231 2575 1582 2647 plectendus,
1615 2575 1706 2644 qui
1749 2575 1869 2646 plus
1908 2575 2084 2632 delin-

496 2657 634 2738 quit,
663 2668 768 2724 alia
794 2668 888 2738 qui
914 2667 1093 2722 minus
1123 2666 1366 2723 excedit:
1394 2668 1482 2723 hic
1506 2669 1763 2739 graviter,
1788 2668 2087 2741 leviterque

495 2759 846 2831 peccantibus
871 2774 1026 2830 aequa
1053 2759 1283 2823 cunctis,
1313 2767 1368 2814 et
1393 2758 1707 2815 indifferens
1732 2774 1891 2832 pinna
1919 2759 2088 2821 solius

494 2851 702 2907 scilicet
760 2851 1164 2917 anathematis,
1219 2851 1510 2922 irrogatur.
1564 2849 1680 2906 Non
1732 2851 2086 2908 tribunalium

500 2958 688 3007 more,
734 2942 821 2996 vel
865 2942 1098 2997 forensis
1127 2941 1417 3010 examinis,
1457 2951 1548 2996 aut
1573 2940 1800 2997 libertas
1829 2941 2084 3008 creditur,

498 3043 592 3088 aut
639 3035 909 3103 possessio
953 3033 1300 3099 confis’catur,
1350 3048 1452 3091 nec
1494 3031 1821 3104 pecuniaria:
1871 3034 2086 3091 inuicta:

497 3141 626 3181 reus
654 3126 966 3192 adducitur,
1009 3126 1101 3182 sed
1130 3126 1240 3181 Deo
1273 3127 1453 3196 potius
1481 3127 1722 3182 omnium
1754 3127 1961 3184 scilicet
1989 3131 2087 3185 bo-

498 3233 694 3273 norum
744 3228 966 3274 auctore
1019 3219 1282 3288 privatur.
1311 3217 1462 3274 Hanc
1491 3219 1674 3289 itaque
1707 3221 1868 3275 homo
1893 3221 1958 3276 de
1983 3221 2086 3277 ho-

500 3313 647 3368 mine
692 3323 906 3382 ptenam
956 3313 1154 3378 sumit,
1201 3328 1362 3382 quam
1415 3313 1482 3368 de
1522 3313 1606 3367 sui
1660 3314 2087 3384 transgressione

501 3402 738 3457 mandati
766 3403 878 3472 ipse
899 3417 1113 3472 quoque
1134 3403 1277 3458 Deus
1299 3402 1639 3473 omnipotens
1661 3419 1766 3460 non
1787 3404 2084 3474 praesumit.

503 3514 523 3548 ι
556 3495 656 3563 Qui
702 3506 880 3561 amat,
908 3495 1116 3565 inquit,
1162 3503 1390 3566 patrem,
1424 3505 1518 3550 aut
1547 3505 1774 3552 matrem
1804 3496 2086 3568 plusquam

502 3603 608 3653 me,
641 3607 660 3640 ι
693 3604 799 3643 non
827 3589 1082 3644 continuo
1108 3588 1334 3655 addidit,
1363 3589 1436 3644 sit
1462 3589 1972 3656 anathematizatus,
2003 3589 2089 3647 vel

502 3679 851 3746 maledictus,
898 3679 992 3734 sed
1039 3689 1246 3734 tantum
1288 3680 1403 3734 ait:
1437 3698 1456 3732 ε
1503 3696 1609 3735 non
1650 3691 1735 3736 est
1764 3696 1850 3736 me
1893 3681 2088 3753 dignus

501 3771 716 3842 (Matth.
742 3772 818 3843 χ).
857 3791 875 3824 ι
911 3771 976 3826 Ει
1005 3771 1060 3826 in
1089 3771 1206 3843 lege
1249 3770 1446 3844 (Exod.
1484 3772 1639 3844 xm):
1691 3793 1711 3826 ‹
1756 3772 1954 3830 Oculus
1990 3791 2089 3846 pro

500 3864 676 3928 oculo,
703 3864 836 3919 dens
865 3879 964 3935 pro
1009 3864 1189 3930 dente,
1227 3879 1548 3934 percussura
1591 3879 1690 3935 pro
1731 3880 2087 3937 percussura,

502 3955 716 4009 adustio
743 3971 840 4025 pro
867 3956 1170 4020 adustione,
1199 3976 1219 4009 ι
1259 3956 1522 4013 duntaxat
1548 3958 1802 4028 exigitur.
1835 3973 1935 4014 nec
1962 3969 2118 4013 cono‘

504 4045 654 4097 tinuo
677 4045 767 4113 qui
801 4059 923 4099 reus
949 4054 1056 4111 est,
1081 4047 1146 4101 de
1173 4061 1444 4118 synagoga
1474 4046 1774 4119 projicitur.
1809 4048 1893 4103 vel
1924 4047 2093 4104 male-

505 4134 738 4188 ilictione
782 4133 1086 4190 damnatur.
1136 4135 1253 4191 Non
1301 4137 1484 4203 enim,
1532 4139 1826 4193 secundum
1868 4139 2089 4206 stoicos,

505 4225 685 4277 omnia
717 4234 934 4293 peccata
963 4235 1093 4282 sunt
1125 4227 1302 4296 paria,
1333 4236 1495 4297 atque
1528 4228 1731 4284 idcirco
1763 4229 2090 4286 indiﬂ'erenti

505 4323 630 4367 sunt
659 4314 859 4372 ultione
886 4316 1190 4386 plectenda,
1220 4321 1314 4374 sed
1339 4319 1493 4389 juxta
1525 4319 1742 4375 modum
1766 4320 1936 4391 culpa:
1959 4333 2094 4377 tem-

505 4406 746 4476 peranda
769 4423 987 4480 semper
1000 4417 1083 4464 est
1099 4424 1350 4465 mensura
1364 4411 1617 4466 vindicta:
1632 4411 1767 4481 (CIC.
1792 4410 1994 4468 Parad.
2011 4414 2089 4484 5).

2113 3175 2160 3238 C

2190 1933 2400 1988 ratione
2437 1947 2495 1988 se
2529 1932 2785 1988 exhibeat
2823 1934 3190 1998 innocentem,
3211 1931 3296 1988 vel
3327 1930 3680 1988 confiteatur
3698 1927 3791 1983 hu-

2189 2025 2392 2081 militer
2430 2033 2794 2096 peccatorem.
2835 2024 2946 2081 Nec
2979 2025 3068 2080 his
3107 2022 3541 2096 allegationibus
3586 2018 3693 2092 ιά.
3723 2017 3790 2074 vi-

2187 2116 2420 2171 vendum
2460 2114 2524 2187 [f.
2573 2113 2854 2188 utendum]
2892 2124 3010 2182 est,
3049 2123 3111 2171 ut
3147 2114 3294 2171 dicat
3331 2129 3396 2170 se
3438 2128 3556 2169 non
3596 2111 3790 2165 debere

2191 2206 2259 2262 ab
2289 2206 2393 2272 his,
2418 2206 2509 2276 qui
2539 2205 2642 2261 sibi
2671 2204 2896 2276 subjecti
2940 2204 3099 2270 suut',
3131 2204 3407 2271 accusari,
3444 2217 3517 2258 ne
3546 2200 3787 2256 videatur

2188 2300 2501 2357 excessibus
2526 2298 2639 2354 suis
2666 2298 2907 2353 velamen
2933 2297 3246 2362 obtendere,
3282 2304 3338 2353 et
3360 2293 3644 2365 judicium
3671 2289 3786 2347 sub-

2189 2391 2480 2460 terfugere,
2520 2389 2645 2444 dum
2689 2399 2920 2444 conatur
2959 2389 3014 2443 in
3060 2388 3226 2444 alium
3271 2396 3443 2443 mota:
3479 2381 3786 2456 quaestionis

2190 2482 2445 2554 injuriam
2490 2489 2826 2551 retorquere.
2860 2480 2993 2548 Quis
3020 2481 3166 2537 enim
3211 2479 3428 2538 nesciat
3463 2477 3615 2549 quod
3647 2475 3781 2546 prir

2189 2587 2317 2643 ceps
2344 2573 2712 2643 apostolorum
2757 2571 2954 2628 Petrus
2983 2580 3309 2643 potestatem
3344 2571 3510 2644 regni
3557 2555 3784 2624 caelestis

2187 2661 2436 2732 accepit?
2474 2659 2743 2717 Virtutem
2778 2660 3003 2733 ligandi,
3038 2661 3156 2718 sive
3183 2661 3432 2717 solvendi
3463 2659 3612 2730 quod
3635 2653 3782 2712 vellet

2190 2753 2243 2808 in
2266 2751 2419 2808 cmlis
2445 2767 2513 2808 ac
2559 2751 2721 2808 terris
2747 2751 3016 2807 obtinuit?
3039 2749 3214 2822 Supra
3241 2765 3396 2807 mare
3420 2749 3655 2822 pedibus
3679 2761 3783 2801 arn-

2187 2844 2430 2900 bulavit?
2464 2843 2587 2900 Sola
2620 2843 2706 2900 sui
2737 2843 2984 2915 corporis
3003 2843 3197 2899 umbra
3219 2849 3563 2916 regrotantes
3583 2835 3782 2895 erexit!

2189 2935 2510 2992 Mcntientes
2547 2935 2731 3006 jaculo
2773 2937 2904 2992 nudi
2943 2936 3212 2992 sermonis
3246 2935 3494 2991 occidit?
3535 2933 3780 2991 Oratione

2187 3041 2432 3086 mortuos
2458 3028 2770 3085 suscitavit?
2798 3028 3017 3102 (Matth.
3049 3043 3168 3095 xiv,
3199 3027 3298 3096 16;
3335 3025 3460 3083 Act.
3491 3042 3549 3093 v,
3575 3025 3656 3096 9.)
3691 3020 3779 3077 Hic

2191 3123 2374 3191 itaque
2401 3128 2509 3175 tam
2538 3120 2787 3176 sublimis
2822 3120 3004 3176 meriti
3043 3120 3129 3176 vir
3165 3135 3290 3176 cum
3315 3134 3384 3175 ex
3413 3115 3778 3174 admonitione

2193 3211 2367 3268 sancti
2395 3211 2632 3282 Spiritus
2663 3211 2732 3266 ad
2758 3209 3088 3278 Cornelium,
3117 3210 3371 3283 gentilem
3403 3207 3661 3265 videlicet
3685 3204 3777 3260 bo-

2193 3306 2416 3372 minem,
2449 3303 2640 3360 fuisset
2671 3304 2969 3374 ingressus,
2999 3303 3262 3360 adversus
3290 3317 3414 3379 eum
3450 3298 3680 3373 quaestio
3704 3294 3775 3352 fa-

2190 3407 2276 3456 cta
2307 3407 2394 3455 est
2415 3398 2484 3454 ab
2506 3398 2614 3465 his,
2642 3398 2735 3469 qui
2761 3406 2919 3454 erant
2944 3414 3009 3455 ex
3042 3398 3486 3462 circumcisione,
3520 3393 3774 3456 ﬁdelibus.

2190 3493 2335 3564 quod
2363 3492 2430 3547 ad
2461 3490 2792 3564 alienigenas
2820 3491 3121 3560 introisset,
3155 3501 3320 3565 atque
3348 3508 3477 3548 cum
3505 3491 3587 3547 eis
3607 3500 3775 3545 come-

2190 3582 2322 3639 dere
2357 3581 2826 3653 praesumpsisset,
2857 3581 3083 3654 insuper
3109 3591 3167 3638 et
3195 3583 3250 3638 in
3276 3581 3608 3652 baptismate
3633 3590 3774 3634 rece-

2191 3675 2360 3747 pisset
2386 3673 2523 3747 (Act.
2555 3691 2610 3741 x,
2643 3675 2754 3746 Η).
2783 3673 2903 3742 Hic,
2933 3676 3173 3746 inquam,
3219 3685 3299 3731 tot
3325 3674 3598 3733 donorum
3627 3669 3772 3727 eclo-

2191 3766 2356 3822 stium
2399 3766 2807 3837 incomparabili
2832 3767 3034 3824 virtute
3069 3765 3350 3834 suffultus,
3387 3776 3472 3824 tot
3499 3761 3772 3823 miraculo-

2192 3875 2312 3914 rum
2366 3858 2675 3916 ostensione
2727 3858 3088 3928 conspicuus,
3137 3859 3373 3931 querelae
3417 3857 3770 3929 subjectorum

2193 3967 2302 4007 non
2349 3964 2415 4006 ex
2464 3959 2733 4021 potestate
2777 3949 3016 4019 restitit,
3060 3951 3157 4010 sed
3204 3951 3469 4007 rationem
3514 3939 3770 4005 reddendo

2195 4043 2473 4100 humiliter
2510 4044 2793 4111 satisfecit,
2821 4058 3153 4115 causamque
3187 4059 3284 4116 per
3309 4045 3558 4102 ordinem
3586 4035 3770 4097 veridi-

2194 4151 2291 4190 cus
2334 4134 2535 4190 relator
2577 4135 2860 4205 exposuit;
2899 4135 3174 4206 quomodo
3212 4135 3464 4192 videlicet
3494 4149 3590 4190 vas
3613 4126 3767 4201 quod-

2194 4225 2318 4278 dam
2351 4223 2497 4278 velut
2525 4223 2748 4280 linteum
2775 4225 2829 4280 in
2854 4239 2963 4296 quo
2992 4225 3358 4296 quadrupedia
3397 4233 3588 4292 terrae,
3617 4217 3769 4290 repti-

2196 4315 2266 4368 lia
2296 4325 2459 4384 atque
2489 4314 2727 4371 volatilia
2777 4315 3016 4384 inerant,
3043 4316 3110 4373 de
3138 4315 3277 4373 coelo
3297 4315 3542 4373 submitti
3565 4307 3764 4372 viderit,

2194 4421 2384 4461 vocem
2409 4405 2671 4462 audierit:
2701 4425 2720 4459 ι
2743 4405 2936 4479 Surge,
2953 4407 3134 4473 Petre,
3151 4417 3353 4476 macta,
3373 4417 3428 4465 et
3449 4404 3722 4463 manduca.
3739 4413 3760 4451 ι

508 4495 678 4552 Porro
706 4513 805 4555 nec:
831 4500 1023 4556 beatus
1047 4515 1186 4572 papa
1216 4499 1530 4572 Gregorius,
1572 4502 1657 4557 vel
1695 4504 1873 4559 caeteri
1903 4504 2092 4562 Patres
2119 4527 2170 4588 ι)
2197 4499 2442 4567 Qualiter
2461 4499 2623 4556 etiam
2655 4507 2768 4557 tres
2791 4501 2893 4556 viri
2922 4502 3202 4558 venientes
3224 4517 3348 4559 eum
3375 4502 3444 4558 ad
3469 4495 3762 4558 Cornelium

505 4589 596 4659 qui
627 4591 857 4646 diversis
883 4591 1215 4660 temporibus
1240 4592 1294 4647 in
1319 4591 1630 4662 apostolicae
1665 4593 1808 4648 sedis
1831 4595 2090 4667 regimine

507 4679 827 4749 ﬂoruerunt,
851 4682 995 4736 hunc
1034 4695 1243 4737 morem
1283 4683 1340 4738 in
1379 4682 1494 4738 suis
1529 4683 1872 4753 reperiuntur
1897 4684 2090 4741 obser-

509 4787 664 4826 vasse
691 4774 943 4838 decretis,
967 4781 1022 4828 et
1047 4776 1136 4829 vix
1175 4789 1364 4830 eorum
1383 4775 1686 4846 {aliquando
1711 4777 1929 4832 statutis
1953 4793 2087 4832 ana-

509 4863 687 4917 thema
723 4865 1074 4932 subnectitur,
1112 4867 1216 4923 nisi
1242 4883 1364 4924 cum
1388 4867 1667 4925 catholicae
1700 4869 1822 4924 fidei
1849 4869 2089 4926 clausula

506 4955 848 5010 terminatur.
875 4956 1236 5022 Quamobrem
1267 4961 1313 5015 si
1339 4969 1540 5016 sanctae
1572 4961 1871 5031 prudentiae
1894 4973 2090 5019 vestra:

507 5046 698 5090 nlnrnt,
734 5047 872 5090 Imno
892 5063 1098 5090 mni-pm
1124 5051 1188 5090 rio
1217 5061 1413 5090 nmIAl-n
1437 5069 1464 5090 α
1488 5053 1856 5090 Προνοιοιίιιηα
1876 5056 2088 5090 ηοηὲηίο

2197 4599 2527 4646 vocaverunt
2551 4608 2564 4645 :
2596 4591 2833 4662 qualiter
2853 4600 3131 4664 postremo
3154 4592 3392 4665 Spiritus
3412 4602 3629 4650 sanctus
3647 4597 3758 4642 eum

2197 4696 2320 4738 cum
2349 4679 2455 4737 illis
2475 4682 2554 4736 ire
2577 4683 2912 4754 pra‘ceperit,
2935 4691 2991 4737 et
3009 4683 3466 4754 quemadmodum
3491 4683 3629 4739 idem
3651 4672 3762 4746 Spi-

2197 4773 2336 4828 ritus
2361 4781 2606 4839 sanctus,
2632 4773 2723 4842 qui
2752 4773 3100 4844 supervenire
3119 4771 3235 4844 jam
3263 4772 3551 4846 baptizatis
3586 4768 3641 4824 in
3674 4763 3758 4819 Ju-

2196 4866 2310 4922 daaa
2338 4875 2710 4931 consueverat,
2742 4866 2794 4921 in
2820 4867 3052 4938 gentiles
3087 4875 3142 4923 et
3181 4874 3309 4923 ante
3335 4866 3653 4938 baptismum
3678 4867 3757 4910 Ve-

2196 4960 2297 5015 nit.
2328 4958 2388 5014 Si
2418 4959 2582 5030 igitur
2609 4959 2710 5016 iste
2735 4975 2858 5016 cum
2881 4976 2912 5015 a
2939 4960 3217 5032 discipulis
3242 4959 3566 5032 culparetur,
3587 4957 3754 5009 aucto-

2198 5049 2413 5090 ritalnm
2503 5065 2664 5090 mmm
2712 5050 2766 5090 in
2798 5060 2981 5090 agnota
3029 5051 3202 5090 fumi-nl
3248 5052 3472 5090 anu-tilum
3502 5041 3749 5090 Fuluia.
