3964 5310
189 78 303 138 21⁸1

1288 83 1497 175 circa
1534 84 1821 161 pannus,
1852 81 2069 149 EPlS'l‘.
2100 80 2237 149 xm.

3379 87 3491 153 εις

191 175 565 269 ωιιῄῥηφιίι,
581 213 796 257 mecum
819 208 876 257 et
898 216 995 259 sex
1018 200 1221 262 fratres
1246 204 1359 261 isti.
1391 225 1408 257 ι
1435 204 1622 262 Discat
1641 222 1796 277 ergo,

1921 221 2025 263 :um
2066 220 2226 263 servo
2251 220 2373 263 meo
2399 206 2525 281 (Job
2549 208 2735 281 xxxi);
2767 223 2788 261 ι
2813 206 2950 278 θῑζιυ
2979 207 3150 265 dicis:
3195 206 3385 275 Absit,
3428 215 3490 263 ut

191 304 321 344 cum
352 291 419 346 de
446 292 563 349 suis
590 294 801 353 actibus
828 297 1151 353 convenitur
1183 299 1501 371 episcopus,
1530 299 1798 356 rationem

194 383 483 440 humiliter
522 387 775 455 reddere,
808 404 912 444 non
960 390 1027 446 de
1072 390 1155 446 sul
1196 391 1461 462 primatus
1504 392 1799 449 eminentia

194 477 519 547 superbire;
553 496 656 536 nec
684 480 799 537 ﬁeri
834 482 935 538 sibi
965 484 1152 539 credat
1182 484 1455 554 injuriam,
1487 501 1609 542 cum
1633 501 1664 542 a
1692 486 1796 543 mi-

193 568 319 623 nori
346 570 668 642 corripitur,
710 572 801 629 sed
829 574 1200 631 consulentem
1242 577 1451 647 potius,
1496 577 1581 633 ve!
1620 576 1797 633 medi-

196 675 326 715 cum
368 662 451 717 sui
486 663 730 721 vulneris
753 667 1065 725 arbitretur.
1108 668 1361 742 Nunquid
1399 671 1543 727 enim
1587 670 1797 727 Nathan

194 754 499 824 propheta,
558 772 681 812 cum
722 758 890 815 David
930 769 1039 816 tam
1078 770 1307 817 austera:
1357 762 1664 818 severitatis
1714 764 1798 819 in-

200 850 453 905 vectione
497 852 791 923 corripuit,
839 854 1265 927 indignationem
1310 856 1440 927 regii
1490 865 1668 910 motus
1715 856 1798 911 in-

199 940 415 995 currit?
464 939 720 1013 Nunquid
754 944 840 999 ille
877 945 1072 1015 regalis
1098 946 1429 1003 excellentite
1461 946 1672 1003 culmen
1701 963 1797 1019 op-

199 1028 399 1100 posuit,
452 1047 520 1087 ac
567 1033 714 1090 velut
758 1034 960 1091 illatam
1007 1053 1037 1092 a
1084 1037 1327 1108 subjecto
1371 1053 1470 1094 suo
1518 1047 1798 1096 contume-

201 1118 329 1175 liam
360 1124 743 1192 propulsavit?
779 1125 887 1182 Sed
918 1144 1042 1183 mox
1068 1137 1128 1184 ut
1152 1145 1211 1185 se
1238 1132 1487 1201 cognovit
1510 1140 1796 1203 aegrotum,

203 1214 444 1282 suscepit
481 1214 718 1271 libenter
760 1218 1101 1275 antidotum:
1144 1221 1351 1277 detexit
1379 1222 1593 1289 vulnus,
1625 1234 1680 1278 et
1711 1238 1798 1279 se—

200 1304 398 1361 ctionis
429 1322 545 1363 suae
573 1324 683 1364 non
707 1312 989 1368 exhorruit
1017 1312 1431 1370 ferramentum.
1460 1316 1596 1373 Vide
1624 1315 1800 1372 humi-

202 1393 304 1449 lem
337 1394 655 1467 languidum
684 1418 696 1453 :
742 1419 761 1453 ι
804 1400 1050 1466 Peccavi,
1084 1403 1279 1475 inquit,
1312 1406 1559 1462 Domino.
1595 1428 1613 1461 ι
1657 1406 1797 1464 Audi

202 1486 365 1541 etiam
394 1486 555 1544 velox
596 1490 882 1548 medicinae
924 1495 1258 1549 remedium:
1306 1515 1323 1547 ι
1354 1494 1653 1553 Transtulit
1687 1498 1796 1555 Do-

1901 297 2089 369 digner
2135 297 2201 353 ad
2250 313 2479 357 examen
2513 299 2700 355 venire
2746 314 2869 356 cum
2917 299 3116 355 clerico
3158 314 3299 355 meo.
3349 298 3492 353 Deus

1897 393 2242 463 omnipotens
2277 408 2374 465 per
2398 392 2595 449 Isaiam
2625 393 2863 449 clamat:
2909 412 2927 446 ι
2959 391 3207 448 Judicatc
3251 390 3489 463 pupillo,

1899 483 2174 541 defendite
2200 486 2456 553 viduam,
2485 495 2541 541 et
2565 484 2775 553 venite,
2814 485 3041 557 argnite‘
3079 500 3166 540 me
3209 482 3343 555 (Isa.
3376 482 3434 554 l).
3468 500 3487 535 ι

1901 576 1958 634 Si
1988 578 2034 634 is
2065 579 2157 649 qui
2180 576 2391 648 judicat
2420 580 2623 647 omnia,
2662 596 2769 637 non
2798 580 3119 653 dedignatur
3148 597 3177 635 a
3210 577 3382 633 servis
3405 592 3495 629 ar-

1899 670 2019 742 gui;
2055 678 2111 725 tu
2140 686 2332 727 servus
2368 673 2554 743 utique
2580 688 2705 728 cum
2730 687 2993 729 conservo
3024 672 3077 727 in
3108 671 3370 740 judicium
3397 683 3493 723 ve-

1900 759 2019 816 nire
2048 758 2302 816 fastidis?
2340 761 2407 816 Et
2448 777 2569 818 cum
2613 762 2690 819 sis
2734 773 2878 819 terra
2912 771 2967 818 et
3000 762 3169 828 cinis,
3196 760 3396 816 vermis
3429 774 3495 813 ac

1897 855 2093 927 pulvis,
2112 855 2401 913 humiliare
2421 865 2475 913 te
2501 857 2737 929 despicis
2759 858 2826 912 ad
2848 858 3135 929 imaginem
3161 853 3494 912 conditoris?

1898 947 2209 1005 Praesertim
2239 964 2362 1004 eum
2404 948 2685 1021 Scriptura
2720 950 2901 1005 dicat:
2937 967 2955 1001 t
2989 948 3190 1005 Ducem
3224 956 3273 1002 te
3298 944 3495 1001 consti-

1901 1048 2157 1095 tuerunt:
2200 1040 2310 1096 noli
2338 1041 2545 1107 extolli,
2573 1041 2668 1097 sed
2698 1050 2816 1097 esto
2841 1041 2893 1095 in
2926 1041 3031 1096 illis
3059 1040 3215 1111 quasi
3252 1053 3391 1093 unus
3428 1052 3493 1095 ex

1900 1129 2005 1187 illis
2032 1129 2223 1202 (Eccli.
2256 1133 2453 1201 xxxn).
2487 1149 2505 1188 ι
2538 1131 2641 1199 Qui
2666 1130 2825 1202 plane
2854 1130 3085 1196 nesciat,
3108 1128 3232 1199 quia
3255 1125 3497 1183 Samueli

1898 1221 2195 1279 Israelitica
2245 1222 2397 1294 plebs
2446 1222 2814 1295 przejudicium
2867 1222 3091 1289 intulit,
3142 1233 3376 1289 eumque
3430 1217 3499 1274 de

1899 1316 2207 1388 principatu
2249 1314 2448 1385 injuste
2492 1315 2721 1385 dcjccit?
2755 1314 2823 1370 Et
2853 1330 2976 1370 cum
3007 1328 3102 1369 eos
3127 1326 3354 1384 arguere
3381 1325 3499 1366 mc-

1900 1409 2007 1465 rito
2034 1409 2317 1481 potuisset,
2351 1409 2495 1464 ultro
2530 1425 2591 1467 se
2616 1408 2954 1480 urguendum
2991 1405 3155 1461 nullis
3189 1402 3498 1459 accusanti-

1899 1502 2002 1558 bus
2026 1502 2257 1568 obtulit;
2289 1517 2344 1557 et
2365 1512 2549 1557 utrum
2580 1516 2674 1556 eos
2706 1501 2757 1556 in
2786 1500 2966 1571 aliquo
2987 1498 3498 1577 violentcrcppres-

203 1580 385 1635 minus
415 1594 703 1651 peccatum
738 1595 911 1651 tuum,
934 1602 1042 1641 non
1073 1587 1325 1643 morieris
1360 1587 1442 1659 (II
1481 1587 1607 1659 Reg.
1638 1588 1791 1661 xu)»
1827 1583 1877 1646 B
1902 1595 2058 1661 serit,
2090 1594 2369 1664 inquisivit
2395 1612 2407 1648 :
2451 1613 2469 1646 ι
2513 1593 2651 1649 Ecce
2676 1603 2873 1665 pr:csto
2903 1607 3055 1659 sum,
3081 1580 3290 1661 inquit,
3318 1589 3494 1659 loqui-

202 1669 246 1728 Ε
267 1685 458 1730 wntra
491 1691 588 1731 rex
616 1678 822 1742 Achab,
860 1681 952 1751 qui
980 1682 1364 1752 eorripientcm
1394 1698 1453 1737 se
1481 1683 1800 1753 prophetam

205 1768 394 1823 audire
423 1770 692 1841 despexit,
725 1770 943 1828 ultionis
966 1773 1231 1844 gladium,
1272 1789 1433 1843 quem
1458 1773 1545 1828 ille
1567 1774 1802 1830 minatus

207 1868 308 1926 est,
336 1877 449 1918 non
490 1862 686 1917 evasit.
719 1881 737 1915 ‹
768 1862 905 1930 Quia
947 1864 1238 1930 dimisisti,
1280 1865 1477 1935 inquit,
1506 1866 1682 1920 virum
1715 1864 1799 1919 di-

210 1972 373 2027 gnum
404 1966 584 2014 morte
609 1958 677 2016 de
703 1974 866 2013 manu
900 1968 1014 2027 tua,
1046 1961 1151 2015 erit
1172 1961 1352 2015 anima
1388 1970 1475 2013 tua
1503 1976 1600 2031 pro
1621 1960 1803 2016 anima

211 2048 349 2120 ejus,
380 2058 439 2105 et
462 2051 697 2122 populus
723 2062 845 2109 tuus
871 2069 969 2123 pro
1000 2054 1195 2124 populo
1221 2055 1336 2124 ejus
1354 2053 1469 2125 (111
1494 2053 1621 2125 Reg.
1640 2053 1756 2123 xx).
1778 2071 1798 2107 ι

210 2140 377 2196 David
407 2157 541 2213 ergo
570 2143 785 2213 culpam
814 2160 967 2199 suam
996 2145 1372 2215 mquanimiter
1397 2145 1641 2210 audiens,
1676 2159 1803 2200 sen-

207 2233 434 2288 tentiam
472 2233 577 2304 15
606 2235 815 2297 mortis,
844 2252 1008 2306 quam
1038 2237 1369 2303 merebatur,
1393 2237 1594 2293 evasit:
1617 2235 1806 2292 Achab

206 2333 389 2380 autem
421 2327 786 2397 correptionis
810 2328 1121 2399 impatiens,
1162 2329 1341 2399 impia:
1366 2329 1615 2399 pictatis,
1642 2344 1805 2399 quatn

206 2420 432 2488 indigno
478 2420 590 2490 regi
635 2421 967 2483 contulerat,
1002 2422 1212 2477 veniam
1245 2437 1351 2476 non
1393 2421 1618 2475 invenit.
1660 2419 1810 2476 Nun-

206 2512 338 2585 quid
366 2522 424 2567 et
453 2512 713 2569 mulieres
749 2514 884 2581 illae,
924 2514 1151 2583 hospitae
1178 2513 1429 2569 videlicet
1474 2512 1806 2579 Salvatoris,

206 2605 445 2661 invicem
475 2604 623 2661 inter
651 2622 710 2663 se
735 2606 1100 2677 litigaverunt,
1139 2607 1265 2662 dum
1292 2605 1459 2661 altera
1490 2614 1811 2676 quereretur

206 2698 475 2753 adversus
503 2698 759 2766 alteram,
791 2699 917 2770 quia
944 2700 1113 2754 solam
1146 2715 1204 2754 se
1233 2699 1545 2754 ministrare
1573 2697 1815 2769 compel-

204 2789 382 2846 leret?
410 2790 568 2862 (Luc.
598 2792 679 2862 ι.)
712 2792 932 2848 Poterat
973 2794 1116 2849 enim
1152 2792 1322 2849 Maria
1362 2793 1566 2859 dicere,
1598 2801 1814 2849 nostro-

206 2902 331 2942 rum
352 2902 510 2943 more
544 2887 863 2958 pontificum
892 2906 905 2943 :
945 2887 1227 2943 Accusasti
1267 2902 1375 2953 me,
1403 2896 1458 2942 et
1485 2886 1720 2958 torporis
1745 2899 1811 2942 ac

1906 1684 2039 1741 mini
2072 1684 2139 1740 de
2166 1700 2253 1741 me
2278 1700 2463 1741 coram
2506 1684 2735 1739 Domino
2778 1693 2832 1740 et
2875 1683 3095 1740 Christo
3136 1682 3275 1753 ejus,
3317 1689 3503 1734 utrum

1906 1776 2099 1831 bovem
2133 1773 2450 1845 cujusquam
2486 1775 2730 1839 tulerim,
2772 1785 2866 1830 aut
2905 1774 3119 1830 asinum
3151 1791 3164 1827 :
3216 1772 3263 1828 si
3308 1786 3501 1843 quent-

1906 1883 2071 1937 quam
2109 1868 2475 1923 calumniatus
2503 1884 2642 1935 sum,
2672 1868 2719 1922 si
2756 1867 3001 1939 oppressi
3047 1866 3311 1938 aliquem,
3351 1867 3397 1920 si
3436 1864 3505 1921 de

1909 1976 2072 2016 manu
2100 1960 2400 2033 cnjuspiam
2435 1977 2633 2017 nmnus
2661 1961 2845 2032 accepi
2874 1980 2889 2017 :
2920 1970 2975 2017 et
2997 1968 3340 2017 contemnam
3374 1957 3507 2014 'Ilud

1907 2056 2090 2121 hodie,
2133 2058 2527 2127 restitutamque
2557 2057 2710 2112 vobis
2758 2055 2822 2128 (I
2870 2055 3003 2128 Reg.
3053 2044 3241 2127 xvnt).
3299 2073 3316 2106 ι
3370 2051 3507 2108 Cum

1908 2163 2040 2218 ergo
2092 2158 2200 2203 tam
2254 2148 2738 2220 incomparabiles,
2795 2156 2905 2203 tam
2958 2148 3295 2211 eminentes,
3348 2152 3508 2216 atque

1910 2240 2169 2296 sublimes
2213 2240 2314 2295 viri
2365 2241 2626 2313 subjectis
2679 2240 2794 2297 suis
2851 2240 3116 2296 rationem
3171 2237 3395 2294 reddere
3440 2234 3513 2294 de

1910 2335 2146 2404 propriis
2195 2335 2407 2391 actibus
2456 2351 2563 2390 non
2616 2334 2957 2404 despiciant,
3012 2332 3135 2402 quis
3184 2327 3509 2401 arrogantia:

1912 2431 2089 2496 typus,
2118 2425 2241 2493 quis
2274 2425 2374 2479 iste
2420 2433 2583 2478 tanta:
2620 2422 2889 2494 superbia:
2926 2421 3122 2489 fastus,
3153 2422 3296 2490 quod
3335 2430 3511 2475 sacer-

1911 2513 2009 2569 dos
2040 2515 2197 2585 hujus
2228 2514 2486 2585 temporis
2514 2513 2883 2567 intumescens
2903 2552 2920 2578 ,
2946 2510 3160 2567 titulum
3199 2508 3280 2565 sui
3310 2520 3514 2578 praesu-

1911 2605 2053 2663 latus
2082 2616 2348 2676 opponat;
2380 2614 2436 2660 et
2458 2604 2714 2661 Ecclesia:
2738 2620 2850 2660 sua:
2884 2604 2990 2676 ιθ
3015 2603 3161 2667 ﬁliis,
3191 2602 3282 2672 qui
3309 2613 3369 2655 se
3394 2613 3512 2673 grao

1912 2709 2069 2755 vates
2093 2708 2363 2757 asserunt.
2390 2712 2455 2753 ex
2486 2712 2641 2768 mque
2671 2698 2727 2751 in
2751 2694 2958 2765 judicio
2983 2710 3091 2751 non
3120 2692 3489 2766 reSpondcat‘l

1983 2789 2316 2845 Excludatur
2340 2803 2470 2860 ergo
2501 2789 2570 2844 ab
2594 2788 2964 2844 ecclesiastica
3002 2785 3285 2856 disciplina
3329 2782 3514 2855 perni-

1915 2882 2079 2939 ciosa:
2104 2881 2513 2938 consuetudinis
2550 2879 2756 2953 regula,
2798 2879 3020 2937 tollatur
3046 2879 3163 2935 haec
3188 2874 3510 2948 subterfugii

208 2976 561 3048 negligentiae
597 2978 996 3033 condcmnasti.
1046 2977 1162 3034 Non
1206 2993 1336 3033 sane
1369 2977 1547 3033 omnis
1589 2976 1811 3049 querela
1836 2958 1884 3022 ο
1913 2984 2131 3031 versuta
2160 2974 2468 3030 calliditas:
2507 2982 2568 3029 ut
2609 2974 2656 3030 is
2689 2973 2779 3044 qui
2825 2981 2937 3029 tam
2982 2971 3253 3043 perversis
3290 2968 3513 3025 audacis

205 3070 461 3141 protinus
491 3070 770 3126 accusatio
814 3070 1041 3127 dicenda
1086 3081 1189 3127 est.
1234 3070 1369 3127 Nam
1410 3070 1553 3127 aliud
1592 3071 1813 3142 querela

207 3161 632 3233 compassionis,
664 3160 809 3217 aliud
849 3163 1121 3218 accusatio
1146 3162 1437 3219 simultatis
1462 3173 1517 3218 et
1545 3163 1675 3219 odii.
1706 3163 1813 3219 ista

209 3252 479 3308 nimirum
530 3252 622 3318 fit,
656 3263 716 3307 ut
757 3252 984 3310 offensio
1013 3254 1352 3325 corrigatur;
1395 3254 1486 3310 illa
1522 3269 1653 3310 vero
1680 3263 1741 3309 ut
1767 3254 1815 3309 is

204 3342 302 3413 qui
328 3342 654 3409 offenderat,
678 3346 1090 3401 condemnetur.
1119 3344 1337 3401 Petrttm
1361 3344 1518 3416 plane
1539 3345 1593 3400 in
1616 3344 1812 3403 faciem

203 3438 478 3494 resistens
508 3438 713 3493 Paulus
739 3436 1008 3510 objurgat,
1045 3447 1102 3493 et
1136 3452 1322 3493 coram
1348 3438 1601 3495 omnibus
1633 3451 1814 3508 repre-

203 3528 538 3584 hensibilem
566 3528 779 3597 judieat
827 3526 1025 3600 (Galat.
1072 3528 1216 3601 vni).
1262 3531 1415 3597 Quod
1464 3529 1551 3586 ille
1600 3547 1706 3587 non
1758 3531 1813 3586 in

206 3621 587 3678 accusationis
616 3622 740 3678 tulit
767 3623 1042 3693 injuriam,
1072 3624 1167 3680 sed
1203 3624 1435 3694 benigne
1460 3634 1513 3679 et
1543 3624 1815 3695 patienter

206 3716 444 3787 accepit,
480 3716 626 3786 quod
657 3732 766 3772 non
799 3732 866 3773 ex
892 3717 1081 3783 livore,
1114 3718 1206 3773 sed
1235 3732 1302 3773 ex
1336 3718 1601 3774 cliaritate
1627 3732 1816 3788 proce-

209 3806 338 3863 dere
376 3809 671 3879 perspicue
714 3811 1046 3880 recognovit.
1098 3809 1205 3866 Sed
1253 3825 1380 3865 ecce
1424 3809 1659 3865 dicitur:
1704 3810 1816 3882 Ego

210 3912 327 3953 sum
351 3899 668 3970 episcopus,
701 3913 802 3972 ego
826 3916 944 3956 sum
975 3910 1162 3971 pastor
1199 3900 1474 3965 Ecclesiae,
1510 3917 1616 3955 non
1645 3902 1816 3957 debeo

213 4009 245 4049 a
272 3995 593 4051 commissis
631 3996 828 4052 ovibus
866 3997 1274 4053 accusationum
1301 4006 1489 4069 patere
1518 3996 1813 4063 molestiis;

212 4087 418 4155 etenim
466 4087 522 4143 in
564 4102 728 4143 causa
766 4088 888 4144 fidei
921 4089 1116 4159 dignus
1154 4103 1275 4144 sum
1319 4088 1484 4143 etiam
1535 4087 1589 4142 in
1634 4086 1816 4158 pravis

215 4178 462 4235 moribus
489 4180 875 4251 aequanimiter
922 4180 1075 4237 ferri.
1128 4180 1235 4237 Sed
1277 4182 1364 4237 die
1408 4181 1539 4236 mihi
1569 4179 1818 4252 quisquis

215 4285 298 4337 es,
328 4272 579 4342 nunquid
622 4289 731 4329 non
772 4272 949 4345 legisti
976 4274 1121 4343 quod
1148 4273 1202 4327 in
1233 4272 1523 4343 Evangelio
1553 4272 1814 4342 scriptum

214 4372 337 4419 est:
377 4383 396 4417 ι
430 4362 487 4420 Si
519 4352 835 4435 peccaverit
876 4366 931 4421 in
973 4375 1025 4421 te
1065 4365 1237 4422 frater
1267 4375 1422 4431 tuus,
1455 4365 1667 4435 corripe
1691 4379 1815 4420 eum

216 4456 362 4514 inter
391 4468 447 4514 te
474 4468 529 4515 et
554 4460 730 4531 ipsum
756 4460 928 4515 solum
956 4480 969 4516 :
1012 4460 1057 4515 si
1101 4470 1152 4516 te
1182 4460 1449 4527 audierit,
1476 4460 1719 4516 lucratus
1755 4474 1816 4516 es

217 4550 445 4607 fratrem
471 4562 655 4620 tuum;
680 4553 727 4609 si
754 4561 809 4608 te
829 4568 935 4608 non
959 4554 1213 4619 audierit,
1239 4552 1435 4609 adhibe
1455 4562 1633 4610 tecum
1656 4556 1813 4619 duos,

217 4645 300 4700 vel
332 4654 446 4701 tres
477 4654 679 4712 testes;
713 4653 773 4699 ut
800 4645 854 4700 in
883 4660 979 4701 ore
1014 4646 1263 4711 duorum,
1287 4645 1371 4700 vel
1404 4647 1565 4702 trium
1595 4645 1815 4704 testium

218 4748 322 4794 stet
351 4754 517 4795 omne
544 4740 813 4803 verbum;
860 4740 904 4795 si
935 4747 1114 4794 autem
1158 4754 1255 4794 eos
1295 4754 1401 4797 non
1432 4740 1696 4805 audierit,
1729 4737 1815 4794 dic

220 4831 512 4889 Ecclesiae?
532 4852 552 4886 ι
574 4831 797 4905 (Matth.
816 4831 996 4903 xvm.)
1019 4831 1074 4886 Si
1102 4831 1360 4888 Ecclesia:
1383 4846 1513 4903 ergo
1538 4830 1824 4891 referenda

218 4934 298 4979 est
324 4941 484 4981 causa
512 4923 887 4997 quorumlibet
929 4923 1189 4988 fratrum,
1220 4928 1494 4994 quomodo
1521 4944 1626 4983 non
1658 4923 1825 4981 etiam

220 5020 606 5076 sacerdotum!
644 5017 820 5073 Porro
858 5017 904 5072 si
948 5022 1200 5075 sacerdos
1230 5017 1320 5087 qui
1355 5019 1407 5076 in
1434 5021 1675 5079 Ecclesia
1700 5030 1829 5089 pec-

221 5122 329 5180 cat,
357 5115 691 5186 dedignatur
722 5114 777 5168 in
822 5111 1062 5169 Ecclesia
1102 5112 1334 5177 discuti,
1368 5118 1487 5186 quis
1524 5118 1634 5186 jam
1686 5112 1830 5167 ferat

224 5204 475 5265 Ecclesiae
499 5225 561 5265 se
592 5206 810 5278 legibus
843 5209 1117 5264 coerceri?
1143 5208 1315 5264 Porro
1342 5210 1385 5265 si
1428 5212 1683 5269 Ecclesia:
1723 5213 1829 5259 ιυω

1915 3069 2188 3140 superbiae
2229 3068 2646 3140 allegationibus
2687 3067 2896 3135 utitur,
2936 3066 3335 3123 immunitatem
3363 3076 3514 3119 com-

1915 3160 2069 3216 missi
2097 3160 2294 3231 piaculi
2323 3176 2429 3216 non
2462 3160 2721 3217 lucretur.
2750 3159 2921 3216 Justis
2953 3173 3085 3230 ergo
3114 3154 3350 3228 querelis
3378 3153 3517 3210 liber

1910 3263 2102 3324 pateat
2127 3254 2330 3320 aditus,
2368 3253 2529 3308 liceat
2561 3253 2703 3325 apud
2744 3252 3033 3325 primatem
3059 3249 3357 3307 Ecelesiam
3383 3261 3517 3303 con-

1917 3346 2098 3413 queri,
2126 3359 2245 3415 qua:
2273 3358 2331 3398 se
2364 3360 2393 3398 a
2422 3358 2522 3399 suo
2552 3342 2808 3415 pontifice
2840 3341 3041 3417 viderit
3062 3337 3413 3413 praegravari,
3442 3348 3515 3392 ne

1918 3436 1985 3491 de
2010 3435 2259 3491 sublimis
2288 3435 2662 3505 praerogativa:
2689 3432 3069 3505 singularitate
3090 3429 3389 3501 superbiat,
3416 3425 3513 3497 qui

1918 3540 1977 3581 se
2003 3540 2099 3595 per
2127 3523 2454 3596 arrogantiae
2474 3522 2690 3579 .fastum
2715 3520 2981 3577 fratribus
3011 3534 3119 3576 non
3143 3525 3408 3588 coaequat.
3445 3513 3517 3571 Et

1918 3619 2013 3689 qui
2060 3616 2364 3673 censoriam
2415 3630 2579 3686 super
2629 3614 2766 3671 alios
2817 3611 3061 3670 concutit
3102 3611 3347 3682 virgam,
3397 3607 3519 3679 ipse

1919 3728 2137 3787 quoque
2171 3727 2335 3783 super
2377 3728 2437 3769 se
2476 3712 2680 3783 vigoris
2720 3710 3078 3768 ecclesiastici
3118 3706 3319 3765 sentiat
3349 3705 3517 3762 disci-

1918 3808 2141 3878 plinam.
2194 3805 2407 3875 Quique
2453 3818 2562 3859 non
2612 3803 2911 3859 humanum
2964 3807 3159 3867 sonat,
3205 3796 3303 3854 sed
3352 3807 3519 3866 super

1920 3899 2055 3954 alios
2081 3898 2238 3968 quasi
2285 3896 2465 3969 fulgur
2496 3895 2815 3953 terribiliter
2847 3894 3087 3958 intonat,
3129 3887 3420 3961 aliquando
3455 3899 3522 3944 se

1919 3991 2198 4047 hominem
2238 4004 2635 4062 recognoscens
2652 4029 2667 4058 ,
2697 3989 2938 4044 humana
2962 3986 3129 4042 verba
3157 3982 3398 4040 formare
3419 3993 3520 4051 per

1922 4083 2289 4139 humilitatem
2317 4083 2520 4147 discat,
2554 4089 2824 4153 quatenus
2858 4080 2987 4136 dum
3011 4076 3268 4149 praelatus
3291 4072 3521 4145 quilibet

1924 4193 2188 4249 arrogans
2230 4194 2259 4232 a
2304 4187 2516 4233 tumore
2559 4175 2811 4231 elationis
2854 4172 3211 4243 deprimitur,
3255 4164 3519 4238 subjectis

1923 4281 2106 4329 autem
2139 4287 2236 4341 per
2275 4270 2657 4327 auctoritatem
2704 4267 3002 4338 superioris
3040 4263 3298 4321 Ecclesiae
3323 4261 3521 4317 subve-

1926 4365 2097 4430 nitur,
2129 4364 2321 4435 sopitis
2350 4362 2587 4433 undique
2615 4359 2831 4431 jurgiis,
2864 4368 2919 4415 et
2948 4356 3225 4432 synodalis
3252 4350 3521 4409 examinis

1926 4467 2189 4529 concepta
2239 4455 2548 4522 formidine,
2577 4454 2763 4511 omnia
2790 4450 2953 4509 simul
2989 4448 3244 4507 Ecclesia:
3276 4443 3523 4501 membra

1925 4551 2363 4609 confmdcrentur
2389 4548 2442 4603 in
2471 4563 2625 4620 pace.
3538 4576 3548 4609 ι

2460 4658 2799 4718 EPISTOLA
2840 4655 2978 4712 X111.
3057 4704 3062 4712 .

2547 4772 2614 4815 AD
2642 4765 2882 4811 ευιωειι.

1931 4842 2318 4917 Ancuunuruu.
2347 4882 2418 4893 ———
2445 4849 2704 4911 Joannes,
2735 4855 2791 4901 et
2816 4842 3193 4906 Tudethinus;
3235 4835 3323 4917 ille
3348 4834 3531 4917 Vene-

2010 4906 2535 4998 fiisurliic'barbarus
2550 4906 2788 4998 insitione
2806 4957 2820 4979 ,
2852 4922 3087 4998 uterque
3112 4909 3254 4998 apud
3268 4906 3539 4998 genure;

2010 4988 2138 5057 dum
2193 5002 2385 5056 ducem
2440 4991 2731 5051 sacerdotii
2778 4988 3012 5045 munere
3062 4988 3368 5054 fungentes,
3418 4990 3541 5057 ausi

2013 5054 2318 5144 aliquando
2337 5066 2551 5144 fuerant
2585 5058 2937 5141 pertinaciter
2963 5054 3544 5144 assererejuprf-s-gn‘t?‘

2012 5144 2073 5198 B.
2102 5147 2261 5202 Petro
2290 5135 2575 5207 Damiano,
2604 5151 2698 5193 eos
2741 5147 2831 5202 qm
2863 5144 2893 5183 a
2941 5136 3163 5207 regibus
3201 5128 3321 5207 autA
3342 5132 3548 5207 prmer-

2014 5189 2974 5285 pi‘lmsvepiscopatusmercarentur,
3008 5189 3064 5260 in
3100 5191 3413 5271 simoniacae
3440 5189 3549 5243 has-

2015 5292 2149 5310 -.η-ε-
2196 5288 2396 5310 -..εηηιη
2430 5296 2537 5310 πη..
2580 5277 2845 5310 ζηηῖίιηνιι-
2889 5278 3154 5310 ηιιηηῖαιη
3204 5259 3410 5310 ςοιιιρθι
3450 5268 3550 5310 Del.

2430 5296 2537 5310 Ilnn
2580 5277 2818 5310 :nnirlnl-n
2834 5289 2845 5301 '
2889 5278 3154 5310 ΙνΙΙΑΙ-ιῖαηῖ
