3964 5310
514 353 623 417 M9

1091 367 1148 424 s.
1175 366 1380 426 PETRI
1420 369 1703 429 suum
1734 368 1885 430 ora.
1920 370 2103 430 rans
2126 370 2256 432 ssu
2284 374 2523 436 renus
2559 379 2599 435 l.
2637 411 2705 423 -
2741 381 2966 441 EPIST.
3009 383 3138 442 un.
3181 366 3329 441 VIII.

3692 378 3797 445 εεσ

585 468 991 574 ίιὶιηρνίειιξιειιιιι
1019 498 1126 568 non
1160 490 1343 545 minus
1368 491 1610 561 ltnplsm,
1641 506 1803 574 quam
1859 495 2099 574 ineptam
2126 494 2178 560 Α
2203 497 2574 570 conceptionis
2626 500 2868 569 initium,
2925 500 3081 574 plena
3131 498 3398 558 formetur
3439 500 3794 563 distinctione

580 559 635 603 ct
659 551 1280 634 ridiculam‘opinionem
1310 551 1607 632 postquam
1627 551 1882 634 p'rteclare
1910 551 2099 622 νὲειω-

580 622 731 701 guit,
779 633 899 678 orat
939 622 1324 707 .Alexandrnnt'
1362 622 1673 707 pontiﬁcem
1715 637 2011 697 maximum
2041 645 2102 694 ut

581 691 887 761 priusquam
938 695 989 774 in
1038 699 1314 778 hominum
1356 691 1551 778 animis
1579 705 1742 778 latius
1772 691 2098 778 Serputpsa-v

576 774 875 842 crosmctaa
904 766 1204 845 potestatis
1216 772 1444 845 imperio
1473 777 1778 845 opprimere
1810 766 1879 832 et.
1913 766 2096 835 eitera-

577 831 793 888 minare.
828 831 1142 907 contendat.
1189 831 1308 900 H06
1342 831 1521 903 etiam.
1748 831 2101 907 vehementer

576 906 1043 993 CO'llldll‘elltialnllO
1065 926 1226 991 quem
1257 918 1515 993 pecunia,
1538 928 1637 993 aut
1658 919 1816 976 aulici
1847 906 2098 993 obsequii

575 974 877 1053 ιιιίιιίειιενίο
898 979 964 1033 ad
990 974 1363 1065 episcopatum
1384 974 1633 1060 perduci,
1654 974 2094 1065 autperduct‘um

577 1059 631 1097 tn
657 1059 722 1100 eo
751 1062 1074 1116 permanere
1102 1056 1356 1123 patiatur.

579 1147 786 1207 Damno
815 1150 1146 1215 ALBXANDRO
1173 1174 1400 1217 summae
1421 1161 1563 1220 sedis
1592 1164 1843 1232 antistiti,
1873 1164 2101 1225 Psrnus

500 1249 757 1309 peccator
785 1247 1082 1302 monachus
1122 1251 1456 1308 servitutem.

572 1334 722 1390 Sicut
754 1338 823 1392 ad
849 1340 1294 1408 patremfamilias
1322 1346 1575 1417 quaelibet
1599 1347 1910 1406 domestica:
1931 1349 2096 1408 facul-

500 1426 627 1480 tatis
649 1426 863 1498 jactura
898 1432 1152 1502 refertur,
1186 1438 1265 1492 sic
1297 1440 1458 1494 etiam
1490 1440 1709 1514 dignum
1736 1453 1838 1510 est,
1863 1452 1924 1499 ut
1951 1459 2095 1500 sum-

500 1532 590 1571 mo
620 1517 859 1587 pontiﬁci
896 1522 1150 1593 patientis
1199 1526 1451 1584 ECClesisze
1499 1530 1649 1586 laesio
1680 1536 1976 1591 nuntietur.
2019 1533 2093 1593 Ut

497 1613 640 1668 sicut
683 1614 753 1670 ab
801 1616 911 1684 illo,
957 1629 1116 1690 prout
1167 1624 1307 1678 vires
1354 1634 1679 1696 suppetunt,
1722 1624 2095 1701 ingruentibus

498 1701 680 1761 dbmui
710 1721 821 1763 sua:
847 1709 1003 1765 malis
1030 1716 1366 1781 occurritur;
1416 1715 1490 1771 ita
1538 1717 1888 1777 nihilominus
1924 1727 1981 1777 et
2024 1718 2094 1775 ab

497 1796 604 1852 isto
635 1801 871 1856 nutantis
902 1802 1024 1858 ﬁdei
1052 1801 1483 1873 fundamentum,
1507 1809 1588 1863 vel
1619 1810 1777 1865 etiam
1807 1811 1940 1867 Ordo
1968 1810 2091 1868 reli-

497 1892 708 1961 giouis,
760 1895 851 1964 qui
898 1895 1153 1953 confundi
1201 1912 1462 1972 coeperat,
1515 1903 1865 1960 inslanrctur.
1908 1905 2088 1974 Nova,

496 1982 634 2051 prob
660 1983 845 2040 dolori
878 1994 1065 2042 nostro
1095 1996 1335 2061 tempore
1366 1993 1587 2050 haeresis
1604 2003 1724 2051 orta
1752 2004 1854 2061 est,
1879 1997 1965 2051 cui
1988 1996 2092 2053 nisi

501 2068 604 2151 17
630 2079 952 2147 quantocius
977 2083 1315 2138 auctoritatis
1345 2094 1540 2140 vestrae
1573 2103 1630 2142 se
1659 2088 1814 2161 vigor
1848 2089 2089 2160 objiciat,

495 2164 793 2222 timendum
823 2177 906 2224 est
935 2184 1003 2225 ne
1024 2169 1090 2224 ad
1117 2172 1394 2242 religionis
1419 2175 1740 2234 Christianae
1771 2182 2090 2251 perniciem,

494 2255 909 2327 animarumque
946 2261 1262 2330 periculum,
1296 2265 1442 2320 Velut
1473 2282 1669 2324 cancer
1707 2268 1951 2327 feraliter
1978 2289 2093 2330 ser-

494 2352 605 2418 pat.
648 2345 899 2404 Nonnulli
944 2351 1110 2421 plane
1135 2353 1454 2411 clericorum
1485 2359 1650 2414 vitam
1680 2375 1776 2431 per
1805 2365 2092 2421 exterioris

496 2439 712 2494 habitus
739 2440 973 2510 speciem
1005 2444 1344 2511 mentientes,
1378 2462 1601 2519 prorsus
1633 2452 1767 2509 adeo
1803 2452 1960 2529 [Deo]
1988 2453 2091 2512 fri-

493 2529 636 2601 gidi,
687 2531 998 2589 ambitionis
1045 2536 1425 2596 ecclesiastica:
1470 2541 1679 2601 facibus
1732 2545 2088 2618 inﬂammati,

493 2620 597 2675 hoc
625 2623 979 2691 pertinaciter
1016 2627 1422 2700 dogmatizant:
1462 2633 1578 2690 Non
1626 2638 1692 2693 ad
1738 2639 2089 2697 simoniacam

492 2712 741 2767 haeresim
774 2716 1075 2785 pertinere,
1123 2719 1171 2774 si
1211 2722 1334 2790 quis
1362 2723 1703 2798 episcOpatus
1738 2745 1767 2783 a
1799 2740 1956 2802 rege,
2007 2732 2091 2788 vel

492 2800 730 2870 quolibet
762 2807 947 2862 mundi
979 2810 1244 2880 pritmipe,
1271 2827 1367 2882 per
1405 2815 1769 2874 interventum
1792 2800 2090 2893 coemptio-

491 2892 576 2947 nis
603 2896 885 2964 acquirat,
932 2898 981 2953 si
1028 2905 1398 2960 tantummodo
1425 2911 1885 2967 consecrationem
1921 2892 2090 2984 gratis

492 2985 747 3054 accipiat.
798 2987 950 3044 Unde
990 3004 1112 3047 cum
1160 3008 1331 3067 nuper
1370 2997 1423 3052 in
1458 3000 1898 3058 excellentissimi
1936 3006 2090 3063 ducis

490 3073 771 3132 Gatbfredi
794 3088 1139 3138 versaremur
1162 3084 1416 3156 alloquio,
1446 3089 1551 3144 duo
1573 3093 1790 3160 quidam
1816 3110 1882 3149 ex
1912 3098 2089 3166 capel-

491 3165 635 3222 lanis
657 3166 772 3237 ejus
790 3209 805 3234 ,
838 3182 977 3226 unus
1002 3174 1061 3226 ut
1085 3182 1203 3229 erat
1235 3176 1519 3244 barbarus,
1561 3181 1839 3238 barbarico
1867 3165 2086 3245 nomine

490 3255 889 3328 'l‘udetchinus;
927 3261 1064 3319 aiter
1095 3279 1225 3321 vero
1271 3269 1489 3325 natione
1542 3270 1806 3340 Venetus,
1849 3275 2084 3337 Joannes

490 3347 823 3406 vocabatur:
854 3351 909 3407 bi
948 3353 1205 3411 nimirum
1243 3366 1496 3430 tanquam
1529 3361 1851 3434 Hytnenmus
1876 3378 1933 3424 et
1958 3368 2083 3426 Phi-

489 3445 633 3496 letas
670 3441 725 3497 in
766 3445 1155 3514 pmdicaﬁone
1198 3449 1346 3505 Pauli
1390 3451 1476 3523 {II
1506 3452 1645 3510 Tim.
1678 3460 1772 3527 n);
1814 3460 1900 3516 vel
1936 3475 2084 3520 certe

492 3543 749 3605 tanquam
776 3535 1001 3595 Jamnes
1023 3549 1077 3596 et
1103 3541 1372 3600 Mambres
1400 3556 1640 3617 tempore
1666 3550 1834 3623 Moysi
1868 3552 2080 3624 (Exod.

489 3639 596 3691 vn;
627 3624 695 3680 Η
725 3625 862 3684 Tim.
890 3630 977 3701 tu)
996 3671 1012 3698 ,
1041 3632 1360 3691 resistentes
1387 3637 1623 3704 veritati,
1659 3640 1796 3696 hanc
1827 3658 1933 3698 non
1960 3659 2081 3702 ces-

489 3720 687 3776 sabant
714 3721 1079 3781 disseminare
1100 3726 1402 3783 doctrinam
1423 3771 1437 3799 ,
1479 3732 1620 3789 hanc
1648 3736 1968 3793 catholicam
1997 3747 2080 3795 at-

489 3822 593 3883 que
622 3817 935 3872 canonicam
963 3816 1278 3876 fatebantur
1296 3837 1417 3879 esse
1446 3824 1801 3883 sen‘tentiam:
1833 3830 2085 3888 videlicet

490 3910 551 3959 ut
571 3906 697 3977 ᾑπθ
725 3908 1057 3968 simoniacus
1081 3927 1195 3969 non
1221 3915 1436 3972 dicatur
1461 3916 1935 3994 quisquis'absque
1970 3941 2084 3981 ma-

488 4004 597 4050 nus
627 3996 973 4067 impositione
1010 4003 1381 4075 episcopatum
1416 4022 1762 4081 comparasse
1805 4017 2081 4072 convinci-

489 4088 601 4139 tur.
633 4086 893 4145 Dicebant
911 4092 1077 4157 enim,
1102 4095 1228 4165 quia
1252 4112 1373 4152 cum
1397 4099 1498 4155 hoc
1521 4099 1602 4168 fit,
1630 4119 1737 4159 non
1762 4105 2083 4162 distrahitur

486 4175 750 4246 Ecclesia,
779 4182 877 4237 sed
902 4181 1162 4253 facultas;
1198 4202 1297 4245 nec
1323 4190 1525 4247 emitur
1549 4196 1912 4251 sacerdotium
1937 4240 1950 4262 ,
1986 4184 2093 4255 sed

487 4270 767 4339 possessio
816 4274 1164 4344 praediorum.
1218 4277 1332 4334 Sub
1388 4280 1491 4337 hac
1541 4283 1694 4339 enim’
1736 4289 2081 4356 praestatione

484 4360 757 4432 pecuniam
804 4376 944 4435 opes
984 4372 1227 4435 tantum,
1276 4382 1385 4426 non
1430 4372 1651 4430 honoris
1696 4376 1782 4432 vel
1826 4377 2081 4438 Ecclesia

486 4453 772 4510 redimitur
794 4464 1214 4515 sacramentum.
1245 4463 1466 4520 Venalis
1487 4466 1751 4536 siquidem
1775 4478 1918 4537 sunt,
1938 4472 2080 4527 sicut

486 4549 666 4617 aiunt,
688 4550 831 4607 unde
860 4552 969 4608 sint
990 4553 1224 4612 divites:
1259 4558 1431 4632 gratis
1469 4561 1761 4633 accipiunt,
1792 4536 1934 4622 unde
1959 4536 2158 4656 ﬂeri‘D

483 4642 713 4699 debeant
742 4647 1073 4705 sacerdotes.

479 4745 485 4753 ’
552 4736 600 4795 0
625 4753 823 4795 novum
848 4742 1317 4802 schismaticorum
1348 4762 1537 4821 genus,
1568 4760 1624 4808 et
1657 4768 1720 4809 os
1746 4755 2069 4828 sacrilegum

480 4830 670 4886 ειετηί
713 4831 913 4889 silentii
943 4848 1174 4892 censura
1222 4839 1618 4897 damnandum!
1653 4843 1707 4898 ln
1753 4860 1860 4901 una
1902 4848 2095 4919 siqui-’

482 4921 605 4978 dem
635 4922 872 4981 hominis
891 4940 1131 4998 persona
1149 4930 1287 4988 duos
1304 4947 1425 4989 esse
1442 4938 1782 4993 constituunt
1807 4957 1820 4994 :
1848 4949 1907 4996 ut
1931 4958 2071 5001 unus

480 5015 549 5071 εἰι
593 5018 851 5072 sacerdos
884 5022 986 5072 sub
1023 5024 1632 5072 necessu-inmundam:
1697 5029 1835 5072 altor
1888 5042 2068 5072 mutam

2203 591 2592 657 membrorum,
2635 601 2797 664 atque
2833 604 2955 649 mox
3006 590 3265 649 divinitus
3311 593 3637 660 animetur;
3664 613 3793 667 quo-

2200 678 2349 732 niam
2400 690 2504 736 non
2545 681 2757 748 anima,
2808 682 2903 738 sed
2955 698 3085 740 caro
3123 682 3388 740 duntaxat
3436 694 3513 739 ex
3573 694 3794 754 paterno

2199 774 2407 830 semine
2447 776 2681 845 prodiit;
2745 792 2876 851 ergo
2925 787 3081 849 pater
3125 792 3348 835 carnem
3406 778 3793 833 tantummodo

2199 866 2456 922 dicendus
2488 877 2573 923 est
2615 870 2887 941 genuisse,
2927 885 3034 926 non
3069 868 3299 942 prolem,
3325 880 3452 942 quas
3502 878 3576 925 ex
3617 869 3790 924 anima

2198 966 2410 1015 constat
2436 969 2489 1016 et
2511 975 2760 1031 corpore.
2788 959 2942 1030 Quod
2973 976 3093 1017 cum
3116 961 3332 1033 penitus
3364 960 3677 1017 absurdum
3702 959 3791 1041 sit,

2196 1059 2251 1106 et
2285 1053 2477 1107 merito
2515 1059 2671 1123 pater
2706 1051 2797 1109 ille
2835 1053 3073 1120 dicatur,
3107 1068 3174 1109 ex
3223 1053 3377 1122 cujus
3425 1050 3647 1109 femore
3684 1051 3789 1107 sola

2196 1156 2325 1197 caro
2363 1142 2434 1197 sit
2468 1156 2707 1214 egressa,
2760 1159 2868 1200 non
2899 1146 3078 1200 anima
3106 1162 3121 1200 :
3145 1145 3227 1201 sic
3268 1145 3358 1201 ille
3400 1140 3603 1216 procul
3633 1142 3790 1199 dubio

2198 1236 2458 1292 dicendus
2508 1242 2592 1291 est
2632 1246 2909 1293 mercator
2957 1236 3233 1306 Ecclesiae,
3265 1238 3357 1309 qui
3398 1251 3507 1309 per
3554 1242 3787 1302 terrena,

2197 1342 2318 1397 quae
2362 1329 2612 1396 redemit,
2644 1330 2711 1384 ad
2758 1329 2986 1385 honoris
3026 1330 3241 1385 culmen
3283 1328 3567 1394 aSrendit,
3614 1334 3671 1383 et
3698 1334 3792 1398 per

2197 1419 2495 1490 corporalis
2525 1420 2909 1477 commercium
2938 1421 3096 1489 lucri,
3124 1426 3339 1492 emptor
3373 1418 3621 1477 eﬂicitur
3657 1416 3790 1475 nihi-

2197 1509 2431 1566 lominus
2460 1512 2807 1567 sacramenti.
2839 1511 2931 1567 Dic
2975 1511 3156 1582 itaque
3182 1510 3435 1582 quisquis
3468 1525 3555 1575 es,
3596 1508 3689 1581 qui
3741 1514 3789 1565 te

2189 1602 2366 1674 jactas
2413 1610 2642 1660 terrena:
2700 1604 3071 1661 tantummodo
3123 1600 3399 1659 facultatis
3461 1610 3787 1673 emptorem

2197 1710 2294 1767 per
2320 1712 2481 1768 quam
2514 1707 2693 1753 tamen
2742 1699 2956 1771 aspiras
2985 1699 3053 1753 ad
3098 1697 3421 1770 episcOpalis
3451 1694 3786 1757 excellentia!

2196 1789 2563 1845 conscendere
2592 1788 2942 1861 dignitatem;
2967 1799 3022 1845 et
3060 1790 3187 1846 dum
3231 1798 3284 1846 te
3313 1789 3515 1850 dicis‘a
3551 1788 3789 1860 principe

2117 1870 2411 1937 Bterrena
2475 1883 2738 1937 duntaxat
2791 1883 3046 1939 Ecclesim
3099 1885 3384 1939 commoda
3437 1881 3787 1954 percepisse,

2192 1973 2400 2029 asseris
2440 1982 2490 2029 te
2516 1972 2913 2046 quodammodo
2941 1974 3200 2040 villicum,
3225 1990 3335 2028 non
3368 1981 3431 2028 ut
3459 1970 3782 2029 sacerdotali

2192 2062 2440 2136 fungaris
2484 2063 2680 2129 cilicio,
2733 2064 3112 2121 constitutum.
3162 2064 3280 2130 Dic,
3328 2064 3583 2134 inquam,
3638 2059 3783 2130 cujus'

2191 2164 2311 2213 erat
2338 2158 2546 2230 figurae,
2575 2175 2737 2229 quam
2770 2168 2901 2214 sane
2934 2158 3170 2215 habebat
3196 2159 3440 2231 speciem
3471 2157 3780 2212 investitura

2193 2249 2327 2316 haec,
2360 2264 2522 2319 quam
2571 2250 2625 2304 in
2665 2250 2914 2306 manibus
2945 2250 3050 2305 tuis
3087 2249 3344 2320 princeps
3383 2248 3476 2304 ille
3507 2243 3782 2320 deposuit?

2190 2340 2365 2397 Porro
2395 2340 2440 2395 si
2478 2340 2745 2405 surculus,
2776 2341 2821 2397 si
2873 2341 2979 2413 ιε
3022 2341 3251 2410 simplex
3295 2339 3551 2402 baculus,
3596 2338 3779 2394 merito

2194 2433 2290 2488 tibi
2323 2432 2477 2488 laetus
2505 2432 2801 2503 applaude;
2836 2434 2963 2505 quia
3010 2433 3155 2488 sicut
3193 2432 3418 2495 asseris,
3451 2445 3560 2486 non
3600 2429 3669 2484 ad
3694 2438 3774 2484 sa-

2192 2526 2429 2582 cerdotis
2472 2525 2728 2592 ofﬁcium,
2760 2527 2854 2582 sed
2903 2526 2973 2581 ad
3009 2525 3382 2597 procuratoris
3429 2525 3678 2580 initiatus
3722 2536 3774 2580 es

2192 2619 2513 2685 villicatum,
2542 2628 2706 2691 atque
2749 2620 2871 2675 ideo
2915 2633 3141 2674 necesse
3163 2617 3276 2689 jam
3322 2632 3434 2673 non
3474 2623 3644 2674 estut
3672 2614 3775 2685 epis

2192 2722 2380 2782 scopo,
2416 2712 2508 2782 qui
2534 2712 2629 2767 tibi
2662 2710 3033 2783 praeferendus
3058 2721 3163 2776 est,
3206 2710 3281 2766 sis
3311 2709 3614 2781 subjectus.
3642 2705 3773 2762 Atri

2191 2803 2470 2861 saecularis
2508 2804 2597 2859 ille
2621 2805 2895 2875 princeps,
2933 2814 3155 2873 accepta
3186 2801 3273 2856 vel
3305 2801 3582 2872 promissa
3619 2814 3773 2871 pequ

2163 2880 2304 2966 (nia,
2339 2899 2669 2970 pastoralem
2723 2898 2820 2954 tibi
2868 2899 3086 2954 tradidit
3126 2896 3401 2964 baculum,
3461 2910 3570 2969 qua
3606 2894 3771 2951 fronte

2190 2994 2396 3064 poteris
2433 2992 2757 3065 episcopalis
2801 2992 3012 3048 ordinis
3052 3004 3317 3046 excusare
3356 2983 3774 3046 commercium?

2190 3086 2483 3141 Enimvero
2529 3084 2631 3141 nisi
2669 3099 2767 3155 per
2796 3084 2937 3139 hanc
2966 3084 3347 3139 investituram
3396 3081 3494 3137 ille
3539 3077 3763 3138 secuturi

2192 3173 2485 3232 sacerdotii
2541 3176 2641 3231 tibi
2689 3175 2842 3246 prius
2899 3174 3237 3246 imprimeret
3273 3173 3520 3241 titulum,
3570 3171 3768 3226 futuro!

2130 3269 2157 3291 ⁴
2187 3268 2467 3324 ordinatur
2495 3282 2837 3339 nequaquam
2881 3282 2981 3338 per
3009 3280 3201 3323 manus
3230 3265 3659 3337 impositionem,
3692 3264 3770 3317 sae

2187 3361 2412 3417 cerdotii
2461 3359 2557 3416 tibi
2601 3360 2841 3415 traderet
2885 3368 3306 3415 sacramentum.
3354 3357 3464 3414 Per
3494 3358 3599 3413 hoc
3635 3353 3767 3411 enini

2186 3453 2332 3522 quod
2361 3451 2628 3507 venaliter
2662 3449 2944 3521 accepisti,
2991 3458 3395 3519 consequenter
3420 3450 3493 3503 ad
3530 3442 3767 3502 sacerdo-

2187 3548 2322 3602 tium
2355 3546 2719 3617 promoveris;
2752 3553 2916 3614 atque
2941 3543 3062 3599 ideo
3093 3542 3220 3599 licet
3249 3543 3341 3599 illa
3375 3556 3575 3599 manus
3603 3539 3762 3610 impos

2187 3638 2310 3699 ﬁtio
2338 3650 2445 3692 non
2489 3636 2692 3692 venalis
2723 3635 2815 3703 sit,
2866 3636 2959 3691 sed
3004 3634 3265 3708 gratuita,
3306 3642 3653 3707 nequaquam
3693 3636 3767 3684 ιιι

2188 3745 2330 3796 men,
2359 3737 2618 3799 quantum
2646 3728 2714 3783 ad
2755 3736 2808 3783 te
2835 3736 3065 3799 spectat,
3102 3743 3132 3782 a
3158 3727 3471 3784 venalitatis
3494 3735 3580 3783 est
3603 3719 3777 3824 surdi:

2184 3820 2287 3874 bus
2309 3820 2506 3874 aliena.
2537 3816 2813 3873 Venalitas
2837 3819 2982 3873 enim
3006 3818 3051 3874 si
3080 3818 3187 3875 sibi
3210 3827 3336 3874 nota
3369 3827 3480 3888 est,
3507 3816 3758 3873 contami-

2185 3918 2280 3965 nat
2325 3916 2734 3965 consecrantem
2760 3948 2775 3973 ,
2830 3909 3068 3981 gratuita
3119 3910 3460 3965 consecratio
3514 3902 3763 3963 mundare

2186 4018 2290 4060 non
2353 4002 2499 4059 valet
2546 4009 2869 4072 emptorem.
2927 3999 3249 4058 Obscenitas
3311 3998 3577 4056 immundi
3626 3992 3759 4050 ἰωὰ

2183 4096 2497 4153 commercii
2527 4094 2770 4152 sordidat
2800 4094 3082 4161 mundum,
3110 4094 3349 4167 gratuita
3376 4106 3573 4151 manus
3600 4092 3756 4161 ὶωρσο

2183 4189 2307 4246 sitio
2335 4204 2440 4243 non
2467 4196 2645 4258 potest
2669 4186 2979 4242 emaculare
3009 4186 3294 4257 pollutum.

2252 4284 2517 4342 Mendacii
2572 4282 2801 4338 forsitan
2840 4297 3059 4351 arguor,
3111 4282 3155 4338 si
3200 4283 3347 4355 quod
3391 4281 3586 4354 loquor
3623 4270 3757 4333 sacri

2180 4383 2380 4456 eloquii
2408 4380 2715 4438 testimonio
2746 4395 2851 4435 non
2876 4376 3099 4434 afﬁrmo.
3127 4379 3232 4434 Per
3258 4380 3513 4452 Aggaeum
3538 4372 3755 4473 namquid

2181 4478 2497 4550 prophetam
2525 4475 2753 4530 dicitur:
2777 4492 2797 4526 ι
2826 4470 2955 4528 Haec
2981 4473 3112 4528 dicit
3142 4473 3402 4527 Dominus
3439 4471 3581 4563 licus
3608 4470 3751 4563 exe:

2183 4548 2386 4627 eituum
2417 4585 2430 4621 :
2466 4566 2743 4636 interroga
2801 4564 3113 4619 sacerdotes
3168 4562 3340 4634 legem
3368 4605 3384 4630 ,
3437 4561 3620 4616 dicens
3660 4548 3747 4606 ξεῖ

2176 4659 2361 4721 tulerit
2391 4658 2551 4712 homo
2581 4668 2797 4711 carnem
2831 4651 3224 4708 sanctiﬁcatam
3255 4652 3306 4705 in
3330 4665 3425 4706 ora
3454 4636 3747 4704 vestimenti

2172 4756 2280 4824 sui,
2310 4760 2366 4808 et
2396 4749 2635 4823 tetigerit
2661 4748 2728 4804 de
2768 4745 3079 4803 summitate
3106 4743 3223 4813 ejus
3253 4758 3473 4815 panem,
3508 4746 3599 4796 aut
3624 4731 3731 4807 ριιῐε

2173 4856 2439 4913 mentum,
2472 4848 2565 4899 aut
2595 4842 2801 4906 vinum,
2843 4849 2936 4895 aut
2966 4839 3167 4906 oleum,
3194 4847 3290 4894 aut
3315 4844 3530 4895 omnem
3556 4833 3739 4890 cibum.

2174 4940 2419 5014 nunquid
2439 4933 2907 4995 sanctiﬁcabitur?
2929 4930 3342 5003 Respondentes
3371 4938 3546 5025 autem

2175 5010 2329 5072 Anio;
2385 5034 2641 5072 ιιιυιηιηι
2665 5049 2678 5061 -
2711 5027 2849 5072 Νηη-
2883 5027 2949 5072 Et
2979 5025 3115 5072 dixit
3142 5024 3390 5072 Agamus-
3424 5018 3478 5072 Si
3523 5010 3739 5072 tenuerit
