3964 5310
1329 363 1536 422 LIBER
1571 361 1850 432 PRIMUS,
1891 363 2108 422 EPIST.
2139 365 2278 422 XIII.

2618 183 2722 291 ἡ

3335 365 3446 424 ﬁt!

149 451 378 531 ordinis
409 467 754 548 dignitatem.
801 471 1044 544 Dignitas
1075 487 1208 530 vero
1245 473 1378 532 licet
1421 491 1517 546 per
1565 491 1756 530 manus
1783 477 1834 542 Α
1861 479 1988 548 quia
2037 479 2418 538 inexcusabilis
2497 481 2606 538 erit
2677 481 2858 540 omnis
2903 481 2998 554 qui
3037 498 3072 540 a
3113 482 3346 540 Domino
3389 493 3444 540 et
3485 505 3506 560 ε

147 569 578 640 fmpositionem
607 567 842 642 gratuito
871 567 942 622 sit
987 577 1231 640 accepta,
1273 585 1616 640 nequaquam
1671 577 1754 624 ta-

151 677 290 718 men
327 662 558 717 mundat
588 669 908 732 emptorem.

235 755 434 810 Adhuc
473 763 654 810 autem
698 753 764 808 ad
792 751 1164 808 investituram
1205 751 1384 818 redeo,
1413 751 1776 836 etaim,“qu-

153 861 272 924 non
305 845 630 911 Ecclesiam,
674 846 768 900 sed
809 843 1066 900 Ecclesite
1097 843 1298 924 praedia
1327 851 1378 898 te
1405 829 1756 914 comparasse

155 919 445 1007 gloiidris,
489 937 726 1009 inquiro.
761 935 904 992 Sane
933 952 1056 992 cum
1097 919 1348 992 baculum
1395 935 1484 992 ille
1511 935 1617 992 tuis
1643 951 1759 992 ma-

159 1033 330 1087 nibus
379 1032 622 1094 tradidit,
675 1031 922 1088 dixitne:
965 1051 984 1084 ι
1014 1031 1212 1101 Accipe
1255 1042 1452 1096 terras,
1492 1039 1656 1101 atque
1679 1031 1758 1086 di-

161 1128 334 1180 vitias
365 1125 514 1182 illius
533 1123 788 1182 Ecclesiae
816 1143 830 1180 :
865 1145 883 1178 ι
916 1141 984 1180 an
1011 1125 1210 1196 potius,
1238 1125 1380 1196 quod
1408 1133 1616 1180 certum
1642 1133 1755 1180 est:

167 1235 188 1269 ι
221 1219 426 1288 Accipe
469 1217 812 1274 Ecclesium?
844 1238 862 1270 ι
897 1217 1050 1286 Quod
1095 1219 1140 1272 si
1175 1217 1314 1272 bona
1357 1215 1614 1284 Ecclesia:
1641 1216 1758 1272 sine

163 1309 414 1366 Ecclesia
461 1311 773 1382 suscepisti,
805 1311 1187 1366 schismaticus
1215 1327 1274 1366 es
1324 1321 1488 1382 atque
1530 1309 1756 1366 sacrile-

163 1417 302 1474 gus,
335 1403 430 1474 qui
463 1405 606 1460 bona
637 1403 894 1458 Ecclesiae
923 1403 991 1458 ab
1017 1403 1260 1460 Ecclesia
1293 1401 1510 1470 dividis,
1540 1401 1760 1472 etquod

163 1495 404 1551 alienum
449 1505 556 1562 est,
597 1497 866 1552 violenter
911 1497 968 1552 in
1016 1497 1090 1550 tui
1136 1511 1268 1552 usus
1289 1493 1414 1564 jura
1463 1495 1758 1550 convertis.

165 1587 322 1656 Quod
361 1589 408 1644 si
451 1587 752 1645 Ecclesiam
805 1589 1112 1658 suscepisti,
1141 1589 1284 1660 quod
1309 1589 1530 1644 omnino
1561 1601 1764 1660 negare

163 1696 272 1734 non
315 1688 495 1750 potes,
536 1681 727 1752 procul
758 1679 922 1736 dubio
957 1677 1132 1736 factus
1173 1694 1234 1734 es
1291 1679 1620 1734 simoniacus
1659 1697 1672 1732 :
1707 1685 1764 1734 et

161 1771 316 1841 ptius
377 1780 430 1828 te
479 1773 744 1836 venalitas
793 1771 920 1830 fecit
963 1773 1303 1838 haereticum,
1359 1787 1523 1842 quam
1569 1784 1762 1828 manus

1861 571 2104 630 Ecclesia
2141 576 2226 630 cui
2257 585 2592 645 competunt,
2629 577 2827 644 aufert,
2867 587 3068 646 vastat,
3111 579 3321 634 invadit
3359 579 3444 636 vel
3495 571 3500 576 ’

1861 665 2042 734 eripit,
2077 681 2248 736 usque
2273 668 2340 722 ad
2361 669 2819 736 emendationem,
2845 669 3210 742 Ecclesiaeque
3231 669 3448 726 satisfa~

1860 759 2122 826 ctioncm,
2161 770 2222 814 ut
2251 760 2552 832 sacrilegus
2587 761 2944 832 dijudicetur;
2976 771 3032 818 et
3065 762 3114 818 si
3147 763 3442 818 emendare

1861 847 2114 914 noluerit,
2165 851 2685 906 excommunicelur.
2733 851 3028 908 Anacletus
3071 861 3254 906 autem
3299 849 3446 922 Papa

1863 939 2024 1010 longe
2061 949 2188 994 ante
2219 940 2360 996 inter
2389 941 2492 996 alia
2535 941 2703 996 multa
2757 941 3064 998 subiufert:
3097 959 3116 994 ι
3153 942 3256 1010 Qui
3301 941 3446 994 enim

1863 1047 1952 1090 res
1983 1033 2236 1092 Ecclesiae
2265 1034 2572 1100 abstulerit,
2619 1035 2966 1108 sacrilegium
2993 1035 3146 1104 facit,
3195 1045 3250 1092 et
3280 1035 3434 1092 sacri:

1863 1125 2016 1196 legus
2040 1127 2378 1198 deputandus
2405 1137 2508 1184 est.
2539 1147 2558 1180 ι

1932 1219 2076 1288 Papa
2111 1233 2326 1290 quoque
2347 1218 2548 1274 Lucius
2577 1219 2630 1274 in
2657 1219 2878 1275 decreto
2903 1235 3002 1276 suo
3025 1219 3106 1276 sic
3133 1221 3210 1274 ait
3233 1234 3250 1273 :
3279 1237 3298 1270 ι
3331 1217 3442 1273 Re-

1865 1326 1986 1365 rmn
2027 1311 2546 1376 ecclesiasticarum,
2575 1323 2630 1365 et
2679 1309 2998 1366 facultatum
3035 1319 3282 1382 raptores
3311 1325 3338 1362 a
3385 1310 3449 1364 li-

1866 1403 2102 1458 minibus
2133 1411 2334 1456 sancta:
2359 1401 2614 1458 Ecclesia:
2647 1401 3196 1466 anathematizantes,
3231 1407 3451 1471 aposto-

1870 1495 1970 1550 lica
2003 1495 2328 1550 auctoritate
2357 1495 2608 1563 pellimus
2637 1503 2690 1549 et
2719 1493 3064 1558 damnamus,
3093 1501 3256 1564 atque
3281 1489 3450 1547 sacri-

1865 1587 2013 1660 legos
2037 1601 2156 1642 esse
2178 1585 2503 1655 judicamus.
2537 1605 2555 1638 ι
2599 1585 2886 1642 Possemus
2913 1595 2970 1640 et
2999 1583 3104 1640 alia
3143 1599 3306 1655 quam
3329 1581 3450 1654 plu-

1865 1682 2006 1736 rima
2031 1679 2422 1736 catholicorum
2453 1677 2676 1734 Patrum
2702 1677 2946 1750 exetupla
2983 1690 3302 1748 congerere,
3342 1673 3450 1730 nisi

1863 1774 2150 1844 perSpicuc
2188 1786 2644 1849 cognosceremus
2669 1785 3010 1840 nequaquam
3033 1769 3140 1825 hoc
3167 1764 3446 1838 epistulari

162 1861 444 1932 impositio
474 1863 728 1918 redderet
766 1873 1164 1936 consecratum.
1196 1861 1346 1918 Tunc
1377 1863 1522 1918 enim
1566 1877 1756 1918 conse-
1784 1853 1834 1914 Β
1862 1867 2186 1936 compendio
2209 1866 2520 1921 convenire.

163 1956 468 2012 crationem
498 1955 905 2010 evidentissime
934 1933 1208 2036 Soe‘n‘iis’t‘i,
1252 1969 1376 2036 cum
1421 1954 1496 2016 id,
1537 1963 1758 2024 propter

161 2049 304 2118 quod
342 2049 412 2105 ad
438 2051 906 2106 consecrationem
945 2027 1344 2122 pibmoi'eitdus
1377 2065 1520 2114 eras,
1555 2049 1756 2104 venali-

162 2148 244 2194 tcr
275 2141 558 2212 accepisti.
614 2141 706 2196 Sic
738 2141 882 2196 enim
929 2157 1094 2196 unum
1143 2143 1316 2212 pende
1363 2155 1430 2200 ex
1471 2141 1663 2208 altero,
1699 2151 1758 2198 ut

163 2233 250 2300 qui
283 2244 502 2290 terrena
533 2233 788 2292 Ecclesia:
821 2235 962 2290 bona
995 2236 1240 2306 suscipit,
1275 2236 1340 2290 ad
1372 2237 1600 2308 gratiam
1626 2251 1759 2292 con-

166 2327 498 2386 secrationis
531 2325 768 2396 aspiret;
800 2337 856 2382 et
885 2328 976 2398 qui
1017 2329 1429 2384 consecratione
1453 2329 1754 2398 perficitur,

165 2420 304 2474 bona
335 2417 602 2474 Ecclesiae
633 2417 686 2472 in
731 2433 860 2472 usus
885 2419 1176 2490 egentium,
1209 2429 1264 2473 et
1293 2427 1488 2477 caetera
1531 2419 1754 2490 pietatis

164 2523 326 2582 Opera
351 2511 720 2580 dispensanda
749 2519 1056 2566 conservet.
1091 2507 1203 2566 Hoc
1235 2509 1415 2580 itaque
1443 2511 1602 2566 modo
1628 2511 1755 2566 licet

163 2603 559 2660 ecclesiasticae
593 2603 700 2674 ιθ
723 2603 994 2660 facultatis
1051 2606 1254 2660 mentio
1297 2605 1352 2658 in
1399 2605 1512 2680 ipsa
1561 2617 1754 2660 manus

165 2697 516 2768 impositione
571 2710 676 2750 non
729 2695 856 2762 ﬁat,
918 2698 964 2751 is
1014 2705 1190 2752 tamen
1247 2697 1334 2766 qui
1383 2707 1754 2765 consecratur,

165 2787 434 2842 bonorum
499 2783 758 2840 Ecclesiae
817 2786 1158 2856 dispensator
1210 2783 1472 2852 eilicitur;
1538 2794 1594 2840 et
1630 2802 1752 2840 cum

163 2876 466 2934 Ecclesiam
519 2877 769 2948 suscipit,
800 2877 1049 2948 quamvis
1097 2875 1170 2932 nil
1200 2885 1326 2932 tunc
1368 2875 1434 2931 de
1465 2891 1754 2932 consecra-

163 2971 310 3026 tione
337 2971 575 3030 dicatur.
607 2971 672 3025 ad
700 2971 802 3026 hoc
828 2980 1006 3026 tamen
1040 2979 1099 3026 ut
1129 2981 1480 3027 consecretur
1512 2971 1750 3044 eligitur.

231 3061 314 3116 Ab
345 3061 470 3132 ipso
505 3061 667 3131 plane
696 3063 968 3134 principio
999 3063 1274 3118 nascentis
1319 3062 1578 3120 Ecclesiae
1606 3063 1750 3120 salu-

161 3154 274 3209 bris
306 3157 426 3210 haec
447 3156 618 3224 cmpit
641 3157 976 3212 consuetudo
1003 3155 1262 3220 fidelium,
1287 3165 1346 3212 ut
1389 3173 1484 3211 sua
1525 3171 1754 3227 qumque

1933 1958 2030 2014 His
2055 1959 2238 2026 itaque
2267 1965 2582 2012 sanctorum
2609 1953 2952 2024 pontificum,
2981 1951 3210 2022 aliisque
3227 1959 3448 2004 senten-

1863 2051 1954 2106 tiis
1996 2049 2284 2104 manifeste
2326 2046 2693 2110 convinceris,
2737 2045 2992 2115 quoniam
3033 2051 3128 2098 aut
3183 2039 3444 2096 Ecclesia

1861 2143 2008 2199 bona
2047 2143 2164 2198 siue
2213 2139 2456 2198 Ecclesia
2507 2139 2816 2209 suscepisti,
2862 2147 2918 2192 et
2953 2137 3156 2192 idcirco
3187 2144 3448 2204 tanquam

1861 2243 2048 2305 raptor
2071 2245 2232 2304 atque
2259 2231 2555 2302 sacrilegus
2578 2229 3052 2294 auathematizari,
3075 2237 3132 2283 et
3161 2229 3229 2282 ab
3259 2226 3446 2281 Eccle-

1861 2329 1955 2385 siae
1999 2329 2278 2384 liminibus
2321 2327 2486 2384 debes
2513 2324 2712 2397 expelli
2745 2343 2758 2379 :
2793 2335 2888 2380 aut
2921 2333 3092 2388 certe,
3140 2323 3282 2393 quod
3331 2337 3448 2392 pcr-

1859 2425 2108 2493 spicuum
2147 2433 2254 2487 est,
2283 2431 2336 2476 et
2373 2435 2572 2490 negare
2603 2433 2712 2474 non
2748 2429 2922 2488 potes,
2961 2415 3260 2472 Ecclesium
3284 2412 3446 2470 simul

1859 2531 1986 2570 cum
2021 2515 2178 2568 bouis
2225 2512 2482 2569 Ecclesiae
2526 2511 2702 2582 pretio
2747 2509 3050 2572 redemisti,
3095 2508 3324 2576 ideoque
3365 2505 3447 2560 di-

1856 2619 2024 2679 gnum
2053 2617 2138 2662 est
2184 2615 2254 2670 te,
2287 2617 2344 2662 ut
2389 2619 2580 2661 revera
2633 2603 2992 2658 simoniacam
3037 2611 3094 2656 et
3130 2601 3446 2656 btereticum

1858 2699 2112 2757 canonici
2183 2698 2386 2768 vigoris
2437 2696 2688 2753 examine
2750 2693 3120 2750 condemnari.
3175 2689 3446 2745 Canonica

1857 2795 2112 2851 nimirum
2160 2791 2432 2846 sententia
2471 2797 2557 2844 est
2585 2787 2696 2851 illa,
2729 2803 2838 2856 qua
2887 2786 3129 2840 dicitur:
3165 2801 3184 2834 ι
3223 2781 3280 2836 Si
3324 2779 3448 2850 quis

1857 2889 2164 2958 episcopus,
2203 2885 2312 2955 20
2335 2889 2432 2937 aut
2474 2881 2778 2953 presbyter,
2825 2887 2920 2932 aut
2957 2876 3124 2931 abbas
3157 2889 3254 2944 per
3285 2885 3446 2942 pecu-

1857 2983 2002 3038 niam
2037 2980 2180 3035 hanc
2205 2975 2502 3034 obtinuerit
2528 2974 2876 3044 dignitatem,
2913 2967 3200 3036 deiiciatur
3244 2967 3358 3036 ipse
3389 2971 3448 3016 et

1855 3073 2134 3130 ordiuator
2160 3071 2296 3142 ejus,
2318 3077 2374 3122 et
2401 3084 2432 3120 a
2453 3064 2836 3124 communione
2863 3069 3046 3116 sancta
3073 3057 3248 3114 modis
3273 3055 3445 3110 omni-

1857 3167 1960 3224 bus
2021 3163 2412 3230 abscindatur,
2463 3170 2516 3216 ct
2565 3159 2638 3216 sit
2680 3157 2998 3220 anathema,
3061 3153 3202 3209 sicut
3254 3149 3450 3206 Simon.

165 3247 488 3312 vendentes,
525 3245 590 3300 ad
621 3247 786 3317 pedes
815 3247 1202 3318 apostolorum,
1232 3247 1755 3318 apostolicorumque
1781 3234 1829 3302 (ἶ
1865 3259 2051 3330 uagus
2081 3275 2112 3312 a
2151 3255 2314 3312 Petro
2337 3254 2474 3326 (Act.
2506 3251 2648 3324 νιιι).
2679 3271 2698 3304 ι

160 3337 408 3392 virorum
449 3337 709 3408 pecunias
741 3347 1023 3408 ponerent,
1059 3338 1255 3410 quibus
1290 3338 1364 3392 illi
1414 3339 1754 3396 necessitati-

159 3427 262 3483 bus
299 3443 604 3500 pauperum
647 3429 890 3484 subsidia
933 3429 1466 3502 ministrarentMct.
1498 3433 1594 3496 tv).
1631 3431 1758 3490 Post

163 3529 350 3575 autem
387 3519 564 3575 visum
610 3529 696 3576 est
739 3521 944 3576 sanctis
974 3521 1248 3588 Patribus,
1283 3523 1374 3592 qui
1402 3523 1610 3579 scilicet
1651 3523 1758 3580 illis

165 3612 216 3664 in
256 3613 404 3667 sacri
455 3613 738 3684 regiminis
775 3613 965 3670 ordine
1005 3625 1405 3682 successerunt,
1462 3625 1520 3670 ut
1575 3617 1610 3672 ii
1659 3615 1756 3689 qui

163 3711 618 3760 converterentur
655 3705 722 3760 ad
768 3705 1075 3772 Dominum,
1107 3721 1446 3778 nequaquam
1489 3707 1756 3763 distrahe-

165 3803 286 3850 rent
313 3795 540 3865 praadia,
575 3797 668 3852 sed
696 3811 760 3854 ea
792 3797 997 3852 sanctis
1027 3797 1284 3854 Ecclesiis
1317 3799 1612 3864 traderent,
1645 3814 1755 3854 non

163 3885 276 3956 jam
334 3888 672 3956 transitorie,
733 3891 826 3945 sed
859 3891 983 3962 jure
1037 3900 1296 3963 perpetuo
1344 3892 1756 3948 necessitatibus

166 3979 526 4051 indigentium
563 3981 863 4052 profutura.
893 3984 960 4038 Et
989 3995 1138 4040 certe
1177 3999 1272 4060 per
1303 3983 1520 4057 Moysen
1554 3985 1608 4038 in
1641 3985 1758 4055 lege

166 4073 484 4142 praecipitur
527 4093 538 4127 ;
579 4094 594 4124 ι
627 4073 822 4142 Omne,
867 4077 1059 4147 inquit,
1111 4076 1254 4146 quod
1303 4076 1531 4131 Domino
1569 4091 1758 4134 conse-

165 4167 376 4231 cratur,
420 4169 536 4226 sive
577 4171 759 4234 homo,
806 4171 922 4227 sive
975 4187 1126 4244 ager,
1176 4189 1282 4228 non
1327 4174 1609 4240 vendetur,
1656 4189 1758 4230 nec

167 4261 611 4334 redimi‘poterit.
643 4261 916 4332 Quidquid
951 4265 1118 4320 semel
1163 4263 1326 4320 fuerit
1357 4276 1755 4333 consecratum,

167 4363 420 4408 sanctum
467 4365 784 4410 sanctorum
835 4359 940 4412 erit
987 4357 1214 4412 Domino
1261 4357 1450 4430 (Leuit.
1501 4364 1694 4426 xxvii).
1733 4378 1752 4412 ι

167 4446 310 4503 Ecce
357 4447 448 4502 hic
494 4448 938 4506 manifestissime
1009 4453 1325 4521 prohibetur
1368 4467 1452 4520 ea,
1495 4468 1614 4524 quae
1657 4453 1759 4507 Do-

169 4539 317 4594 mino
361 4552 777 4608 consecrantur,
809 4543 890 4598 vel
933 4544 1090 4598 vcndi
1137 4545 1354 4610 debere,
1389 4545 1471 4600 vel
1525 4545 1753 4610 redimi;

1939 3350 2038 3408 libi
2067 3347 2386 3410 notandum,
2419 3345 2564 3416 quod
2601 3359 2708 3400 non
2739 3342 2816 3397 ait
2845 3359 2858 3396 :
2893 3339 2948 3396 Si
2973 3337 3096 3410 quis
3132 3335 3274 3390 hanc
3312 3330 3454 3387 obtie

1861 3442 2044 3498 uuerit
2069 3438 2582 3499 consecrationem,
2611 3435 2728 3490 sive
2765 3447 2960 3487 manus
3007 3423 3448 3498 impositionem;

1859 3534 1956 3590 sed
1979 3533 2160 3604 potius
2189 3547 2202 3584 :
2231 3529 2290 3584 Si
2313 3530 2456 3600 quis,
2489 3527 2690 3596 inquit,
2723 3541 2818 3594 per
2855 3521 3140 3594 pecuniam
3181 3518 3323 3570 hanc
3343 3511 3444 3568 ob-

1861 3627 2086 3682 tinuerit
2121 3625 2464 3696 dignitatem.
2495 3620 2828 3676 Canonicum
2879 3628 2934 3670 et
2981 3612 3114 3670 illud
3159 3609 3448 3672 asserituv.

1859 3721 2004 3791 quod
2050 3717 2448 3789 promulgatum
2506 3729 2536 3768 a
2576 3713 2782 3768 sanctis
2821 3708 3076 3764 Patribus
3119 3707 3172 3758 iu
3217 3698 3452 3758 concilio

1861 3813 2130 3884 reperitur
2157 3830 2170 3864 :
2196 3809 2532 3874 Cavendum,
2563 3817 2619 3861 et
2643 3817 2984 3872 summopere
3007 3794 3446 3886 prtecavendum,

1860 3883 1937 3960 ac,
1975 3918 2071 3976 per
2119 3901 2378 3956 virtutem
2421 3897 2626 3954 Christi
2677 3893 2958 3965 sanguinis
3011 3883 3448 3944 iuierdicenduht

1859 3997 2164 4070 episcopis,
2223 4007 2279 4052 et
2337 3993 2589 4064 regibus,
2643 3999 2698 4046 et
2745 3989 2998 4080 erunibus
3043 3979 3450 4042 sublimioribus

1862 4093 2244 4168 p0testatibus,
2274 4101 2438 4160 atque
2459 4087 2672 4144 cunctis
2701 4071 3004 4139 facientibus
3028 4087 3084 4134 et
3118 4075 3450 4134 electoribus

1861 4201 2336 4258 quorumcunque,
2369 4191 2532 4252 atque
2553 4177 2998 4240 consensoribus,
3041 4187 3138 4228 seu
3174 4169 3450 4258 ordinato-

1827 4321 1834 4330 -
1863 4257 2014 4338 ribus
2049 4281 2102 4334 in
2131 4257 2298 4351 gradu
2329 4275 2736 4338 ecclesiastico;
2768 4281 2828 4324 ut
2861 4283 3024 4324 nemo
3059 4279 3156 4336 per
3189 4257 3450 4318 simonia-

1863 4387 1981 4428 cam
2025 4370 2270 4426 haeresim
2304 4365 2586 4437 regiminis
2620 4364 2796 4418 locum
2834 4359 3096 4419 obtineat,
3128 4359 3452 4422 quacunque

1861 4465 2117 4528 factione,
2148 4461 2462 4522 calliditate,
2495 4454 2874 4528 promissione,
2904 4465 2997 4506 seu
3037 4441 3446 4502 counuoditate,

1863 4567 1955 4612 aut
1983 4557 2272 4610 donatione
2299 4567 2396 4624 per
2426 4567 2506 4616 se,
2535 4557 2622 4604 aut
2651 4561 2749 4617 per
2773 4544 3028 4598 emissam
3059 4548 3370 4624 personam.

167 4633 261 4687 sed
275 4631 493 4700 jussnm
523 4643 604 4688 est
645 4649 710 4688 ea
759 4645 944 4691 sancta
974 4647 1284 4690 sanctorum
1307 4635 1510 4708 jugitcr
1541 4651 1754 4707 perma-
1787 4614 1836 4674 Ῐ)
1937 4645 2037 4700 Hic
2084 4614 2316 4714 quoque.
2348 4614 2672 4699 notandum,
2713 4631 2856 4702 quod
2914 4643 3036 4683 cum
3067 4621 3444 4695 pranuisissct,

169 4737 318 4777 nere.
351 4721 464 4778 Cur
487 4737 616 4796 ergo
647 4724 898 4796 gloriaris
929 4739 1116 4781 sancta
1167 4737 1476 4784 sanctormn
1510 4739 1560 4783 te
1585 4728 1762 4797 pretio

171 4815 493 4890 redemisse,
522 4827 576 4873 et
604 4833 718 4872 rem
749 4817 842 4873 Dei
871 4831 1056 4875 contra
1090 4821 1260 4892 legem
1292 4821 1407 4889 Dei,
1445 4838 1566 4894 quae
1592 4821 1762 4892 gratis

171 4919 512 4989 accipienda,
539 4922 716 4992 gratis
746 4922 916 4976 danda
969 4931 1074 4986 est,
1120 4921 1384 4978 venaliter
1415 4921 1764 4996 percepisse?

170 5007 450 5080 Tanquam
473 5027 580 5068 non
611 5013 688 5068 sit
713 5025 1016 5083 peccatmu,
1048 5015 1172 5084 quia
1202 5015 1319 5070 sine
1346 5015 1764 5074 consecratione

173 5099 232 5157 fit
289 5101 400 5158 tale
455 5103 886 5159 commercium?
953 5105 1056 5160 Sed
1108 5106 1311 5162 idcirco
1365 5107 1602 5168 fortasse
1653 5121 1762 5162 non

1864 4735 2150 4807 episcopis,
2195 4733 2340 4788 illico
2380 4727 2636 4790 subdidit,
2675 4723 2916 4792 regibus,
2965 4727 3022 4774 et
3053 4714 3308 4807 erunibus
3355 4725 3444 4807 su.-

1865 4801 2206 4884 blimiorilms
2236 4821 2627 4894 potestatibus;
2674 4825 2734 4870 ut
2765 4827 2870 4868 non
2921 4810 3082 4866 modo
3108 4803 3344 4862 cavenda
3383 4801 3454 4855 sit

1867 4923 2094 4978 haeresis
2125 4919 2214 4974 illa
2241 4917 2371 4974 solis
2394 4917 2660 4970 duntaxat
2686 4907 2977 4980 episc0pis,
3008 4903 3100 4974 qui
3132 4911 3456 4956 consecratio

1866 5015 1952 5070 dis
2001 5026 2194 5069 manus
2240 5011 2556 5079 imponunt;
2605 5003 2698 5058 sed
2747 5009 2802 5056 et
2848 4994 3200 5056 smeularibus
3237 5001 3454 5061 quoque

1865 5105 2225 5178 principibus,
2263 5101 2356 5171 qui
2409 5099 2536 5154 licet
2581 5095 2801 5166 injuste,
2851 5091 3034 5163 aliquo
3077 5083 3236 5139 modo
3277 5091 3486 5174 tamen.
