3964 5310
1240 192 1313 276 ό..

1025 351 1084 410 S.
1108 350 1314 413 PETRI
1350 356 1640 418 DAMIANI
1662 355 1813 421 ΟΡΡ.
1845 363 2026 426 PARS
2062 365 2197 431 SEU
2237 363 2472 439 TOMUS
2500 380 2543 439 I.
2574 354 2645 426 -—.
2682 383 2901 444 EPIST.
2929 386 3061 446 LIB.
3103 388 3236 449 VIII.

3659 391 3775 460 Μ

486 457 1028 578 τίιίυειρῖωῐθτιιηιιιιι
1057 465 1333 578 Ecclesiis,
1380 472 1475 575 sed
1504 482 1560 578 et
1598 474 1703 531 illis
1732 491 1956 578 quoque
1982 483 2072 552 qui
2106 493 2149 551 Α
2249 490 2401 560 Quod
2425 495 2702 567 Eugubina
2723 499 2984 573 Ecclesia,
3004 522 3126 578 quae
3152 504 3284 563 mibi
3302 505 3501 567 dudum
3520 500 3775 573 avestris

407 581 416 590 -
453 549 576 646 ,γει
607 551 792 622 plebes
818 568 1095 626 agrorum,
1129 559 1215 614 vel
1238 564 1584 621 canonicales
1619 549 1941 638 praebendas
1978 549 2079 646 per

412 720 415 723 _
453 641 853 745 [interventum
879 650 1122 745 pecuni?
1145 654 1463 723 pestilentcr
1491 660 1786 730 accipiunt,
1818 665 2080 725 simonia-

489 748 568 789 αθ
594 736 867 799 haereseos
895 724 1197 800 tenndic‘dlas
1248 761 1354 802 non
1387 750 1643 807 evadunt.
1671 753 1776 810 Per
1826 753 1882 815 id
1928 760 2076 815 enim

488 827 633 896 quod
673 830 938 886 venaliter
968 832 1354 906 assequuntur,
1390 841 1457 896 ad
1505 856 1786 900 Sacrorum
1813 850 2074 919 graduum

485 920 706 979 ordines
736 926 997 1003 tendunt;
1043 937 1099 984 et
1139 940 1268 987 tunc
1290 931 1405 1002 jam
1435 936 1781 994 destinantur
1821 941 1888 996 ad
1929 943 2077 999 ordi-

484 1026 601 1080 nes,
644 1030 769 1071 cum
810 1016 888 1073 illi
927 1019 1252 1091 suscipiunt,
1293 1040 1392 1096 per
1429 1042 1550 1098 qum
1577 1029 1786 1088 scilicet
1831 1034 1898 1089 ad
1937 1035 2076 1091 obti-

486 1106 664 1161 nenda
710 1121 989 1167 sacrorum
1039 1113 1302 1183 graduum
1353 1117 1685 1178 incrementa
1736 1126 2072 1198 pertingunt.

493 1193 745 1253 Iuitiatur
785 1201 931 1256 enim
963 1203 1030 1258 ad
1074 1202 1354 1276 dignitatis
1391 1210 1661 1278 ordinem,
1701 1193 1793 1285 qui
1827 1216 1893 1270 ad
1920 1193 2073 1273 ὀὶ)ιὶ-

487 1288 720 1344 nendum
751 1292 961 1347 ordinis
998 1298 1346 1352 constituitur
1371 1300 1705 1371 dignitatem.

516 1416 521 1419 ς
557 1378 683 1436 Haec
723 1397 810 1437 me
847 1384 1089 1442 breviter
1134 1389 1395 1447 adversus
1425 1394 1520 1450 cos'
1548 1394 1784 1455 dictasse
1814 1397 2067 1472 sufﬁciat,

482 1470 577 1541 qui
636 1473 756 1528 sine
817 1491 1010 1533 manus
1062 1480 1408 1551 impositione
1451 1488 1717 1545 venaliter
1767 1492 2069 1552 Ecclesiam

482 1564 823 1633 acquisiisse,
849 1583 957 1624 non
988 1585 1110 1626 esse
1154 1574 1511 1634 simoniacam
1543 1580 1932 1651 dogmatizant.
1966 1587 2070 1656 Qui

481 1655 738 1713 nimirum
767 1659 814 1715 si
838 1660 942 1717 hoc
969 1664 1310 1737 simpliciter,
1342 1683 1500 1740 prout
1523 1674 1624 1729 sibi
1651 1676 1945 1747 videretur,
1975 1697 2072 1737 cx-

414 1744 421 1752 ’
480 1746 801 1818 primerent,
829 1751 984 1809 stulti
1007 1756 1090 1813 vel
1122 1758 1345 1833 hebetes
1370 1764 1566 1819 merito
1589 1766 1903 1825 dicerentur
1933 1786 1948 1826 :
1972 1774 2066 1829 sed

477 1838 735 1907 quoniam
769 1843 1013 1899 nonnulli
1051 1846 1236 1904 talium
1268 1850 1319 1904 id
1362 1855 1666 1921 procaciter
1694 1869 1968 1928 astruunt,
2011 1874 2066 1921 et
2095 1862 2142 1923 Β
2172 1838 2341 1933 οοῗίγρ

479 1930 804 2000 quibusdam
826 1936 1253 2006 cavillationum,
1291 1957 1843 2023 argumentorumquc
1875 1970 2066 2012 versu-

478 2020 567 2078 tiis
605 2028 967 2096 pervicaciter
1019 2033 1252 2105 allegare
1301 2042 1656 2109 contendunt,
1718 2063 1825 2101 non
1875 2049 2065 2104 inmte-

477 2114 607 2182 rito,
642 2121 786 2189 quod
836 2122 989 2180 inviti
1020 2125 1275 2194 dicimus,
1318 2131 1697 2192 bmreticorum
1742 2155 1935 2195 nomen
1983 2142 2063 2197 in-

475 2216 724 2263 currunt.
773 2209 889 2266 Non
918 2214 1061 2269 enim
1098 2232 1273 2285 error,
1301 2220 1642 2290 htereticum,
1674 2228 1767 2282 sed
1805 2232 2060 2299 pervicax

476 2299 774 2360 obstinatio
811 2306 960 2364 facit.
1010 2309 1121 2367 Nec
1149 2327 1339 2371 onmes
1380 2317 1621 2376 haeretici
1672 2321 1886 2379 dicendi
1935 2336 2061 2383 sunt
2092 2330 2105 2407 ἕ

473 2391 567 2461 qui
595 2394 890 2463 opinantur
913 2414 1181 2467 errorem,
1218 2406 1313 2461 sed
1339 2407 1429 2477 qui
1470 2411 1847 2480 pertinaciter,
1880 2426 1935 2472 et
1963 2433 2064 2473 au-
2104 2404 2115 2449 λ

475 2483 664 2541 dacter
692 2490 991 2558 praedicant
1014 2493 1325 2553 falsitatem.
2064 2483 2127 2537 μέ

546 2575 644 2635 His
688 2579 874 2653 itaque
914 2587 1366 2656 praedicatoribus
1411 2602 1636 2660 satanae.
1687 2607 1743 2654 et
1799 2603 2058 2672 apostolis

474 2671 821 2741 antichristi,
859 2685 915 2731 tu
961 2682 1288 2739 venerabilis
1326 2683 1521 2755 Pater,
1571 2690 1808 2748 caelestis
1855 2694 2056 2767 eloquii

470 2764 651 2835 gladio
679 2771 1007 2840 praecinctus
1031 2790 1280 2845 occurre,
1335 2789 1387 2836 et
1419 2790 1677 2856 tanquam
1708 2787 1847 2844 alter
1868 2789 2051 2858 Josue,

469 2855 798 2917 Amalecitas
838 2878 1212 2937 Oppugnantes
1243 2855 1639 2948 Israel'(E;rod.
1667 2882 1828 2955 xvu),
1874 2855 2058 2957 evagi;

470 2959 601 3006 nato
639 2955 885 3011 canonici
928 2959 1132 3028 vigoris
1160 2979 1437 3028 mucrone,
1470 2980 1774 3040 prosterne.
1808 2955 2056 3035 Tollatur

469 3043 731 3099 emedio
777 3051 1103 3117 quantocius
1154 3062 1408 3113 tartareae
1448 3063 1827 3122 amaritudinis
1868 3070 2056 3126 aconi-

467 3321 751 3377 aromatici
783 3323 1042 3395 pigmeuti
1067 3331 1370 3404 quibusque
1391 3334 1771 3410 languentibus
1797 3345 2053 3417 propine-

467 3417 554 3465 tur
603 3412 897 3486 antidotus,
945 3420 1038 3490 qui
1084 3432 1141 3477 et
1179 3427 1433 3482 venenati
1471 3431 1677 3489 erroris
1726 3412 2053 3494 tollat-illu-

462 3507 628 3577 viem,
667 3521 724 3569 et
770 3529 915 3572 sanat
940 3526 1103 3590 atque
1144 3523 1374 3583 sincera:
1411 3529 1536 3587 fidei
1566 3535 1817 3592 reStituat
1844 3538 2054 3609 purita-

464 3610 594 3659 tem.
628 3603 806 3664 Unum
835 3611 889 3666 in
936 3613 1086 3671 calce
1123 3617 1286 3688 hujus
1333 3622 1574 3699 epistolae
1602 3629 1779 3686 sacris
1813 3603 2052 3691 clemen-

462 3695 549 3751 tiae
575 3708 769 3756 vestrae
793 3704 1014 3763 auribus
1040 3723 1304 3783 suggero;
1338 3723 1398 3771 ut
1428 3716 1479 3771 in
1501 3695 1777 3788 quantum
1816 3723 2050 3784 facultas

457 3791 715 3891 spppetit,
751 3810 1029 3867 nunquam
1060 3802 1143 3858 vel
1182 3802 1321 3871 fieri,
1352 3808 1437 3863 vel
1479 3824 1599 3868 esse
1626 3815 1906 3883 permittat
1935 3820 2051 3891 epi-

568 3860 571 3861 ν
882 3860 897 3867 -
1307 3860 1321 3871 .
1368 3860 1373 3861 κ
1406 3860 1437 3863 η
1486 3860 1598 3868 η--
1626 3860 1906 3883 τ--.........
1936 3860 2047 3891 ην.-

455 3860 702 3954 φορυιη.
741 3902 903 3959 quem
931 3892 999 3947 ad
1033 3893 1258 3955 honoris
1282 3899 1493 3957 culmen
1518 3906 1827 3965 constiterit
1852 3927 2047 3969 ascen-

455 3968 601 4029 disse
642 3990 741 4045 per
778 3983 1062 4049 praemium
1092 3987 1218 4042 :vel
1265 3991 1449 4059 etiam,
1499 3997 1644 4066 quod
1689 3968 2046 4063 damnabilius

452 4072 558 4147 est,
596 4081 695 4137 per
718 4072 943 4131 curialis
969 4077 1214 4150 obsequii
1241 4082 1580 4143 famulatum.
1616 4089 1772 4147 Absit
1799 4095 1944 4149 enim
1987 4105 2047 4154 ut

452 4157 546 4228 qui
576 4160 911 4230 pmlationis
947 4170 1152 4226 ambitu
1176 4176 1495 4234 saecularem
1525 4181 1693 4238 coluit
1718 4186 2040 4259 principem,

450 4246 754 4321 spiritalem
784 4258 1139 4316 ecclesiastici
1166 4263 1418 4323 culminis
1442 4270 1682 4329 obtineat
1705 4246 2045 4346 dignitatem.

980 4376 1315 4437 EPISTOLA
1365 4384 1506 4443 XIV.

1082 4488 1148 4527 AD
1188 4489 1428 4532 ευυυειι.

443 4556 1137 4638 Ακᾳυιεδτυημι--Ῐηίψςὶίι
1182 4566 1412 4637 quadam
1456 4568 1682 4631 affectus
1709 4575 1777 4632 ab
1806 4577 2040 4638 Alexan-

514 4632 615 4714 dro
658 4647 873 4718 summo
906 4632 1288 4705 pontificefet
1318 4639 1562 4718 Ecclesia
1611 4632 2039 4718 EttgubiitaIc-ui

514 4701 631 4774 ipse
652 4701 1243 4793 przeerat,'magnoperc
1263 4714 1601 4793 perturbata,
1622 4701 2034 4793 inhabilia;

512 4789 673 4863 qutun
701 4775 898 4830 acerbe
920 4775 1228 4863 expostulat
1252 4775 1659 4863 exprobrans'ei
1692 4804 1788 4844 sua
1814 4775 2031 4863 diei-iii;

513 4855 569 4926 et
602 4844 816 4900 labores
863 4862 962 4931 pro
990 4844 1119 4904 sedc
1151 4844 1446 4932 apostolica
1480 4844 2033 4932 exantlatoquuib'us

515 4914 778 4986 imparem
803 4914 1041 4998 gratiam
1094 4914 1317 4998 relatam
1366 4914 1741 4998 conqueritur.
1762 4914 2032 4995 “Quid;

509 4998 662 5068 ergo,
691 4995 750 5039 ut
771 4989 874 5042 sibi
915 4989 1096 5069 aliquo
1135 4995 1293 5069 modo
1311 4989 1575 5069 satisfiat,
1605 5018 1673 5057 ne
1697 5018 1851 5058 suam
1877 4989 2030 5063 indi:

511 5058 936 5142 gnatiouenqet
979 5058 1183 5137 justum
1235 5065 1500 5142 dolorem,
1556 5058 1717 5142 quem
1762 5058 2029 5137 hactenus

510 5127 896 5174 (inclinaverat-
949 5127 1176 5174 (εἶιυειιιηο
1213 5137 1331 5174 σιΙῖὅο
1370 5127 1544 5174 nn'n'tn
1574 5127 1775 5174 ἰ’-(ΑΛ-..
1830 5149 1998 5174 Ιὶ,....-

1308 5156 1331 5174 ο
1370 5141 1544 5174 nn'nln
1579 5141 1643 5174 1..
1654 5146 1775 5174 An-..

2180 585 2558 646 decessoribus
2587 602 2672 648 est
2713 598 3026 667 commissa,
3060 616 3237 668 nunc,
3274 603 3411 673 proh
3442 603 3630 661 dolor!
3685 616 3777 666 est

2178 680 2401 737 omnino
2426 684 2673 754 confusa,
2704 696 2760 742 ct
2790 689 2934 745 velut
2961 707 3086 748 area
3134 708 3256 764 quae
3283 695 3513 766 pedibus
3540 700 3773 756 concul-

2179 782 2353 840 catur,
2387 777 2620 848 abjecta,
2651 783 2888 852 peccatis
2916 786 3050 841 meis
3092 786 3144 841 id
3171 788 3513 860 exigentibus
3541 792 3771 864 deputo,

2179 881 2285 922 non
2313 867 2465 935 vitio,
2496 872 2640 939 quod
2669 874 2832 939 absit,
2863 886 3056 934 vestra:
3100 879 3389 950 parvitatis
3419 879 3485 954 [f.
3517 884 3769 954 paterni-

2178 956 2330 1031 tatis]
2368 960 2602 1018 ascribo.
2635 962 2920 1023 Multitudo
2965 969 3164 1042 quippe
3199 987 3444 1028 meorum
3492 973 3771 1031 scelerum

2176 1042 2363 1120 exigit,
2396 1059 2455 1105 ut
2500 1052 2546 1108 is
2597 1055 2761 1110 etiam
2808 1058 3042 1128 propriis
3095 1062 3350 1120 manibus
3395 1072 3521 1120 meo
3553 1063 3772 1135 pectori

2174 1140 2370 1197 vulnus
2396 1142 2619 1216 inﬂigat,
2651 1164 2751 1219 pro
2775 1165 2883 1220 quo
2913 1168 3017 1208 non
3054 1155 3328 1221 euerviter
3374 1165 3526 1214 stans
3554 1158 3783 1235 adver-A

2175 1247 2268 1288 sus
2316 1240 2483 1292 totum
2549 1240 2806 1295 mundum
2859 1252 3131 1303 certamen
3198 1248 3503 1319 assumpsi;
3568 1263 3777 1320 meque

2174 1323 2385 1395 gladiis,
2415 1342 2479 1383 ac
2497 1331 2709 1401 sagittis
2733 1333 2899 1389 totius
2927 1334 3041 1392 fere
3091 1337 3315 1395 humani
3346 1344 3566 1411 generis
3596 1345 3775 1400 durus

2172 1428 2229 1472 et
2276 1417 2658 1490 insuperabilis
2705 1425 3028 1483 colluctator
3073 1429 3266 1499 objeci.
3320 1432 3555 1489 Iloccine
3607 1434 3768 1497 mihi.

2172 1512 2500 1568 venerabilis
2541 1512 2722 1582 Pater,
2756 1519 3011 1574 meritam
3049 1522 3356 1591 reddidisti,
3401 1526 3546 1596 quod
3584 1541 3769 1582 causa

2175 1608 2279 1656 tua:
2335 1616 2637 1673 perorator,
2675 1608 2730 1664 in
2780 1620 3092 1667 sanctorum
3147 1615 3467 1685 pontificum
3514 1615 3773 1673 conciliis

2173 1694 2332 1749 toties
2379 1696 2562 1752 exstiti
2598 1717 2610 1753 :
2642 1701 2787 1770 quod
2839 1702 2893 1758 in
2942 1703 3231 1774 legationis
3280 1715 3385 1763 tuae
3413 1708 3563 1765 curis
3597 1718 3772 1780 atque

2171 1792 2424 1858 negotiis,
2476 1792 2793 1864 frequenter
2844 1798 2896 1853 in
2946 1800 3332 1870 saecularium,
3386 1802 3770 1879 laicorumque

2347 1892 2460 1946 utu,
2490 1886 2647 1954 quasi
2673 1888 2893 1957 quidam
2915 1892 3225 1949 causidicus
3252 1894 3551 1954 dcclamavi
3568 1897 3592 1952 ?
3611 1897 3770 1955 Haec.

2167 1972 2323 2041 eine,
2355 1975 2609 2046 inquam,
2658 1981 2790 2037 mihi
2830 2000 3054 2041 munera
3098 1982 3477 2057 redhibeatur,
3515 1992 3662 2062 quod
3708 1991 3771 2050 in

2166 2063 2351 2120 hostes
2403 2076 2523 2124 tuos
2576 2071 2842 2129 violenter
2897 2075 3163 2145 invectus,
3203 2094 3299 2136 eos
3345 2082 3770 2141 mordacissime

2166 2153 2436 2226 loquendo
2482 2170 2538 2215 et
2596 2164 2886 2223 scribendo
2921 2169 3189 2239 destruxi,
3232 2181 3391 2244 teque
3421 2188 3520 2245 per
3569 2174 3765 2231 multi-

2166 2249 2341 2303 moda:
2390 2252 2703 2321 scriptionis
2739 2257 3000 2316 articulos
3046 2261 3235 2330 extuli,
3271 2275 3525 2336 tuamque
3554 2279 3769 2323 memo-

2165 2339 2300 2395 riam
2332 2350 2388 2396 ct
2412 2344 2641 2416 egregia:
2664 2345 2838 2404 laudis
2870 2349 3020 2422 [add.
3063 2353 3106 2422 Ι.
3134 2354 3459 2429 prmcouia],
3493 2368 3767 2429 quantum

2120 2430 2217 2517 1in
2265 2448 2352 2489 me
2382 2433 2505 2500 fuit,
2553 2442 2718 2493 etiam
2757 2443 2896 2511 apud
2945 2455 3192 2514 posteros
3238 2450 3565 2523 propagavi?
3619 2448 3770 2518 Quid

2162 2528 2343 2599 itaque
2376 2530 2483 2601 22
2514 2530 2770 2604 fecerim,
2832 2537 3032 2607 quidve
3080 2541 3397 2612 pertulerim
3424 2586 3439 2612 ,
3478 2548 3761 2608 examinis
3852 2546 3855 2549 ¹

2162 2625 2330 2679 vestri
2365 2642 2598 2683 censura
2640 2630 2914 2701 discutiat,
2950 2651 3018 2691 uc
3049 2648 3273 2696 coactus
3322 2641 3481 2714 digna
3530 2646 3758 2717 querela

2160 2717 2455 2787 campellar
2480 2718 2719 2788 elllueie,
2748 2724 2893 2795 quod
2922 2726 3100 2783 adhuc
3128 2727 3348 2787 silentio
3377 2736 3754 2811 supprimens,

2159 2810 2249 2864 vix
2280 2826 2498 2881 possum
2556 2812 2785 2872 ulterius
2829 2817 3126 2876 occultare.
3179 2821 3292 2879 lloc
3337 2824 3484 2881 enim
3519 2828 3757 2886 necdum

2159 2904 2329 2961 Roma
2384 2923 2472 2963 me
2529 2909 2856 2967 referentem
2880 2954 2895 2979 ,
2940 2914 3025 2970 vel
3072 2918 3401 2977 scribentem
3458 2929 3714 2995 cognovit
3737 2966 3758 2994 ,

2157 2995 2388 3053 necdum
2419 3000 2539 3057 aliis
2570 3017 2669 3073 per
2691 3019 2776 3061 me
2809 3022 2894 3063 res
2923 3008 3048 3076 ista,
3079 3026 3202 3083 quae
3230 3015 3537 3073 sanctitatis
3559 3028 3760 3078 vestra:

2155 3088 2358 3147 famam
2389 3092 2676 3164 laceraret,
2703 3098 2956 3157 innotuit.
2982 3104 3122 3177 Agat
3146 3121 3279 3178 ergo
3307 3109 3398 3179 qui
3424 3109 3582 3178 laesit,
3612 3113 3761 3170 sicut

2155 3179 2377 3254 dignum
2422 3194 2524 3253 est,
2561 3189 2977 3257 paenitentiam:
3011 3205 3069 3250 ut
3097 3196 3143 3253 is
3185 3202 3278 3270 qui
3319 3199 3479 3257 Imsus
3506 3212 3615 3270 est,
3644 3220 3757 3262 non

2155 3277 2513 3347 compellatur
2550 3282 2768 3352 dignam
2820 3301 3153 3360 exaggerare
3199 3293 3497 3362 querelam.
3545 3295 3759 3368 Mitiget

2154 3368 2261 3425 olei
2291 3373 2532 3433 suavitas
2561 3379 2700 3433 aceti
2729 3380 3028 3438 mordentis
3060 3398 3304 3453 acorem,
3352 3396 3406 3442 et
3439 3387 3755 3448 tumcfactis

2155 3462 2459 3531 asperrima
2489 3468 2873 3527 verberatione
2903 3472 3190 3540 vibicibus,
3227 3475 3374 3533 mitis
3405 3493 3469 3534 ac
3519 3477 3754 3539 blandus

2152 3551 2538 3612 beneficiorum
2566 3559 2745 3632 liquor
2774 3562 2964 3620 influat
3003 3565 3311 3635 lenitatem;
3369 3569 3611 3638 alioquin
3655 3589 3755 3631 ne-

2152 3657 2305 3702 cesse
2323 3646 2435 3717 jam
2460 3650 2566 3705 erit
2610 3660 2688 3709 tot
2717 3654 2919 3712 ictuum
2947 3658 3173 3715 verbera
3198 3660 3512 3731 perferenti,
3546 3673 3607 3718 ut
3635 3665 3753 3736 ipse

2150 3756 2366 3813 quoque
2388 3742 2572 3819 (78)...
2602 3746 2842 3818 Sedjam
2870 3747 3099 3808 fracnum
3130 3753 3388 3825 libertati,
3412 3759 3751 3829 procacitate

2148 3838 2346 3916 lingua:
2371 3857 2641 3914 repressa,
2674 3844 2923 3913 adhibet),
2957 3846 3113 3904 labiis
3153 3848 3378 3922 digitum
3411 3868 3746 3925 superpono,

2149 3943 2205 3992 et
2228 3937 2323 4007 qui
2352 3935 2629 3992 miseriam
2669 3952 2863 4008 passus
2915 3953 3059 4008 sum,
3104 3941 3538 4013 misericordiam
3586 3959 3746 4002 versa

2146 4027 2269 4085 vice
2314 4028 2569 4099 deposco.

2214 4117 2506 4189 ,Prmterea
2564 4120 2630 4175 de
2685 4119 3061 4180 infelicissimo
3116 4124 3434 4183 Ravennate
3485 4127 3745 4202 episcopo

2146 4200 2489 4267 clementiam
2535 4220 2730 4268 vestra:
2781 4214 3089 4272 sanctitatis
3137 4216 3368 4289 imploro
3395 4258 3409 4285 ,
3468 4229 3636 4292 atque
3682 4200 3745 4277 ut

2143 4316 2291 4369 eum,
2317 4303 2610 4372 sicut_olim
2640 4306 2979 4376 decrevistis,
3017 4308 3229 4367 solvere
3263 4310 3580 4383 dignemini,
3611 4330 3743 4386 sup-

2142 4393 2359 4466 pliciter
2404 4396 2652 4454 obsecro.
2697 4399 2982 4472 Indignum
3018 4404 3219 4476 quippe
3257 4415 3362 4472 est,
3405 4416 3464 4461 ut
3513 4417 3741 4479 propter

2143 4486 2306 4543 unius
2352 4487 2730 4546 homuncionis
2789 4491 3095 4564 offensam,
3156 4505 3266 4551 tam
3320 4497 3741 4556 imuunerabilis

2142 4575 2430 4634 multitudo
2478 4579 2760 4636 hominum
2817 4583 3110 4652 depereat;
3170 4596 3227 4642 et
3266 4595 3477 4643 tantum
3530 4587 3740 4647 Christi

2141 4666 2402 4735 laborem,
2433 4683 2531 4739 pro
2556 4685 2664 4741 quo
2694 4673 2994 4742 pretiosum
3020 4677 3342 4748 sanguinem
3367 4677 3533 4747 fudit,
3562 4695 3629 4735 ac
3660 4689 3741 4738 tot

2138 4758 2487 4816 innocentum
2531 4762 2743 4821 animas
2771 4764 3094 4823 miserandae
3120 4769 3279 4827 unius
3300 4784 3548 4842 persona:
3578 4772 3739 4844 culpa

2135 4854 2441 4914 subvertat.

2206 4946 2468 5004 Nolumus
2508 4959 2691 5009 autem
2742 4962 2965 5012 sanctos
3015 4956 3203 5016 oculos
3240 4968 3452 5018 vestros
3496 4978 3737 5022 onerare

2130 5038 2375 5110 pluribus
2404 5041 2624 5111 litteris,
2669 5046 2763 5101 sed
2791 5048 2973 5103 ornnia
2996 5066 3118 5121 quae.
3141 5051 3372 5109 dicenda
3398 5064 3550 5121 sunt,
3577 5072 3735 5112 com-

2130 5132 2399 5174 mitlimnc
2422 5138 2777 5174 pvnnrinnlim
2818 5150 2936 5174 auuol
2949 5140 3099 5174 :Inn:c

3160 5142 3312 5174 IIII-\n
3345 5145 3509 5174 ἴητε..-
3539 5157 3729 5174 ’.η’-ΑΙ-
