3964 5310
245 316 360 373 2‘25

1441 315 1648 374 LIBER
1683 313 1964 384 PRIMUS,
2001 315 2220 375 EPIST.
2278 319 2400 378 XV.

3411 337 3525 396 226

247 443 408 485 scere
437 435 701 502 coeperat,
732 428 785 484 in
812 426 1046 500 antiquae
1074 426 1376 486 dilectionis
1398 439 1599 487 vestra:
1629 429 1840 486 deside-
1867 444 1917 504 Α
1946 430 2125 501 itaque
2171 429 2399 488 vallatus
2447 435 2710 506 angustiis
2751 439 2916 507 nitor,
2970 421 3515 522 moxqueTollabor;

252 523 391 583 rium
438 523 754 580 recalescat.

791 634 1125 693 EPISTOLA
1177 597 1308 691 xv.

869 746 938 785 AD
985 745 1224 787 EUIDEI.

248 821 650 880 ARGUIENTUI.
679 852 750 864 —-
784 821 1095 892 Respondet
1139 821 1381 892 pontifici
1428 821 1696 890 maximo,
1745 822 1837 894 qui

320 910 445 965 eum
478 902 765 965 rogaverat
809 907 906 964 per
944 893 1172 959 litteras,
1202 909 1269 949 ne
1297 902 1449 948 tanto
1497 893 1835 964 contempla-

227 964 230 966 ⁷
316 964 483 1019 tionis
526 964 705 1020 studio
746 972 1042 1029 teneretur,
1083 973 1143 1018 ut
1172 965 1238 1018 ad
1287 979 1347 1020 se
1393 965 1638 1021 scribere
1689 966 1833 1021 obli-

316 1035 657 1100 visceretur;
715 1036 807 1091 sed
853 1035 988 1090 adeo
1043 1035 1190 1090 curis
1224 1045 1279 1090 et
1309 1036 1540 1105 negotiis
1591 1036 1834 1106 profanis

314 1106 588 1175 impediri.
625 1115 685 1161 ut
725 1107 1123 1176 contemplandi
1173 1115 1380 1177 tempus
1426 1123 1532 1161 non
1585 1108 1780 1164 habeat
1814 1125 1828 1162 :

210 1197 228 1247 λ
312 1186 582 1245 przeterea
612 1191 671 1231 se
700 1191 804 1231 non
836 1192 993 1246 posse
1030 1176 1318 1247 tranquillo
1357 1188 1412 1232 et
1437 1193 1628 1234 securo
1651 1181 1832 1235 animo

205 1230 228 1258 ⁶
312 1230 484 1301 rebus
514 1230 716 1302 divinis
744 1230 1132 1316 Ope'ranrdare
1160 1230 1311 1303 iniis
1337 1230 1494 1314 locis,
1541 1251 1629 1304 ubi
1661 1250 1830 1305 latro-

314 1317 500 1388 citliis,
533 1318 740 1388 rapinis
768 1328 824 1372 et
849 1316 1244 1387 direptionibus
1268 1319 1450 1374 omnia
1482 1320 1674 1376 infesta
1698 1321 1827 1376 sint.

314 1386 746 1460 Hac‘occa'sione
773 1386 1074 1460 digreditur
1099 1389 1166 1443 ad
1193 1390 1586 1460 dinumeranda
1616 1391 1826 1448 scelera

307 1470 364 1514 et
408 1458 646 1532 ﬂagitia,
678 1474 796 1532 qua:
824 1458 892 1532 ab
933 1461 1240 1532 hominibus
1289 1459 1431 1515 illius
1483 1463 1824 1532 tempestatis

311 1529 533 1584 assidue
584 1530 1079 1585 committebantur.
1131 1531 1300 1585 Erant
1336 1546 1468 1586 sane
1510 1529 1826 1588 calamitosa

307 1615 370 1655 ea
409 1608 680 1669 tempora,
711 1601 908 1670 quibus
947 1602 1117 1656 armis
1146 1611 1202 1657 et
1239 1602 1481 1658 audaciae
1522 1605 1705 1659 omnia
1758 1605 1822 1660 li-

307 1671 540 1752 cebant}
589 1671 797 1752 legibus
830 1687 962 1727 vero
1003 1671 1347 1752 nulluslahut
1399 1673 1824 1752 exiguusdocus

305 1749 447 1796 erat.
490 1741 618 1796 Haec
647 1741 851 1798 idcirco
891 1751 1139 1798 recenset
1165 1744 1228 1797 B.‘
1264 1742 1456 1798 Petrus
1498 1741 1820 1812 Damianus,

1940 531 2111 588 tento,
2146 525 2238 579 sed
2275 535 2474 596 praesto
2519 528 2746 595 deficio;
2799 522 3268 606 contemplationis
3307 558 3518 599 summa

1941 629 2043 669 non
2067 625 2310 686 penetro,
2330 618 2382 672 in
2406 622 2834 691 compunctionis
2856 625 3124 698 lacrymas
3146 645 3251 688 non
3273 647 3519 707 erumpo.

1939 705 2088 762 Mens
2117 708 2261 763 enim
2291 711 2520 767 terrenis
2550 712 2904 771 obtenebrata
2938 721 3192 790 negotiis,
3230 705 3446 782 frustra
3460 743 3520 785 se

1938 801 1992 858 in
2032 803 2500 874 contemplationis
2551 806 2765 864 culmen
2815 810 3062 869 attollere
3107 814 3337 885 nititur,
3388 819 3518 878 dum

1936 891 2208 947 actionum
2229 894 2570 951 saecularium
2588 899 2808 966 merito,
2824 903 2979 972 quasi
2995 907 3264 977 congestis
3280 908 3518 981 lapidum

1935 986 2221 1044 ruderibus
2245 998 2588 1059 aggravatur.
2623 992 2774 1048 Sicut
2806 997 2949 1052 enim
2991 997 3138 1054 aluta
3163 1001 3329 1060 calcei
3359 1015 3514 1077 post-

1933 1089 2095 1145 quam
2128 1092 2224 1147 per
2271 1078 2459 1133 limosa
2493 1079 2591 1135 luti
2619 1079 2820 1138 ﬂuenta
2856 1089 3155 1158 transierit,
3183 1108 3293 1150 non
3321 1095 3517 1153 admit-

1935 1165 1999 1220 tit
2022 1167 2267 1224 arvinam
2299 1188 2311 1223 :
2340 1170 2421 1226 sic
2452 1186 2613 1230 mens.
2642 1173 2880 1232 humana
2920 1179 3025 1235 nisi
3052 1182 3120 1238 ab
3147 1183 3374 1243 humore
3403 1188 3521 1246 fue-

1933 1257 2004 1312 rit
2029 1273 2173 1314 cura:
2193 1260 2469 1345 saecularis
2491 1274 2675 1329 exuta,
2710 1281 2818 1322 non
2861 1270 3092 1342 percipit
3117 1289 3366 1345 supernae
3392 1278 3517 1350 pin-

1931 1349 2176 1419 guedinis
2235 1353 2484 1424 gratiam.
2538 1353 2722 1412 Pellis-
2756 1359 2901 1414 enim
2950 1361 3094 1418 sicca
3139 1349 3518 1438 pinguedinem

1931 1444 2210 1510 combibit,
2246 1446 2555 1505 bumefacta
2583 1451 2816 1523 repellit.
2849 1454 2917 1510 Et
2946 1457 3243 1516 humanum
3281 1477 3398 1532 cor,
3425 1466 3521 1522 do-

1931 1549 2031 1590 nec
2065 1551 2318 1592 curarum
2346 1541 2688 1598 saecularium
2727 1545 2948 1603 madore
2980 1552 3261 1623 turgescit,
3295 1557 3521 1627 saginas

1929 1627 2157 1684 internae
2195 1633 2382 1702 gratiae
2406 1650 2513 1690 non
2553 1637 2812 1694 admittit.
2844 1639 3005 1698 Unde
3042 1653 3099 1700 et
3127 1645 3215 1702 lex
3245 1647 3300 1703 in
3332 1660 3518 1709 monte

1927 1715 2106 1775 Horeb
2134 1721 2255 1776 data
2286 1722 2481 1795 legitur
2503 1724 2702 1798 (Exod.
2725 1731 2840 1802 xx),
2871 1734 3017 1802 quod
3041 1737 3291 1796 videlicet
3309 1741 3519 1798 siccitas

309 1824 368 1866 ut
423 1812 665 1902 pontifex
699 1827 787 1878 ea,
833 1823 995 1883 prout
1039 1825 1248 1884 tempus
1277 1814 1534 1902 locusque
1572 1811 1823 1902 postilla;
1851 1812 1898 1874 Β
1927 1811 2333 1885 interpretatur.
2360 1818 2452 1874 Illa
2497 1821 2728 1893 denique
2769 1841 2942 1893 mens,
2980 1844 3101 1899 qua:
3127 1845 3227 1902 per
3273 1849 3517 1894 amorem

303 1891 452 1948 rent,
487 1883 678 1938 tollere
729 1893 784 1938 et
836 1899 1088 1939 coercere
1145 1883 1459 1940 conaretur.
1507 1883 1655 1942 lat—er
1706 1889 1824 1944 haec

307 1953 451 2008 mala
503 1969 609 2008 non
631 1954 938 2027 mediocri,
965 1955 1076 2020 ait,
1108 1971 1166 2010 se
1192 1954 1300 2026 23
1337 1956 1613 2026 voluptate
1638 1957 1825 2027 perfu-

305 2039 426 2079 sum
445 2063 462 2088 ,
501 2024 644 2093 quod
672 2026 873 2080 certior
903 2025 1078 2081 factus
1100 2024 1244 2082 esset
1263 2024 1562 2083 comitatus
1602 2024 1825 2084 Ostien-

305 2095 383 2149 sis
421 2111 609 2150 euram
648 2110 679 2150 a
729 2111 787 2151 se
831 2097 1140 2162 sublatam,
1194 2107 1248 2152 et
1301 2097 1391 2151 alii
1418 2099 1823 2164 ;demandatam

305 2180 447 2220 esse.
500 2163 674 2234 Rogat
711 2166 839 2237 quin
868 2167 1076 2240 etiam_,
1122 2163 1567 2240 utepiscopatus
1607 2185 1825 2240 quoque

306 2252 448 2310 onus
478 2251 510 2290 a
535 2250 594 2310 se
637 2246 1004 2310 removeatur.
1037 2237 1234 2310 subdit
1256 2237 1548 2310 postremo
1595 2237 1826 2297 nonnul-

304 2306 386 2362 los
415 2307 749 2372 versiculos,
788 2308 879 2380 qui
905 2309 1147 2379 pontiﬁci
1169 2306 1289 2365 loco
1315 2310 1520 2366 oraculi
1545 2326 1666 2368 esse
1694 2329 1821 2384 pos-

303 2388 453 2433 sunt.

302 2479 516 2536 Domno
537 2480 869 2538 ALEXANDBO
896 2497 1122 2538 summa:
1147 2483 1292 2540 sedis
1320 2484 1570 2553 antistiti,
1603 2483 1821 2544 Psrnus

228 2580 490 2641 peccator
511 2574 809 2629 monachus
842 2574 1182 2631 servitutem.

299 2663 567 2720 Redditas
597 2665 731 2720 mihi
767 2667 1075 2722 sanctitatis
1118 2677 1314 2724 vestrae
1345 2669 1578 2737 litteras,
1615 2671 1819 2728 discolo

226 2754 468 2825 quodam
521 2753 800 2811 deferente
848 2758 1190 2828 presbytero,
1220 2758 1373 2815 laetus
1404 2761 1632 2832 arripui,
1665 2778 1820 2819 oscu-

227 2845 370 2902 latus
400 2846 657 2916 explicui,
697 2848 862 2904 celeri
892 2850 992 2905 sub
1020 2851 1279 2908 aviditate
1309 2853 1530 2926 perlegi.
1558 2855 1663 2912 Sed
1692 2873 1816 2914 cum

227 2946 439 2992 tantum
471 2939 812 2995 auctoritatis
848 2949 1042 2997 vestra:
1092 2943 1163 2998 sit
1201 2945 1433 3014 pondus,
1479 2955 1535 3000 ut
1563 2949 1696 3004 satis
1744 2950 1816 3006 sit

224 3029 394 3084 etiam
424 3029 470 3084 si
500 3031 601 3087 sub
634 3033 824 3102 paucis
869 3034 1117 3105 apicibus
1146 3034 1398 3104 cuiquam
1445 3045 1642 3094 vestrae
1685 3054 1814 3094 san-

223 3121 428 3177 ctionis
459 3124 728 3196 dirigatur
749 3126 1058 3194 ‘indiculus;
1089 3128 1199 3184 illic
1225 3137 1306 3185 tot
1339 3139 1465 3185 sunt
1494 3131 1815 3204 eloquentia:

222 3211 424 3281 ﬂores,
475 3224 551 3271 tot
591 3233 697 3273 non
729 3218 907 3274 dicam
958 3211 1312 3287 berilis,ised
1348 3232 1588 3294 paternae
1638 3227 1818 3296 potius

219 3309 417 3378 gratiae
447 3309 768 3378 suavitates,
795 3319 855 3366 ut
893 3314 1037 3382 quod
1083 3314 1414 3383 paupercula
1461 3316 1686 3371 missum
1734 3327 1819 3374 est

223 3401 475 3468 homini,
527 3403 691 3473 regia:
769 3404 1038 3461 sufﬁceret
1107 3407 1377 3478 dignitati.
1430 3408 1816 3467 Verumtamen

223 3495 331 3549 duo
355 3494 466 3550 illic
495 3495 702 3552 inserta
742 3498 946 3568 reperi,
969 3513 1091 3568 quae
1123 3514 1232 3566 me,
1260 3498 1458 3568 fateor,
1491 3503 1816 3559 erubescere

224 3587 622 3657 cetnpulerunt.
674 3589 898 3646 Dixistis
944 3591 1112 3656 enim,
1161 3600 1216 3646 et
1254 3592 1299 3649 si
1354 3610 1461 3649 non
1498 3595 1584 3650 bis
1609 3595 1811 3663 verbis,

222 3679 348 3751 quia
379 3690 604 3752 prapter
624 3683 1102 3753 contemplationis
1123 3685 1384 3752 studium,
1410 3685 1499 3741 cui
1524 3687 1815 3758 vigilanter

218 3770 502 3838 inhaereo,
551 3788 659 3827 non
710 3773 964 3828 deberem
1009 3788 1240 3844 prorsus
1269 3777 1521 3832 omittere
1559 3777 1690 3847 quin
1718 3794 1814 3835 vos

217 3862 512 3934 aliquando
567 3865 954 3921 dictaminibus
1005 3865 1305 3922 visitarem.
1359 3867 1474 3937 Ego
1542 3868 1810 3939 siquidem

213 3966 483 4026 quantum
529 3956 597 4011 ad
625 3965 696 4020 te,
729 3955 1054 4012 venerabilis
1101 3958 1292 4023 Pater,
1336 3960 1427 4028 qui
1462 3960 1528 4015 de
1557 3961 1814 4030 ponderis

177 4086 192 4100 .
217 4046 546 4120 episcopalis
587 4045 797 4116 abjectu
829 4062 1040 4103 mecum
1068 4048 1402 4104 unanimiter
1445 4052 1810 4118 concordasti,

218 4138 620 4211 contemplandi
650 4137 894 4209 quidem,
921 4149 1086 4210 atque
1113 4140 1352 4197 dictandi
1400 4141 1651 4213 perfruor
1675 4145 1810 4212 otio,

215 4231 312 4288 sed
355 4231 607 4287 molestis
663 4231 1097 4297 adventantium,
1130 4249 1531 4307 causarumque
1582 4239 1812 4310 negotiis

217 4323 599 4395 ingruentibus
634 4339 742 4377 non
795 4323 1022 4392 respiro.
1056 4323 1226 4380 Porro
1278 4335 1457 4381 autem
1495 4327 1621 4382 dum
1667 4329 1810 4386 intra

216 4414 424 4470 cellulae
458 4431 548 4471 me
575 4423 730 4486 septa
760 4415 1046 4483 concludo,
1075 4416 1222 4472 velut
1260 4417 1314 4473 in
1346 4428 1536 4491 portus
1560 4421 1704 4488 sinu,
1725 4419 1810 4478 vel

213 4505 267 4563 in
299 4509 520 4564 littorea
545 4508 786 4564 statione
816 4509 1076 4564 consisto.
1107 4507 1214 4566 Sed
1236 4511 1364 4582 quid
1392 4492 1808 4582 prodest?Nam

213 4599 338 4654 dum
371 4598 479 4654 illic
498 4597 613 4667 jam
659 4598 817 4668 quasi
864 4613 1089 4656 securus
1139 4600 1471 4671 quiescentis
1509 4602 1605 4658 otii
1643 4603 1810 4673 potiri

215 4690 606 4766 tranquillitate
655 4690 906 4747 desidero
933 4733 949 4760 ,
997 4708 1125 4750 ecce
1170 4695 1441 4752 saevientis
1493 4698 1682 4753 mundi
1721 4714 1809 4756 me

210 4783 381 4840 flabra
434 4786 778 4852 concutiunt,
829 4802 1114 4844 causarum
1169 4788 1550 4847 inundantium
1607 4791 1806 4852 fluctus

213 4877 508 4934 ferventius
549 4879 950 4945 intumescunt;
1000 4880 1162 4938 illatis
1192 4881 1518 4952 injuriarum
1548 4886 1803 4956 procellis

212 4966 428 5036 illidor,
477 4970 718 5025 violenta
778 4970 1139 5039 praediorum,
1213 4974 1297 5029 vel
1352 4992 1802 5050 quorumcunque

210 5071 567 5131 proventuum
591 5062 954 5119 diminutione
975 5069 1284 5135 perturbor,
1310 5069 1496 5128 dicens
1527 5087 1650 5128 cum
1677 5087 1804 5143 pro-

211 5155 369 5184 n'unln
403 5173 416 5184 ο
466 5154 894 5184 ΡαουιΑηικοιειοιιι-
945 5175 1116 5184 ..ρ-Α-..-

1935 1901 2155 1976 spiritus
2203 1925 2233 1962 a
2267 1911 2498 1968 terrenis
2525 1911 2578 1967 in
2629 1914 2736 1971 alta
2774 1919 3081 1977 sustollitur
3121 1901 3297 1996 (Paul.
3335 1909 3518 2002 xvnt),

1931 2011 2088 2054 mons
2115 2009 2218 2065 est,
2250 2001 2302 2056 in
2339 2018 2446 2073 quo
2479 2003 2565 2060 lex
2609 2005 2823 2064 Domini
2863 2012 2973 2086 24
2999 2001 3516 2094 irreprebensibilis,

1930 2102 2052 2158 quae
2085 2093 2270 2160 procul
2293 2094 2456 2151 dubio
2493 2097 2735 2156 charitas
2763 2114 2878 2171 est,
2911 2107 3169 2167 divinitus
3210 2116 3520 2190 promulga-

1932 2190 2040 2238 tur.
2082 2183 2149 2239 Et
2195 2186 2282 2240 hic
2310 2204 2464 2245 mons
2494 2194 2763 2250 veraciter
2806 2205 2890 2253 est
2932 2198 3133 2270 ﬂoreb,
3157 2183 3249 2274 qui
3293 2183 3516 2270 sicciias

1929 2271 2156 2340 dicitur;
2199 2275 2253 2332 in
2283 2293 2391 2348 quo
2425 2280 2676 2339 videlicet
2714 2287 2954 2344 omnium
2998 2271 3255 2351 vitiorum
3308 2297 3506 2356 humor

1928 2368 2268 2438 excoquitur,
2287 2381 2340 2426 ct
2369 2373 2436 2427 ad
2455 2375 2635 2432 radios
2656 2377 2784 2434 solis
2803 2379 3029 2450 iustitiae
3049 2396 3304 2445 cunctum
3328 2389 3510 2450 libidi-

1928 2460 2013 2515 nis
2044 2471 2208 2534 atque
2246 2467 2480 2524 carnalis
2516 2469 2785 2529 illecebrae
2835 2476 3057 2534 rheuma
3080 2479 3336 2538 siccatur.
3372 2484 3512 2543 Hinc

1927 2562 2011 2610 est
2057 2557 2198 2627 quod
2228 2573 2354 2615 vasa
2404 2563 2589 2634 templi
2618 2565 2871 2636 argillosa
2904 2577 3071 2637 terra,
3098 2586 3218 2642 quae
3259 2575 3514 2633 videlicet

1927 2659 2123 2715 aquam
2171 2648 2419 2704 sitienter
2464 2653 2695 2720 imbibit,
2727 2655 2914 2713 Hiram
2953 2661 3021 2716 ad
3071 2660 3378 2722 Salomonis
3417 2667 3516 2724 im-

1922 2736 2132 2806 perium
2164 2737 2450 2796 fabricavit
2479 2742 2599 2812 (III
2624 2744 2751 2818 Reg.
2785 2755 2905 2820 vn).
2934 2749 3011 2805 Ex
3032 2753 3228 2822 quibus
3253 2757 3510 2816 nimirum

1925 2829 2071 2884 vasis
2095 2837 2151 2884 et
2186 2829 2314 2886 illud
2365 2846 2468 2900 est,
2503 2837 2646 2906 quod
2693 2838 2868 2894 imbre
2925 2841 3139 2900 caelesti
3176 2849 3516 2920 concupiscit

1925 2919 2158 2990 impleri,
2205 2938 2328 2978 cum
2361 2923 2493 2980 dicit
2522 2940 2536 2980 :
2570 2944 2589 2977 ι
2625 2927 2822 2986 Anima
2854 2931 2995 2988 sicut
3026 2942 3172 2990 terra
3214 2937 3337 2995 sine
3355 2919 3512 3012 aqua

1925 3014 2021 3069 tibi
2049 3014 2221 3086 (Psal.
2239 3017 2434 3090 cun);
2461 3037 2478 3071 ι
2501 3031 2664 3092 atque
2692 3023 2815 3079 ideo
2831 3033 3067 3084 aestuans
3090 3029 3317 3088 clamat:
3339 3051 3358 3086 t
3383 3034 3512 3091 Siti-

1923 3107 2000 3161 vit
2018 3107 2196 3162 anima
2214 3125 2332 3164 mea
2351 3109 2416 3164 ad
2443 3110 2609 3168 Deum
2626 3111 3277 3191 fontemvivum,'quando
3300 3125 3512 3182 veniam

1844 3182 1890 3248 C
1922 3205 1975 3250 et
2002 3201 2271 3268 apparebo
2309 3209 2434 3286 ante
2480 3201 2676 3260 faciem
2714 3206 2854 3262 Dei?
2887 3227 2905 3260 ι
2945 3182 3118 3280 (Pani.
3157 3213 3295 3286 xu.)
3323 3215 3396 3270 De
3427 3217 3514 3275 bis

1924 3291 2089 3362 igitur
2130 3293 2275 3349 vasis
2320 3296 2482 3353 tertio
2513 3297 2720 3370 Regum
2749 3299 2889 3357 libro
2920 3303 3120 3360 dicitur
3159 3322 3174 3361 :
3213 3325 3230 3358 ι
3267 3307 3403 3377 Quia
3456 3311 3510 3367 in

1922 3385 2207 3452 campestri
2243 3386 2465 3459 regione
2491 3387 2745 3448 Iordanis
2780 3392 2920 3450 fudit
2947 3411 3013 3452 ex
3043 3413 3106 3453 ea
3140 3414 3232 3454 rex
3266 3401 3321 3457 in
3345 3404 3511 3476 argil-

1919 3470 2031 3526 losa
2059 3483 2203 3530 terra
2241 3476 2384 3533 inter
2413 3477 2640 3549 Socbot,
2673 3491 2728 3538 et
2767 3483 3003 3542 Sarthan
3032 3487 3156 3555 (III
3183 3489 3309 3563 Reg.
3343 3470 3461 3565 vn).
3485 3513 3505 3549 ν

1919 3565 2124 3623 Sochot
2149 3569 2292 3625 enim
2322 3571 2664 3629 tabernacula
2697 3577 2962 3646 vertitur;
3003 3579 3239 3638 Sarthan
3264 3600 3392 3641 vero
3421 3587 3508 3642 in-

1920 3670 2250 3733 terpretatur
2274 3665 2548 3722 tribulatio
2577 3685 2779 3738 eorum,
2809 3673 2924 3728 sive
2965 3673 3348 3733 demolitorum
3368 3718 3384 3746 ,
3413 3687 3510 3736 aut

1917 3757 2408 3826 coangustantium.
2441 3758 2580 3826 Quid
2631 3762 2814 3834 itaque
2857 3780 2954 3835 per
2993 3764 3220 3836 Socbot,
3253 3773 3395 3842 quod
3425 3771 3508 3829 in-

1919 3852 2206 3922 terpretari
2247 3852 2591 3911 tabernacula
2637 3858 2894 3926 diximus,
2946 3863 3052 3918 nisi
3104 3875 3326 3922 sanctos
3358 3867 3508 3928 viros

1915 3945 2242 4013 accepimus,
2287 3948 2378 4017 qui
2427 3948 2682 4006 videlicet
2730 3951 2962 4010 dicunt:
3008 3975 3027 4008 ι
3069 3955 3189 4014 Νοη
3234 3959 3503 4021 habemus

1917 4034 2004 4089 hic
2027 4047 2336 4094 manentem
2371 4039 2672 4110 civitatem,
2704 4046 2799 4102 sed
2830 4044 3067 4104 futuram
3097 4049 3427 4122 inquirimus
3444 4056 3496 4112 in

1917 4125 2104 4197 (Hebr.
2134 4131 2278 4201 xm.)
2311 4127 2462 4188 Unde
2484 4143 2540 4190 et
2567 4135 2760 4194 Petrus
2787 4155 2800 4193 :
2839 4158 2857 4191 ι
2889 4138 3088 4198 Certus
3116 4159 3234 4200 sum
3259 4187 3273 4214 ,
3304 4147 3499 4219 inquit,

1915 4224 2057 4293 quod
2085 4224 2244 4282 velox
2268 4238 2352 4283 est
2391 4229 2663 4302 depositio
2717 4235 3050 4294 tabernaculi
3097 4242 3203 4297 mei
3233 4241 3320 4314 (ΙΙ
3352 4242 3501 4301 Petr.

1913 4314 1974 4386 ι).
2011 4336 2030 4368 ›
2076 4316 2214 4385 Quid
2245 4335 2371 4376 vero
2415 4333 2513 4392 per
2544 4323 2800 4392 Sarthan,
2846 4345 2968 4400 quae
2998 4332 3280 4391 tribulatio
3309 4351 3502 4395 eorum

1914 4407 2131 4474 dicitur,
2162 4411 2264 4468 nisi
2300 4416 2657 4485 reproborum
2701 4421 3078 4480 tribulantium
3115 4442 3216 4482 nos
3242 4444 3501 4500 perseeu-

1918 4501 1992 4555 tio
2041 4501 2390 4574 designatur?
2419 4506 2458 4563 li
2489 4509 2746 4566 nimirum
2792 4521 2848 4568 et
2875 4515 3220 4574 demolitores
3246 4529 3303 4576 et
3330 4536 3498 4579 coan-

1918 4602 2196 4664 gustantes
2223 4607 2379 4662 sunt,
2422 4600 2550 4670 quia
2579 4601 2705 4657 dum
2734 4603 2984 4663 demoliri
3026 4618 3189 4681 atque
3217 4611 3502 4672 destruere

1915 4685 2036 4742 fidei
2069 4698 2268 4744 nostrze
2295 4690 2380 4745 vel
2409 4690 2534 4747 boni
2573 4695 2755 4764 operis
2803 4698 3091 4756 :edificium
3124 4711 3356 4772 tentant,
3405 4707 3502 4764 du-

1912 4781 1988 4835 ris
2044 4780 2369 4850 injuriarum
2425 4801 2490 4841 ac
2534 4801 2914 4858 pressurarum
2960 4808 3060 4850 nos
3099 4794 3502 4857 calamitatibus

1910 4882 2290 4944 coangustant.
2327 4873 2462 4931 Vasa
2490 4895 2618 4950 ergo
2651 4881 2852 4951 templi,
2889 4883 2942 4940 id
2973 4893 3078 4953 est,
3104 4901 3297 4946 omnes
3322 4891 3500 4958 electi,

1907 4967 2208 5022 funduntur
2236 4969 2291 5024 in
2325 4972 2618 5041 campestri
2660 4973 2883 5044 regione
2911 4977 3187 5046 Iordanis,
3219 4981 3274 5038 id
3301 4994 3406 5053 est,
3448 4987 3504 5042 in

1907 5059 2218 5115 humilitate
2265 5063 2543 5130 baptismi,
2587 5065 2728 5120 inter
2778 5065 2988 5128 Sochot
3035 5079 3092 5127 et
3147 5069 3408 5144 Sarthan,
3449 5077 3504 5132 id

2053 5154 2195 5184 :nlnn
2225 5154 2393 5184 :lll'lno
2440 5166 2602 5184 ηιμ-ιη
2657 5171 2940 5184 naua-An---
