3964 5310
458 298 568 363 837

902 268 903 271 γ
1004 292 1065 350 s.
1105 286 1315 350 rem
1342 284 1631 344 DAMIANI
1668 283 1824 343 ora.
1864 279 2048 341 rans
2084 279 2218 341 seu
2254 276 2554 366 rouust.
2586 305 2657 319 —
2694 272 2912 332 EPIST.
2950 271 3082 331 LIB.
3114 269 3252 330 vm.

3626 267 3767 333 .328

459 430 595 492 grua
616 454 633 482 ,
680 411 785 469 nisi
840 409 992 482 prius
1035 407 1103 461 ab
1151 403 1300 461 omni
1344 398 1582 458 carnalis
1617 396 1889 455 illecebrae
1939 395 2052 453 fue-
2081 398 2131 461 Α
2158 392 2368 468 gladius
2395 391 2631 464 Spiritus
2659 397 2743 446 est
2764 388 2990 445 verbum
3020 386 3116 443 Dei
3144 382 3364 460 (Epim.
3394 383 3507 456 vr);
3540 391 3637 440 iet
3663 398 3771 440 ro-

461 488 537 568 in
587 508 815 563 hutnore
858 502 1082 557 siccata.
1139 496 1295 551 Sicca
1340 493 1541 564 quippe
1586 490 1787 546 chorda
1845 488 2053 544 clarum

460 586 765 658 harmoniae.
802 592 1063 656 sonitum,
1097 585 1318 643 humida
1363 582 1541 639 reddit
1565 581 1838 636 obtusum.
1890 577 2055 651 Tym-

459 705 660 767 panum
684 700 899 760 quoque
927 680 1150 739 surdum
1191 685 1370 742 sonat,
1395 675 1440 732 si
1466 673 1693 745 quilibet
1716 687 1839 728 eum
1878 670 2055 741 liquor

462 762 760 842 humectat.
791 775 883 832 Sic
928 786 1152 829 necesse
1198 778 1303 833 est,
1334 777 1396 822 ut
1426 781 1579 820 mens
1609 762 1844 818 hominis
1873 776 1903 815 a
1933 775 2054 815 car-

458 874 547 932 nis
575 868 851 942 voluptate
901 864 973 922 sit
1022 862 1195 927 arida,
1242 868 1514 930 quatenus
1564 856 1618 911 in
1666 853 1759 910 Dei
1809 850 2056 923 omnipo-

461 964 627 1022 tentis
676 946 899 1018 auribus
945 957 1064 1028 ejus
1113 952 1291 1008 oratio
1343 950 1415 1007 sit
1464 956 1676 1021 arguta.
1729 944 2053 1013 Enimvero,

458 1057 603 1114 sicut
628 1053 818 1113 oculus
849 1051 976 1107 dum
1009 1046 1142 1104 solis
1181 1061 1241 1101 se
1288 1042 1455 1098 radiis
1484 1038 1701 1110 objicit,
1732 1037 1914 1093 videre
1944 1033 2059 1090 fru-

459 1162 574 1211 stra
607 1146 910 1212 contendit,
950 1154 1006 1201 et
1043 1155 1210 1199 cavos
1256 1137 1473 1210 quidem
1524 1134 1709 1197 orbes,
1743 1146 1806 1186 ac
1854 1141 2057 1183 vacuas

459 1241 678 1316 pupillis
704 1238 995 1311 palpebras
1035 1234 1275 1307 pandere
1306 1229 1521 1291 nititur,
1550 1225 1644 1282 sed
1690 1220 2053 1316 splendorem,
2100 1214 2111 1219 ’

461 1298 571 1409 quo
598 1298 967 1406 perfunditur,
1001 1298 1308 1405 nullatenus
1335 1323 1608 1382 intuetur;
1642 1315 1722 1372 sic
1749 1315 1813 1367 ad
1827 1298 2056 1381 conspi-

464 1402 714 1484 ciendam
754 1402 1230 1493 contemplationis
1256 1416 1431 1471 lucem
1463 1424 1583 1469 sese
1614 1408 1850 1462 inaniter
1872 1402 2054 1475 erigit,

461 1520 554 1593 qui
588 1533 688 1591 per
712 1513 993 1573 saecularis
1012 1512 1136 1567 vita":
1165 1507 1419 1564 meritum
1451 1504 1623 1558 aciem
1651 1497 1833 1555 cordis
1857 1495 2054 1550 amisit.

463 1591 600 1673 Nam
648 1610 697 1667 si
733 1607 961 1679 quilibet
991 1605 1209 1675 ignotus
1252 1596 1558 1657 cubiculum
1601 1592 1745 1664 regis
1773 1591 2056 1659 irrumpat,

2158 500 2284 541 vera
2317 493 2424 538 tam
2450 481 2700 537 immanis
2728 493 2994 551 pressurae
3024 475 3304 533 calamitas
3342 476 3610 532 incumbit
3645 476 3769 552 Ec-

2154 575 2354 641 clesiis,
2378 584 2438 628 ut
2475 584 2730 643 tanquam
2777 570 3122 642 Babylonica:
3166 568 3397 640 legionis
3450 568 3600 624 acies
3647 567 3771 623 cir-

2154 667 2426 734 cumfusa,
2463 675 2521 722 et
2551 662 2854 720 Jerusalem
2907 674 3029 719 cum
3087 660 3299 718 civibus
3350 660 3465 716 suis
3505 659 3772 716 videatur

2154 766 2396 822 obsessa.
2425 760 2731 818 Saeculares
2755 759 2900 814 enim
2934 754 3162 828 quilibet
3189 754 3571 811 ecclesiastica
3624 752 3767 822 jura

2152 857 2474 923 'corradunt,
2513 853 2713 911 salaria
2758 851 3131 918 subtrahunt,
3179 849 3558 922 possessiones
3604 849 3810 914 ἱππ-κιο,

2128 952 2312 1017 'dunt,
2337 959 2391 1006 et
2410 949 2490 1005 sic
2527 945 2802 1019 stipendia
2850 960 3175 1016 pauperum,
3211 942 3361 999 velut
3415 941 3661 998 hostium
3704 953 3775 996 se

2152 1051 2435 1115 reportare
2466 1040 2752 1096 manubias
2781 1038 3104 1110 gloriantur.
3146 1036 3252 1107 Ipsi
3281 1049 3501 1106 quoque
3526 1033 3772 1089 secula-

2154 1151 2247 1193 res
2278 1134 2630 1191 nihilominus
2654 1132 2797 1187 inter
2818 1143 2877 1186 se
2903 1129 3109 1201 proprii
3126 1126 3268 1198 juris
3300 1127 3441 1182 bona
3464 1124 3770 1197 diripiunt,

2156 1226 2297 1289 alter
2327 1225 2480 1282 alteri
2512 1222 2988 1297 supergredientes
3015 1223 3354 1294 impingunt,
3403 1226 3457 1276 et
3504 1221 3561 1275 in
3613 1232 3774 1275 com-

2157 1324 2308 1381 muni
2332 1320 2532 1377 mundo
2561 1320 2822 1384 conclusi,
2846 1319 2977 1389 quia
3006 1318 3107 1374 soli
3141 1331 3264 1373 esse
3296 1324 3601 1386 nequeunt,
3644 1329 3773 1369 mu-

2160 1426 2250 1473 tua
2281 1432 2339 1472 se
2376 1414 2696 1486 pervasione
2727 1411 3008 1468 collidunt.
3062 1410 3185 1466 Mox
3217 1409 3546 1466 arundineas
3599 1408 3778 1465 rusti-

2161 1524 2347 1568 corum
2380 1517 2584 1581 tegetes
2605 1506 2995 1578 aggrediuntur
3020 1520 3277 1570 exurere,
3311 1512 3368 1561 et
3417 1502 3491 1559 fel
3536 1502 3779 1558 atrocis-

2160 1602 2285 1658 simi
2339 1601 2563 1663 livoris.
2625 1596 2770 1667 quod
2825 1597 2940 1653 suis
2974 1596 3162 1667 utique
3208 1603 3487 1666 nequeunt
3531 1592 3780 1649 inimicis

463 1705 625 1774 eique
648 1714 893 1776 praesens
920 1707 1177 1767 tauquam
1210 1689 1493 1747 familiaris
1524 1686 1744 1742 assistat
1763 1722 1777 1749 ,
1807 1681 1951 1752 regis
1977 1686 2060 1733 ta-

2177 1697 2465 1759 ‘mvomere,
2491 1690 2801 1748 imbellibus
2831 1702 2939 1745 non
2982 1690 3313 1746 erubescunt
3361 1686 3586 1742 rusticis
3642 1696 3784 1758 pro-

467 1772 592 1863 men
637 1772 873 1863 alloquio
898 1805 1002 1843 non
1027 1784 1356 1858 perlruitur;
1382 1780 1508 1852 quia
1543 1792 1702 1833 carus
1723 1774 1772 1831 ei
1799 1789 1894 1845 per
1915 1780 2068 1826 ante-

2177 1789 2381 1860 pinare.
2423 1787 2488 1842 Et
2518 1794 2646 1841 tunc
2669 1783 2741 1841 sit
2782 1784 2848 1838 ad
2894 1783 3156 1848 litteram,
3212 1781 3359 1853 quod
3405 1779 3629 1837 canitur
3670 1793 3780 1850 per

466 1889 631 1947 rioris
653 1885 861 1944 notitiae
890 1883 1123 1956 gratiam
1154 1894 1261 1934 non
1293 1874 1523 1932 habetur
1551 1891 1564 1928 :
1597 1874 1670 1927 ita
1696 1885 1794 1927 nos
1817 1865 2059 1941 infelices
2162 1880 2488 1951 Ρτοριιειεηι
2519 1894 2532 1933 ε
2564 1875 2747 1932 ,Dum
2776 1874 3021 1946 superbi;
3041 1873 3258 1945 impius,
3290 1872 3607 1930 incenditur
3634 1886 3779 1941 pan-

464 1993 524 2040 et
568 1980 784 2048 miseri,
829 1976 973 2049 quod
1018 1971 1237 2046 quidem
1281 1970 1349 2026 de
1393 1968 1497 2024 mei
1547 1963 1815 2022 similibus
1845 1962 2061 2032 loquor,

465 2088 608 2145 saepe
633 2071 732 2128 soli
766 2070 819 2125 in
851 2074 1096 2139 angustae
1121 2061 1329 2120 cellulae
1357 2058 1655 2115 remotione
1690 2051 2062 2114 consistinms,

467 2165 597 2224 solis
620 2160 816 2221 divinae
843 2156 1148 2229 maiestatis
1173 2152 1451 2210 obtutibus
1479 2157 1770 2204 trementes
1784 2154 2061 2208 astamus;

468 2256 709 2331 peccatis
767 2265 946 2308 tamen
1008 2246 1374 2308 obstantibus,
1422 2240 1503 2297 vel
1548 2239 1723 2294 intimi
1764 2234 2067 2306 splendoris

470 2343 790 2420 igniculum,
819 2341 902 2397 vel
924 2335 1356 2411 compunctionis
1378 2332 1606 2404 gratiam
1634 2344 1738 2383 non
1768 2342 2062 2382 meremur.

470 2428 600 2513 a5.
658 2438 751 2492 Sic
796 2435 979 2505 itaque
1024 2428 1170 2484 velut
1219 2437 1344 2481 ante
1402 2423 1544 2494 regis
1589 2421 1836 2475 videmur
1883 2426 2069 2472 astare

468 2507 835 2605 prementium,
862 2522 954 2579 sed
981 2520 1106 2592 quia
1139 2533 1234 2590 per
1254 2517 1377 2570 vita:
1407 2511 1785 2569 rectitudinem
1820 2507 1921 2563 sibi
1952 2508 2069 2562 noti

456 2601 577 2687 non
613 2633 821 2683 sumus,
855 2609 1233 2672 collocutionis
1283 2609 1510 2664 internae
1567 2601 1909 2659 dulcedinem
1960 2613 2070 2654 non

440 2784 443 2787 _
469 2721 772 2791 gustamus.
801 2704 934 2772 Sed,
957 2720 991 2760 ο
1012 2700 1243 2773 dulcedo
1266 2694 1543 2762 melliﬂua,
1574 2710 1699 2751 cum
1725 2691 1989 2791 Domitms
2014 2689 2073 2745 in

470 2778 651 2869 servo,
684 2808 740 2856 et
767 2811 960 2855 servus
988 2795 1290 2851 delectatur
1315 2792 1368 2847 in
1412 2787 1678 2844 Domino!
1710 2784 1864 2842 Unde
1917 2778 2072 2839 Psal-

472 2898 635 2955 mista
670 2913 684 2950 :
720 2912 738 2946 ι
769 2892 968 2948 Suavis
1002 2889 1096 2956 sit,
1150 2885 1345 2957 inquit,
1401 2884 1450 2939 ei
1508 2880 1746 2937 laudatio
1790 2892 1932 2944 mea,
1976 2891 2077 2948 ego

471 2999 605 3043 vero
626 2980 938 3039 delectabar
961 2981 1016 3035 in
1046 2977 1274 3034 Domino
1301 2970 1478 3047 (Psal.
1504 2972 1645 3045 cru).
1677 2991 1695 3023 ι
1726 2967 1854 3025 Mihi
1896 2976 2077 3023 autem

477 3077 678 3134 misero
706 3072 842 3129 velle
871 3071 1094 3144 quidem
1139 3067 1372 3139 adjacet,
1415 3064 1679 3137 perficere
1725 3071 1906 3118 autem
1969 3062 2077 3115 non

476 3168 692 3227 invenio
723 3164 896 3241 (Rom.
924 3161 1045 3234 vn).
1076 3159 1190 3217 Non
1214 3159 1360 3216 enim
1391 3156 1608 3213 invenio
1634 3157 1687 3210 in
1737 3167 1903 3210 carne
1951 3167 2074 3207 mea
2101 3134 2149 3201 C

475 3248 695 3315 bonum.
728 3254 797 3311 Et
822 3255 939 3310 hac
972 3251 1191 3324 quidem
1216 3248 1492 3315 desidero,
1529 3246 1596 3302 ad
1628 3247 1745 3302 haec
1766 3254 1881 3300 toto
1910 3243 2078 3301 corde

476 3351 712 3423 suspiro,
743 3347 839 3405 sed
868 3346 935 3402 ad
976 3347 1094 3402 haec
1120 3327 1500 3414 consequenda
1530 3339 1741 3401 meritis
1787 3338 2079 3412 prohiben-

481 3444 626 3499 tibus
652 3457 760 3496 non
791 3454 1035 3510 assurgo.
1073 3435 1245 3506 Quem
1271 3433 1522 3490 videlicet
1553 3436 1607 3487 et
1630 3427 2080 3502 reprehensibilis

477 3534 606 3591 vita:
640 3545 823 3587 reatus
847 3528 1169 3601 impediunt,
1195 3536 1251 3583 et
1278 3525 1551 3581 exteriora
1575 3523 1791 3596 negotia
1813 3520 2081 3592 fulgorem

481 3622 619 3682 lucis
650 3624 856 3680 intimae
878 3621 1201 3693 conspicere
1226 3624 1334 3674 non
1361 3615 1705 3688 permittunt.
1732 3613 1799 3668 Et
1839 3614 1954 3668 haec
1993 3627 2088 3668 ea-

480 3716 602 3773 dem
628 3724 841 3770 terrena
869 3711 1128 3776 turbatio,
1156 3723 1277 3782 qua!
1304 3705 1558 3762 videlicet
1583 3720 1613 3759 a
1666 3701 2086 3774 contemplatio-

482 3805 789 3866 nisintuitu
832 3804 1029 3860 mentis
1074 3802 1259 3860 obruit
1311 3800 1508 3864 aciem,
1550 3796 1823 3854 scribendi
1869 3808 2088 3866 quoque

483 3900 613 3958 inibi
640 3899 995 3957 nihilominus
1023 3896 1214 3953 adimit
1258 3894 1596 3950 facultatem.
1664 3891 1781 3947 Huc
1830 3890 2085 3955 accedit,

483 3994 740 4068 quoniam
768 3992 897 4048 licet
923 4004 1022 4061 ego
1044 3988 1249 4045 dictare
1280 3987 1419 4042 forte
1475 3983 1606 4056 quid
1656 3982 1890 4047 valeam,
1938 3980 2092 4036 deest

486 4084 831 4155 antiquarius
873 4082 965 4154 qui
1017 4079 1366 4135 transcribat.
1426 4076 1534 4132 Sed
1589 4086 1687 4130 cur
1735 4089 1836 4146 ego
1883 4080 2092 4144 negatae

486 4174 926 4247 transeriptionis
954 4188 1152 4244 queror
1177 4171 1468 4236 incuriam,
1496 4184 1619 4224 cum
1640 4184 1746 4222 non
1768 4168 1928 4222 modo
1945 4166 2092 4236 quis-

486 4264 656 4340 piam,
685 4278 806 4336 qua:
829 4262 1030 4327 scribo,
1072 4261 1388 4326 transferre,
1420 4258 1515 4315 sed
1561 4275 1627 4313 ne
1667 4258 1829 4314 celeri
1872 4258 2092 4328 quidem

487 4369 644 4417 vacet
664 4359 894 4415 lectione
923 4354 1279 4426 percurrere?
1320 4352 1688 4407 Eeclesiarum
1742 4350 1901 4420 plane
1959 4362 2094 4418 quo-

489 4464 596 4523 que
624 4458 887 4515 rectores,
913 4445 1111 4519 quibus
1131 4445 1470 4516 potissimum
1507 4440 1664 4511 hujtts
1690 4442 1767 4496 rei
1819 4456 1946 4495 cura
1996 4440 2090 4495 de-

490 4544 702 4602 buisset
728 4542 1066 4604 incumbere,
1109 4547 1260 4593 tanto
1293 4536 1581 4592 mundanae
1630 4534 1916 4603 vertiginis
1955 4546 2094 4603 quo-

492 4635 625 4692 tidie
647 4640 898 4691 rotantur
919 4631 1174 4704 impulsu,
1208 4639 1268 4684 ut
1295 4644 1389 4685 eos
1414 4645 1443 4683 a
1475 4627 1823 4683 saecularibus
1845 4625 2089 4681 barbira-

493 4728 633 4785 sitim
657 4726 875 4799 quidem
905 4724 1128 4788 dividat,
1154 4722 1250 4778 sed
1290 4722 1435 4777 actio
1489 4736 1595 4776 non
1653 4720 1945 4784 discernat,
1986 4734 2091 4775 nec

494 4828 774 4880 sacrarum
841 4818 1172 4874 neditantur
1229 4816 1442 4885 eloquia
1504 4813 1931 4886 Scripturarum,
1994 4813 2091 4869 sed

492 4911 633 4969 scita
655 4911 853 4984 legum,
881 4920 936 4965 et
963 4908 1178 4964 forense
1200 4906 1449 4979 litigium.
1482 4904 1809 4960 Multitudini
1838 4904 2092 4959 sacerdo-

497 5009 615 5059 tum
645 5016 751 5057 non
786 4997 1057 5055 sulliciuut
1089 4998 1381 5055 tribunalia
1401 4997 1646 5067 judicum
1671 5003 1728 5050 et
1750 4995 1888 5049 aulae
1915 4995 2096 5068 regite,

501 5094 631 5142 dum
659 5092 981 5142 clericorum
1006 5106 1069 5142 ac
1114 5092 1505 5142 monachorum
1560 5099 1818 5142 evomunt
1866 5089 2055 5142 turbas
2079 5138 2092 5142 -

2158 1986 2263 2044 per
2297 1970 2471 2043 (Pent.
2503 1968 2601 2039 Ix).
2646 1988 2665 2021 ι
2698 1966 2757 2023 in
2782 1982 2889 2038 quo
2933 1965 3189 2020 nimirum
3240 1962 3492 2020 nobilior
3530 1971 3620 2019 est
3656 1977 3786 2018 ser-

2160 2046 2386 2138 pentina
2402 2059 2891 2131 virulentia,quam
2906 2059 3143 2113 humana
3170 2046 3487 2113 crudelitas.
3522 2054 3782 2125 Serpens

2165 2158 2310 2215 enim
2339 2156 2475 2226 fugit
2496 2154 2771 2212 hominem
2795 2154 3017 2218 nudum,
3065 2151 3376 2223 aggreditur
3405 2166 3529 2207 eum
3577 2149 3783 2207 morsi-

2168 2247 2290 2313 bus,
2310 2261 2469 2318 quem
2484 2245 2937 2302 cernitindutum.
2966 2243 3035 2299 Et
3074 2241 3599 2315 fortisacingenuus
3627 2242 3785 2312 quis-

2169 2353 2276 2409 que
2299 2336 2530 2394 bellator
2553 2337 2687 2392 vitat
2717 2337 3000 2398 inermem,
3028 2334 3246 2405 impetit
3270 2334 3558 2389 adversum
3588 2346 3650 2388 se
3671 2332 3785 2388 tela

2169 2430 2497 2485 vibrantem.
2541 2428 2816 2499 Accipiter
2864 2428 3032 2481 etiam
3073 2426 3164 2481 ubi
3203 2423 3473 2490 nidiﬁcat,
3505 2424 3560 2478 in
3595 2423 3785 2494 amplo

2171 2521 2409 2594 quodam
2432 2520 2666 2576 circuitu
2700 2518 2901 2573 nullam
2928 2516 3181 2589 dignatur
3204 2530 3465 2573 exercere
3492 2515 3781 2589 rapinam;

2171 2623 2369 2685 utquae
2395 2612 2571 2670 facilia
2588 2622 2734 2679 sunt,
2760 2620 2813 2668 et
2840 2611 2894 2665 in
2919 2619 3176 2681 promptu
3201 2608 3460 2665 nobiliter
3488 2615 3782 2664 transeat:

2174 2709 2285 2783 26
2310 2709 2362 2763 in
2394 2707 2590 2778 quibus
2618 2720 2743 2761 vero
2774 2703 2949 2773 major
2972 2703 3220 2759 victoriae
3245 2701 3401 2758 labor
3421 2709 3529 2766 est,
3561 2700 3783 2771 longin-

2177 2816 2282 2872 qua
2310 2799 2609 2873 perquirat.
2641 2797 2736 2852 lsti
2763 2808 2894 2852 vero
2919 2797 3180 2852 adversus
3209 2794 3446 2851 inermes
3472 2807 3629 2849 arma
3660 2802 3786 2850 cor-

2177 2893 2423 2965 ripiunt;
2455 2902 2513 2947 et
2541 2891 2667 2947 dum
2698 2889 2868 2945 ﬂuant
2898 2889 3109 2956 hostes,
3143 2887 3401 2961 rapulant
3432 2888 3781 2945 innocentes.

2178 2986 2350 3042 Porro
2380 2993 2563 3039 autem
2590 2984 2719 3039 dum
2743 2982 2831 3039 hic
2859 2983 3008 3054 prior
3043 2980 3209 3047 laedit,
3261 2981 3508 3052 protinus
3537 2979 3680 3036 alter
3706 2982 3787 3038 in-

2180 3078 2355 3151 surgit
2383 3095 2398 3144 ;
2437 3085 2492 3133 et
2514 3092 2622 3132 non
2645 3075 2860 3132 oculum
2883 3090 2980 3146 pro
3005 3074 3186 3141 oculo,
3203 3075 3359 3148 juxta
3381 3075 3556 3149 legem
3581 3072 3783 3148 (Exod.

2182 3171 2321 3241 xxi),
2352 3169 2448 3225 sed
2473 3167 2640 3224 refert
2666 3183 2789 3224 cum
2816 3167 3026 3224 femore
3055 3167 3351 3225 laesionem.
3385 3166 3540 3224 Talio
3561 3169 3787 3241 quippe,

2182 3275 2303 3330 qua:
2332 3258 2581 3314 Tulliana
2636 3258 2753 3329 lege
2784 3260 3127 3326 decernitur,
3188 3258 3395 3317 nostris
3443 3259 3784 3331 temporibus

2184 3353 2488 3423 ignoratur,
2539 3360 2593 3406 et
2624 3350 2907 3421 disciplina
2941 3350 3216 3415 vindictaz,
3266 3366 3388 3424 qua:
3442 3353 3546 3407 sub
3596 3350 3790 3427 gentili

2185 3442 2387 3500 dudum
2424 3443 2746 3497 servabatur
2778 3442 3026 3511 imperio,
3074 3456 3219 3499 nunc
3247 3443 3545 3513 Evang'eli‘o
3570 3444 3789 3499 veniam

2188 3532 2501 3587 terribiliter
2538 3532 2841 3596 intonante,
2892 3534 3151 3589 nescitur.
3207 3534 3441 3605 Ideoque
3494 3550 3593 3606 pro
3633 3536 3790 3608 virga

2190 3633 2471 3691 tauream,
2518 3636 2616 3695 pro
2657 3625 2862 3679 scutica
2912 3621 3145 3687 clavem.
3201 3638 3299 3698 pro
3351 3628 3520 3682 verbo
3560 3627 3795 3695 ferrum,

2188 3732 2288 3789 pro
2316 3725 2469 3773 recte
2494 3716 2778 3773 redhibent
2802 3716 3058 3788 gladium.
3110 3717 3450 3775 Erubescunt
3482 3732 3592 3774 non
3626 3730 3792 3776 exce-

2191 3806 2409 3863 dentem
2456 3805 2670 3876 injurice
2700 3807 2894 3873 vicem,
2949 3807 3316 3879 dedignantur
3360 3807 3492 3862 illati
3522 3809 3796 3863 discrimi-

2191 3902 2278 3957 nis
2302 3900 2635 3971 azquitatent.
2688 3894 2865 3954 Videri
2892 3900 3124 3955 victores
3156 3909 3321 3971 atque
3368 3901 3648 3956 terribiles
3681 3916 3798 3956 arn-

2192 3993 2366 4057 biunt,
2402 3991 2745 4062 triumphalis
2783 3992 2965 4062 gloria:
3019 3990 3206 4048 titulos
3253 3994 3669 4064 concupiscunt.
3705 3991 3799 4050 Sic

2193 4086 2397 4154 itaque.
2429 4084 2554 4139 dum
2601 4097 2740 4138 unus
2768 4083 3043 4149 irascitur,
3073 4083 3214 4139 alter
3257 4086 3324 4141 ad
3357 4085 3625 4140 insaniam
3666 4098 3798 4156 pro-

2198 4184 2421 4229 vocatur
2447 4192 2461 4230 :
2490 4183 2544 4229 et
2564 4174 2741 4228 rabies
2772 4172 2977 4229 rabiem
3006 4183 3256 4244 generat,
3282 4191 3345 4231 ac
3370 4175 3612 4233 furorem
3646 4175 3800 4231 furor

2196 4268 2514 4323 inﬂammat.
2550 4266 2639 4322 Sic
2675 4276 2729 4323 et
2758 4267 2859 4323 hoc
2892 4268 3266 4339 experimento
3285 4269 3645 4343 dignoscitur,
3671 4266 3799 4340 quia

2172 4361 2242 4428 .si
2283 4360 2504 4415 rabidus
2549 4360 2701 4415 canis
2732 4360 3006 4415 hominem
3059 4359 3199 4416 forte
3230 4359 3609 4428 momorderit,
3646 4362 3798 4416 tanta

2195 4451 2248 4506 vi
2280 4452 2458 4507 rabies
2495 4447 2611 4519 ejus
2642 4450 2695 4504 in
2724 4452 2937 4506 viscera
2966 4452 3214 4523 protinus
3246 4452 3482 4508 humana
3518 4452 3800 4509 transfun-

2196 4541 2368 4608 ditur,
2414 4549 2476 4596 ut
2510 4557 2632 4598 mox
2663 4541 2777 4613 ipso
2809 4543 2982 4597 urina:
3016 4541 3404 4615 conceptaculo
3441 4543 3609 4601 catuli
3638 4556 3800 4618 gene-

2199 4644 2411 4692 rentur.
2470 4633 2627 4703 Quod
2688 4634 2940 4690 nimirum
2981 4634 3085 4692 hoc
3136 4632 3371 4692 evidenti
3409 4637 3800 4709 comprobatur

2198 4727 2422 4794 indicio,
2454 4727 2580 4798 quia
2619 4726 2663 4782 si
2691 4726 2758 4792 is,
2816 4727 2907 4797 qui
2937 4728 3137 4784 canino
3168 4742 3354 4784 morsu
3380 4737 3671 4799 correptus
3695 4736 3797 4797 est,

2201 4818 2532 4883 cantalenas.
2563 4818 2705 4889 quod
2752 4833 3061 4874 muscarum
3106 4833 3277 4892 genus
3302 4829 3412 4887 est,
3442 4820 3496 4875 in
3528 4837 3674 4892 aqua
3700 4821 3798 4878 tri-

2202 4920 2285 4970 tas
2308 4914 2561 4977 ebiberit,
2602 4928 2732 4974 mox
2763 4928 2886 4969 cum
2914 4915 3071 4970 urina
3126 4914 3297 4971 simul
3327 4931 3434 4972 non
3470 4917 3590 4972 sine
3618 4915 3800 4992 magni

2206 5008 2408 5067 doloris
2433 5008 2633 5080 gemitu
2663 5008 2869 5064 catulos
2897 5005 3089 5064 fundit.
3145 5009 3212 5066 Et
3245 5019 3396 5066 certe
3425 5027 3532 5066 non
3556 5021 3803 5069 contem-

2206 5102 2383 5142 nnm‘la
2423 5116 2509 5142 rae
2538 5100 2694 5142 (iiuna
2748 5101 3062 5142 mwnlnmrln
3134 5101 3367 5142 niualilm-
3396 5120 3461 5142 μιν
3492 5104 3644 5142 cit-nn
3673 5106 3803 5142 (Ian-
