3964 5310
221 65 332 126 9.39

1399 69 1602 128 LIBER
1640 67 1927 143 PRIMUS,
1965 74 2189 135 EPIST.
2228 76 2345 136 XV.

225 189 280 241 in
301 183 487 242 divith
507 183 826 258 perhibetur
854 183 1090 255 eloquio,
1117 185 1260 242 unde
1283 195 1340 242 et
1371 188 1422 244 in
1452 188 1662 259 psalmo
1686 187 1825 250 diel-
1849 195 1905 256 Α
1929 190 2158 250 lentiora
2204 195 2486 252 domestici
2532 207 2822 269 apparatus
2882 199 3059 257 edulia
3105 200 3381 269 deserunt,
3426 201 3523 275 qui

225 289 314 334 tur
339 292 353 331 :
387 297 405 328 ι
437 275 597 331 Sicut
621 276 822 346 aspidis
846 277 1024 332 surda!
1049 286 1105 334 et
1145 278 1454 335 obturantis
1481 294 1652 342 aures
1675 300 1829 353 suas,

223 388 346 442 alia:
372 387 479 426 non
534 370 756 426 exaudit
785 383 944 426 voces
999 370 1414 438 ineantantium,
1461 383 1520 436 et
1548 377 1829 447 veneﬁcia,

224 478 344 532 quae
385 461 739 518 incantantur
790 477 820 516 a
866 461 1110 533 sapiente
1159 460 1335 535 (Psal.
1402 471 1557 544 ινιι).
1592 491 1612 525 ι
1649 471 1718 526 Et
1763 471 1831 528 de

223 551 590 623 praedicatore
657 553 984 608 intrinsecus
1055 554 1305 636 sauciata
1378 561 1508 618 alibi
1571 562 1826 634 legitur:

233 667 251 700 ι
281 646 414 714 Quis
445 646 753 702 medebitur
777 647 1104 710 incantatmi
1133 670 1162 708 a
1192 665 1440 726 serpente
1465 656 1773 725 pemussof
1803 675 1824 709 ι

206 735 421 817 ,(Εεειε.
456 739 582 810 xu.)
613 737 677 792 Et
701 738 754 794 in
778 737 1121 802 Proverbiis:
1164 765 1184 802 r
1224 746 1378 802 Sicut
1417 756 1626 803 aestum
1658 749 1712 803 in
1739 749 1827 804 ni-

227 841 332 898 tro,
387 832 466 887 ita
504 833 598 901 qui
657 847 846 894 cantat
880 841 1124 896 carmina
1169 842 1320 896 cordi
1349 855 1608 911 perverso
1639 839 1826 913 (Prov.

227 924 382 1002 xxv).
415 945 438 985 ι
479 924 640 988 Sicut
665 946 796 1003 ergo
819 947 918 1003 per
943 934 1254 990 catttaleuas
1283 936 1454 990 rabidi
1505 934 1707 992 furoris
1748 937 1832 991 vi-

229 1039 325 1082 rus
355 1025 622 1096 egeritur,
653 1024 725 1078 ita
755 1039 852 1094 per
885 1025 1322 1080 exhortationem
1361 1027 1533 1082 sancti
1561 1028 1828 1097 praedica-

229 1117 366 1174 toris
395 1117 647 1187 concepti
678 1116 865 1173 livoris
910 1117 1186 1174 iracundia
1221 1120 1517 1189 mitigatur.

298 1209 371 1267 Ut
398 1210 566 1282 igitur
587 1210 654 1266 ad
686 1225 771 1277 ea,
809 1225 929 1280 qtae
950 1213 1116 1283 coepit
1144 1228 1343 1277 sermo,
1391 1223 1656 1269 recurrat.
1707 1213 1826 1279 llis,

228 1310 282 1358 et
303 1301 619 1372 huiusmodi
648 1303 881 1358 mundus
923 1301 1079 1358 furiis
1108 1302 1472 1360 inﬂammatus
1491 1345 1505 1369 ,
1533 1313 1588 1360 et
1607 1319 1830 1374 compu-

228 1395 526 1468 gnantibus
553 1394 793 1466 undique
819 1395 1081 1452 membris
1107 1395 1370 1452 alterutra
1419 1398 1828 1453 concertatione

229 1489 507 1558 divulsus,
540 1503 643 1546 nos
666 1489 857 1556 etiam,
908 1497 965 1546 et
989 1490 1186 1560 quibus
1209 1489 1389 1547 libello
1423 1491 1629 1561 repudii
1661 1491 1827 1545 dona-

1927 282 2069 354 juris
2108 287 2338 358 adiposl,
2381 303 2518 359 quas
2545 291 2800 362 opiparor
2841 292 3120 351 ultroneus
3148 294 3372 363 obtulit,
3427 295 3523 354 de-
3606 347 3612 353 .

1931 375 2086 433 licias
2122 379 2561 451 parvipendunt?
2603 391 2658 438 et
2707 398 2806 455 per
2859 385 3229 443 horrescentia
3277 389 3522 456 dumeta,

1931 470 2308 541 montiumque
2345 482 2638 544 praerupta,
2673 474 2817 530 feras
2846 487 3089 546 agrestes
3125 478 3407 537 venabulis
3437 481 3522 536 in-

1929 571 2242 626 sectantur;
2290 565 2524 621 cellariis
2577 567 2891 639 deprompta
2945 567 3248 637 fastidiunt,
3293 579 3346 626 et
3386 585 3524 643 vaga

1933 669 2034 725 per
2077 669 2258 710 aerem
2324 657 2506 713 missis
2566 659 2915 730 accipitribus
2963 663 3345 732 aucupantur?
3386 663 3523 719 Dum

1927 748 2222 820 tranquilla
2255 749 2575 820 plerumque
2602 751 2816 806 valeant
2845 767 2980 823 pace
3010 755 3312 824 quiescere,
3335 753 3527 823 jucun-

1929 843 2056 898 dum
2086 844 2345 914 deputant
2396 855 2450 898 et
2501 859 2775 901 amoenum
2807 849 3119 918 equitandi,
3163 849 3248 906 vel
3284 850 3527 922 litigandi
3575 881 3580 892 -

1937 935 2218 991 laboribus
2311 936 2581 994 insudare.
2651 938 2958 996 Fiaccidum
3021 943 3267 1014 iudicant
3327 945 3528 1015 quietis

1927 1028 2117 1095 Otium,
2160 1028 2354 1094 hebes,
2387 1029 2622 1101 ignobile
2659 1030 2898 1087 fatentur
2951 1042 3006 1089 et
3034 1035 3376 1091 dissolutum.
3434 1036 3529 1092 Sic

1928 1130 1986 1174 et
2023 1120 2249 1191 populus
2282 1119 2370 1176 ille
2401 1121 2615 1178 dicebat
2645 1137 2660 1178 :
2710 1140 2728 1175 ι
2757 1124 2950 1179 Anima
3003 1137 3188 1181 nostra
3220 1128 3370 1183 arida
3421 1136 3526 1185 est.

1931 1210 2072 1267 Nihil
2096 1212 2237 1267 aliud
2262 1215 2561 1285 respiciunt
2583 1217 2725 1273 oculi
2752 1219 2924 1274 nostri
2947 1219 3049 1274 nisi
3071 1220 3524 1294 manna(lbid.).i

1929 1302 2073 1357 Alibi
2108 1320 2322 1375 quoque
2378 1319 2786 1365 murmurantes
2837 1313 3058 1367 dicunt:
3100 1332 3116 1364 ι
3149 1312 3312 1368 Deest
3353 1313 3530 1384 panis,

1931 1411 2036 1450 non
2068 1407 2193 1452 sunt
2217 1413 2387 1467 aquae.
2419 1401 2609 1455 Anima
2637 1413 2822 1458 nostra
2849 1415 3074 1460 nauseat
3100 1421 3260 1476 super
3279 1407 3401 1464 cibo
3425 1407 3534 1464 isto

1932 1488 2205 1544 levissimo
2233 1476 2436 1561 (Num.
2477 1491 2614 1563 χχι).
2648 1513 2666 1545 ι
2713 1493 3071 1551 Levissimum
3119 1499 3320 1570 quippe
3363 1497 3533 1569 depu-

230 1591 317 1639 tus
345 1592 451 1650 est,
472 1582 742 1648 concutit,
769 1589 826 1638 et
853 1595 886 1637 a
911 1581 1223 1638 dietaminis
1243 1582 1327 1638 vel
1350 1583 1556 1638 intima!
1589 1593 1831 1637 contem-
1857 1565 1906 1627 Β
1936 1589 2050 1635 tant
2091 1582 2290 1644 cibum,
2358 1583 2402 1637 si
2457 1584 2670 1654 pondus
2722 1595 2886 1658 atque
2949 1565 3230 1643 duritia—m-
3253 1565 3536 1660 contingat

226 1674 486 1746 plationis
540 1673 741 1730 intuitu
791 1674 992 1730 mentis
1058 1688 1288 1730 acumen
1348 1673 1623 1730 obtundit.
1678 1674 1829 1730 Adde

229 1767 372 1838 quod
411 1765 630 1822 etiamsi
676 1765 752 1822 sit
805 1764 948 1822 forte
982 1765 1074 1837 qui
1122 1765 1346 1832 scribat,
1378 1764 1518 1819 sicut
1540 1763 1651 1834 jam
1691 1765 1828 1820 disi-

231 1873 372 1926 mus,
423 1858 579 1914 deest
621 1857 848 1915 omnino
871 1858 963 1928 qui
1001 1855 1336 1922 transferat;
1381 1857 1534 1912 deest
1552 1865 1828 1927 postremo

229 1953 322 2021 qui
357 1950 523 2007 celeri
552 1951 748 2008 saltem
785 1951 1018 2008 lectione
1055 1959 1362 2023 percurrat.

297 2045 594 2101 Enimvero
647 2059 772 2101 cum
825 2044 1130 2100 furentibus
1167 2045 1347 2099 ventis
1396 2052 1689 2114 tempestas
1733 2045 1830 2099 ob-

228 2137 426 2205 oritur,
455 2146 514 2194 et
549 2137 915 2208 procellarum
958 2137 1118 2193 turbo
1150 2136 1472 2207 ﬂuctivagus
1502 2137 1555 2190 in
1583 2135 1831 2192 cumulos

229 2233 505 2299 elevatur,
555 2241 688 2289 tunc
714 2247 866 2288 mare
896 2232 951 2288 in
979 2233 1096 2303 ipsa
1135 2232 1220 2288 sui
1259 2231 1432 2303 pelagi
1463 2231 1831 2302 profunditate

230 2325 418 2384 mitius
444 2332 661 2390 aestuat,
685 2324 831 2380 circa
869 2325 1020 2380 littus
1048 2333 1228 2379 autem
1267 2332 1422 2379 tanto
1450 2337 1508 2377 se
1532 2322 1830 2378 ferventius

227 2416 409 2485 erigit.
439 2424 502 2471 ut
529 2429 697 2472 naves
719 2430 957 2487 quoque,
989 2416 1034 2470 si
1060 2414 1385 2486 appulerint,
1408 2413 1654 2486 frangat;
1688 2415 1831 2470 unde

225 2505 288 2564 ﬁt
313 2515 373 2562 ut
403 2507 640 2579 remiges
689 2515 818 2564 tunc
845 2507 1118 2563 littoribus
1147 2507 1260 2562 loca
1289 2507 1538 2578 contigua
1571 2515 1829 2577 tanquam

229 2599 477 2673 Syrtium
518 2600 813 2658 discrimen
863 2600 1181 2668 aufugiant,
1251 2608 1306 2655 et
1365 2599 1651 2670 quietioris
1701 2609 1830 2655 tunc

227 2694 406 2769 pelagi
446 2693 718 2766 profunda
773 2696 1181 2751 conscendant:
1245 2695 1324 2749 sic
1373 2694 1650 2760 nimirum,
1705 2707 1829 2749 cum

226 2786 336 2858 iam
367 2787 534 2858 hujus
553 2787 660 2856 37
693 2785 876 2842 saeculi
907 2785 1174 2840 terminus
1205 2785 1619 2856 appropinquat.
1674 2786 1829 2856 quasi

231 2880 374 2938 circa
406 2881 562 2936 littus
597 2894 757 2936 suum
803 2879 1110 2934 mundanus
1151 2877 1330 2933 fervor
1353 2877 1559 2942 ebullit,
1600 2893 1830 2948 seseque

233 2973 286 3028 in
339 2972 777 3045 perturbationis
829 2981 994 3041 atque
1040 2972 1307 3040 superbiae
1340 2971 1585 3026 cumulos
1622 2971 1826 3042 erigit;

229 3073 286 3120 et
306 3066 400 3136 qui
425 3066 481 3122 in
511 3066 805 3135 praeteritis
852 3063 1089 3129 saeculis,
1135 3065 1281 3119 velut
1309 3065 1360 3118 in
1403 3062 1579 3134 pelagi
1611 3061 1831 3134 profun—

236 3156 408 3212 ditate
469 3155 878 3228 quodammodo
926 3156 1248 3226 tranquillus
1299 3154 1618 3218 exstiterat.
1688 3170 1832 3211 nunc

231 3247 380 3304 circa
412 3249 537 3306 finis
567 3248 651 3305 sui
699 3248 854 3304 littus
891 3248 1210 3320 pestilenter
1238 3254 1527 3311 exaestuat,
1569 3255 1627 3300 ut
1657 3247 1819 3317 appli-

237 3350 424 3397 cantes
445 3356 662 3412 quoque
686 3341 980 3396 discrimen
1037 3338 1304 3409 naufragii
1329 3336 1454 3406 jure
1482 3338 1733 3393 evadant.
1765 3337 1832 3393 Et

234 3433 356 3491 haec
397 3433 697 3506 quassatio.
725 3449 790 3489 ac
827 3433 1164 3504 perturbatio
1191 3432 1257 3490 de
1291 3431 1502 3486 luxuria
1555 3431 1829 3498 nascitur;

231 3526 460 3596 etquod
488 3536 700 3582 natura:
733 3525 1066 3581 contrarium
1089 3532 1195 3590 est,
1222 3523 1292 3580 de
1319 3523 1593 3592 voluptate
1615 3521 1834 3580 afflictio

231 3629 552 3689 generatur.
588 3618 744 3676 Unde
788 3628 844 3675 et
874 3616 1132 3674 Salomon
1165 3633 1179 3670 :
1227 3636 1246 3668 ε
1283 3615 1455 3684 Hanc,
1506 3615 1704 3686 inquit,
1743 3631 1836 3672 oc-

235 3712 582 3784 cupationem
616 3711 909 3783 pessimam
953 3711 1102 3766 dedit
1124 3710 1268 3764 Deus
1296 3709 1420 3765 ﬁliis
1448 3709 1746 3773 hominum,
1775 3719 1836 3765 ut

237 3787 637 3873 oceuparentur
670 3803 722 3856 in
749 3818 835 3858 ea.
870 3803 990 3858 Vidi
1025 3810 1220 3857 cuncta
1245 3815 1369 3873 qua:
1396 3800 1531 3855 fiunt
1567 3802 1668 3857 sub
1700 3799 1835 3867 sole,

237 3908 292 3954 et
321 3913 454 3953 ecce
489 3898 740 3953 universa
769 3897 1002 3960 vanitas.
1027 3906 1082 3952 et
1107 3895 1326 3952 afﬂictio
1363 3895 1588 3966 spiritus
1628 3893 1828 3967 (Eccle.

237 3992 299 4061 t).
327 4009 347 4041 ι
389 3988 592 4046 Omnes
621 3989 769 4044 enim
803 3989 928 4042 dum
981 3987 1240 4043 anhelant
1265 4001 1351 4051 ea,
1385 3986 1436 4040 in
1466 3986 1662 4056 quibus
1689 3984 1835 4040 dele-

238 4090 474 4146 ctantur,
515 4083 822 4150 acquirere,
854 4088 909 4133 et
936 4080 1246 4135 necessario
1271 4078 1669 4150 compelluntur
1706 4074 1838 4132 allii-

237 4177 420 4232 ctione
475 4176 700 4246 spiritus
751 4174 1032 4238 laborare;
1085 4183 1141 4228 et
1180 4174 1306 4228 dum
1344 4173 1396 4227 in
1427 4186 1492 4227 eo
1540 4173 1684 4243 quod
1736 4171 1837 4225 iste

1935 1673 2123 1727 deesse
2176 1671 2446 1727 laborum.
2499 1672 2635 1728 Nam
2680 1672 2957 1732 laboribus
3005 1677 3369 1747 resolvuntur,
3417 1678 3533 1736 otio

1935 1761 2256 1833 fatigantur.

2004 1855 2172 1910 Plane
2199 1855 2330 1911 libet
2358 1855 2648 1928 diligenter
2697 1858 2970 1930 inspicere
2997 1875 3162 1932 quam
3192 1862 3376 1920 brevis
3403 1878 3534 1935 pars

1935 1950 2180 2020 corporis
2215 1950 2306 2015 sit,
2332 1951 2421 2006 cui
2453 1952 2755 2008 substantia
2781 1956 2963 2009 mundi
3003 1964 3113 2010 tota
3153 1971 3261 2012 non
3303 1958 3523 2027 sutlicit,

1933 2054 2056 2110 quae
2085 2048 2282 2096 cuncta
2307 2049 2536 2098 terrenae
2561 2042 2834 2098 facultatis
2863 2044 3131 2115 impendia
3171 2047 3530 2119 concupiscit.

1936 2130 2070 2187 Nam
2119 2148 2242 2188 cum
2289 2141 2485 2190 caetera
2535 2136 2780 2206 corporis
2841 2137 3082 2192 membra
3132 2139 3534 2208 quodammodo

1932 2224 2094 2279 bruta
2130 2226 2417 2280 videantur
2463 2235 2518 2281 et
2545 2226 2758 2292 stolida,
2781 2229 2872 2282 vix
2898 2229 3114 2284 cubitus
3141 2231 3306 2285 semis
3333 2233 3538 2303 reperi-

1938 2327 2024 2373 tur
2054 2318 2108 2373 in
2134 2334 2383 2390 corpore,
2411 2335 2572 2390 quem
2605 2331 2786 2376 rerum
2809 2322 3053 2377 omnium
3088 2325 3416 2384 universitas
3440 2343 3538 2384 ne-

1934 2421 2101 2482 queat
2129 2411 2352 2467 satiare.
2406 2412 2488 2466 Ab
2513 2413 2687 2468 oculis
2719 2413 2988 2485 siquidem
3014 2431 3185 2486 usque
3214 2419 3280 2474 ad
3319 2420 3535 2492 genita-

1936 2497 2006 2555 lia
2041 2511 2230 2574 regnat
2283 2503 2463 2558 omnis
2511 2504 2747 2565 humana
2803 2505 3266 2576 concupiscentia.
3321 2509 3389 2563 Et
3434 2511 3540 2569 hoc

1936 2595 2155 2664 quidem
2182 2608 2412 2667 angusto
2442 2596 2766 2668 compendio
2801 2597 3035 2653 naturali
3059 2600 3384 2656 necessitate
3403 2617 3536 2659 con-

1937 2689 2194 2755 cluditur,
2245 2691 2339 2745 scd
2372 2690 2637 2745 naturalis
2683 2699 2844 2746 metae
2889 2690 3099 2763 legibus
3138 2709 3244 2748 non
3283 2703 3536 2756 tenetur:

1937 2798 2062 2837 nam
2103 2798 2200 2854 per
2248 2783 2521 2840 exteriora
2583 2793 2780 2840 cuncta
2810 2785 3128 2842 diffunditur
3161 2803 3176 2855 ;
3234 2798 3291 2844 et
3325 2804 3443 2861 qua:
3468 2789 3541 2848 de

1939 2875 2156 2931 modica
2221 2876 2403 2932 radice
2462 2876 2727 2946 procedit,
2781 2891 2888 2931 non
2946 2877 3177 2934 modicis
3243 2882 3540 2952 paucisque

1935 2975 2213 3032 contenta,
2255 2967 2510 3023 omnibus
2557 2968 2772 3023 inhiat:
2825 2968 2892 3024 ad
2933 2970 3143 3036 omnia,
3198 2979 3258 3026 ut
3305 2973 3386 3028 eis
3418 2989 3542 3044 per-

1935 3056 2150 3113 fruatur
2211 3075 2276 3114 ac
2342 3060 2659 3131 saginetur,
2747 3065 2987 3121 anhelat.
3051 3066 3206 3124 Oculi
3273 3070 3540 3141 siquidem

1935 3158 2236 3222 pascuntur
2288 3153 2694 3224 pulchritudine
2748 3173 2954 3227 rerum,
3014 3159 3326 3218 mulcentur
3377 3178 3541 3224 aures

1937 3241 2163 3296 tinnulis
2229 3242 2528 3298 harmoniae
2591 3245 2880 3313 sonitibus,
2950 3249 3036 3304 vel
3098 3249 3528 3310 lenocinantium

1935 3337 2046 3408 28
2073 3338 2441 3394 assentatione
2481 3341 2799 3407 verborum;
2835 3359 2995 3400 nares
3026 3346 3377 3404 odoramenta
3409 3364 3538 3405 con-

1933 3430 2160 3499 cipiunt,
2191 3429 2380 3486 fauces
2405 3431 2686 3502 epularum
2719 3436 3006 3504 saporibus
3043 3437 3406 3506 oblectamur,
3445 3455 3541 3497 cor

1936 3520 2327 3588 cogitationum
2355 3531 2838 3590 versatarcanum,
2890 3525 3072 3598 lingua
3103 3527 3385 3600 profundit
3421 3531 3538 3587 elo-

1937 3611 2145 3681 quium,
2175 3619 2229 3666 et
2252 3614 2393 3683 quod
2413 3629 2512 3668 cor
2538 3614 2850 3682 meditatur,
2875 3619 2986 3673 oris
3011 3619 3077 3674 ad
3102 3621 3340 3676 medium
3366 3621 3540 3678 inter-

1937 3705 2240 3774 pretatione
2313 3706 2649 3772 producitur.
2702 3726 2721 3760 ‹
2777 3709 2852 3763 Ex
2899 3711 3275 3768 abundantia»
3329 3715 3541 3776 scilicet

1943 3811 1964 3846 ι
1993 3795 2172 3850 cordis
2201 3812 2262 3852 os
2289 3797 2529 3866 loquitur
2575 3797 2794 3870 (Matth.
2817 3804 2941 3874 xu).
2978 3819 2997 3856 ι
3040 3801 3160 3859 Jam
3219 3820 3346 3862 vero
3384 3807 3540 3880 geni-

1939 3888 2067 3942 talia
2099 3895 2250 3943 tanto
2278 3891 2562 3945 ardentius
2593 3892 2660 3946 ad
2693 3893 2897 3949 coitum
2924 3907 3315 3967 provocantur,
3333 3909 3540 3971 quanto

1938 3981 2111 4050 magis
2134 3983 2452 4036 stomachus
2479 3983 2562 4037 vel
2590 3983 2837 4039 ciborum
2872 3987 3052 4057 copia,
3107 3989 3192 4045 vel
3245 4001 3404 4061 potus
3455 3994 3539 4049 in-

1939 4072 2302 4144 gurgitatione
2326 4074 2580 4144 repletur.
2626 4076 2882 4134 Edacitas
2913 4081 3114 4151 quippe
3138 4083 3384 4152 quaedam
3410 4102 3540 4141 san-

1939 4165 2166 4234 guisuga
2200 4174 2304 4230 est,
2333 4167 2418 4221 cui
2449 4168 2566 4222 duze
2592 4178 2719 4224 sunt
2742 4169 2888 4238 filias,
2930 4171 3170 4230 ebrietas
3219 4176 3427 4232 scilicet
3471 4187 3543 4234 at-

238 4267 459 4338 quaerit,
499 4267 638 4322 alter
659 4265 938 4336 obiicitur,
971 4263 1038 4318 ad
1060 4264 1114 4318 id
1136 4265 1280 4334 quod
1304 4263 1560 4329 oblectat,
1588 4279 1691 4319 non
1720 4265 1838 4317 sine
1868 4297 1917 4356 ι)
1943 4257 2299 4356 queluxuria;
2315 4259 2382 4313 de
2399 4261 2596 4356 quibus
2611 4263 2798 4356 utique
2811 4262 3067 4319 Salomon
3087 4283 3099 4318 :
3123 4283 3143 4317 ‹
3167 4265 3540 4341 Sanguisugaz,

239 4359 447 4415 laboris
489 4360 646 4415 taedio
696 4358 1033 4428 pervenitur.
1079 4356 1216 4411 Hinc
1247 4372 1437 4413 rursus
1466 4358 1580 4412 ait:
1619 4379 1637 4410 ε
1670 4360 1832 4414 Cum-

241 4467 344 4522 que
398 4467 485 4506 me
507 4449 906 4505 convertissem
937 4448 1003 4503 ad
1035 4447 1285 4503 universa
1314 4463 1480 4519 opera
1502 4491 1514 4512 ,
1545 4465 1663 4519 quae
1691 4449 1837 4505 fccc-

243 4557 368 4602 runt
401 4560 595 4600 manus
623 4558 804 4608 mea;
845 4552 901 4598 et
927 4542 994 4598 ad
1023 4541 1260 4608 labores,
1304 4543 1359 4597 in
1399 4544 1596 4613 quibus
1639 4543 1842 4600 frustra

249 4643 588 4706 sudaveram,
641 4640 759 4696 vidi
789 4639 844 4693 in
873 4641 1125 4696 omnibus
1177 4640 1474 4696 vanitatem
1515 4649 1571 4697 et
1597 4638 1843 4700 afflictio-

247 4749 366 4790 nem
387 4731 558 4788 animi
589 4728 796 4803 (Eccle.
828 4727 892 4798 ι).
927 4747 945 4780 ι
977 4727 1107 4796 Quae
1139 4739 1320 4786 tamen
1346 4728 1564 4788 afﬂictio
1589 4732 1752 4787 duras
1780 4749 1844 4790 ac

249 4825 500 4896 reprobas
543 4831 765 4880 mentes
813 4827 872 4876 et
900 4821 1015 4890 ipsa
1045 4822 1309 4888 deiectat,
1365 4824 1489 4880 dum
1521 4837 1625 4879 non
1682 4827 1844 4883 modo

250 4919 558 4977 deliciarum
593 4913 922 4979 'suavitate,
981 4917 1073 4973 sed
1131 4926 1186 4974 et
1241 4915 1444 4974 laboris
1504 4918 1844 4974 obiectantur

248 5012 514 5068 acredine.
549 5008 690 5067 Hinc
721 5013 814 5060 est
843 5003 981 5074 quod
1003 5007 1280 5071 Israelita,
1309 5008 1529 5064 stimulo
1554 5009 1690 5080 gula:
1719 5025 1847 5079 pru-

246 5104 440 5160 rientes
470 5101 656 5165 illecti,
694 5111 815 5154 non
853 5097 1007 5153 modo
1043 5101 1144 5157 sibi
1201 5099 1392 5156 deesse
1422 5102 1668 5158 carnium
1709 5101 1844 5156 ollas

244 5193 577 5266 pisciumque
600 5185 872 5250 delicias,
908 5187 1001 5242 sed
1028 5199 1082 5247 et
1110 5203 1306 5261 porros
1327 5203 1391 5246 ac
1416 5207 1579 5263 cepas
1610 5207 1846 5262 conque-

461 5293 508 5310 ...
544 5283 669 5310 ..ηερ
723 5272 903 5310 [Num
969 5279 1046 5310 ...κ
1109 5283 1242 5310 (ιη...
1291 5281 1546 5310 ..:....:_.....
1615 5286 1822 5310 "una..-

1948 4351 2139 4422 inquit.
2171 4354 2289 4407 dum
2313 4363 2435 4408 sunt
2473 4354 2615 4417 filim,
2648 4355 2892 4411 dicentes
2921 4376 2936 4410 :
2965 4357 3135 4425 Aﬂ‘er,
3183 4359 3316 4414 affer
3359 4360 3541 4432 (Prov.

1947 4445 2159 4514 xxxvr).
2204 4463 2222 4496 ι
2267 4444 2398 4498 Nam
2426 4461 2534 4514 quo
2563 4447 2796 4516 quisque
2838 4447 3252 4506 immoderatius
3287 4453 3546 4521 vescitur,

1950 4551 2016 4590 eo
2049 4551 2269 4591 necesse
2299 4545 2382 4592 est
2414 4545 2472 4592 ut
2494 4539 2559 4592 ad
2589 4548 2772 4608 potum
2820 4542 3141 4596 mstuantius
3191 4546 3545 4600 accendatur.

1947 4629 2020 4683 Et
2043 4629 2170 4684 dum
2201 4638 2456 4702 congesta
2505 4631 2614 4686 cibi
2663 4629 2834 4686 moles
2879 4629 3221 4690 fervescente
3282 4636 3551 4693 stomachi

1956 4721 2129 4778 lebete
2151 4723 2491 4793 decoquitur,
2520 4723 2726 4779 crebris
2754 4738 2981 4781 necesse
3004 4736 3088 4783 est
3114 4727 3406 4786 haustibus
3431 4729 3548 4784 irri-

1948 4822 2122 4883 getur.
2167 4812 2271 4868 Sed
2301 4828 2421 4866 cum
2447 4815 2587 4870 cibis
2613 4821 2806 4868 venter
2836 4827 2900 4868 ac
2933 4816 3153 4886 potibus
3201 4815 3556 4887 intumescat,

1948 4925 2289 4980 consequens
2324 4918 2429 4972 est,
2481 4921 2543 4965 ut
2587 4907 2812 4966 alternis
2860 4911 3119 4985 utrinque
3166 4915 3461 4981 meatibus,
3503 4919 3562 4969 et

1951 5003 2111 5060 faeces
2134 5019 2228 5075 per
2259 5001 2504 5072 podicem
2530 5004 2587 5058 in
2616 5001 2897 5058 cuniculos
2925 5015 3130 5080 egerat,
3174 5013 3231 5060 et
3276 5006 3560 5062 humorem

1949 5098 2014 5153 de
2070 5096 2288 5170 genitali
2343 5093 2741 5168 conceptaculo
2791 5111 2892 5168 per
2940 5101 3191 5171 pudenda
3244 5095 3556 5170 profundat.

1957 5188 2109 5244 Sicut
2139 5189 2280 5244 enim
2315 5186 2368 5241 in
2396 5186 2765 5244 torcularibus
2790 5189 3064 5248 vinarium
3095 5207 3126 5246 a
3163 5187 3328 5253 vino;
3386 5185 3464 5240 sic
3503 5183 3560 5240 iu

1955 5283 2113 5310 ζΙζΙιιιι.
2161 5291 2368 5310 Ain-nun
2419 5289 2709 5310 anna-nl..-
2739 5297 2763 5310 Δ
2796 5283 2918 5310 ,οξ-1.·
2999 5283 3356 5310 Ωλ-ηιιῖοιιηω
3405 5290 3536 5310 ιιι-πη
