3964 5310
454 267 554 324 231

989 260 1048 318 S.
1087 261 1289 319 PETRI
1332 257 1618 318 DAMIANJ
1650 258 1801 317 OPP.
1841 256 2046 315 PARS.
2087 254 2220 316 SEU
2265 256 2501 315 TOMUS
2537 258 2578 314 l.
2619 286 2688 301 -·
2716 257 2936 318 EPIST.
2967 260 3098 318 LIB.
3125 261 3258 320 Vlll.

3618 259 3731 316 232

461 399 480 434 ι
513 377 680 444 Aﬂ'er,
708 375 871 442 affer;
903 393 925 428 ι
956 374 1083 446 quia
1113 387 1238 429 cum
1267 372 1379 427 sint
1405 370 1760 437 insatiabiles,
1797 369 2046 426 violentae
2070 379 2122 440 Α
2150 371 2266 427 sine
2291 371 2656 442 temperantia:
2683 373 3012 432 discretione
3042 377 3303 443 reficitur,
3351 374 3440 434 illa
3479 377 3732 450 protinus

415 539 420 546 _
460 487 675 544 quoque
701 479 825 525 sunt
851 467 1170 526 exactrices.
1199 465 1326 521 llzec
1371 465 1550 536 itaque
1596 479 1725 537 pars
1780 464 2045 536 corporis,

461 577 488 616 a
521 560 782 632 pudendis
807 558 1054 614 videlicet
1083 571 1251 626 usque
1282 557 1348 611 ad
1375 555 1594 622 oculos,
1630 563 1800 611 totum
1833 556 2050 627 perimit

461 656 754 718 hominem,
778 668 840 707 ac
867 649 1160 723 prorsus'iu
1182 664 1248 704 eo
1268 648 1532 705 naturalis
1557 648 1890 704 excellentia:
1917 648 2047 705 sub-

461 747 563 804 ruit
600 745 938 816 dignitatem.
967 743 1070 798 Per
1092 742 1210 798 haec
1245 740 1390 796 enim
1422 740 1720 811 spiramina
1767 753 2045 804 sensuum,

459 836 643 894 infelix
669 839 899 892 humana
924 834 1189 899 conditio,
1211 840 1268 889 et
1291 834 1435 902 quod
1461 831 1652 888 salutis
1690 840 1794 898 est,
1846 829 2045 896 etlluit;

459 940 514 985 ct
544 929 686 1000 quod
709 939 791 984 cst
827 926 1166 998 perditionis,
1192 923 1448 980 admittit.
1478 923 1606 980 Haec
1633 922 1816 979 omnia
1870 921 2052 977 brevi-

463 1030 545 1076 ter
569 1020 803 1074 Jaannes
825 1015 1233 1088 comprehcndit
1254 1013 1559 1085 Apostolus,
1575 1029 1697 1070 cum
1713 1013 1818 1069 ait:
1841 1031 1858 1064 ι
1879 1011 2052 1069 Omne

461 1111 603 1182 quod
631 1120 712 1164 cst
741 1111 792 1163 in
828 1110 1026 1163 mundo
1057 1104 1490 1175 concupiscentia
1519 1104 1701 1160 carnis
1718 1111 1824 1170 est,
1850 1111 1906 1158 et
1926 1118 2053 1159 con-

466 1202 796 1272 Cizpisccuzia
831 1199 1131 1262 oculorum,
1159 1205 1215 1253 et
1241 1197 1492 1269 superbia
1516 1195 1704 1268 vitata
1721 1196 1883 1252 Joan.
1902 1195 1988 1268 ιι).
2023 1215 2044 1249 ι

462 1293 907 1366 Com-apisceuiia
937 1292 1146 1348 scilicet
1172 1290 1353 1346 carnis
1405 1288 1472 1344 ad
1518 1289 1761 1361 corporis
1804 1288 2052 1360 volupta-

466 1397 594 1452 tein,
629 1383 1066 1456 concupiscentia
1107 1381 1390 1440 oculorum
1422 1381 1490 1437 ad
1535 1379 1829 1437 visibilium
1871 1393 2052 1437 rerum

467 1478 697 1548 pertinet
725 1475 1214 1548 pulchritudinem:
1243 1472 1495 1544 superbia
1524 1487 1654 1528 vero
1680 1471 1827 1539 vitae,
1851 1469 2053 1528 terreni

465 1567 686 1623 honoris
714 1577 876 1637 atque
896 1565 1093 1638 fastigii
1113 1563 1366 1636 exprimit
1385 1562 1794 1620 sublimitatem.
1816 1562 1922 1619 Per
1938 1562 2055 1618 haec

466 1661 608 1714 enim
641 1660 846 1730 primus
882 1655 1042 1711 homo
1076 1660 1311 1711 tentatus
1335 1652 1672 1724 agnoscitur,
1701 1653 1842 1709 sicut
1896 1652 2055 1709 Scri-

2147 462 2216 518 ad
2244 463 2600 520 contumelias
2621 466 2948 522 excitantur.
2995 467 3113 524 Cibi
3156 470 3365 526 scilicet
3407 470 3563 526 ilices
3603 475 3734 525 sunt

2145 554 2451 622 libidinum,
2481 564 2533 612 et
2566 556 2922 615 immoderate
2959 561 3196 633 percepti
3228 562 3434 634 proprii
3483 560 3735 618 humoris

2145 648 2556 705 exuberantiam
2594 665 2715 706 mox
2757 653 2826 706 ad
2873 652 3122 723 pudenda
3176 654 3572 709 transmittunt.
3628 651 3736 721 Qui

2147 738 2399 797 videlicet
2427 739 2684 798 humores
2703 742 2832 798 dum
2860 744 3102 814 congesti
3126 747 3379 816 pruriunt
3406 755 3461 802 et
3487 743 3736 812 titillant,

2149 829 2510 905 importunius
2535 843 2796 906 expetunt
2818 845 2877 892 ut
2906 851 3004 910 per
3028 838 3228 895 coitum
3271 839 3563 913 profluam.
3597 840 3743 898 Hinc

2149 934 2234 981 est
2263 928 2408 996 quod
2433 925 2653 998 plurimi
2689 928 2817 985 dum
2844 928 2963 1002 lege
2991 931 3312 1001 permissam
3351 932 3577 990 ineundi
3603 948 3742 990 con-

2145 1011 2282 1086 jugii
2303 1029 2506 1072 novere
2537 1016 2837 1086 licentiam,
2875 1019 3074 1076 nullam
3124 1021 3383 1079 reddendi
3434 1023 3742 1096 conjugalis

2119 1153 2122 1157 .
2153 1105 2320 1163 debiti
2354 1107 2616 1164 exhibent
2649 1109 3024 1182 disciplinam;
3062 1127 3165 1169 nec
3190 1128 3293 1169 usu
3341 1116 3744 1173 commistionis

2152 1200 2359 1256 uxoria:
2391 1209 2762 1273 temperanter
2811 1212 3060 1272 utuntur,
3123 1207 3252 1262 dum
3297 1223 3404 1263 non
3455 1208 3742 1281 gignenda:

2150 1290 2318 1362 proli,
2367 1292 2462 1350 sed
2497 1293 2756 1366 ingenitae
2787 1296 3415 1370 deserviuntvoluptati.
3467 1300 3506 1355 li
3557 1299 3746 1370 plane,

2155 1399 2264 1440 non
2291 1384 2469 1442 dicam
2499 1388 2707 1455 mariti,
2758 1389 2852 1445 sed
2899 1389 3245 1462 prolectarii;
3299 1407 3406 1449 non
3455 1392 3746 1466 coniuges,

2155 1475 2251 1531 sed
2278 1476 2460 1546 potius
2487 1487 2790 1536 amatores:
2819 1479 2900 1537 sic
2932 1481 3000 1538 ad
3040 1481 3514 1554 intemperantiam
3569 1485 3748 1542 coitus

2159 1575 2373 1639 tempus
2418 1583 2580 1626 omne
2623 1572 2962 1639 continuant,
3013 1581 3074 1628 ut
3101 1574 3368 1631 uxoribus
3411 1573 3547 1643 suis,
3601 1576 3748 1647 quod

2159 1668 2317 1732 turpe
2344 1660 2490 1718 dictu
2523 1671 2627 1729 est,
2657 1678 2758 1720 nec
2778 1666 3183 1736 praegnantibus
3206 1677 3466 1738 parcant;
3493 1676 3552 1724 et
3580 1669 3753 1724 casti-

466 1762 621 1825 ptura
657 1759 888 1806 testatur
911 1747 1064 1820 (Cen.
1092 1747 1174 1817 ιιι)
1205 1763 1219 1800 :
1252 1763 1270 1797 ‹
1300 1743 1678 1816 Vidit,inquit,
1706 1743 2061 1816 mulierquod
2086 1753 2137 1816 Β
2166 1752 2295 1809 tatis
2341 1753 2582 1826 regulam
2618 1755 2824 1812 violare
2862 1773 3204 1829 nequaquam
3249 1754 3498 1816 houiines
3547 1761 3750 1817 erubeo

465 1847 664 1902 bonum
693 1851 836 1900 esset
864 1842 1068 1914 lignum
1100 1839 1168 1894 ad
1211 1837 1579 1893 vescendum:
1613 1854 1633 1889 ι
1685 1851 1812 1893 ecce
1857 1851 2055 1894 concu-

470 1939 733 2014 piscentia
766 1936 976 2003 carnis;
1027 1932 1220 1990 deinde
1267 1931 1561 2003 sequitur:
1603 1949 1621 1984 ι
1648 1929 1716 1986 Et
1767 1932 2056 2003 pulchrum

466 2039 658 2103 oculis,
692 2046 1024 2106 aspectuque
1050 2029 1368 2087 delectabile
1397 2045 1410 2082 :
1446 2045 1466 2081 ι
1495 2042 1622 2084 ecce
1652 2027 1903 2099 superbia
1929 2042 2058 2085 ocu-

468 2131 663 2186 lorum.
695 2129 798 2184 Per
820 2125 1005 2182 oculos
1033 2125 1177 2179 enim
1208 2124 1491 2194 superbire
1519 2124 1886 2193 convincitur,
1908 2125 2060 2197 quis-

469 2220 590 2291 quis
618 2222 668 2273 iu
697 2220 781 2274 his
810 2233 929 2288 qua:
957 2217 1099 2272 Deus
1127 2217 1398 2286 prohibet,
1427 2215 1748 2273 delectatur.
1782 2216 2054 2288 Superbia

438 2328 600 2390 ,ιω-ο
627 2313 748 2366 vita:
777 2309 900 2375 fuit,
925 2325 1048 2364 cum
1077 2308 1272 2364 mulier
1297 2309 1486 2364 eadem
1530 2323 1599 2365 ex
1641 2323 1740 2366 ore
1789 2312 2060 2381 serpentis

435 2405 700 2479 -libentcr
727 2404 974 2460 audivit:
1012 2422 1029 2455 ι
1065 2402 1231 2459 Eritis
1258 2401 1402 2458 sicut
1421 2401 1520 2470 dii,
1571 2401 1808 2460 scientes
1858 2403 2060 2463 bonum

471 2507 525 2552 et
553 2497 752 2550 malum
779 2492 1022 2566 (Ibid.).:

544 2587 714 2644 Totus
737 2589 919 2657 itaque
948 2585 1179 2642 mundus
1206 2586 1311 2642 hoc
1338 2595 1580 2659 tempore
1607 2584 1744 2641 nihil
1785 2592 1872 2642 est
1916 2582 2062 2640 aliud

440 2662 448 2752 ί
470 2681 572 2738 nisi
603 2680 744 2752 gula,
785 2679 1034 2746 avaritia,
1083 2686 1248 2749 atque
1275 2677 1463 2734 libido.
1528 2677 1598 2733 Et
1631 2677 1772 2734 sicut
1803 2675 1933 2734 olim
1965 2674 2062 2732 tri-

469 2774 664 2828 furiam
687 2773 890 2828 divisus
915 2780 998 2827 est
1027 2771 1199 2836 orbis,
1223 2779 1283 2825 ut
1310 2770 1486 2826 tribus
1512 2768 1674 2825 simul
1721 2765 2062 2839 principibus

449 2931 452 2934 ,
478 2865 780 2936 suhjaccret
805 2881 818 2929 ;
847 2864 918 2917 ita
952 2877 1093 2918 nunc
1121 2876 1291 2933 genus
1319 2861 1635 2927 humanum,
1670 2860 1778 2916 heu
1807 2859 1944 2930 proh
1963 2858 2062 2914 do-

472 2957 587 3014 lor!
617 2957 699 3011 his
732 2957 902 3011 tribus
929 2955 1075 3011 vitiis
1097 2954 1315 3009 servilia
1343 2952 1480 3008 colla
1511 2953 2067 3018 substernit,eorum-

442 3029 578 3120 'que
608 3049 761 3118 quasi
793 3048 1015 3102 totidem
1045 3054 1399 3118 tyrannorum
1427 3045 1636 3118 legibus
1683 3044 2066 3117 obtemperan-

2163 1855 2346 1913 scunt,
2401 1861 2568 1917 quam
2624 1849 2772 1906 circa
2817 1863 3162 1923 prmgnantes
3209 1868 3338 1910 suas
3387 1863 3445 1910 et
3490 1853 3752 1911 animalia

2157 1946 2308 1992 muta
2339 1937 2668 1995 custodiunt.
2697 1940 2852 2008 Vide,
2883 1957 2917 1998 o
2943 1943 3128 2011 homo,
3178 1960 3397 2012 canem,
3434 1945 3480 2002 si
3533 1945 3752 2002 canicu-

2158 2027 2288 2095 lam,
2322 2039 2610 2101 postquam
2639 2034 2911 2106 concepit,
2949 2035 3294 2108 aggreditur;
3345 2036 3529 2108 aspice
3584 2037 3751 2092 bucu-

2160 2117 2290 2187 lam,
2315 2121 2400 2176 vel
2423 2131 2572 2178 certe
2595 2137 2816 2194 equam,
2841 2123 2886 2180 si
2910 2137 3035 2196 post
3057 2135 3378 2198 conceptum
3396 2143 3425 2182 a
3447 2126 3565 2184 suis
3594 2126 3752 2181 mari-

2159 2211 2262 2267 bus
2289 2212 2648 2270 insectantur.
2675 2216 2928 2288 lgnorant
2956 2219 3154 2291 quippe
3188 2221 3418 2277 coeundi
3445 2221 3755 2289 libidinem,

2159 2317 2285 2359 cum
2334 2305 2525 2363 deesse
2564 2307 2668 2364 sibi
2711 2310 2964 2382 gignendi
3001 2314 3347 2385 conspiciunt
3399 2315 3741 2371 facultatem.

2161 2393 2297 2450 Cum
2316 2409 2449 2469 ergo
2489 2398 2652 2464 tauri,
2675 2415 2858 2468 canes,
2910 2411 2966 2458 et
2995 2411 3196 2459 castera
3222 2403 3520 2461 bestiarum
3545 2418 3750 2476 genera

2163 2482 2362 2541 fetibus
2422 2488 2535 2543 suis
2584 2491 2943 2547 reverentiam
2994 2494 3306 2563 praebeant;
3343 2495 3440 2550 soli
3472 2493 3751 2563 homines,

2161 2591 2392 2649 quorum
2423 2581 2624 2638 Doctor
2657 2581 2725 2639 de
2752 2583 2973 2656 Virgine
3005 2595 3167 2640 natus
3213 2594 3318 2654 est,
3368 2595 3425 2641 ut
3473 2593 3607 2642 Vota
3649 2601 3750 2642 sua

2162 2669 2402 2729 libidinis
2429 2673 2700 2745 expleant,
2733 2676 2989 2746 parvulos
3039 2694 3189 2746 suos,
3237 2680 3328 2750 qui
3372 2679 3440 2734 ad
3487 2678 3585 2735 Dei
3636 2679 3752 2734 for-

2163 2771 2382 2820 mantur
2407 2765 2716 2838 imaginem,
2742 2779 3000 2828 necantes
3019 2772 3267 2828 obterere
3297 2788 3402 2828 non
3431 2771 3750 2829 formidant.

2163 2851 2304 2911 Hinc
2329 2866 2414 2913 est
2437 2860 2581 2927 quod
2604 2860 2876 2917 nonnulla:
2902 2862 3160 2920 mulieres
3193 2872 3318 2921 ante
3343 2864 3592 2937 pariendi
3621 2873 3754 2920 tem-

2164 2959 2267 3017 pus
2294 2949 2593 3014 abortiunt,
2621 2959 2716 3006 aut
2737 2962 2887 3008 certe
2917 2953 3204 3022 multilata,
3247 2954 3331 3011 vel
3361 2957 3486 3012 laesa
3535 2971 3757 3012 eorum-

2168 3037 2290 3094 dem
2312 3039 2663 3109 parvulorum
2697 3051 2880 3099 tenera
2909 3045 3088 3102 adhuc
3120 3048 3408 3104 membella
3440 3048 3752 3118 reperiunt.

443 3216 450 3222 _
477 3151 560 3196 ter
581 3140 783 3196 obedit.
817 3158 834 3191 σ
856 3137 1056 3196 Omnes
1075 3138 1244 3205 enim,
1272 3138 1415 3195 sicut
1453 3137 1734 3209 Scriptura
1755 3136 1909 3206 dicit,
1935 3150 2067 3192 ava-
2094 3127 2143 3192 C
2172 3126 2242 3183 Ει
2263 3127 2366 3222 hoc
2391 3131 2552 3188 modo
2573 3131 2700 3189 dum
2724 3135 3304 3194 adlibidinisferuntur
3324 3140 3598 3197 incentiva
3621 3157 3758 3212 pm-

475 3233 860 3298 ritimstudcnt,
891 3233 1158 3288 aminimo
1186 3245 1358 3302 usque
1383 3231 1450 3287 ad
1476 3231 1776 3287 maximum
1799 3229 1936 3304 (ha.
1953 3246 2066 3300 va,

472 3324 586 3380 Jer.
611 3325 708 3397 γι).
744 3345 764 3378 ι
802 3325 877 3380 De
904 3323 1026 3398 gula
1055 3338 1183 3380 vero
1231 3323 1362 3394 quid
1406 3323 1606 3390 dicam,
1659 3338 1783 3379 cum
1825 3323 2069 3394 Opulenti

472 3417 675 3487 quique
697 3417 944 3472 nesciant
965 3417 1187 3482 famem,
1213 3431 1488 3487 nunquam
1524 3416 1908 3489 praestolentur
1940 3431 2068 3473 esu-

473 3509 646 3565 riem?
684 3509 978 3564 Tumentes
1009 3516 1248 3575 ventres,
1290 3508 1393 3564 nisi
1433 3508 1594 3565 citius
1628 3522 1725 3580 per
1771 3517 2064 3579 utrumque

449 3593 750 3679 gspiramen
788 3599 1058 3656 eﬂ‘olleant
1085 3640 1099 3664 ,
1139 3599 1405 3672 crepitum
1453 3600 1615 3656 ilibus
1666 3599 2066 3668 reformidant,

472 3704 528 3750 et
566 3695 644 3750 sic
684 3694 739 3748 in
775 3691 1022 3748 manibus
1049 3690 1242 3747 fistulae
1268 3691 1520 3748 consistit
1546 3689 1891 3748 incolumitas
1919 3689 2064 3747 vitae.

456 3776 581 3845 ‘Ora
619 3783 951 3840 flammantia
1013 3782 1409 3855 crapulantur,
1468 3797 1570 3839 nec
1617 3791 1799 3840 tamen
1851 3781 2067 3839 dicendi

474 3889 638 3946 sunt,
681 3877 897 3935 fastidio
934 3877 1256 3948 prohibente
1289 3918 1303 3942 ,
1345 3877 1630 3934 comedere
1662 3917 1678 3944 ,
1735 3879 1830 3934 sed
1887 3879 2068 3948 potius

457 3972 585 4046 '29
604 3975 844 4045 ligurire.
866 3972 1042 4044 Atque
1061 3973 1182 4030 ideo
1205 3973 1330 4029 dum
1347 3972 1568 4030 afﬂictio
1589 3971 1772 4029 carnis
1795 3985 1826 4025 a
1849 3967 2067 4025 cunctis

471 4065 862 4139 pcenitentibus
888 4077 1025 4135 pene
1048 4064 1342 4135 respuitur,
1373 4064 1427 4119 iu
1454 4050 1799 4134 prazligeudis
1827 4061 2064 4132 poenitu-

460 4145 667 4213 dinum
717 4157 938 4228 iudiciis
997 4157 1148 4227 vigor
1173 4171 1439 4212 canonum
1470 4157 1713 4211 funditus
1750 4163 2061 4210 enervatur.

475 4251 840 4321 Quamobrem
869 4261 962 4306 aut
983 4251 1123 4307 liber
1151 4251 1372 4306 omnino
1394 4251 1724 4305 claudendus
1773 4258 1857 4305 est
1902 4263 2069 4304 cano-

465 4330 628 4408 num,
653 4353 746 4399 aut
771 4360 799 4399 a
830 4343 1140 4415 deleganda:
1165 4344 1494 4413 pmnitcutiae
1532 4343 1806 4398 taxatione
1843 4356 2066 4397 cessan-

462 4423 628 4494 dum.
658 4436 790 4504 Quis
819 4437 962 4493 enim
984 4436 1327 4492 saecularium
1355 4435 1518 4500 ferat,
1556 4436 1602 4491 si
1633 4435 1715 4490 vel
1747 4435 1925 4490 triduo
1973 4449 2070 4505 per

473 4528 870 4585 hebdomadam
928 4525 1173 4598 jejunare
1223 4526 1539 4597 praecipias?
1595 4525 1750 4581 Modo
1800 4524 2068 4582 stomachi

471 4620 748 4676 lmsionem
773 4619 1046 4684 simulant,
1073 4618 1231 4674 modo
1260 4617 1476 4688 splenii,
1499 4617 1615 4672 sive
1637 4617 1832 4672 vesica:
1870 4617 2071 4674 lamen-

477 4721 664 4766 tantur
689 4711 935 4775 exitium,
967 4710 1126 4765 modo
1147 4709 1392 4770 ,marcidi
1421 4708 1689 4779 pulmonis
1719 4709 1850 4765 vitio
1897 4709 2066 4764 inter-

477 4805 621 4860 cludi
651 4804 869 4861 sibimet
893 4803 1190 4859 anhelitum
1217 4811 1652 4872 conqucruntur.
1700 4802 1838 4858 Hinc
1882 4803 2066 4859 multi-

475 4893 645 4965 plices
674 4891 749 4948 rei
777 4892 1066 4949 familiaris
1116 4908 1279 4949 curas
1337 4891 1617 4962 objiciunt,
1679 4892 1830 4949 illinc
1878 4893 2064 4951 herilis

477 4983 767 5028 famulatus
786 4983 1042 5028 nlteennia
1067 4983 1334 5028 lnhnrinsa
1363 4983 1720 5028 nrzntemlnnl-
1749 4983 1886 5028 (ὶιιίιΙ
1913 4984 2060 5028 nlnrn

2174 3221 2388 3291 cipites,
2418 3233 2544 3281 ante
2569 3226 2856 3297 parricida:
2881 3239 3006 3287 sunt
3037 3246 3198 3302 quam
3219 3243 3507 3304 parentes;
3531 3247 3592 3292 et
3612 3236 3758 3308 quod

2170 3312 2327 3369 valde
2348 3315 2717 3385 periculosum
2738 3329 2843 3388 est,
2870 3323 2996 3378 dum
3020 3324 3137 3380 ιιωο
3157 3326 3290 3381 vitio
3312 3327 3519 3383 natura:
3532 3342 3761 3400 peccan-

2171 3404 2242 3459 tis
2274 3407 2576 3475 ascribunt,
2598 3424 2719 3466 sese
2747 3419 2854 3468 tam
2879 3413 3126 3487 flagitiosi
3157 3425 3339 3474 reatus
3363 3419 3632 3476 obnoxios
3653 3435 3758 3477 non

2170 3509 2492 3568 agnoscunt.
2513 3502 2919 3563 Verumtamem
2945 3518 3001 3564 et
3027 3511 3129 3566 hoc
3158 3511 3453 3582 aliquando
3468 3529 3578 3569 non
3606 3515 3758 3586 igno-

2171 3601 2328 3659 rant;
2361 3593 2457 3650 sed
2483 3597 2611 3651 dum
2638 3597 2921 3656 lucrantur
2973 3602 3334 3674 ignorantiam
3363 3606 3570 3678 populi,
3599 3608 3761 3664 dissi-

2170 3684 2377 3741 mulant
2400 3686 2502 3744 hoc
2527 3690 2902 3749 sacerdotibus
2928 3695 3193 3752 confiteri.
3213 3696 3436 3766 Barrus,
3453 3698 3627 3770 quiet
3650 3701 3761 3757 ble-

2167 3775 2304 3846 phas
2323 3775 2540 3844 dicitur,
2577 3780 2734 3837 unice
2753 3780 2976 3855 diligere
2997 3787 3267 3843 castitatis
3296 3790 3622 3846 munditiam
3638 3807 3761 3863 per-

2169 3863 2406 3934 hibetur,
2430 3876 2484 3924 et
2503 3879 2728 3927 eatenus
2749 3884 3065 3932 exsecratur
3092 3878 3329 3935 obscena
3362 3880 3675 3950 libidinum,
3705 3893 3761 3938 ιιι

2169 3971 2290 4013 cum
2304 3961 2370 4014 ad
2395 3963 2801 4034 propagandum
2820 3983 2990 4038 genus
3002 3971 3083 4026 eoi
3093 3986 3150 4026 re
3163 3972 3528 4042 compellitur,
3546 3975 3758 4030 vultum

2168 4061 2292 4122 post
2344 4061 2491 4126 terga
2533 4065 2959 4128 retorqueat;et
2991 4062 3066 4118 ita
3091 4065 3488 4134 quodammodo
3551 4077 3760 4124 natura:

2167 4144 2277 4215 30
2291 4155 2513 4202 coactus
2536 4149 2784 4219 imperio,
2806 4152 2948 4208 nolle
2968 4169 3047 4222 se,
3070 4164 3232 4227 atque
3257 4157 3586 4215 erubescere
3613 4161 3755 4230 quod

2169 4238 2280 4308 agit
2307 4240 2576 4295 ostendat.
2618 4241 2796 4298 Bestia
2843 4259 2972 4316 ergo
2999 4247 3252 4318 quaelibet
3297 4250 3363 4305 ad
3407 4250 3510 4306 hoc
3554 4253 3758 4307 solum-

2169 4328 2331 4383 modo
2359 4330 2488 4396 coit,
2514 4339 2574 4386 ut
2604 4333 2811 4401 gignat,
2854 4335 3016 4392 homo
3043 4338 3190 4394 solus
3229 4341 3296 4395 ad
3338 4341 3440 4397 hoc
3469 4343 3666 4414 gignit,
3706 4351 3762 4398 ut

2173 4429 2350 4475 coeat.
2391 4421 2685 4480 Pecoribus
2720 4425 2902 4497 itaque
2949 4443 3159 4486 summa
3203 4435 3598 4490 concnmbendi
3636 4452 3759 4507 par~

2099 4485 2283 4579 Dtus,
2335 4514 2642 4574 hominibus
2689 4534 2820 4576 vero
2868 4537 3080 4578 summa
3121 4525 3370 4597 gignendi
3413 4485 3763 4587 concubitus.

2173 4603 2429 4661 Vultures
2442 4607 2682 4677 pariunt,
2699 4624 2822 4666 cum
2842 4626 2902 4668 se
2917 4628 3012 4684 per
3031 4615 3230 4671 coitum
3248 4633 3356 4672 non
3384 4631 3756 4692 corrumpant.

2171 4693 2315 4766 Apes
2355 4697 2593 4754 sobolem
2637 4714 2968 4759 successurae
3008 4706 3344 4776 posteritatis
3367 4710 3677 4776 enutriunt,
3705 4719 3759 4767 ut

2169 4786 2410 4857 virgines
2445 4801 2820 4860 perseverent.
2846 4793 3031 4864 Itaque
3059 4796 3284 4854 rationis
3310 4801 3554 4868 expertia
3589 4801 3756 4858 filium

2171 4876 2406 4950 Virginis
2437 4882 2754 4952 imitantur;
2786 4893 2841 4941 et
2875 4886 3143 4955 homines,
3173 4892 3370 4960 quibus
3393 4893 3582 4965 utique
3605 4906 3756 4950 natus

2173 4979 2276 5028 est.
2304 4973 2531 5028 luxuria:
2569 4976 2848 5028 volutabra
2878 4979 3231 5028 delectantur-
3273 4984 3405 5028 niui:
3433 4987 3576 5028 nniln
3604 4989 3756 5028 αρηιῖ-
