3964 5310
206 168 314 224 255

1366 168 1563 224 LIBER
1607 168 1883 236 PRIMUS,
1925 171 2138 226 EPIST.
2175 171 2290 226 XV.

3349 171 3454 228 234

205 282 386 355 pulvis
416 291 472 338 et
498 281 638 338 cinis
664 292 766 348 est,
792 281 858 336 ad
886 298 1046 352 quem
1074 282 1300 338 luxuria:
1330 283 1537 339 facibus
1578 283 1787 338 inllam-
1813 291 1861 348 Α
1889 285 2029 338 diem
2067 296 2122 340 et
2164 295 2376 340 noctem
2422 284 2630 338 videtur
2676 293 2868 339 nutare
2906 285 3303 354 crepusculum,
3331 287 3459 342 dum

204 385 387 430 matus
433 376 681 441 anhelas,
735 376 981 431 videlicet
1023 388 1082 431 ut
1130 394 1253 432 cum
1305 378 1593 433 muliebres
1639 389 1788 434 artus

205 466 579 536 amplecteris,
602 482 832 532 vermes,
857 467 1082 534 saniem,
1112 469 1605 540 intolerabilemque
1627 469 1786 524 {nato-

201 573 341 624 rem,
390 559 539 628 quod
597 558 756 629 paulo
796 569 917 629 post
943 558 1124 613 futura
1161 568 1265 624 est,
1297 561 1696 630 contempleris,
1730 570 1788 615 ut

202 650 572 706 consideratio
597 649 792 705 futura:
816 651 1119 721 putredinis
1150 651 1299 706 fucos
1333 667 1496 707 causa
1525 651 1788 720 despiciat

200 739 431 794 scenica:
477 740 796 795 venustatis.
859 739 1128 809 Sapientis
1173 741 1372 808 quippe
1423 740 1626 809 judicio
1679 754 1787 794 non

201 828 362 884 modo
387 827 662 898 subiacet,
703 829 844 898 quod
892 828 1230 883 lenocinatur
1267 829 1438 885 oculis
1465 849 1478 884 :
1510 830 1604 885 sed
1644 829 1789 899 quod

201 918 332 974 latet
357 919 528 973 etiam
551 919 607 972 in
636 918 861 972 materia
888 919 1152 974 veritatis.
1180 918 1564 975 Verumtamen
1599 935 1788 975 omnes

200 1011 317 1065 illas
342 1009 594 1075 delicias,
617 1025 751 1080 quas
777 1025 920 1064 nunc
952 1012 1221 1066 uxorcula:
1250 1012 1314 1066 de
1339 1012 1453 1066 suis
1475 1011 1787 1082 conjugihus

200 1101 480 1165 exhibent,
513 1100 637 1155 aliis
666 1115 880 1170 quoque
924 1102 1057 1156 viris
1087 1117 1310 1158 necesse
1354 1111 1438 1158 est
1475 1105 1784 1173 przebeant;

201 1191 244 1245 si
268 1206 364 1245 eas
401 1199 531 1261 post
569 1206 756 1246 eorum
808 1191 1012 1247 obitum
1043 1193 1274 1258 biviras,
1308 1203 1366 1248 ut
1409 1194 1668 1261 assolent,
1696 1203 1789 1249 aut

200 1283 361 1338 etiam
387 1282 610 1340 triviras
647 1297 768 1338 esse
808 1285 1106 1354 contingat.
1133 1284 1248 1339 Non
1279 1295 1362 1340 est
1397 1287 1476 1341 eis
1507 1286 1639 1340 ﬁdes
1679 1287 1786 1340 ulla

199 1385 318 1446 post
338 1385 601 1441 mortem,
620 1374 712 1430 sed
733 1375 857 1430 dum
874 1376 1089 1446 placere
1108 1376 1240 1432 viris
1259 1377 1646 1446 posterioribus
1657 1393 1787 1433 con-

200 1464 595 1536 cupiscibiliter
625 1474 907 1534 appetunt.
944 1466 1134 1521 audire
1165 1483 1378 1536 quoque
1413 1483 1605 1523 nomen
1640 1469 1786 1537 prio-

199 1573 314 1612 rum
337 1555 560 1612 suﬁ‘usa:
585 1557 783 1610 rubore
815 1554 1038 1621 vultum,
1072 1556 1409 1624 impudenter
1431 1559 1776 1612 erubescunt.

266 1644 402 1701 Novi
435 1645 598 1714 plane
625 1644 818 1708 virum,
853 1645 980 1699 dum
1034 1644 1237 1699 illatam
1275 1647 1428 1700 uxori
1469 1647 1656 1702 ulcisci
1698 1663 1785 1702 co-

200 1745 421 1791 naretur
450 1735 726 1803 iniuriam,
756 1734 948 1804 gladiis
997 1735 1402 1805 interemptum,
1439 1752 1557 1804 qua:
1606 1745 1784 1791 tamen

205 1826 268 1880 ad
312 1825 588 1880 secundas
631 1823 895 1894 migrasse
949 1823 1166 1892 nuptias
1216 1823 1435 1887 dicitur,
1494 1833 1783 1892 antequam

201 1909 595 1973 anni‘circulus
620 1916 956 1985 impleretur.
997 1916 1137 1969 Eant
1170 1931 1298 1984 ergo
1342 1915 1464 1978 viri,
1504 1924 1560 1969 et
1598 1917 1786 1972 relicto

200 2010 328 2076 Deo,
355 2024 510 2078 spem
545 2008 599 2061 in
645 2008 902 2062 uxoribus
962 2017 1184 2076 ponant,
1236 2022 1372 2075 quas
1417 2007 1603 2076 utique
1659 2009 1784 2063 dum

201 2106 655 2176 intemperantius
709 2103 955 2174 diligunt,
1005 2120 1146 2173 sazpe
1187 2119 1282 2174 per
1322 2121 1416 2159 eas
1447 2094 1574 2157 'non
1627 2105 1786 2158 modo

201 2201 480 2257 extraneis
524 2201 678 2264 viris,
728 2201 822 2256 sed
875 2210 930 2256 et
967 2202 1212 2257 hostibus
1259 2202 1372 2256 suis
1401 2201 1617 2272 propria
1646 2201 1785 2256 bona

201 2293 596 2348 transmittunt.
625 2291 737 2346 lluc
767 2293 991 2354 accedit,
1023 2295 1145 2362 quia
1175 2293 1218 2346 si
1257 2294 1450 2346 mulier
1489 2294 1785 2347 thalamum

199 2385 381 2451 violat,
433 2398 562 2437 cum
597 2381 738 2436 fama
765 2380 877 2448 jam
916 2383 1366 2435 convicaneorunt
1399 2380 1639 2435 omnium
1688 2397 1784 2434 ora

199 2475 516 2543 pervolitet;
561 2473 646 2526 vir
678 2481 854 2525 tamen
902 2472 1080 2526 adhuc
1127 2471 1273 2527 solus
1323 2474 1559 2542 ignorat,
1603 2480 1658 2525 et
1693 2472 1784 2541 qui

201 2583 306 2622 sua:
334 2566 535 2621 domus
565 2561 914 2632 opprobrium
956 2563 1177 2634 pertulit
1217 2563 1442 2632 primus,
1481 2561 1568 2614 vix
1599 2561 1788 2629 depre-

201 2659 388 2715 hendit
431 2667 735 2716 extremus.
767 2657 937 2728 Igitur
981 2659 1250 2714 incentiva
1290 2657 1525 2712 libidinis
1571 2655 1789 2710 fomites

202 2764 323 2809 sunt
353 2753 604 2808 avaritia:
623 2761 678 2807 et
709 2752 937 2808 materia
971 2751 1298 2822 cupiditatis.
1327 2749 1458 2803 Nam
1488 2765 1608 2805 cum
1634 2748 1790 2802 luxu-

202 2847 278 2901 ria
314 2845 504 2902 multis
552 2853 861 2914 sumptuum
911 2844 1150 2912 indigere
1196 2857 1304 2896 non
1357 2840 1659 2907 ambigetur
1697 2855 1791 2895 ex-

1888 382 2238 435 occumbente
2280 381 2398 434 luce
2449 381 2750 443 virtutum,
2805 394 2906 432 nox
2949 379 3123 434 oritur
3184 379 3457 432 vitiorum.

1889 470 2040 536 Quod
2065 471 2316 524 nimirum
2342 470 2469 524 illud
2494 469 2722 524 Abrahae
2745 469 3113 538 portendebat,
3142 470 3283 539 quod
3315 468 3461 523 Scri-

1887 569 2044 631 ptura
2077 560 2430 629 pronuntiat:
2477 578 2496 610 ‹
2531 559 2663 614 Cum
2716 559 2813 622 sol,
2859 560 3053 629 inquit,
3095 559 3460 624 occumberet.

1889 666 2050 720 sopor
2083 652 2238 706 irruit
2274 666 2434 721 super
2471 652 2768 715 Abraham,
2813 659 2867 706 et
2914 652 3108 706 horror
3142 667 3366 722 magnus
3405 662 3463 707 et

1888 742 2205 798 tenebrosus
2225 743 2421 798 invasit
2445 758 2567 797 eum
2589 740 2742 814 (Gen.
2765 743 2876 813 xv).
2898 761 2916 795 ι
2943 742 3074 798 Nam
3098 743 3226 799 solis
3245 744 3464 800 occubi-

1889 840 1988 888 ttts.
2020 832 2204 887 mundi
2250 817 2494 902 designat
2525 846 2807 896 occasum;
2849 834 3044 886 horror
3067 847 3197 888 vero
3234 849 3461 904 magnus

1886 928 1942 976 et
1979 917 2295 976 tenebrosus
2333 922 2582 975 vitiorum
2622 921 2817 990 ﬁgurat
2849 922 3242 992 criminumque
3277 923 3465 994 caligi-

1887 1024 2054 1076 nem,
2118 1027 2237 1080 qua:
2281 1011 2519 1081 quotidie
2569 1011 2884 1080 pestilenter
2937 1013 3316 1068 inhorrescunt
3364 1030 3465 1083 per

1887 1111 2206 1157 aestuantem
2242 1103 2590 1174 reproborum
2629 1105 2904 1160 hominum
2935 1107 3275 1176 pravitatem.
3310 1106 3466 1162 Unde

1888 1200 1941 1246 et
1971 1193 2078 1249 illic
2113 1195 2271 1262 paulo
2296 1205 2416 1265 post
2461 1195 2712 1252 additur:
2741 1215 2760 1248 ‹
2793 1196 2925 1252 Cum
2957 1214 3085 1269 ergo
3122 1200 3468 1254 occubuisset

1889 1285 1990 1351 sol,
2019 1284 2157 1341 facta
2184 1296 2266 1342 est
2293 1288 2466 1356 caligo
2496 1289 2802 1352 tenebrosa,
2843 1298 2898 1344 et
2938 1292 3184 1360 apparuit
3219 1291 3468 1347 clibanus

1887 1376 2102 1433 fumans
2126 1379 2318 1450 (ibid.).
2358 1399 2376 1432 ι
2409 1379 2561 1436 Sicut
2602 1381 2745 1436 enim
2790 1381 2968 1438 fumus
3006 1398 3069 1438 ex
3111 1383 3233 1454 igne
3269 1385 3470 1441 clibani

1887 1469 2197 1536 vaporantis
2222 1470 2522 1538 egreditur;
2573 1469 2647 1524 ita
2686 1471 2937 1527 vitiorum
2970 1475 3209 1528 omnium
3236 1475 3468 1544 ﬂagitio-

1890 1571 2116 1627 rumque
2140 1559 2312 1629 caligo
2339 1560 2406 1614 de
2433 1561 2644 1615 camino
2669 1564 2949 1618 aestuantis
2977 1565 3218 1619 avaritia:
3246 1580 3468 1634 genera-

1812 1618 1859 1676 Β
1889 1657 1994 1714 tur,
2044 1650 2187 1703 sicut
2229 1652 2360 1705 dicit
2402 1650 2734 1721 Apostolus:
2783 1672 2802 1705 ι
2837 1655 2972 1721 Quia
3021 1659 3175 1712 radix
3222 1618 3466 1713 ninnium

1885 1738 2149 1793 malorum
2194 1742 2423 1795 avaritia
2466 1750 2548 1797 est
2594 1742 2679 1810 (II
2713 1745 2845 1799 Tim.
2875 1748 2971 1817 vt).
3007 1767 3026 1800 ›
3069 1747 3135 1802 Ει
3175 1751 3279 1804 hoc
3319 1751 3467 1806 circa

1885 1827 2047 1882 ﬁnem
2071 1829 2199 1895 diei,
2242 1832 2342 1886 hoc
2369 1841 2470 1898 est,
2507 1832 2651 1888 circa
2683 1836 2970 1890 terminum
2998 1839 3202 1892 mundi.
3229 1839 3466 1894 Fumans

1885 1933 2014 1990 ergo
2056 1920 2301 1976 clibanus
2339 1922 2680 1979 tenebrosam
2728 1924 3013 1996 caliginem
3053 1936 3294 1997 generat,
3339 1929 3468 1998 quia

1886 2009 2134 2066 caminus
2163 2013 2424 2078 avaritiae,
2452 2015 2541 2083 qui
2573 2015 2625 2068 in
2666 2031 2956 2085 pravorum
2985 2018 3260 2072 hominum
3286 2029 3470 2088 pecto-

1886 2099 2037 2155 ribus
2084 2110 2294 2167 testuat,
2340 2104 2522 2159 multis
2573 2107 2984 2174 perversitatutn
3029 2110 3265 2164 tenebris
3314 2127 3470 2165 mun-

1886 2191 2013 2245 dum
2041 2193 2356 2262 pestilenter
2379 2194 2648 2250 obscurat.
2685 2198 2768 2251 An
2807 2213 2913 2253 non
2940 2211 3148 2256 mentes
3173 2201 3469 2256 infelicium

1886 2293 2072 2349 caecat,
2104 2300 2224 2354 quae
2257 2285 2464 2342 scilicet
2487 2295 2544 2342 et
2581 2286 2738 2342 ﬁdem
2765 2288 2921 2352 tollit,
2944 2298 3000 2345 et
3029 2292 3272 2346 omnium
3299 2293 3470 2346 virtu-

1890 2383 2000 2428 tum
2050 2375 2105 2430 itt
2148 2392 2335 2432 eorum
2384 2378 2637 2432 cordibus
2686 2378 2865 2434 lumen
2931 2381 3262 2452 exstinguit?
3315 2383 3469 2438 Unde

1889 2478 2012 2518 cum
2047 2465 2176 2520 illud
2204 2467 2552 2536 przemisisset
2576 2468 2884 2537 Apostolus,
2908 2481 3105 2541 praesto
3145 2473 3468 2528 subintulit:

1894 2573 1912 2606 ι
1952 2555 2144 2622 Quam,
2174 2574 2194 2608 ι
2227 2557 2474 2613 videlicet
2507 2559 2810 2623 avaritiam,
2856 2578 2874 2611 ‹
2911 2562 3128 2629 quidam
3158 2573 3472 2631 appetentes

1890 2654 2263 2701 erraverunta
2294 2646 2417 2712 ﬁde,
2443 2655 2496 2703 et
2522 2648 2866 2704 inseruerunt
2907 2665 2966 2705 se
3006 2652 3284 2706 doloribus
3330 2652 3469 2705 mul-

1891 2737 1965 2792 tis
2010 2738 2206 2809 (ibid.).
2237 2759 2257 2792 ι
2292 2738 2471 2796 Multis
2513 2742 2709 2811 quippe
2751 2758 2810 2798 se
2855 2742 3131 2799 doloribus
3185 2745 3470 2810 inserunt,

1893 2827 2021 2882 dum
2064 2838 2281 2900 propter
2343 2831 2658 2902 temporalia
2709 2832 2858 2886 lucra
2910 2832 3269 2888 iniwderabili
3329 2849 3360 2887 a
3414 2850 3476 2888 se

201 2934 382 3004 pensis
407 2974 422 3002 ,
488 2933 593 2988 nisi
647 2932 1029 3002 multiplicibus
1082 2933 1382 2986 exuberent
1449 2929 1785 2992 commodis,
1821 2959 1865 3020 Ο
1899 2918 2130 2974 invicem
2155 2921 2428 2978 simultate
2473 2921 2737 2976 resiliunt.
2766 2922 2827 2976 Et
2860 2922 3171 2993 plerumque
3209 2924 3334 2978 dum
3379 2939 3478 2993 pro

201 3025 369 3081 ﬂuere
405 3032 686 3094 nequeunt
735 3024 788 3078 in
841 3021 1296 3078 oblectationibus
1335 3020 1643 3088 voluptatis.
1687 3019 1795 3074 Sed
1828 3011 1865 3020 “
1898 3011 2268 3081 corporalibus
2294 3013 2349 3067 in
2378 3029 2526 3067 arma
2551 3021 2898 3076 concurrunt,
2941 3029 2972 3069 e
3013 3014 3329 3084 corporibus
3358 3017 3480 3070 ani-

201 3117 339 3171 sicut
383 3115 422 3170 ii
471 3115 564 3186 qui
598 3113 783 3170 mundi
815 3111 974 3182 hujus
1000 3113 1298 3183 probantur
1331 3127 1452 3168 esse
1493 3108 1794 3175 vernaculi,

203 3209 436 3264 terrenis
482 3223 542 3263 se
583 3207 745 3262 rebus
785 3206 1029 3261 ambiunt
1066 3220 1336 3270 onerare;
1382 3204 1463 3258 sic
1491 3217 1650 3258 versa
1679 3201 1798 3258 vice

201 3313 357 3353 mens
381 3296 695 3354 coelestibus
720 3296 877 3350 hians
905 3310 964 3351 se
1001 3295 1264 3365 gloriatur
1284 3309 1506 3349 exuere.

271 3386 317 3444 Ο
347 3402 513 3458 quam
539 3385 858 3456 jucundum,
901 3401 1062 3454 quam
1105 3398 1270 3440 suave
1314 3383 1584 3450 nuntium,
1633 3398 1798 3452 quam

204 3477 439 3547 denique
483 3475 654 3531 dulcis
694 3475 762 3530 ad
793 3489 954 3529 aures
978 3489 1125 3529 meas
1165 3489 1337 3543 nuper
1375 3473 1520 3527 fama
1557 3473 1796 3538 devenit,

203 3583 325 3637 qua:
380 3582 481 3621 vos
534 3565 842 3622 Ostiensem
894 3565 1208 3620 comitatum
1255 3564 1386 3619 mihi
1443 3563 1795 3626 subtraxisse,

203 3667 261 3713 et
295 3657 391 3712 alii
428 3657 713 3712 tradidisse
750 3656 1056 3727 perhibuit!
1091 3654 1368 3709 Romanus
1402 3654 1545 3707 enim
1580 3652 1798 3721 quidam

204 3746 356 3802 velut
405 3761 667 3802 accusans
699 3755 750 3800 te
778 3747 919 3815 apud
959 3761 1068 3811 me,
1111 3753 1166 3800 et
1217 3755 1471 3813 tanquam
1504 3743 1635 3796 mihi
1665 3757 1796 3796 con-

206 3841 395 3898 sulens
417 3849 581 3910 atque
609 3840 957 3910 compatiens,
987 3840 1129 3909 quod
1159 3835 1362 3892 factum
1396 3845 1515 3892 erat
1543 3833 1795 3902 innotuit,

206 3932 303 3988 sed
347 3947 511 4002 quem
557 3947 814 3987 accusare
844 3944 902 3985 se
927 3929 1181 3994 credidit,
1225 3927 1477 3982 nesciens
1526 3941 1800 3981 commen—

207 4025 380 4079 davit.
414 4024 528 4094 Ego
563 4024 780 4094 quidem
829 4023 1003 4092 primo
1051 4022 1204 4092 quasi
1250 4021 1487 4092 graviter
1539 4018 1654 4084 tuli,
1705 4019 1800 4073 sed

209 4115 624 4186 erumpentibus
670 4113 989 4183 quibusdam
1039 4113 1239 4167 laetitim
1283 4111 1470 4181 signis,
1504 4110 1588 4164 vel
1617 4124 1801 4176 supcr-

211 4207 493 4262 ﬁcietenus
513 4206 618 4277 3],
647 4205 859 4275 quidem
887 4214 1175 4260 mmrorem
1204 4203 1459 4259 simulare
1488 4219 1592 4258 non
1625 4203 1794 4272 potui.

1896 3118 2012 3158 mas
2041 3114 2261 3160 exeunt.
2290 3105 2391 3172 Qui
2431 3120 2558 3160 vero
2587 3103 2714 3160 solis
2753 3103 3062 3160 cmleStibus
3104 3105 3478 3168 inardescunt.

1894 3208 1994 3264 pro
2041 3195 2317 3252 doloribus
2359 3195 2810 3251 oblectationibus
2863 3195 3174 3265 potiuntur;
3236 3197 3361 3266 quia
3420 3197 3477 3252 in

1895 3284 2153 3342 fraterna:
2205 3287 2491 3342 charitatis
2533 3285 2812 3342 dulcedine
2872 3286 3202 3340 unanimiter
3268 3286 3475 3340 vivunt.

1896 3377 2034 3434 Hinc
2081 3387 2186 3444 est,
2226 3379 2368 3449 quod
2415 3379 2466 3432 in
2510 3377 2600 3432 illo
2645 3377 2914 3432 sacriﬁcio
2955 3377 3284 3447 vespertino,
3333 3379 3478 3445 quod

1897 3477 2026 3524 tunc
2065 3468 2337 3525 Abraham
2387 3469 2600 3533 obtulit,
2649 3484 2842 3538 pecora
2877 3470 3094 3538 quidem
3138 3479 3351 3524 terrena
3405 3469 3475 3522 ab

1899 3559 2128 3617 invicem
2176 3570 2511 3630 sequestrata
2559 3561 2880 3630 composuit,
2935 3561 3028 3615 sed
3079 3560 3310 3614 volatilia
3365 3573 3474 3614 non

1898 3651 2160 3720 abjunxit.
2213 3649 2366 3705 Unde
2420 3649 2750 3717 Scriptura:
2804 3667 2824 3702 ς
2874 3649 2974 3715 Qui
3022 3648 3232 3714 tollens,
3279 3647 3476 3717 inquit,

1899 3741 2152 3794 universa
2199 3740 2331 3802 inec,
2369 3739 2550 3794 divisit
2593 3753 2656 3793 ea
2701 3755 2799 3809 per
2832 3738 3088 3802 medium,
3140 3745 3191 3792 et
3222 3747 3479 3806 utrasque

1900 3841 2080 3902 partes
2107 3838 2293 3885 contra
2329 3846 2386 3885 se
2415 3829 2737 3884 altrinsecus
2766 3830 2966 3898 posuit,
3007 3845 3133 3883 aves
3160 3837 3338 3884 autem
3371 3844 3480 3883 non

1903 3920 2246 3992 divisit(Gen.
2267 3921 2378 3991 xv).
2403 3940 2422 3972 ι
2442 3918 2675 3974 Terrena
2691 3920 2903 3988 quidem
2925 3919 3175 3973 animalia
3190 3928 3374 3974 contra
3395 3933 3478 3984 se,

1902 4018 1956 4066 et
1977 4011 2298 4066 altrinsecus
2321 4008 2824 4078 opponuntur,quia
2849 4007 3045 4062 terreni
3069 4007 3268 4078 quique
3289 4017 3481 4062 contra

1900 4102 2177 4172 proximos
2195 4099 2389 4172 iurgiis
2416 4109 2471 4156 et
2491 4100 2924 4156 contentionibus
2946 4100 3194 4165 saeviunt,
3223 4100 3304 4154 vel
3331 4108 3480 4156 certe

1901 4192 2128 4247 occultis
2151 4192 2409 4247 adversus
2434 4207 2528 4246 eos
2549 4190 2792 4245 odiorum
2816 4189 3091 4244 fomitibus
3109 4190 3478 4244 inardescunt.

214 4297 366 4354 Ultro
394 4299 562 4354 etiam
586 4297 821 4351 divinam
850 4295 1078 4365 imploro
1109 4294 1474 4359 clementiam,
1508 4301 1565 4348 ut
1591 4294 1789 4363 episco-

1902 4279 1973 4335 At
1999 4292 2188 4336 contra
2210 4281 2301 4350 qui
2328 4295 2448 4335 sese
2470 4281 2525 4334 in
2567 4281 2732 4333 altum
2755 4279 2990 4333 caelestis
3020 4278 3270 4332 desiderii
3299 4277 3481 4346 pluma

211 4397 398 4458 pawn]
448 4385 773 4458 quantocius
818 4386 1069 4440 ordinare
1108 4401 1213 4440 non
1257 4384 1492 4448 diﬂ'erusP
1525 4393 1580 4438 ei,
1613 4383 1794 4439 sterile
1825 4366 1866 4372 —
1903 4372 2212 4436 sustollunt,
2243 4372 2366 4426 dum
2390 4371 2712 4426 sacrilicium
2739 4370 2850 4425 ΠΕΟ
2879 4369 3196 4439 semetipsos
3221 4366 3476 4433 olferunt,

214 4478 430 4534 arenosi
480 4477 678 4532 littoris
725 4485 965 4530 aratrum
1017 4477 1146 4530 mihi
1196 4477 1262 4530 de
1318 4476 1564 4529 manibus
1618 4475 1789 4529 tollas.

1904 4481 1934 4519 a
1967 4473 2163 4519 mutua:
2187 4462 2488 4517 dilectionis
2519 4462 2724 4532 glutino
2753 4477 2858 4514 non
2892 4463 3167 4516 recedunt.

211 4568 328 4626 Non
357 4569 506 4625 enim
541 4575 627 4624 est
670 4567 830 4636 hujus
882 4567 1158 4636 temporis,
1204 4576 1265 4621 ut
1305 4567 1395 4636 qui
1445 4565 1693 4635 puritatis
1739 4575 1796 4618 et
1973 4555 2080 4625 32
2108 4555 2381 4625 llaecapud
2401 4553 2809 4620 te,venerabilis
2830 4553 3008 4619 Pater,
3026 4552 3285 4608 demundi
3303 4551 3487 4606 furen-

215 4662 544 4718 ίηηορεηιίω
604 4660 874 4714 "amnem
936 4666 1118 4714 ιεηετε
1177 4658 1487 4722 desiderat,
1545 4656 1797 4712 Ecclesia;
1906 4639 3487 4714 tisinsaniaconqueror,quemettolerarequotidieetodi-

214 4753 458 4822 bajulare
499 4751 741 4821 regimen
786 4749 1096 4817 acquiescat
1124 4767 1136 4802 ε
1166 4764 1288 4804 cum
1327 4747 1572 4801 videlicet
1609 4761 1800 4802 omnes
1908 4751 1967 4792 re
1987 4735 2298 4807 compellor.
2331 4734 2992 4790 Necaccusatorisvereor
3017 4743 3221 4822 notam,
3254 4732 3378 4822 dum
3411 4729 3490 4783 illi

215 4820 350 4911 pene
377 4822 481 4910 per
520 4820 776 4895 vitiorum
817 4838 1042 4906 abrupta
1084 4837 1401 4907 praecipites.
1447 4844 1500 4892 et
1546 4845 1802 4908 tanquam
1907 4827 2328 4896 delinquentium
2354 4839 2565 4895 expono
2591 4820 3297 4911 ﬂagitium,quic0rrigendi
3321 4831 3489 4888 prava

216 4910 464 4990 furentes
488 4931 610 5003 equi
637 4946 732 5001 per
754 4930 1087 4998 voluptatum
1122 4944 1341 4984 suarum
1371 4944 1587 4997 campos
1627 4930 1806 4985 fera“-
1905 4933 2018 4989 pra:
2038 4917 2253 4974 czeteris
2270 4915 2873 4984 oblinctprincipatutn.
2899 4910 3021 4968 Non
3047 4912 3191 4968 enim
3218 4911 3494 4966 (Ιριτιιςιοῐ

220 5033 305 5078 tur
334 5021 591 5079 eﬂrenes.
630 5021 698 5075 Et
729 5017 863 5090 quid
893 5017 1032 5070 aliud
1072 5019 1210 5074 inter
1234 5019 1348 5072 hmo
1377 5027 1454 5072 tot
1477 5019 1788 5088 ﬁagitiorun

1912 5009 2000 5064 ille
2047 5007 2308 5064 dicendus
2355 5013 2460 5068 est,
2511 5007 2604 5074 qui
2652 5006 2701 5061 ei
2755 5011 2911 5057 curat
2955 5005 3257 5058 errantium
3307 5007 3489 5054 reatus

219 5115 360 5170 mala
410 5114 834 5186 perpendimus,
877 5107 980 5162 nisi
1017 5109 1139 5178 quia
1180 5117 1408 5164 venturo
1457 5109 1616 5166 citius
1654 5108 1789 5164 Anti

1913 5115 2202 5170 exponere,
2229 5098 2321 5170 qui
2347 5094 2486 5148 valet
2514 5111 2600 5161 ea,
2625 5109 2746 5165 quae
2773 5101 2978 5149 temere
3003 5100 3322 5164 praesumpta
3349 5094 3494 5144 sunt.

221 5209 426 5264 christo
450 5208 536 5263 via
574 5206 689 5274 jam
732 5199 1019 5262 sternitur,
1052 5216 1150 5270 per
1188 5215 1351 5272 quam
1397 5200 1672 5257 inollensis
1716 5215 1789 5254 ne

1918 5190 2226 5246 emendare.
2268 5187 2394 5242 Hiec
2440 5200 2602 5255 porro
2647 5185 2781 5241 Eliae
2833 5183 3000 5238 verba
3046 5193 3175 5239 sunt
3218 5177 3333 5252 (III
3364 5174 3494 5240 Reg.

2168 5277 2359 5310 Aha-ain
2393 5284 2477 5310 lno
2551 5275 2777 5310 “nini-In
2851 5272 3236 5310 llnCIl-nvnrnnf
3294 5274 3345 5310 ἂι
3378 5273 3500 5310 01³0-

1919 5281 2032 5310 ...νῚ
2055 5297 2068 5310 ο
2106 5300 2122 5310 .
