3964 5310
479 250 654 311 -255

1116 245 1175 304 S.
1205 245 1407 301 PETRI
1444 243 1723 300 DAMIANI
1750 241 1906 299 OPP.
2158 239 2291 297 SEU
2324 239 2558 298 TOMUS
2585 239 2625 295 I.
2657 271 2726 282 —
2763 239 2982 297 EPIST.
3020 205 3146 296 LIB.
3190 238 3320 296 VIII.

3680 243 3791 297 256

537 398 674 453 sunt
699 394 918 442 curvata
940 392 1063 437 ante
1093 382 1236 436 B..al.
1282 402 1298 433 ι
1332 379 1467 435 Cum
1491 393 1618 450 ergo
1648 376 1912 448 propheta
1943 373 2115 431 solum

2231 369 2326 410 non
2356 353 2606 409 mentior.
2640 352 2697 408 Si
2721 368 2817 423 pro
2839 353 2941 408 hac
2973 352 3152 421 itaque
3175 350 3401 421 epistola
3433 368 3569 406 tliOt‘l
3599 354 3793 422 debeo,

547 496 608 535 se
665 476 992 533 remansisse
1049 474 1216 537 dicat,
1276 469 1595 524 Dominuse
1641 466 1855 521 diverso
1910 472 2119 533 septem

548 571 715 628 millia
754 581 1037 637 superesse
1063 563 1413 635 respondeat;
1447 560 1593 615 Elias
1626 567 1807 613 tamen
1850 553 2122 610 mendacii

548 678 656 717 non
713 658 980 729 arguitur,
1028 654 1153 725 quia
1205 651 1304 706 zeli
1347 649 1583 705 caelestis
1633 647 1755 717 igne
1808 655 2119 707 succensus,

542 765 691 816 esse,
717 749 858 819 quod
882 746 1149 817 perhibet,
1180 742 1452 812 opinatur.
1482 738 1540 793 Si
1587 737 1732 792 Elias
1783 735 1964 803 itaque
2015 745 2122 786 non

548 840 812 911 peccavit,
839 836 966 907 quia
1002 850 1113 905 non
1134 832 1279 895 odio,
1303 830 1395 885 sed
1426 827 1541 883 zelo
1569 825 1783 880 modum
1820 821 2122 877 accusatio-

549 909 637 987 nis
663 930 934 987 excessit:
976 940 1106 979 num
1141 936 1240 993 ego
1273 919 1443 976 debeo
1479 914 1910 987 praesumptionis
1949 909 2121 981 argui,

546 1020 641 1091 qui
673 1033 845 1090 pauca
868 1017 937 1071 de
968 1011 1216 1084 plurimis
1239 1009 1287 1065 ei
1313 1007 1670 1078 potissimum,
1703 1004 1792 1073 qui
1825 1002 1914 1071 jus
1951 1000 2123 1057 corri-
2148 1031 2169 1063 κ

549 1114 709 1185 gendi
733 1109 1107 1183 principaliter
1130 1102 1394 1175 possidet,
1417 1096 1696 1155 intimavi?
1731 1095 1907 1152 Meum
1941 1093 2124 1162 itaque

550 1205 653 1259 fuit
682 1203 853 1258 sacris
879 1199 1100 1254 auribus
1127 1196 1243 1250 haec
1283 1200 1559 1260 utcunque
1592 1200 1919 1259 suggerere;
1972 1192 2124 1238 tuum

549 1306 655 1362 est,
681 1305 841 1366 prout
870 1291 1098 1347 facultas
1129 1285 1393 1348 attulerit,
1430 1295 1701 1336 coercere.
1756 1273 2122 1345 Satagendum

552 1397 636 1441 est
664 1363 854 1453 igitur,
885 1390 941 1437 et
963 1380 1227 1435 instanter
1247 1370 1656 1433 elaborandum,
1678 1376 1738 1421 ut
1765 1367 1820 1421 in
1847 1374 1916 1420 ιτς
1928 1363 2125 1419 mendo

553 1475 749 1533 summi
779 1471 1013 1545 pastoris
1049 1466 1319 1530 examine,
1350 1461 1435 1518 vel
1481 1474 1605 1516 cum
1662 1457 1781 1513 Elia
1820 1465 1876 1511 te
1904 1454 2125 1511 intimus

553 1565 653 1622 zeli
682 1543 864 1621 fervor
888 1571 1140 1624 excuset,
1170 1555 1256 1612 vel
1291 1570 1413 1609 cum
1441 1551 1620 1615 Petro,
1650 1547 1792 1619 quod
1837 1543 2125 1616 gloriosius

551 1665 656 1720 est,
681 1652 964 1722 multiplex
990 1645 1264 1704 commissi
1290 1642 1469 1715 gregis
1516 1640 1722 1694 fructus
1748 1626 1991 1692 exornet.
2024 1632 2121 1696 Ne.

551 1761 751 1817 quaeso,
775 1741 1067 1806 miremini,
1090 1739 1136 1795 si
1163 1747 1318 1792 tenor
1340 1732 1500 1801 hujus
1521 1730 1660 1799 epist

553 1837 780 1901 inculto,
809 1834 932 1904 quia
974 1833 1100 1886 dum
1137 1842 1331 1884 manus
1366 1821 1734 1893 adjaciendos
1777 1818 1961 1888 apices
2004 1830 2123 1886 pro-

552 1935 727 1996 perat,
774 1912 907 1979 hinc
944 1919 1234 1986 Cadalous,
1288 1916 1451 1970 draco
1496 1911 1747 1996 videlicet
1800 1905 2127 1970 teterrimus,

552 2014 748 2080 sutllat,
786 2013 932 2067 illinc
953 2010 1222 2066 virulenta
1251 2001 1584 2074 serpentium
1614 1990 1795 2053 turma
1826 1995 1894 2050 de
1936 2008 2130 2048 caver-

555 2106 635 2160 nis
669 2104 784 2158 suis
808 2116 1033 2172 egressa
1077 2095 1391 2153 consibilat.
1436 2091 1602 2160 Quos,
1633 2088 1759 2159 quia
1796 2101 1901 2141 non
1937 2097 2131 2154 pussu-

553 2208 675 2248 mus
724 2185 1190 2246 incantationibus
1237 2182 1509 2250 frangere,
1571 2191 1827 2248 paramus
1877 2185 2132 2243 squamea

554 2284 696 2339 colla
722 2282 916 2352 gladiis
938 2278 1285 2334 obtruncare.
1310 2272 1418 2328 Sed
1446 2271 1571 2341 quia
1600 2268 1836 2339 synodus
1858 2263 2129 2328 imminet,

552 2375 831 2444 pedestres
850 2371 1012 2426 etiam
1035 2365 1330 2424 versiculos
1359 2362 1563 2418 subdo:

623 2465 781 2522 Sedis
802 2461 1109 2534 apostolicae
1131 2458 1224 2531 qui
1249 2456 1362 2511 vult
1393 2454 1626 2509 retinere
1648 2452 1913 2522 vigorem,

694 2558 873 2629 Equa
891 2556 1052 2611 libret
1071 2553 1251 2625 rigida:
1275 2550 1514 2623 pondera
1530 2546 1777 2617 justitize.
1908 2604 1917 2611 κ

623 2651 769 2706 Juris
799 2649 944 2704 enim
976 2643 1175 2717 pariles
1202 2641 1373 2696 nescit
1399 2638 1729 2708 suspendere
1750 2636 1953 2695 lances.

670 2734 866 2809 'Quem
896 2738 1049 2792 favor
1077 2732 1324 2797 inflectit,
1363 2745 1486 2800 Spes
1516 2727 1602 2783 vel
1624 2742 1784 2781 avara
1827 2724 2014 2780 trahit.

619 2830 933 2885 Muneribus
960 2826 1131 2896 plenae
1159 2822 1243 2877 cui
1274 2821 1462 2874 laxant
1486 2832 1583 2873 ora
1612 2830 1907 2878 crumente,

692 2917 907 2972 iustitia
932 2926 1157 2968 vacuam
1182 2908 1359 2979 perdit
1381 2907 1535 2977 inops
1564 2906 1841 2975 animam.‘

618 3010 751 3066 Coeli
786 3010 953 3064 Roma
978 3020 1127 3061 seras
1149 3010 1317 3065 tenet,
1351 3008 1407 3055 et
1429 2998 1568 3068 regit
1593 2996 1741 3050 orbis
1779 2995 2052 3049 habenas:

697 3101 812 3166 His,
840 3098 884 3153 si
910 3097 1063 3167 plura
1089 3093 1234 3154 velit,
1262 3100 1464 3146 tartara
1495 3087 1607 3143 sola
1637 3084 1790 3157 petit.

1088 3179 1420 3236 EPISTOLA
1456 3177 1594 3232 XVI.

559 3275 629 3341 Δί)
683 3294 899 3337 sonasti
952 3285 1310 3331 ALEXANDRU!
1356 3284 1416 3332 ll,
1475 3282 1725 3323 neuneu
1775 3281 2127 3326 ronrtrntsst.

627 3368 696 3407 ΕΤ
725 3358 1132 3404 ιιιιυεβιιλκουι
1183 3359 1230 3396 S.
1278 3356 1332 3394 Β.
1378 3354 1430 3392 Ε.
1478 3352 1816 3392 ῦιλιυικλιειι
1854 3351 2133 3391 Διιοωυιι-

540 3434 552 3463 ’-
623 3436 824 3476 (ιοκωι.

528 3518 954 3572 ‘Attoustearun.
994 3503 1473 3574 egllepreltensus
1516 3503 1585 3555 ab
1614 3498 1929 3574 Alexandro
1955 3496 2127 3574 ponti-

628 3567 749 3645 tice,
773 3592 829 3636 et
859 3567 1226 3633 Hildebrando
1252 3570 1649 3645 archidiacoup,
1677 3567 2128 3645 qupdcpistolam

625 3634 919 3721 quannlam
952 3646 1271 3721 scripsisset
1298 3636 1613 3721 Coloniensi
1632 3672 1633 3675 η
1654 3634 1922 3721 antistita
1945 3651 2129 3716 exem-

627 3706 743 3794 plar
777 3721 920 3794 illius
942 3706 1182 3794 epistola:
1205 3713 1272 3794 ad
1297 3712 1516 3794 eosdem
1547 3709 1726 3794 m'i‘ttit.
1758 3706 1985 3771 Deinde,
2005 3706 2132 3794 quia
2176 3752 2177 3755 η

624 3777 846 3862 i'ogatns
872 3777 1171 3862 fuerat-ab
1209 3783 1421 3845 iisdem,
1474 3778 1838 3860 utdtomam,
1892 3784 1950 3862 et
2002 3777 2132 3862 inde

624 3846 921 3920 Mantuam,
989 3855 1079 3911 ubi
1122 3860 1421 3908 conventus
1483 3850 1856 3920 episcoporum
1930 3846 2134 3920 haben-

625 3914 727 3986 dus
741 3939 880 3993 erat,
899 3914 1078 3981 secum
1104 3914 1566 3993 proficisceretur:
1596 3914 1894 3971 Ito'inanum
1914 3914 2130 3993 quidem

625 3984 1023 4066 iter,tanquam
1051 3984 1224 4066 minus
1247 3988 1630 4066 necessarium,
1653 3995 1718 4066 _e_t
1740 4001 1849 4040 sua:
1869 3984 2130 4039 SetieJttti

515 4111 523 4124 .
631 4055 794 4124 nimis
826 4055 1220 4120 incommodum
1261 4055 1957 4128 deprecaturilﬂantuanze
2006 4067 2133 4128 vero

517 4140 524 4179 ί
618 4135 979 4199 profectionis
1002 4132 1261 4192 laborem,
1286 4124 1428 4199 quod
1456 4142 1487 4182 e
1525 4142 1583 4199 re
1604 4125 1921 4180 Christiana:
1955 4124 2132 4199 reipu:

517 4140 524 4179 ί
618 4170 622 4174 ο
667 4138 979 4192 rofectionis
1003 4138 1261 4192 laborem,
1286 4138 1428 4199 quod
1456 4142 1487 4182 e
1525 4142 1583 4181 re
1604 4138 1921 4180 unrtsuante
1955 4138 2028 4176 rei
2072 4138 2132 4174 u-

514 4216 525 4273 ι
627 4154 783 4262 Blicte
809 4205 914 4276 33
934 4217 1053 4276 esse
1074 4201 1373 4276 videretur,
1395 4198 1614 4251 omnino
1637 4210 1755 4276 non
1766 4203 1996 4276 recusat.
2009 4138 2133 4276 ,ἕω

628 4261 799 4346 usque
810 4261 913 4328 ’ΞΠ
930 4273 1217 4326 adventum
1258 4270 1571 4346 utriusque,
1593 4265 1684 4336 qui
1709 4261 2132 4345 Mantuamillac

626 4333 912 4402 transituri
936 4349 1114 4405 erant,
1147 4346 1311 4392 tanta;
1338 4338 1418 4390 rei
1451 4333 1896 4390 deliberationem
1932 4333 2125 4401 rejicit.

2155 3047 2202 3108 C

2224 446 2385 500 tendo
2427 444 2693 500 cervicem
2721 483 2737 508 ,
2782 444 3073 513 imprimite
3119 443 3424 513 pugionem.
3470 442 3548 499 De
3595 457 3796 501 caetero

2222 542 2470 589 sanctum
2506 532 2763 588 Satanam
2794 548 2971 589 meum
3001 524 3276 587 humiliter
3308 531 3535 589 obsecro
3566 535 3706 606 (79),
3737 546 3796 589 ut

2222 639 2330 680 non
2375 625 2659 680 adversum
2688 638 2774 679 me
2805 631 3082 692 tantopere
3122 623 3327 690 saeviat,
3353 637 3456 678 nec
3484 625 3606 695 ejus
3628 641 3796 680 vene.

2225 713 2395 768 randa
2421 713 2672 783 superbia
2722 721 2831 767 tam
2876 712 3049 782 longis
3092 726 3178 767 me
3209 713 3526 769 verberibus
3559 723 3796 779 atterat;

2223 803 2316 859 sed
2340 803 2563 875 jamjam
2587 804 2731 858 circa
2767 818 2982 857 servum
3003 818 3159 858 suum
3183 804 3266 858 vel
3286 805 3489 865 satiata
3522 806 3798 860 mitescat.

2224 893 2480 949 Liventes
2526 894 2724 963 quippe
2763 892 2998 963 scopula:
3036 891 3149 960 jam
3204 892 3482 957 deficiunt,
3504 900 3559 947 et
3589 892 3798 946 sulcata

2227 994 2305 1040 tot
2352 985 2554 1060 plagis,
2579 995 2763 1054 totque
2795 994 2943 1055 terga
2988 983 3254 1049 vibicibus
3306 983 3664 1039 tumescentia
3694 999 3799 1038 non

2225 1076 2545 1132 subsistunt.
2583 1074 2731 1131 Unde
2763 1076 2847 1130 vir
2894 1075 3112 1144 sapiens
3161 1092 3174 1125 :
3222 1092 3240 1125 ι
3277 1072 3533 1143 Flagelli,
3595 1074 3801 1142 inquit,

2225 1167 2377 1238 plaga
2433 1167 2657 1222 livorem
2701 1167 2854 1230 facit,
2901 1166 3056 1236 plaga
3111 1175 3289 1220 autem
3343 1165 3538 1235 linguae
3576 1167 3804 1220 commi-

2226 1261 2344 1317 nuit
2371 1274 2494 1314 ossa
2541 1258 2732 1329 (Eccli.
2786 1259 3001 1326 xxviii).
3035 1277 3053 1309 ι
3083 1258 3194 1329 Age
3235 1257 3419 1326 igitur,
3452 1266 3674 1326 tempus
3720 1268 3806 1311 est

2226 1350 2394 1416 enim,
2419 1358 2471 1403 ιιι
2495 1365 2594 1420 ego
2610 1348 2788 1418 jam...
2814 1348 2950 1420 (80).
2968 1348 3071 1403 Sed
3095 1348 3268 1403 adhuc
3280 1348 3528 1418 spiritum
3544 1348 3802 1418 reprimo,

2226 1442 2387 1497 labiis
2444 1442 2668 1512 digitum
2723 1456 3069 1512 superpono:
3102 1449 3157 1495 et
3205 1441 3330 1495 licet
3382 1454 3585 1504 seram,
3624 1450 3806 1493 tamen

2224 1533 2403 1588 adhuc
2428 1532 2854 1588 misericordiam
2880 1547 3083 1602 quaero.
3118 1531 3269 1598 Quod
3293 1539 3474 1584 autem
3501 1545 3591 1585 me
3619 1530 3691 1584 ad
3717 1543 3808 1585 vos

2227 1625 2455 1681 Romam
2490 1626 2696 1690 venire,
2729 1624 2922 1679 deinde
2952 1624 3227 1679 vobiscum
3258 1623 3340 1677 ire
3369 1621 3648 1676 Mantuam
3676 1633 3809 1689 prte—

1662 1728 1761 1784 olte
1781 1725 1920 1797 stylo
1945 1731 2130 1780 currat
2158 1707 2201 1767 Β
2230 1714 2481 1783 cepistis,
2514 1715 2796 1784 utriusque
2824 1713 2957 1767 mihi
2979 1712 3133 1767 labor
3157 1712 3370 1766 itineris
3390 1708 3547 1764 valde
3572 1707 3807 1763 difﬁcilis

2227 1804 2375 1858 visus
2414 1812 2520 1868 est,
2551 1813 2605 1858 et
2639 1818 2773 1858 mete
2812 1802 3077 1857 senectuti
3133 1801 3359 1854 nimium
3400 1799 3601 1869 gravis.
3652 1795 3808 1852 Unde

2228 1894 2457 1951 Romam
2478 1894 2685 1959 venire,
2715 1894 2859 1965 quod
2883 1893 3037 1947 v'ohis
3070 1892 3250 1946 minus
3279 1892 3581 1959 prodesset,
3606 1888 3804 1944 omisi:

2230 1986 2625 2057 expeditionem
2672 1999 2802 2040 vero
2846 1982 3123 2038 Mantuani
3170 1980 3384 2037 itineris
3437 1979 3614 2049 magis
3652 1977 3808 2032 vobis

2230 2075 2593 2131 necessariam
2633 2072 2890 2144 iudicavi.
2939 2069 3046 2126 Sed
3078 2070 3129 2124 in
3162 2067 3481 2124 destinando
3512 2066 3649 2121 mihi
3680 2080 3805 2120 san-

2230 2176 2331 2221 cta:
2384 2174 2577 2221 vestrae
2620 2162 2900 2235 legationis
2946 2159 3193 2224 oraculo,
3236 2160 3372 2214 satis
3407 2168 3637 2227 uterque
3668 2155 3809 2210 inter

2230 2271 2327 2312 vos
2364 2254 2703 2326 inaequaliter
2748 2253 3034 2308 divisistis.
3080 2249 3370 2315 Nimirum,
3406 2257 3467 2303 ut
3496 2262 3637 2301 unus
3679 2245 3806 2300 milii

2229 2347 2479 2402 videatur
2507 2345 2715 2413 paterni
2761 2342 2964 2397 favoris
3003 2340 3318 2396 aﬂahilitate
3346 2339 3642 2402 blanditus,
3674 2337 3808 2391 alter

2231 2437 2519 2507 hostilibus
2538 2435 2732 2506 iurgiis
2762 2433 3080 2489 terribiliter
3130 2432 3512 2487 comminatus.
3544 2427 3706 2485 Unus
3727 2442 3809 2480 ve-

2230 2541 2403 2586 strum
2433 2543 2519 2583 me
2560 2537 2812 2596 tanquam
2862 2525 2941 2580 sol
2988 2538 3214 2579 corusco
3266 2521 3456 2576 fervidi
3497 2519 3808 2589 splendoris

2232 2619 2479 2682 irradiat,
2508 2617 2646 2673 alter
2675 2617 2821 2671 velut
2848 2617 3032 2672 furens
3064 2614 3260 2684 Aquilo
3293 2612 3544 2668 violentis
3574 2613 3807 2681 impetus

2231 2712 2315 2766 sui
2361 2710 2543 2766 ﬂabris
2594 2710 2839 2766 exsufﬂat
2906 2707 3062 2764 Unde
3117 2708 3246 2762 illud
3276 2708 3341 2760 ad
3373 2716 3613 2760 mentem
3645 2704 3803 2766 redit,

2230 2802 2373 2872 quod
2423 2801 2658 2856 refertur
2703 2800 2759 2855 in
2814 2798 3030 2854 fabulis.
3080 2797 3284 2852 Dicitur
3321 2794 3487 2862 enim,
3518 2793 3649 2863 quia
3682 2792 3806 2846 dum

2232 2891 2453 2960 quidam
2501 2891 2723 2945 indutus
2770 2887 3055 2959 chlamyde
3098 2887 3273 2944 viator
3309 2884 3610 2949 incederet,
3641 2881 3806 2938 Solet

2234 2981 2409 3035 Eurus
2427 2995 2548 3034 eum
2577 2980 2733 3049 quasi
2780 2979 3081 3035 materiam
3118 2977 3221 3032 sibi
3254 2989 3590 3045 proposuere
3625 2984 3801 3027 certa-

2233 3070 2414 3136 minis,
2442 3070 2563 3139 quis
2585 3069 2833 3124 videlicet
2853 3084 2883 3124 e
2913 3067 3121 3122 duobus
3140 3066 3187 3120 ci
3211 3063 3519 3135 chlmydcm
3545 3061 3807 3133 potuisset

2233 3159 2466 3215 auferre.
2497 3159 2608 3214 iloc
2635 3160 2819 3229 itaque
2857 3158 3001 3213 inter
3032 3171 3129 3211 eos
3176 3154 3380 3210 ftedere
3402 3153 3730 3214 constituto,
3753 3157 3806 3203 ut

2233 3265 2357 3304 eum
2395 3250 2485 3319 qui
2516 3251 2687 3304 victor
2711 3249 2993 3312 existeret,
3028 3247 3211 3300 virens
3260 3243 3439 3297 laurea
3496 3250 3804 3302 coronaret,

2231 3340 2398 3410 cmpit
2424 3339 2596 3393 Eurus
2637 3338 2902 3393 violenter
2927 3336 3240 3399 infremere,
3280 3332 3501 3387 nubium
3536 3331 3806 3385 volumina

2232 3444 2605 3494 commovere;
2630 3443 2660 3484 e
2687 3437 2900 3493 contra,
2948 3426 3122 3493 viator
3149 3421 3485 3493 chlamydem
3518 3421 3805 3488 stringere,

2233 3533 2482 3588 seseque,
2550 3533 2619 3573 ne
2671 3526 2876 3572 vestem
2922 3514 3195 3586 perderet,
3232 3496 3470 3579 undique
3531 3509 3805 3577 constipa-

2234 3625 2312 3664 re.
2339 3610 2581 3678 Cumque
2610 3606 2905 3676 discipulus
2945 3604 3086 3662 Eoli
3117 3618 3269 3658 casso
3314 3600 3501 3655 labore
3528 3599 3805 3660 deficeret,

2233 3713 2462 3769 seseque
2478 3708 2713 3767 ereptum
2736 3711 2897 3766 posse
2916 3693 3179 3765 perlicere
3205 3690 3450 3746 funditus
3467 3689 3804 3758 desperaret,

2232 3789 2378 3845 illico
2407 3788 2499 3844 Sol
2526 3804 2692 3842 aurea
2721 3787 2886 3856 coepit
2906 3800 3002 3840 ora
3027 3785 3306 3853 detegere,
3344 3779 3679 3835 micantibus
3712 3788 3807 3831 ter-

2231 3895 2346 3935 ram
2376 3878 2675 3935 fervoribus
2718 3877 3005 3932 illustrare.
3038 3873 3159 3928 Mox
3183 3873 3360 3927 viator
3384 3886 3506 3925 cum
3527 3868 3648 3937 jam
3671 3867 3806 3923 :esti-

2236 3972 2338 4027 bus
2360 3971 2515 4043 ttjmii
2565 3968 2796 4025 fervoris
2824 3976 3117 4032 aresceret,
3164 3966 3403 4033 uberque
3432 3963 3601 4017 sudor
3624 3963 3803 4016 hume-

2231 4061 2389 4117 factis
2441 4061 2739 4117 visceribus
2786 4058 3059 4123 ebulliret,
3110 4052 3805 4126 projecitchlamydem,ut

2233 4153 2386 4207 nimii
2415 4152 2681 4209 caumatis
2729 4157 3052 4219 temperaret
3083 4146 3355 4199 ardorem.
3403 4142 3496 4198 Ille
3524 4156 3661 4212 ergo
3685 4155 3805 4194 con-

2233 4244 2362 4301 dicti
2425 4241 2739 4297 certaminis
2796 4239 3093 4311 promeruit
3147 4236 3378 4307 palmam
3409 4274 3423 4297 ,
3467 4232 3562 4302 qui
3621 4232 3805 4286 leniter

2234 4336 2362 4406 egit,
2415 4349 2523 4389 non
2568 4331 2678 4404 34
2718 4333 2810 4402 qui
2850 4332 3065 4386 vincere
3110 4328 3360 4393 furendo,
3413 4337 3469 4380 et
3500 4322 3803 4379 violentiam

628 4437 776 4492 Patri
803 4444 858 4490 et
884 4433 994 4487 tilio
1016 4442 1167 4501 papae
1195 4437 1250 4483 et
1268 4426 1672 4491 archidiacono,
1703 4423 1917 4477 PETBCS
1940 4396 2129 4490 pecca-

2237 4426 2524 4496 irrogando
2547 4396 2792 4479 te'nt-avit.

559 4537 646 4582 tor
670 4523 966 4581 monachus
998 4518 1333 4574 servitutem.

628 4613 942 4685 Epistolam,
973 4611 1040 4665 de
1059 4624 1165 4678 qua
1196 4622 1282 4662 me
1312 4603 1718 4676 insuggillastis,
1742 4601 1808 4656 ad
1830 4617 1925 4656 vos
1954 4607 2127 4665 mitto,

557 4717 618 4763 ut
641 4704 889 4768 videatis,
914 4710 970 4756 et
1013 4700 1145 4770 quid
1190 4697 1245 4752 in
1279 4712 1343 4751 ea
1380 4697 1665 4750 adversum
1717 4707 1812 4747 vos
1832 4690 2033 4761 egerim
2062 4688 2128 4740 li-

556 4799 720 4869 quido
772 4791 1158 4864 comprobetis.
1187 4788 1341 4856 Quod
1396 4787 1444 4841 si
1484 4786 1644 4839 aliam
1686 4785 1741 4837 in
1788 4783 1907 4837 illas
1949 4787 2129 4851 partes

553 4886 838 4960 epistolam
891 4883 1036 4949 misi,
1067 4879 1152 4936 vel
1198 4880 1251 4934 in
1303 4879 1407 4933 hac
1447 4877 1564 4947 ipsa
1614 4874 1817 4945 aliquid
1864 4884 2034 4942 usque
2062 4869 2130 4924 ad

554 4958 719 5034 unam
767 4975 1028 5039 litteram,
1055 4985 1144 5026 me
1173 4969 1403 5031 sciente,
1438 4974 1655 5021 auctum
1693 4972 1800 5032 est,
1844 4960 1928 5015 vel
1958 4958 2132 5013 immi-

554 5074 771 5130 nutum,
807 5070 903 5118 aut
929 5062 1111 5132 aliquo
1160 5058 1319 5115 modo
1357 5062 1798 5119 transmutatam,
1845 5062 1901 5107 et
1930 5065 2036 5106 non
2062 5048 2131 5104 ad

553 5175 653 5215 vos
674 5166 759 5214 est
804 5156 1125 5227 simpliciter
1150 5153 1338 5217 missa,
1380 5151 1522 5207 sicut
1567 5156 1695 5204 tunc
1719 5147 1937 5202 domino
1965 5142 2127 5199 Colo-

553 5249 753 5308 niensi-
770 5246 1013 5310 pontitlci
1062 5254 1147 5301 est
1169 5244 1376 5298 directa
1424 5241 1663 5295 Naaman
1689 5238 1813 5310 Syri
1863 5252 1948 5291 me
1977 5235 2126 5305 lepra

2307 4517 2414 4570 Sed
2469 4524 2530 4570 ut
2566 4530 2599 4570 e
2640 4513 2940 4584 Scripturis
2992 4512 3161 4567 sacris
3189 4509 3469 4565 honestius
3496 4507 3804 4577 proferatur

2234 4604 2535 4673 exemplum
2563 4620 2577 4657 :
2607 4604 2650 4658 si
2677 4601 2913 4657 Roboam
2945 4616 3132 4659 senum
3162 4598 3402 4654 consiliis
3428 4596 3801 4665 acquiescens,

2234 4696 2430 4766 populo
2474 4695 2623 4749 mitia
2670 4693 3053 4764 respondisset,
3110 4701 3279 4746 totum
3327 4688 3486 4744 Israel
3547 4688 3633 4742 sui
3674 4683 3804 4756 juris

2237 4783 2467 4853 imperio
2517 4782 2879 4837 subdidisset:
2908 4781 3001 4836 sed
3046 4780 3170 4849 quia
3227 4791 3531 4833 coaevorum
3589 4776 3801 4828 suorum

2233 4872 2497 4943 superbiae
2517 4871 2766 4935 credidit,
2789 4870 2973 4926 divisis
2996 4885 3027 4924 a
3051 4883 3110 4924 se
3131 4869 3316 4924 decem
3347 4864 3613 4930 tribubus,
3640 4859 3801 4917 subli-

2235 4977 2374 5016 mem
2414 4960 2564 5031 regni
2596 4960 2893 5030 potentiam
2939 4957 3194 5013 humilem
3237 4956 3368 5012 fecit
3398 4954 3484 5028 (Il
3526 4953 3658 5024 Reg.
3692 4966 3796 5013 xn;

2235 5052 2298 5107 11
2325 5051 2510 5106 Parat.
2559 5049 3003 5120 x)..Rhinoceros
3041 5048 3228 5114 etiam,
3278 5047 3369 5117 qui
3414 5045 3598 5100 rabida
3624 5060 3662 5115 p
3695 5057 3802 5096 rsc-

2232 5142 2512 5213 qnentium
2556 5156 2748 5197 canum
2777 5156 2873 5195 ora
2904 5140 3183 5195 celerrima
3222 5138 3538 5207 pernicitate
3562 5144 3800 5190 contem-

2237 5234 2337 5296 nit,
2359 5231 2478 5302 capi
2514 5246 2573 5286 se
2625 5232 2831 5301 gremio
2879 5230 3086 5286 blandze
3129 5229 3356 5300 virginis
3405 5242 3509 5282 non
3538 5224 3797 5295 pavescit.
