3964 5310
181 279 192 290 ,
231 220 336 274 257

173 303 190 341 ἱ

1425 225 1624 280 LIBER
1665 227 1941 294 PRIMUS,
1972 229 2183 284 EPIST.
2227 218 2321 284 XX

3369 239 3473 297 258

228 337 482 404 pulentur
527 339 691 392 etiam
736 346 1044 405 venatores,
1095 354 1219 409 quia
1251 351 1432 394 castor
1461 343 1585 396 dum
1628 344 1806 400 nativo
1835 351 1881 408 Α
1913 361 2135 416 regnum
2182 346 2400 400 sibimet
2443 347 2741 416 pollicetur,
2774 347 2839 402 ad
2871 349 2971 405 hoc
3007 352 3329 424 quandoque
3351 373 3476 425 pro-

228 429 527 496 perpendat
546 430 759 500 ingenio
802 444 859 483 se
887 446 988 483 non
1011 430 1082 483 ob
1109 431 1250 483 aliud
1283 431 1555 494 insectari,
1585 432 1685 486 nisi
1713 447 1808 502 pro

228 515 522 580 testiculis,
551 527 612 570 ut
657 516 962 572 medicinali
1009 527 1294 572 serventur
1317 518 1588 573 industrirc
1617 521 1807 589 praeci-

230 602 443 667 dendis,
477 605 544 658 ad
577 605 776 672 stipitis
821 614 1072 660 truncum
1109 615 1330 673 repente
1352 607 1638 674 procurrit,
1669 622 1809 662 sese-

229 708 337 762 que
361 693 635 748 violenter
658 696 976 765 impiugens,
1009 695 1286 750 testiculos
1311 695 1538 765 projicit.
1568 697 1680 750 Mox
1710 699 1808 752 ita-

226 800 330 854 que
355 783 572 853 longius
599 786 905 854 provolans,
938 800 1128 840 versus
1155 787 1221 840 ad
1255 797 1563 840 venatorem
1590 787 1640 841 in
1669 789 1804 843 duo-

225 874 325 927 bus
369 888 431 927 se
484 874 714 942 pedibus
762 875 936 945 erigit,
965 889 1062 928 nec
1091 889 1149 929 se
1170 875 1283 944 jam
1327 876 1543 940 habere,
1578 892 1676 944 pro
1699 892 1806 945 quo

227 972 523 1032 qumratur,
553 965 810 1018 ostendit.
841 963 1092 1032 Nunquid
1139 979 1267 1034 ergo
1293 965 1482 1019 durior
1504 967 1804 1022 satisfactio

226 1053 490 1121 quaeritur
517 1054 584 1106 ah
611 1053 849 1116 homine,
874 1069 1035 1122 quant
1089 1054 1335 1125 exigatur
1387 1057 1456 1109 ab
1484 1057 1805 1113 animalibus

223 1138 434 1191 brutis?
465 1139 571 1193 Sed
603 1155 673 1194 ne
699 1141 914 1194 modum
967 1142 1196 1196 excedat
1230 1143 1520 1211 epistolare
1549 1160 1804 1215 compen-

222 1227 392 1292 dium,
429 1231 495 1284 ad
528 1232 644 1285 hzec
668 1231 1056 1300 expostulanda
1098 1242 1338 1288 vestrum
1368 1234 1420 1288 in
1448 1243 1660 1290 nostras
1683 1253 1804 1306 par-

236 1327 315 1370 tes
345 1321 724 1388 przestolemur
753 1322 1064 1376 adventum.

1202 1412 1217 1438 γ

749 1411 1081 1467 EPISTOLA
1124 1412 1283 1467 XVII.

621 1497 687 1534 an
717 1496 936 1536 suanm!
967 1498 1322 1539 ALEXANDRUM
1353 1500 1388 1538 η

373 1546 640 1616 (Habetur
670 1561 794 1604 tam.
825 1550 940 1613 IlI,
969 1560 1144 1621 estque
1177 1552 1481 1615 opusculum
1522 1557 1633 1627 25).

745 1639 1071 1695 EPISTOLA
1112 1640 1294 1696 XVIII.

395 1774 664 1843 (Habetur
686 1789 810 1832 tom.
842 1726 1165 1849 ἤϊ’
1181 1782 1482 1849 opusculum
1505 1785 1616 1856 24).

747 1888 1078 1945 EPISTOLA
1121 1890 1262 1945 XIX.

862 1976 928 2012 AD
956 1976 1176 2014 EUIIDEII

223 2019 482 2089 (Habetur
505 2034 634 2109 tam.
664 2025 746 2109 η.
781 2037 968 2109 estque
1002 2028 1248 2109 Vita-8's:
1280 2030 1542 2109 Rodulplti
1570 2039 1796 2109 episcopi

525 2092 816 2164 Eugubini,
847 2092 897 2151 et
923 2098 1186 2152 Dominici
1213 2092 1488 2172 Loricati).

761 2205 1090 2260 EPISTOLA
1133 2207 1252 2261 XX.

224 2286 287 2322 AD
333 2287 620 2328 (εΑυΑιοωι
668 2290 956 2330 ΒΡΣΞΕΟΡΙΞΜ
1004 2291 1342 2345 ΡΛΒΜΕΝδΕΜ,
1393 2296 1482 2343 QUI
1531 2297 1600 2336 ΕΤ
1637 2299 1798 2340 110Νο-

742 2360 862 2399 ιιιυε
901 2361 936 2399 ll
979 2361 1260 2400 ΛΝΤΙΡΑΡΑ.

219 2441 605 2511 inconsistent:
631 2459 702 2511 γ-
720 2431 984 2511 Cadalous
1003 2433 1314 2511 Parmensis
1336 2439 1640 2511 episcopus,
1666 2458 1796 2511 pra:-

283 2507 368 2575 ter
392 2499 500 2552 alia
524 2501 713 2575 _vitia,
757 2504 959 2575 qI_I:e__in
991 2517 1056 2575 eo
1104 2499 1384 2575 complura
1418 2499 1650 2575 inerant,
1668 2499 1794 2565 Ima-

281 2567 402 2646 gnis
428 2570 747 2646 antbitionis
775 2567 1000 2646 :facibus
1036 2567 1422 2646 inﬂammatus,
1465 2567 1713 2646 ingentes
1739 2583 1792 2636 in

282 2635 534 2692 Romana
579 2639 824 2694 Ecclesia
884 2642 1069 2696 turbas
1133 2635 1446 2700 concitavit.
1489 2635 1795 2706 Alexandro

281 2707 427 2783 enim
473 2706 713 2783 legitimo
754 2710 1276 2783 pontiﬁcerejeeto,
1311 2714 1705 2783 largitionibus,
1741 2729 1796 2774 et

281 2776 545 2898 pessimis
592 2776 895 2848 quibusque
938 2776 1147 2836 artibus
1176 2776 1462 2848 eﬂecitﬁrt
1489 2776 1795 2854 ipseaqui-

321 2846 512 2898 usdam
574 2847 863 2898 Cisalpinis
925 2850 1194 2898 eniscnnis
1246 2853 1325 2898 sui
1384 2854 1651 2898 simililma
1687 2857 1792 2898 at:

321 2846 512 2928 usdam
565 2846 863 2928 ‘Cisalpin—is
912 2850 1194 2928 episcopis
1246 2853 1325 2928 sui
1360 2846 1792 2928 'similihus'35

281 2914 369 2980 (ad
398 2931 541 2984 quos
562 2914 744 2971 tamen
771 2914 1053 2998 electionis
1072 2914 1164 2987 jus
1195 2922 1414 2998 minime
1445 2914 1788 2998 pertinebatﬁ

283 2993 729 3065 tanqu_am_verus
750 2997 812 3065 _et
847 3004 1134 3065 germanus
1160 2991 1397 3065 pontifex
1421 2991 1789 3065 promulgare-

281 3060 389 3131 tur._
440 3053 612 3124 Igitur
655 3053 894 3112 scelestae
922 3053 1233 3131 cupiditatis
1285 3053 1503 3130 compos
1541 3053 1787 3131 ell‘e‘étus,

279 3123 516 3198 scelera,
551 3140 673 3194 qua:
724 3135 884 3182 antea
938 3123 1203 3198 occultius
1250 3123 1520 3198 patrabat,
1576 3123 1789 3198 publice

273 3192 410 3260 jam,
428 3202 485 3246 et
506 3194 560 3247 in
575 3192 880 3279 conspectu
901 3197 1141 3279 omnium
1164 3192 1326 3279 edere
1354 3192 1543 3279 etrapit1
1565 3192 1790 3279 Rapinis

281 3267 795 3334 _namquc,ca:dihus
812 3274 866 3320 et
891 3265 1282 3334 direptionibus
1307 3265 1484 3322 omnia
1521 3265 1785 3329 fmdabat:

277 3330 417 3383 bona
433 3330 815 3388 ecclesiastica
841 3330 1100 3389 militibus
1123 3337 1256 3401 suis,
1285 3347 1340 3390 et
1364 3339 1681 3396 satellitibus
1707 3343 1787 3396 di-

277 3401 524 3474 ripienda
554 3405 886 3474 concedebat
911 3421 923 3456 :
953 3405 1204 3474 denique,
1222 3416 1280 3460 ut
1302 3421 1408 3460 uno
1427 3411 1593 3463 verbo
1614 3412 1792 3465 absol-

276 3484 422 3548 vam,
446 3471 682 3548 humana
705 3482 764 3548 et_
777 3473 955 3548 divina
982 3471 1364 3548 permisccbat.
1380 3476 1598 3532 Leniter
1611 3482 1788 3548 primo

278 3540 624 3605 admonitus;
654 3551 709 3618 et
734 3542 926 3596 deinde
956 3540 1078 3598 cum
1112 3544 1215 3599 hac
1241 3547 1450 3618 ratione
1472 3540 1790 3618 nihil'proﬁ-

279 3619 521 3674 ceretur,
552 3620 634 3664 ter
664 3611 717 3664 in
747 3620 962 3685 patrum
1012 3615 1368 3685 conventibus
1405 3611 1790 3683 publice'dam-

278 3687 458 3740 natus,
498 3689 556 3732 et
599 3696 626 3732 a
661 3681 926 3736 catholica
954 3681 1336 3737 communione
1385 3681 1686 3749 submotus,
1722 3688 1789 3742 ab

271 3750 514 3802 amentia
545 3759 602 3802 et
625 3749 807 3804 furore
828 3767 932 3805 non
966 3752 1192 3806 destitit.
1222 3752 1305 3806 Ad
1341 3754 1485 3808 hunc
1513 3756 1788 3810 hominem

275 3828 385 3871 tam
410 3817 682 3890 __impium,
746 3829 962 3890 tamque
1003 3821 1292 3877 obﬁrmato
1327 3825 1507 3878 animo
1531 3825 1788 3878 salutaria

271 3887 900 3956 consilia’respucntcm',
930 3891 1119 3945 scribit
1144 3891 1201 3944 Β.
1237 3891 1432 3945 Petrus
1465 3895 1783 3948 Damiauus.

272 3957 339 4009 Et
367 3958 591 4029 quidem
625 3967 908 4026 postquam
931 3961 1005 4013 illi
1037 3961 1282 4021 sceleris,
1299 3963 1441 4029 quod
1463 3963 1784 4026 admiserat,

273 4028 705 4101 magnitudinem
734 4039 860 4101 ante
907 4029 1092 4101 oculos
1121 4028 1329 4101 posuit,
1351 4040 1635 4101 postquam
1664 4033 1784 4101 qui-

269 4094 593 4165 buscunque
641 4094 1154 4164 potuitrationibus,
1187 4100 1255 4152 ad
1300 4094 1590 4154 sanitatem
1633 4094 1788 4154 re'vo-

272 4179 397 4239 care
420 4173 650 4239 conatus
679 4177 781 4231 est,
807 4169 947 4239 tristi
982 4170 1196 4224 demum
1217 4171 1336 4239 ejus
1373 4171 1565 4225 mortis
1595 4171 1786 4225 vatici-

272 4235 364 4289 nio
393 4235 681 4304 epistolam
712 4238 1006 4293 concludit.

271 4322 529 4378 CADALOO
581 4325 727 4380 dicto
771 4327 1044 4397 episcopo,
1072 4327 1288 4383 Penus
1309 4337 1567 4398 peccator
1597 4344 1778 4384 moua-
1809 4361 1861 4420 Ι)

206 4413 336 4468 chus
371 4415 515 4483 quod
547 4415 766 4484 dignum
806 4418 1082 4487 etjustum
1111 4427 1214 4472 est.

272 4503 372 4570 Qui
399 4520 508 4559 non
539 4506 766 4576 corripit
799 4522 1024 4575 puerum
1055 4523 1156 4563 ova
1201 4508 1495 4573 furantem,
1527 4523 1780 4577 magnum

204 4603 388 4663 postea
439 4595 708 4650 latronem
737 4598 964 4666 patitur,
995 4612 1255 4666 equorum
1309 4598 1517 4652 stabula
1548 4599 1782 4666 perfrin-

204 4693 438 4750 gentem.
470 4682 529 4738 Si
568 4699 600 4738 a
632 4685 906 4755 corynetis
937 4683 1216 4756 [famulab.
1264 4685 1491 4757 credid.]
1517 4687 1629 4740 suis
1667 4701 1781 4739 ma-

205 4781 355 4828 trona
397 4784 596 4844 potens
632 4774 856 4846 negligit
898 4791 1084 4831 arcere
1105 4775 1399 4846 petulcum,
1424 4776 1554 4845 quid
1581 4776 1778 4830 mirum

200 4864 242 4918 si
269 4865 322 4919 in
345 4881 472 4920 eam
499 4881 718 4937 quoque
757 4865 846 4920 ille
892 4866 1232 4935 postmodum
1260 4865 1492 4919 vesaniae
1521 4880 1630 4920 suae
1657 4880 1783 4935 por-

201 4955 338 5024 rigat
381 4955 724 5026 appetitum?
749 4953 930 5024 thue
958 4954 1024 5008 de
1067 4953 1364 5023 Scripturis
1395 4953 1596 5024 aliquid
1639 4954 1782 5010 infe-

203 5061 351 5102 ram:
389 5047 563 5102 David
616 5063 732 5111 rex,
773 5045 867 5115 qui
913 5045 964 5098 in
1009 5045 1248 5101 Absalon
1278 5043 1637 5101 fratricidium
1671 5060 1777 5100 non

201 5135 500 5204 ulciscitur,
546 5137 617 5191 ab
670 5137 790 5206 ipso
845 5134 1095 5205 deinceps
1134 5135 1359 5205 ejeclus,
1419 5137 1615 5207 regalis
1659 5134 1779 5189 solii

578 5231 758 5254 2....ι..-
821 5223 904 5254 Ill
961 5224 1058 5254 ο-..
1127 5225 1250 5254 νει-Χ
1333 5224 1556 5254 Αλληέιυι
1633 5224 1775 5254 (Iliun

1908 438 2184 507 greditur,
2239 447 2298 492 ut
2342 438 2545 510 Abisag
2597 438 2987 495 Sunamitidem
3043 441 3099 496 in
3160 443 3470 516 coniugium

1907 538 2138 598 quaerat,
2171 545 2235 584 ac
2257 538 2511 598 paternos
2542 529 2807 586 incestare
2835 531 3100 587 thalamos
3126 539 3475 604 concupiscat

1909 617 1995 687 (11
2029 617 2152 688 Reg.
2187 621 2247 688 ι).
2285 619 2340 674 In
2373 621 2556 677 multis
2581 622 2698 687 tibi,
2747 622 2930 686 frater,
2965 623 3207 681 Romana
3233 631 3477 697 pepercit

1907 709 2166 768 Ecclesia,
2221 710 2533 781 frequenter
2561 730 2590 767 a
2638 724 2693 768 te
2723 713 2945 784 legitimi
2997 716 3196 784 rigoris
3235 719 3480 774 cohibuit

1906 798 2266 867 disciplinam,
2321 800 2456 855 adeo
2499 811 2560 855 ut
2618 813 2885 868 asseram,
2933 804 3022 872 qui
3078 820 3137 860 se
3166 806 3477 864 interfuisse

1906 887 2164 956 fatentur,
2199 891 2341 958 quod
2391 891 2444 945 in
2477 892 2651 946 tribus
2689 891 2801 961 jam
2835 895 3082 949 conciliis
3103 897 3474 966 synodalibus,

1905 977 2154 1047 Papiensi
2184 979 2409 1045 scilicet,
2433 980 2724 1036 Mantuano
2746 993 2796 1038 et
2825 984 3154 1050 Florentino,
3189 990 3474 1058 perspicua

1904 1069 2266 1124 damnationis
2318 1071 2370 1125 in
2403 1081 2454 1125 te
2488 1074 2756 1126 sententia
2806 1074 3034 1139 claruit;
3067 1076 3263 1146 ubique
3292 1088 3475 1135 tamen

1903 1157 2058 1212 sedes
2111 1159 2406 1228 apostolica
2459 1170 2714 1216 materna:
2744 1162 2962 1232 pietatis
3003 1164 3196 1220 atiectu
3229 1167 3323 1221 tibi
3369 1169 3477 1224 cle-

1902 1257 2115 1304 menter
2161 1249 2402 1304 indulsit.
2445 1250 2552 1306 Sed
2598 1254 2722 1307 dum
2779 1253 2866 1307 illa
2905 1255 3172 1310 studuerit
3198 1273 3470 1316 canonum

1903 1339 2046 1393 circa
2079 1347 2131 1393 te
2155 1354 2409 1396 coercere
2457 1342 2716 1412 vigorem,
2743 1352 2798 1397 tu
2831 1359 2934 1397 nou
2969 1346 3176 1402 vereris
3214 1347 3476 1406 adversus

1902 1445 2022 1483 eam
2070 1430 2317 1485 hostilem
2367 1433 2650 1488 redhibere
2682 1435 3042 1504 tyrannidem.
3092 1437 3260 1493 Porro
3291 1449 3472 1496 autem

1902 1521 1945 1574 si
1970 1520 2264 1591 Scriptura:
2293 1523 2460 1578 series
2496 1523 2784 1594 diligenter
2815 1528 3134 1593 attenditur,
3169 1538 3250 1582 ter
3283 1541 3476 1586 unctus

1903 1609 1955 1663 iu
2004 1626 2181 1679 regem
2231 1611 2400 1666 David
2458 1612 2625 1668 fuisse
2669 1616 2956 1683 reperitur.
3006 1617 3164 1672 Prius
3211 1620 3474 1675 sciliceta

1825 1686 2156 1754 B'Samuele
2206 1701 2257 1753 in
2299 1700 2595 1766 Bethleem,
2643 1705 2882 1758 secundo
2909 1720 2937 1757 a
2972 1706 3102 1760 viris
3122 1706 3258 1762 Juda
3291 1709 3344 1763 in
3369 1709 3476 1765 He-

1900 1786 2055 1848 hron,
2083 1788 2244 1841 tertio
2272 1804 2450 1841 coram
2473 1791 2739 1845 universis
2761 1793 3005 1847 tribubus
3027 1794 3188 1848 Israel
3210 1799 3471 1852 rursusin

1897 1873 2114 1930 Hebrou
2148 1877 2198 1947 (I
2228 1877 2355 1947 Reg.
2382 1894 2505 1941 xvi;
2530 1879 2593 1932 II
2624 1880 2746 1950 Reg.
2775 1896 2847 1946 It;
2881 1881 2941 1934 Il
2971 1882 3097 1952 Reg.
3121 1885 3198 1952 v).
3230 1886 3296 1939 Et
3324 1895 3382 1940 ut
3405 1889 3471 1942 de

1895 1966 2164 2033 piscatore
2185 1975 2390 2032 nostro,
2413 1969 2499 2022 cui
2527 1978 2806 2039 tantopere
2835 1972 2914 2026 vis
2942 1974 3253 2038 succedere,
3291 1976 3471 2032 simile

1897 2055 2024 2125 quid
2066 2057 2413 2124 perhibeam,
2451 2067 2562 2114 tres
2601 2059 2795 2115 Petrus
2839 2061 2996 2116 sedes
3045 2063 3278 2118 obtinuit
3311 2080 3327 2118 :
3359 2067 3471 2122 An-

1901 2146 2206 2202 tiochenam
2239 2148 2462 2213 scilicet,
2487 2150 2575 2204 ubi
2607 2160 2889 2220 postquam
2921 2152 3033 2220 ipse
3058 2168 3116 2208 se
3141 2153 3264 2209 fidei
3289 2158 3472 2224 posuit

1896 2235 2328 2301 fundamentum,
2352 2239 2616 2308 lgnatium
2644 2241 2755 2312 (ιι)
2782 2242 3023 2308 νίεθβιιε
3052 2259 3178 2298 mox
3199 2247 3472 2302 ordinavit

1896 2327 2245 2396 episcopum;
2302 2327 2722 2383 Alexandrinam
2786 2344 3031 2402 quoque,
3089 2332 3178 2387 ubi
3249 2344 3469 2392 sanctus

1896 2416 2229 2484 evangelista
2277 2416 2518 2482 Marcus,
2565 2429 2848 2490 postquam
2891 2435 3044 2476 novae
3099 2423 3226 2479 ﬁdei
3280 2440 3467 2481 semen

1897 2507 2114 2572 sparsit,
2160 2521 2279 2560 eam
2326 2504 2387 2560 Β.
2421 2508 2664 2578 magistri
2693 2509 2776 2563 sui
2825 2508 2968 2564 Petri
2993 2509 3229 2580 glorioso
3259 2516 3462 2570 nomini

1896 2595 2129 2649 ﬁdeliter
2149 2596 2448 2662 dedicavit;
2476 2609 2748 2666 postremo
2775 2598 3031 2654 Romana:
3053 2602 3169 2656 urbi
3198 2617 3292 2669 per
3311 2603 3467 2673 quin-

1897 2699 2003 2752 que
2033 2700 2298 2739 annorum
2323 2686 2492 2740 lustra
2523 2687 2794 2756 praesedit,
2821 2687 2930 2758 36
2957 2703 3119 2758 quam
3149 2691 3312 2744 etiam
3339 2708 3464 2748 cum

1895 2775 2210 2844 coapostolo
2251 2791 2350 2830 suo
2385 2775 2551 2831 Paulo
2587 2777 2822 2845 pretioso
2855 2778 3194 2847 triumphalis
3224 2781 3466 2836 victoriae

1896 2863 2160 2933 sanguine
2203 2865 2536 2934 purpuravit.
2571 2865 2676 2920 Sed
2713 2880 2812 2920 cur
2841 2881 2940 2920 nos
2969 2865 3055 2920 vel
3095 2866 3241 2920 illum
3266 2877 3347 2923 ter
3365 2886 3462 2924 un-

1895 2965 2063 3022 ctum,
2089 2957 2175 3011 vel
2221 2957 2386 3012 istum
2442 2967 2526 3011 ter
2577 2957 2953 3028 praesidentem
2994 2958 3048 3013 in
3088 2958 3467 3029 allegationem

1816 3022 1860 3084 (ἶ
1891 3045 2049 3112 hujus
2074 3046 2446 3115 disputationis
2477 3022 2812 3112 adducimus,
2845 3047 2950 3103 nisi
2981 3055 3042 3104 ut
3067 3057 3122 3103 tu
3155 3022 3372 3104 interim
3395 3053 3466 3106 ad

1891 3137 2279 3192 conscientiam
2328 3139 2538 3202 redeas,
2597 3147 2755 3207 teque
2795 3138 3017 3193 totidem
3067 3139 3295 3204 vicibus,
3330 3151 3384 3196 et
3417 3142 3464 3197 si

1890 3244 1995 3284 non
2037 3227 2248 3298 judicio
2299 3229 2663 3293 sacerdotum,
2700 3229 2794 3284 sed
2824 3243 3094 3283 canonum
3140 3233 3465 3286 auctoritate

1889 3319 2214 3389 depositum,
2259 3334 2422 3387 quam
2465 3319 2650 3388 procul
2694 3334 2726 3373 a
2755 3319 2959 3374 sanctis
2985 3319 3116 3373 viris
3143 3320 3242 3385 sis,
3266 3330 3322 3374 et
3348 3321 3466 3392 ipse

1889 3406 2231 3478 perpendes?
2259 3406 2411 3461 Licet
2434 3408 2578 3461 enim
2621 3407 2833 3462 illorum
2861 3408 3144 3477 utriusque
3174 3407 3313 3461 trina
3339 3424 3465 3478 pro-

1892 3497 2059 3552 motio
2091 3506 2348 3564 tanquam
2395 3511 2503 3550 una
2527 3497 2809 3560 duntaxat,
2859 3493 3065 3550 nullum
3091 3495 3176 3550 vel
3201 3496 3348 3566 regni
3373 3497 3456 3551 vel

1891 3587 2181 3643 sacerdotii
2224 3586 2393 3641 fuerit
2416 3587 2828 3650 incrementum,
2855 3585 3255 3654 quodammodo
3281 3596 3461 3639 tamen

1889 3677 2148 3746 plenioris
2197 3676 2298 3730 fuit
2347 3676 2650 3730 sanctitatis
2686 3675 2964 3730 indicium.
3007 3673 3161 3729 Sicut
3198 3675 3340 3728 enim
3374 3676 3461 3729 ille

1887 3768 2086 3839 pietate
2127 3766 2211 3820 vel
2253 3765 2460 3832 justitia
2520 3779 2694 3834 reges,
2745 3765 2824 3818 sic
2871 3774 2926 3817 et
2984 3763 3086 3817 iste
3127 3766 3465 3848 transcendit

1888 3871 2079 3912 omnes
2101 3855 2380 3924 privilegio
2426 3854 2758 3914 sacerdotes.
2787 3851 2922 3907 lline
2949 3860 3032 3906 est
3057 3853 3197 3920 quod
3223 3869 3345 3906 eum
3372 3869 3462 3908 rc-

1888 3948 2049 4017 liquis
2080 3949 2281 4004 sanctis
2330 3947 2432 4002 hoc
2465 3961 2570 4000 non
2616 3943 2988 4014 impendimus,
3024 3944 3190 3999 solius
3226 3943 3287 3998 B.
3313 3944 3461 4001 Petri

1888 4035 2078 4091 festive
2100 4031 2412 4088 cathedram
2442 4034 2801 4088 celebramus.
2830 4031 2962 4088 Cum
2992 4033 3175 4102 itaque
3211 4036 3462 4090 sacerdo-

1887 4128 2021 4182 tium
2069 4135 2219 4180 tuum
2250 4135 2398 4182 tanta
2437 4125 2646 4180 laboret
2699 4122 2941 4188 infamia,
2990 4138 3097 4193 quo
3134 4135 3293 4192 pacto
3317 4139 3458 4194 pra:-

1887 4216 2183 4287 sumpsisti,
2233 4215 2339 4280 vel,
2388 4224 2449 4270 ut
2481 4214 2666 4270 mitius
2710 4214 2922 4282 loquar,
2970 4213 3314 4282 acquiescere
3362 4228 3460 4284 po-

1887 4309 2059 4375 tuisti,
2119 4308 2401 4378 ignorante
2448 4307 2691 4361 Romana
2734 4303 3016 4368 Ecclesia,
3055 4303 3360 4358 Romanum
3408 4315 3461 4360 te

1887 4400 2196 4469 episcopum
2235 4397 2396 4468 eligi?
2452 4395 2754 4452 Taceamus
2793 4393 3005 4450 interim
3038 4393 3103 4446 de
3153 4400 3364 4455 senatu,
3391 4392 3461 4447 de

1887 4490 2158 4547 inferioris
2177 4489 2380 4544 ordinis
2410 4487 2576 4552 clero,
2617 4487 2682 4541 de
2711 4485 2923 4555 populo.
2959 4484 3097 4550 Quid
3127 4483 3220 4537 tibi
3249 4483 3317 4537 de
3338 4499 3461 4538 car-

1884 4579 2152 4634 dinalibus
2189 4578 2405 4632 videtur
2454 4575 2760 4646 episeOpis?
2789 4574 2879 4643 qui
2910 4573 3156 4628 videlicet
3178 4582 3234 4626 et
3255 4571 3457 4626 Roma-

1884 4687 2014 4724 num
2071 4667 2375 4738 pontiﬁcem
2415 4665 2786 4737 principaliter
2809 4664 3029 4733 eligunt,
3065 4670 3121 4715 et
3139 4661 3457 4730 quibusdam

1885 4761 2006 4815 aliis
2049 4758 2442 4830 praerogativis,
2465 4771 2573 4812 non
2599 4755 2758 4811 modo
2799 4753 3161 4824 quorumlibet
3181 4753 3460 4822 episcopo-

1884 4867 2028 4916 rum,
2070 4849 2165 4906 sed
2217 4857 2274 4902 et
2330 4847 2788 4918 patriarcharum,
2835 4853 2998 4910 atque
3027 4838 3458 4909 primatumjura

1885 4941 2314 4999 transcendunt?
2362 4939 2526 4994 Salvo
2583 4937 2781 5009 quippe
2829 4930 3156 4988 universalis
3206 4931 3464 4988 Ecclesia;

1870 5041 2252 5094 sacramento,
2314 5031 2404 5087 isti
2450 5040 2582 5086 sunt
2625 5025 2765 5082 oculi
2817 5024 2980 5081 unius
3026 5022 3242 5092 lapidis,
3308 5022 3361 5078 id
3384 5030 3471 5092 est

1883 5127 2147 5183 Romanze
2194 5121 2470 5179 Ecclesiae.
2502 5120 2582 5179 De
2625 5117 2819 5188 quibus
2848 5129 2947 5185 per
2991 5113 3308 5168 Zachariam
3337 5111 3471 5164 dici-

2341 5211 2530 5254 innniL
2591 5207 2726 5254 lanis
2769 5221 2929 5254 auem
2969 5202 3091 5254 dedi
3129 5217 3313 5254 coram
3341 5199 3470 5254 Jesu

1887 5228 1975 5254 Inv-
2006 5236 2017 5247 -
2064 5237 2082 5254 ι
2122 5214 2263 5254 πυτ-ρ
