3964 5310
528 260 633 314 239

532 376 751 430 modum
779 373 1016 444 loquntur
1039 376 1224 432 dicens
1256 397 1268 432 :
1300 399 1316 431 ι
1351 381 1413 437 Vi

529 480 755 521 aureum
789 474 978 534 totum,
1003 476 1060 522 et
1090 466 1295 539 lampas
1318 469 1435 541 ejus
1458 487 1622 543 super
1647 484 1808 544 caput
1832 476 2021 544 ipsius,
2050 485 2106 533 et

527 564 733 625 septem
768 556 1003 612 lucerna:
1028 573 1191 629 super
1219 559 1349 615 illud
1379 560 1566 632 (Zach.
1598 561 1695 633 tv).
1725 584 1745 616 ι
1770 564 1875 636 Ipsi
1902 574 2028 621 sunt
2051 575 2107 623 et

527 644 872 708 candelabra,
920 646 975 701 in
1026 663 1256 719 quorum
1308 651 1483 706 medio
1535 651 1712 719 Jesus,
1756 654 1913 723 juxta
1957 655 2104 712 beati

524 735 747 790 Joannis
775 736 935 791 verba
981 736 1165 808 (Apoc.
1202 740 1264 810 ι),
1323 739 1603 808 discurrit,
1651 752 1704 799 et
1730 744 1872 799 hunc
1898 760 2107 802 sermo-

528 841 671 892 nem,
701 826 794 897 qui
827 827 934 883 illic
962 839 1159 899 praesto
1189 832 1555 902 subjungitur,
1587 834 1639 888 in
1663 842 1715 889 te
1746 836 2100 905 quodammo-

525 917 594 974 do
622 917 937 987 specialiter
976 918 1199 990 dirigit:
1243 938 1262 971 ι
1294 921 1498 977 Memor
1543 932 1680 989 esto,
1728 925 1921 993 inquit,
1961 927 2105 983 unde

523 1007 813 1072 excideris,
846 1016 901 1062 et
937 1022 1037 1080 age
1064 1009 1437 1078 ptenitentiam
1467 1011 1653 1083 (Apoc.
1690 1016 1774 1083 ιι).
1810 1035 1829 1066 ι
1865 1014 2031 1072 Plane
2056 1018 2103 1072 si

524 1099 843 1170 panitentia
887 1099 1011 1168 jure
1063 1102 1376 1172 plectendas
1401 1113 1483 1159 est
1503 1105 1749 1175 quisquis
1773 1107 1994 1164 cuilibet
2024 1109 2101 1163 ir-

524 1199 681 1262 rogat
718 1192 970 1262 injuriam
1014 1195 1304 1261 sacerdoti,
1342 1211 1447 1266 qua
1495 1205 1550 1252 tu
1600 1200 1869 1255 sententia
1909 1201 2103 1272 dignus

525 1297 603 1344 es,
630 1285 724 1352 qui
761 1283 867 1339 illis
887 1282 1255 1355 praejudieium
1293 1289 1663 1346 sacerdotibus
1691 1291 1937 1358 intulisti,
1966 1308 2104 1363 quo-

526 1390 647 1429 rum
687 1376 912 1431 consilio
955 1387 1012 1432 et
1057 1378 1260 1449 judicio
1301 1388 1476 1436 status
1514 1396 1578 1437 ac
1625 1383 1906 1455 disciplina
1942 1386 2105 1444 debet

524 1465 693 1519 totius
716 1465 970 1521 Ecclesia:
1020 1468 1300 1524 catholica:
1333 1468 1663 1539 gubernari?
1686 1472 1752 1526 Et
1790 1488 1912 1528 cum
1937 1489 2103 1531 cano-

524 1556 645 1610 nica
671 1557 929 1611 decernat
952 1559 1269 1625 auctoritas,
1294 1569 1351 1614 ut
1378 1561 1459 1615 vel
1487 1562 1705 1619 humilis
1734 1562 2104 1638 cujuscunque

522 1645 780 1701 Ecclesia:
804 1647 949 1701 clero
979 1648 1136 1703 liccat
1158 1650 1387 1706 liberum
1432 1654 1498 1707 de
1527 1654 1637 1718 illo,
1667 1655 1756 1724 qui
1781 1657 1882 1711 sibi
1915 1657 2104 1727 praefe-

1029 262 1087 318 S.
1125 263 1330 320 PETRI
1370 266 1652 322 DAMIANI
1691 265 1841 324 OPP.
1883 268 2064 326 PARS
2103 270 2233 328 SEU
2274 272 2509 331 TOMUS
2545 273 2584 328 ι.
2627 304 2696 315 --
2726 274 2945 331 EPIS'I.
2987 278 3108 333 LIB.
3152 279 3282 332 VIII.

3675 279 3711 331 2
3721 278 3780 331 ιιι

1417 381 1468 436 di
1489 390 1543 435 ει
1564 397 1693 437 ecce
1719 383 2103 483 θδηιξθιξιδτυπη
2131 390 2179 450 Ᾱ
2210 416 2330 464 ctus
2360 423 2480 464 sum
2528 410 2681 480 quasi
2716 409 2800 465 vir
2832 410 3032 475 ebrius.
3062 423 3118 467 et
3159 428 3313 483 quas:
3342 413 3503 469 homo
3534 398 3785 470 madidus

2210 511 2241 551 a
2271 498 2401 554 vino‘
2426 514 2458 554 a
2489 496 2629 555 facie
2676 500 2910 566 Domini,
2948 511 3003 557 et
3026 517 3058 556 a
3090 501 3230 559 facie
3253 502 3539 559 verborum
3560 494 3786 561 sancto.

2206 605 2327 644 rum
2352 589 2468 659 ejus
2493 590 2629 660 (ler.
2657 594 2837 659 mu).
2862 611 2882 646 ι
2902 591 3011 648 Cur
3030 602 3208 649 autem
3226 605 3375 650 tanto
3397 594 3600 651 doloris
3626 597 3786 651 taedio

2209 681 2576 748 contabeseat,
2617 692 2865 753 protinus
2890 685 3082 755 aperit,
3115 701 3238 741 cum
3278 685 3584 758 subjungit:
3614 706 3631 738 ι
3652 687 3784 754 Quia

2202 770 2491 847 adulteriis
2525 772 2684 842 plena
2713 782 2796 828 est
2822 783 2988 839 terra,
3013 776 3139 845 quia
3167 791 3197 829 a
3223 774 3362 831 facie
3385 775 3524 831 male
3547 776 3784 831 lictionis

2205 861 2341 916 luxit
2393 870 2578 917 terra:
2614 864 2852 920 arefacta
2910 874 3033 920 sunt
3089 881 3218 920 arva
3250 867 3451 922 deserti
3506 864 3724 939 (Ιὸἱά.).
3758 885 3777 919 ι

2206 952 2360 1021 Quod
2402 963 2581 1010 autem
2633 971 2801 1026 genus
2830 956 3108 1011 hominum
3135 957 3237 1012 hoc
3264 967 3541 1029 perpetrct
3577 958 3787 1014 adulte-

2205 1047 2370 1113 rium,
2402 1048 2546 1103 unde
2573 1055 2628 1103 et
2657 1057 2798 1105 terra
2820 1048 3019 1118 lugeat,
3048 1057 3103 1104 et
3131 1051 3295 1106 corda
3323 1049 3606 1105 hominum
3638 1050 3783 1106 velut

2205 1151 2332 1192 arva
2358 1135 2559 1192 deserti
2587 1138 2656 1193 ab
2687 1137 3039 1194 inundatione
3067 1140 3466 1209 praedicationis
3493 1149 3783 1203 arescant,
3813 1132 3819 1143 ⁷

2204 1227 2377 1297 aperit
2406 1227 2567 1294 illico,
2600 1244 2722 1283 cum
2747 1239 3143 1300 consequenter
3166 1232 3408 1303 adjuugit
3433 1250 3448 1287 :
3472 1252 3491 1285 ι
3516 1232 3784 1302 Propheta

2203 1331 2439 1387 namque
2466 1329 2522 1372 et
2550 1319 2803 1373 sacerdos
2837 1319 3026 1389 polluti
3076 1331 3222 1386 sunt,
3274 1332 3329 1376 et
3371 1322 3425 1377 in
3456 1321 3622 1377 domo
3674 1338 3785 1375 mea

2204 1407 2382 1464 inveni
2434 1409 2633 1464 malum
2661 1425 2870 1475 eorum,
2902 1411 3034 1465 dicit
3078 1413 3333 1469 Dominus
3363 1411 3585 1485 (Ibid.).
3628 1431 3650 1463 ι
3686 1411 3788 1468 Sed

2202 1499 2331 1567 quid
2357 1499 2561 1554 eisdem
2603 1499 2863 1555 adulteris
2901 1502 3276 1559 sacerdotibus
3303 1511 3360 1558 et
3385 1502 3673 1574 prophetis
3696 1502 3786 1556 im-

2203 1588 2443 1651 mineat,
2490 1604 2613 1643 mox
2653 1589 3030 1659 subsequendo
3068 1592 3353 1648 declarat:
3384 1611 3405 1645 r
3451 1592 3667 1650 Idcirco
3704 1593 3787 1649 via

2204 1692 2393 1735 eorum
2422 1679 2529 1735 erit
2557 1682 2713 1750 quasi
2737 1680 3007 1737 lubricum
3047 1682 3100 1737 in
3134 1684 3405 1748 tenebris;
3436 1684 3786 1755 impellentur

525 1736 726 1790 rendus
770 1745 873 1800 est,
907 1737 1110 1791 habere
1141 1737 1438 1808 judicium;
1487 1758 1594 1814 qua
1624 1747 1848 1801 tumoris
1877 1748 2103 1805 audacia
2132 1750 2180 1810 B
2206 1769 2352 1824 enim
2383 1778 2439 1825 ει
2481 1736 2738 1827 οοιοξιυρηι
2779 1771 2833 1826 in
2880 1736 2945 1826 (ξπ

521 1837 578 1880 ιιι
608 1828 1069 1898 praesumpsistite
1089 1830 1354 1888 violenter
1376 1834 1481 1891 illis
1504 1835 1771 1907 ingerere,
1789 1838 1880 1907 qui
1906 1847 2105 1908 prteter

520 1935 860 1975 communem
894 1921 1163 1979 ‘Ecc’leSia:
1209 1925 1467 1995 regulam,
1513 1943 1674 1998 super
1709 1929 1853 2000 ipsos
1886 1945 2103 2002 quoque

516 2011 802 2082 pontiﬁces
841 2015 1210 2071 authenticam
1262 2018 1557 2087 prmvalent
1586 2022 1943 2094 ,promulgare
1974 2039 2102 2080 cen-

517 2104 738 2158 suram?
780 2103 891 2159 Cur
918 2120 1023 2174 per
1052 2106 1404 2162 ambitionem
1457 2109 1790 2179 adipiscendi
1828 2111 2100 2180 culminis,

514 2195 1020 2265 iuaccessibilisque
1058 2195 1287 2269 fastigii,
1349 2207 1520 2254 totum
1566 2199 1681 2257 fere
1739 2204 1998 2257 mundum
2046 2204 2101 2259 in

519 2287 989 2344 condemnationis
1020 2298 1122 2345 tua:
1137 2289 1375 2361 jurgium
1423 2293 1741 2348 concitasti?
1765 2293 1833 2349 Ut
1858 2294 1986 2351 illud
2011 2293 2101 2351 Je-

518 2381 706 2435 remia:
740 2382 1017 2452 propheta:
1068 2382 1467 2454 quodammodo
1519 2386 1880 2442 vociferantes
1918 2388 2099 2443 excla-

512 2471 662 2527 ment
692 2489 706 2526 :
742 2492 764 2525 ι
801 2472 993 2539 Terra,
1046 2483 1215 2542 terra,
1262 2485 1435 2544 terra,
1488 2477 1609 2532 audi
1648 2494 1953 2536 sermonem
1987 2481 2098 2536 Do-

514 2563 647 2619 mini
691 2581 704 2618 :
758 2563 883 2620 Haec
923 2565 1054 2621 dicit
1100 2566 1405 2623 Dominus:
1454 2567 1644 2624 Scribe
1697 2570 1873 2623 virum
1929 2570 2096 2626 istum

512 2654 974 2720 sterllem,virnm
1009 2657 1100 2727 qui
1158 2658 1212 2712 in
1244 2658 1434 2715 diebus
1480 2660 1593 2715 suis
1648 2675 1756 2714 non
1808 2677 2098 2733 prospera.

512 2743 662 2799 bitur
685 2742 820 2812 (Jer.
847 2745 1005 2815 xxn).
1042 2765 1060 2797 ι
1087 2746 1152 2801 Et
1183 2755 1234 2802 tu
1264 2763 1294 2803 e
1326 2759 1514 2804 contra
1542 2749 1786 2820 ejusdem
1817 2753 2096 2822 propheta:

511 2834 693 2889 verbis
740 2844 867 2903 apte
921 2835 1101 2890 valeas
1149 2837 1513 2907 respondere:
1550 2857 1568 2891 ι
1605 2836 1693 2893 Va:
1736 2839 1888 2906 mihi,
1923 2848 2097 2896 mater

511 2926 663 2978 mea!
697 2939 865 2994 quare
907 2940 994 2979 me
1023 2926 1255 2996 genuisti
1312 2926 1488 2983 virum
1546 2928 1707 2995 time,
1756 2931 1930 2985 virum
1980 2931 2093 2987 dis-

513 3014 714 3068 cordia:
768 3014 819 3068 iu
862 3015 1114 3070 universa
1145 3017 1325 3071 terra?
1364 3017 1483 3073 Non
1529 3017 1812 3085 fmneravi,
1843 3035 1943 3076 nec
1988 3020 2093 3075 fa:-

2208 1860 2368 1927 mala,
2414 1877 2612 1917 annum
2657 1863 2985 1918 visitationis
3040 1878 3252 1921 eorum.
3310 1866 3788 1937 Prophetabantiu

2203 1947 2356 2015 Baal,
2388 1960 2446 2006 et
2484 1950 2827 2022 decipiebant
2874 1954 3129 2024 populum
3177 1970 3358 2010 meum
3410 1956 3602 2021 Israel,
3661 1965 3716 2012 et
3757 1975 3786 2013 ιι

2204 2041 2481 2110 prophetis
2523 2041 2821 2098 Jerusalem
2872 2044 2980 2099 vidi
3033 2046 3440 2103 similitudinem
3479 2049 3789 2106 adulteran-

2174 2182 2178 2189 Α
2204 2129 2365 2194 tium,
2401 2139 2455 2185 et
2486 2131 2591 2185 iter
2620 2132 2887 2187 mendacii
2912 2132 3100 2205 (lbid.)
3134 2152 3153 2186 ι
3191 2135 3360 2190 Audis
3381 2136 3787 2193 similitudinem

2205 2219 2647 2285 adulterantiutn,
2672 2221 2827 2276 audis
2847 2222 2953 2276 iter
2982 2224 3246 2279 mendacii
3261 2225 3285 2279 ?
3309 2225 3556 2282 Alterum
3583 2227 3788 2281 scilicet

2205 2310 2407 2379 pendet
2425 2324 2493 2364 ex
2523 2309 2716 2364 altero.
2749 2310 2795 2364 A
2823 2312 3039 2367 tramite
3064 2314 3261 2384 quippe
3282 2315 3526 2370 veritatis
3547 2315 3783 2378 aberrat,

2203 2400 2294 2469 qui
2325 2400 2767 2469 perluxuriantis
2798 2402 3247 2471 concupiscentia
3271 2404 3533 2459 ambitum
3568 2406 3789 2461 castita-

2202 2492 2270 2547 tis
2309 2491 2694 2547 ecclesiastica:
2717 2494 3034 2548 munditiam
3065 2493 3250 2550 foedat.
3283 2496 3436 2551 Nunc
3461 2497 3785 2563 Eeclesiam,

2199 2584 2335 2655 proli
2362 2583 2548 2639 dolor!
2599 2599 2789 2653 usque.
2814 2585 2880 2639 ad
2913 2588 3171 2642 verticem
3209 2596 3620 2659 constupratam
3654 2590 3789 2644 dole-

2199 2690 2339 2741 mus,
2372 2674 2516 2744 quod
2564 2673 2864 2729 Jerusalem
2926 2677 3125 2731 dudum
3176 2676 3439 2732 Jeremias
3490 2680 3788 2750 contigisse

2197 2767 2567 2837 conqueritur.
2617 2784 2636 2817 ι
2667 2766 2808 2831 Filii,
2842 2768 3045 2838 inquit,
3076 2768 3385 2844 Mempheos
3425 2778 3482 2824 et
3531 2768 3785 2840 Taplmes

2199 2865 2686 2926 eonstupraverunt
2733 2864 2785 2909 te
2826 2871 2997 2925 usque
3047 2857 3115 2911 ad
3167 2856 3425 2913 verticem
3472 2855 3612 2928 (Jer.
3652 2870 3733 2912 ιιι.
3762 2878 3778 2910 ι

2199 2947 2500 3004 Jerusalem
2526 2963 2757 3018 namque
2797 2964 2968 3019 usque
2994 2951 3062 3005 ad
3091 2950 3348 3005 verticem
3377 2958 3782 3020 constupratur,

2199 3040 2415 3112 quando
2470 3055 2499 3094 a
2541 3040 2779 3094 minimis
2821 3042 3124 3111 quibusque
3171 3041 3431 3097 Ecclesiis
3484 3057 3665 3111 usque
3720 3043 3784 3096 ad

2243 3089 2409 3094 --πη
2471 3089 2499 3094 η
2825 3089 3123 3111 ,νη-νη.--
3171 3089 3428 3097 _--__---_
3489 3089 3664 3111 ---τη
3722 3089 3782 3096 ---

511 3104 723 3158 neravit
773 3104 901 3158 mihi
960 3105 1284 3186 quisquam,
1324 3123 1514 3164 omnes
1565 3109 1895 3166 meledicunt
1955 3113 2088 3168 mihi
2120 3089 2164 3153 Ο
2193 3089 2542 3199 gposmucam
2567 3131 2919 3201 sedelmquw
2966 3132 3207 3187 omnium
3259 3140 3420 3202 caput
3462 3140 3549 3187 εει
3590 3132 3782 3187 Ερειε.

512 3194 647 3264 (Jer.
674 3195 786 3262 xv).
812 3214 839 3246 γι
870 3179 1078 3250 Rursus
1101 3196 1228 3252 illud
1256 3214 1409 3268 teque
1429 3199 1805 3269 propheticum
1839 3217 1886 3255 ε(
1921 3201 2091 3258 Male-

513 3287 654 3339 dicta
705 3285 840 3350 dies,
890 3286 1089 3356 inqua
1138 3298 1299 3344 natus
1352 3306 1504 3355 sum;
1547 3290 1681 3353 dies,
1739 3291 1792 3346 in
1843 3307 1949 3362 qua
1997 3309 2092 3364 pe-

508 3375 651 3447 perit
696 3375 803 3446 37
857 3392 943 3431 me
987 3386 1160 3432 mater
1202 3394 1339 3442 mea,
1397 3395 1501 3435 non
1532 3381 1603 3436 sit
1635 3380 1918 3437 benedicta
1952 3384 2088 3455 (Jer.

516 3467 645 3545 xx);
677 3486 694 3518 ι
727 3468 816 3521 ubi
857 3477 1055 3539 praesto
1094 3470 1372 3542 subjungit
1407 3485 1424 3523 :
1459 3490 1476 3523 ι
1510 3471 1823 3528 Maledictus
1868 3474 1951 3529 vir
1996 3475 2090 3545 qui

511 3544 853 3615 annuntiavit
885 3560 1021 3628 patri
1074 3575 1217 3629 meo,
1262 3563 1447 3616 dicens
1483 3560 1689 3618 :Natus
1728 3563 1926 3619 esttibi
1956 3544 2091 3634 puer

493 3647 804 3714 _rnasculus,
831 3658 885 3704 et
909 3650 1063 3720 quasi
1091 3652 1291 3720 gaudio
1317 3651 1614 3708 laetilicavit
1638 3668 1783 3709 eum.
1816 3654 1900 3709 Sit
1926 3655 2091 3712 homo

509 3741 622 3808 illc,
653 3752 713 3796 ut
756 3751 882 3797 sunt
921 3743 1184 3809 civitates,
1240 3762 1375 3816 quas
1424 3748 1688 3804 subvertit
1734 3749 2013 3816 Dominus,
2034 3758 2091 3806 et

511 3847 616 3886 non
651 3831 904 3902 pamituit
931 3849 1074 3888 eum.
1124 3835 1326 3890 Audiat
1354 3837 1646 3894 clamorem
1679 3853 1859 3905 mane,
1884 3848 1939 3896 et
1967 3840 2088 3895 ulu-

507 3920 675 3975 latum
708 3922 762 3976 in
794 3930 1032 3993 tempore
1063 3925 1389 3994 meridiano,
1433 3930 1524 3999 qui
1556 3945 1663 3986 non
1696 3947 1782 3987 me
1816 3931 2090 3989 interfecit

507 4023 540 4063 a
579 4010 756 4074 vulva,
812 4020 870 4065 ut
905 4012 1057 4068 ﬁeret
1107 4016 1239 4071 milii
1290 4028 1462 4074 mater
1505 4036 1626 4076 mea
1672 4022 2001 4092 sepulcrum,
2032 4034 2089 4080 et

506 4101 664 4155 vulva
693 4100 808 4171 ejus
834 4113 1124 4174 conceptus
1144 4116 1378 4163 aeternus
1406 4109 1455 4180 (1
1463 4111 1619 4180 ωτι),
1655 4131 1673 4164 ι
1706 4112 1822 4168 Non
1846 4114 1954 4180 hic,
1972 4115 2087 4172 dies

510 4190 620 4255 illa,
670 4191 725 4245 in
761 4207 865 4261 qua
912 4202 1070 4248 natus
1114 4206 1198 4249 est
1238 4197 1420 4265 homo,
1449 4200 1817 4268 maledicitur;
1844 4204 1935 4257 sed
1964 4219 2088 4273 pro-

510 4282 744 4361 speritas
769 4284 966 4355 potius,
1003 4301 1106 4356 qua
1134 4287 1472 4345 lenocinante
1502 4292 1556 4346 in
1590 4303 1868 4362 peccatum
1902 4295 2085 4365 lapsus

506 4383 610 4439 est,
639 4375 1047 4430 condemnatur.
1093 4376 1149 4431 lu
1197 4394 1304 4448 qua
1340 4380 1590 4437 videlicet
1627 4383 1713 4438 die
1744 4394 1798 4438 tu
1825 4386 2086 4454 quodam-

508 4466 670 4521 modo
717 4468 1006 4521 morereris
1050 4466 1101 4521 in
1147 4469 1327 4535 vulva,
1355 4471 1400 4525 si
1428 4471 1496 4526 ab
1522 4487 1609 4538 ea,
1639 4488 1802 4543 quam
1837 4490 2080 4545 ceperas,
2115 4453 2165 4513 D

505 4559 616 4612 imo
646 4557 698 4611 in
723 4572 845 4627 qua.
875 4557 1012 4612 male
1037 4561 1380 4627 nascebaris,
1408 4563 1701 4635 desisteres
1741 4566 1915 4637 culpa.
1949 4567 2083 4624 Cum

506 4662 559 4705 te
607 4649 857 4705 videlicet
905 4650 1092 4714 alieni,
1123 4660 1178 4707 et
1207 4668 1311 4708 non
1357 4655 1449 4709 ﬁlii
1477 4659 1784 4727 apostolicte
1808 4661 1952 4716 sedis
1981 4662 2082 4718 eli-

501 4750 716 4811 gerent,
747 4749 803 4796 et
845 4740 914 4795 ab
957 4755 1020 4795 ea
1069 4745 1266 4812 potius,
1303 4760 1462 4814 quam
1492 4749 1732 4813 tenebas,
1762 4751 1891 4806 sede
1921 4751 2085 4822 depo-

505 4842 718 4911 nerent.
764 4846 926 4901 quam
958 4832 1024 4886 ad
1079 4832 1262 4899 aliam,
1309 4850 1413 4890 non
1436 4852 1531 4906 per
1555 4838 1839 4910 judicium,
1862 4844 1955 4899 sed
1986 4859 2085 4914 per

507 4921 792 4989 strepitum
822 4932 1227 4990 promoverent,
1259 4924 1399 4980 sicut
1429 4927 1688 4998 scriptum
1719 4941 1803 4987 est
1835 4949 1849 4987 :
1879 4950 1897 4985 ι
1922 4932 2079 5001 Deje-

504 5011 627 5048 nicli
659 5024 753 5048 nnc
783 5011 908 5048 dum
941 5011 1303 5048 r.ttnunmmm-
1333 5012 1485 5048 (θη-1
1556 5035 1572 5048 .
1593 5021 1728 5048 ν-..)
1796 5041 1810 5048 -
1847 5022 2049 5048 ο..-..ι..

2190 3224 2438 3288 siarum,
2498 3223 2708 3278 luxuria
2771 3225 3074 3281 venalitatis
3123 3227 3448 3282 extenditur.
3508 3227 3622 3282 Sed
3686 3228 3793 3283 hu-.

2187 3313 2277 3384 jus
2329 3313 2583 3370 adulterii
2640 3314 2867 3369 dulcedo
2920 3315 2973 3370 in
3027 3325 3285 3385 quantam
3334 3327 3582 3373 vertatur
3632 3334 3780 3372 ama-

2194 3404 2522 3471 ritudinem,
2571 3404 2714 3459 illico
2763 3420 2867 3459 vox
2937 3405 3117 3461 divina
3175 3408 3492 3478 subjungit:
3529 3426 3549 3459 r
3607 3407 3780 3472 Ecce,

2191 3494 2394 3564 inquit,
2455 3508 2555 3565 ego
2606 3492 2799 3548 cibabo
2844 3509 2939 3550 eos
2991 3496 3279 3558 absinthio,
3337 3505 3393 3551 et
3439 3499 3645 3568 putabo
3694 3513 3781 3554 eos

2190 3583 2316 3641 felle
2365 3584 2497 3651 (Jer.
2544 3585 2643 3656 ιιι).
2680 3603 2699 3636 ι
2744 3584 2853 3640 Fac
2901 3586 3105 3656 itaque,
3157 3586 3347 3655 frater,
3392 3590 3547 3659 juxta
3590 3606 3779 3645 vocem

2189 3676 2463 3746 prophetae
2514 3675 2783 3730 dicentis:
2826 3694 2845 3727 ι
2900 3675 3123 3740 Redite,
3173 3680 3653 3747 praevaricatores.
3715 3681 3777 3735 ad

2188 3780 2285 3822 cor
2321 3763 2466 3836 (13a.
2518 3764 2664 3835 ιλιι).
2714 3783 2734 3817 ι
2769 3764 3025 3833 Discute,
3072 3767 3332 3835 obsecro,
3385 3772 3777 3827 conscientiam

2187 3856 2301 3928 38
2338 3864 2502 3921 tuam,
2526 3863 2581 3911 et
2606 3854 2902 3925 prudenter
2943 3858 3216 3924 examina,
3245 3874 3352 3930 qua
3404 3861 3616 3930 quiete,
3672 3878 3777 3930 quo

2190 3945 2474 4018 refrigerio
2503 3946 2706 4016 potitus
2744 3961 2825 4012 es,
2859 3960 3149 4018 postquam
3191 3958 3242 4006 te
3290 3951 3417 4006 huic
3467 3952 3776 4023 periculoso

2188 4040 2425 4109 negotio,
2460 4046 2717 4109 tanquam
2773 4038 3012 4111 Scyllam
3051 4043 3324 4112 voraginis
3369 4041 3629 4101 ﬂuctibus
3677 4048 3774 4101 im-

2189 4131 2448 4186 mersisti.
2482 4130 2855 4201 Dilapidantur
2886 4149 2994 4188 aera
3024 4135 3325 4205 cupidinis,
3379 4136 3774 4193 exhauriuntur

2190 4221 2344 4276 folles
2373 4221 2567 4276 diversi
2599 4222 2811 4292 generis
2846 4225 3064 4279 metallo
3111 4235 3422 4297 turgentes;
3482 4228 3774 4300 proﬂigan-

2190 4321 2279 4367 tur
2299 4315 2352 4366 in
2376 4326 2576 4367 cuneos
2602 4312 2832 4367 militum
2856 4318 3141 4385 erogaudm
3170 4318 3495 4387 pauperibus
3518 4319 3772 4375 Ecclesia:

2193 4400 2501 4457 facultates.
2550 4401 2880 4475 Cunctisque
2931 4407 3206 4477 subjectus
3265 4410 3656 4482 obtemperas.
3717 4421 3773 4466 ut

2190 4495 2402 4550 cunctis
2433 4496 2485 4550 in
2518 4495 2781 4567 dignitate
2819 4499 3116 4566 przecellas,
3151 4512 3201 4556 et
3256 4502 3480 4558 ambitio
3522 4504 3772 4559 domina-

2192 4581 2353 4637 tionis
2394 4581 2519 4652 jure
2556 4592 2607 4638 te
2656 4586 2926 4656 mancipat
2982 4589 3279 4645 servitutis.
3342 4590 3517 4646 Unum
3562 4602 3616 4648 te
3664 4608 3767 4646 non

2190 4670 2377 4737 lateat,
2408 4673 2534 4742 quia
2565 4674 2812 4744 quisquis
2858 4677 3111 4733 Ecclesire
3144 4694 3242 4750 per
3286 4681 3631 4740 venalitatem
3684 4701 3769 4740 sc-

2188 4762 2295 4817 mel
2318 4764 2620 4834 irrepserit,
2650 4765 2821 4821 donec
2856 4767 2928 4821 illi
2982 4769 3282 4839 priel‘uerit,
3340 4774 3612 4831 redimere
3657 4790 3765 4830 non

2188 4855 2625 4912 cessabitJusto
2652 4856 2852 4927 quippe
2882 4859 2976 4914 Dei
3018 4861 3225 4930 judicio
3263 4864 3463 4935 agitur,
3503 4874 3564 4921 ut
3616 4868 3761 4938 quis-

2183 4947 2307 5014 quis
2371 4946 2610 5016 regimen
2686 4947 2941 5004 Ecclesia:
3008 4952 3338 5009 nundinatus
3410 4958 3759 5027 aggreditur,
