3964 5310
205 257 308 312 2H

1371 247 1568 304 LIBER
1607 247 1882 312 PRIMUS,
1923 247 2134 304 EPle.
2179 247 2292 302 XX.

3349 235 3456 290 212

207 392 306 429 cur
333 385 390 428 tu
419 383 560 426 onus
600 381 844 434 onerum,
891 373 944 421 ut
977 373 1194 422 sanctus
1219 365 1326 420 Leo
1372 379 1508 435 papa
1555 363 1786 428 dicebat,
1815 370 1861 428 Α
1893 364 1996 418 hoc
2021 371 2124 430 est,
2151 362 2243 433 qui
2285 375 2407 415 eum
2465 373 2668 428 .n'quo
2702 357 2790 411 ille
2829 363 3040 426 regnat,
3093 361 3150 408 et
3203 351 3453 420 imperat,

208 481 316 520 non
349 465 516 518 modo
541 476 645 516 non
671 475 830 530 paras
869 458 1143 530 aufugere,
1186 457 1278 512 sed
1309 457 1450 512 ultro
1478 455 1638 511 etiam
1667 471 1788 524 pre-

209 569 320 611 cns.
353 535 412 606 et
447 551 683 622 pretium
731 547 1004 602 offerendo
1039 546 1196 601 anxie
1253 554 1305 600 te
1353 543 1566 600 conaris
1611 543 1814 597 iutru-'

209 644 377 700 dere?
405 642 478 698 Ut
509 640 714 709 liquido
735 639 980 693 videatur
1008 635 1100 692 tibi
1123 635 1389 692 sententia
1420 634 1506 688 illa
1533 647 1792 702 congrue-

211 749 290 796 re,
325 747 492 801 quam
515 745 612 800 per
647 727 980 783 Ezechielem
1019 727 1277 780 adversus
1297 723 1594 778 Jerusatcm
1652 721 1788 774 divi-

211 837 314 878 nus
355 833 544 874 sermo
577 816 932 888 pronuntiat:
985 833 1004 866 ι
1054 813 1346 878 Omnibus,
1403 811 1497 876 ait,
1545 809 1794 865 meretri-

212 909 366 962 cibus
392 908 598 961 dantur
625 905 926 970 mercedes;
963 913 1018 958 tu
1063 913 1240 958 autem
1283 903 1475 957 dedisti
1515 901 1791 955 mercedes

211 998 430 1052 cunctis
459 996 798 1050 amatoribus
844 995 970 1049 tuis.
1023 995 1080 1048 lu
1112 1009 1176 1048 eo
1207 994 1350 1048 enim
1406 991 1548 1062 quod
1600 990 1791 1046 dedisti

215 1087 522 1150 mercedes,
551 1095 608 1141 et
637 1085 910 1140 mercedes
934 1099 1040 1138 non
1063 1083 1342 1152 accepisti,
1387 1081 1586 1137 factum
1617 1089 1699 1135 est
1739 1081 1792 1134 in

217 1189 268 1233 te
297 1177 644 1234 contrarium
675 1176 890 1245 (Ezech.
919 1171 1054 1244 xvi).
1094 1193 1112 1226 ι
1145 1173 1432 1237 Ριωιιξιοιι,
1457 1173 1500 1226 si
1529 1187 1622 1227 eos
1656 1169 1794 1225 sacri

216 1282 456 1322 uniones
485 1265 772 1321 hazreticos
803 1271 992 1318 notant
1020 1263 1108 1334 qui
1145 1277 1267 1318 cum
1299 1263 1538 1316 Romana
1557 1261 1795 1316 Ecclesia

217 1376 324 1412 non
373 1357 742 1421 concordant,
799 1370 903 1426 qua
959 1363 1012 1409 tu
1053 1354 1382 1422 judicabcris
1431 1353 1626 1422 dignus
1677 1367 1796 1408 esse

219 1448 514 1512 sententia,
549 1447 640 1516 qui
670 1447 770 1502 sibi
801 1447 1090 1510 resistenti,
1126 1454 1182 1500 et
1207 1445 1630 1500 obstinatissime
1658 1445 1798 1499 relu-

219 1539 412 1604 ctanti,
447 1553 557 1594 non
585 1547 792 1608 pastor,
821 1537 914 1592 sed
951 1547 1208 1607 tyrannus
1245 1537 1540 1608 ingereris;
1573 1549 1800 1604 eamque

221 1645 382 1698 quam
413 1645 578 1699 supra
603 1637 808 1698 petram
835 1629 955 1682 fidei
995 1627 1184 1684 Petrus
1233 1628 1556 1698 przedicator
1601 1628 1797 1692 erexit,

1891 471 2194 512 commoves
2223 453 2498 524 populum.
2533 452 2812 522 Sceptrum
2843 449 2964 504 Filii
2995 447 3083 502 Dei
3108 455 3190 500 est
3215 442 3454 498 Ecclesia

1891 547 2176 612 catholica,
2207 547 2320 601 haec
2345 561 2590 614 regnum,
2615 543 2730 596 haec
2755 551 2833 597 est
2861 552 2910 595 et
2943 539 3108 594 nostri
3133 535 3458 600 Redempto-

1892 636 1966 690 ris
1997 635 2297 705 imperium,
2328 649 2486 703 quant
2515 642 2568 686 tu
2601 647 2816 685 movere
2861 631 3052 684 merito
3083 626 3306 686 diceris,
3331 624 3458 681 dum

1893 739 2009 778 eam
2031 738 2230 778 vexare
2262 733 2315 776 et
2355 723 2678 778 conturbare
2710 719 3006 774 contendis.
3052 715 3167 770 Non
3207 723 3290 770 est
3328 713 3458 767 mihi

1893 816 2225 888 prepositum
2281 815 2552 885 prophetae
2611 813 2774 866 verba
2841 825 2986 866 more
3046 803 3462 864 commentanlis

1893 921 2184 976 exponere,
2214 913 2275 959 ut
2302 896 2524 960 deb'eam
2576 901 2643 958 de
2685 902 2845 972 lignis
2893 915 3127 970 quoque,
3171 897 3316 952 unde
3343 903 3466 966 post

1897 1010 2079 1050 arcam
2113 993 2224 1050 Noe
2266 1011 2408 1049 nunc
2451 992 2744 1046 fabricatur
2799 991 3075 1057 Ecclesia,
3129 989 3404 1058 disputare
3446 1002 3468 1046 ε.

1895 1083 2122 1140 sufficiat
2145 1085 2276 1140 mihi
2304 1087 2566 1138 duntaxat
2607 1081 2696 1135 illa
2748 1082 3129 1152 perstringere,
3188 1093 3308 1148 qua:
3362 1085 3466 1129 tua:

1899 1173 2184 1226 videantur
2227 1173 2457 1227 vesania:
2511 1171 2817 1226 convenire.
2867 1169 3034 1224 Porro
3084 1175 3286 1230 autem,
3341 1165 3468 1234 quia

1899 1276 2123 1320 conatus
2152 1273 2273 1320 tuus
2305 1265 2405 1319 iste
2449 1279 2722 1332 nunquam
2773 1261 3053 1332 perveniet
3099 1260 3165 1314 ad
3195 1257 3466 1316 effectum,

1901 1353 1994 1408 sed
2018 1353 2308 1408 infaustum
2339 1361 2612 1423 postremo
2655 1351 3005 1406 concludetur
3034 1349 3086 1403 in
3133 1348 3370 1412 exitum;
3418 1353 3475 1397 et

1901 1444 1991 1514 qui
2016 1443 2275 1498 Romanis
2301 1443 2518 1498 arcibus
2545 1443 2820 1512 superbus
2862 1439 3154 1502 inveheris,
3187 1437 3254 1491 ad
3301 1434 3472 1489 solum
3533 1425 3538 1432 ’

1899 1533 2178 1604 proprium
2235 1547 2356 1588 eum
2409 1531 2700 1602 ignominia
2747 1527 3061 1584 reverteris.
3129 1525 3266 1581 Audi
3333 1521 3476 1592 quod

1903 1626 2166 1696 sequitur.
2217 1625 2351 1679 Nam
2411 1633 2694 1698 postquam
2746 1621 2921 1676 divina
2979 1634 3084 1673 vox
3137 1617 3212 1672 ait
3241 1613 3475 1688 (Ibid):

225 1729 278 1770 tu
307 1731 434 1771 cum
465 1715 789 1770 satellitibus
815 1713 1031 1768 Satanas
1053 1729 1222 1770 novus
1243 1713 1514 1784 praaliator
1565 1712 1800 1768 evertis?
1830 1717 1875 1776 Β
1910 1733 1927 1765 ι
1973 1713 2179 1778 Mucro,
2215 1728 2423 1775 mucro,
2448 1712 2670 1780 evagina
2715 1717 2765 1763 te
2813 1709 2879 1762 ad
2901 1705 3288 1769 occidendum;
3349 1701 3476 1754 lima

223 1815 276 1860 et
319 1815 381 1859 ut
434 1805 765 1861 immeritum
799 1805 1032 1874 pastoris
1083 1819 1280 1860 nomen
1327 1803 1604 1869 obtineas,
1633 1804 1803 1874 ipsam

231 1896 590 1961 confundere,
622 1910 686 1950 ac
712 1895 1010 1950 dilacerare
1033 1909 1286 1964 pascuam
1331 1909 1454 1949 cum
1489 1893 1602 1948 suis
1633 1893 1806 1964 gregi-

230 1988 332 2042 bus
351 2003 460 2042 non
493 1986 790 2042 formidas?
819 1987 923 2040 Sed
956 1987 1078 2040 audi
1111 1986 1237 2056 quid
1271 1985 1365 2040 tibi
1397 1986 1610 2054 tuisque
1653 1985 1804 2039 simi-

229 2075 370 2129 libus
395 2075 658 2130 Dominus
679 2089 778 2144 per
801 2075 1118 2144 prophetam
1148 2075 1290 2128 dicat
1322 2093 1335 2128 :
1380 2093 1399 2126 ι
1441 2073 1528 2129 Vae
1570 2073 1805 2143 pastori-

227 2171 326 2219 Diis
371 2166 466 2235 qui
523 2165 842 2235 dispertiunt
896 2173 946 2219 et
993 2165 1294 2220 dilacerant
1335 2181 1552 2236 gregem
1595 2177 1811 2232 pascuae

233 2269 389 2320 meae,
421 2253 550 2310 dicit
577 2255 856 2310 Dominus.
899 2253 1022 2310 ldeo
1052 2256 1166 2310 haec
1196 2254 1326 2310 dicit
1371 2254 1630 2312 Dominus
1669 2253 1810 2307 Deus

233 2341 399 2398 Israel
445 2343 518 2398 ad
559 2353 814 2414 pastores
861 2344 951 2413 qui
1000 2351 1228 2414 pascunt
1276 2343 1530 2415 populum
1584 2356 1808 2396 meum:

235 2432 338 2489 Vos
377 2435 717 2504 dispersistis
744 2449 962 2504 gregem
1002 2449 1204 2500 meum,
1235 2442 1290 2490 et
1317 2433 1554 2504 ejecistis
1596 2447 1711 2498 eos,
1759 2441 1814 2486 et

235 2541 338 2580 non
366 2527 633 2581 visitastis
657 2540 784 2591 eos;
812 2539 939 2580 ecce
967 2540 1068 2594 ego
1097 2525 1326 2580 visitabo
1350 2540 1511 2594 super
1529 2539 1626 2578 vos
1656 2521 1814 2576 mali-

235 2621 364 2677 tiam
388 2621 696 2676 studiorum
725 2628 1028 2674 vestrorum
1061 2617 1193 2690 (Jer.
1225 2615 1405 2686 mu).
1446 2636 1464 2668 ι
1493 2615 1606 2670 Hoc
1633 2623 1816 2670 autem

237 2713 376 2780 quod
409 2721 464 2766 tu
494 2726 638 2766 nunc
673 2711 907 2776 moliris,
941 2719 1156 2764 nonest
1196 2723 1413 2780 gregem
1443 2705 1652 2761 Domini
1686 2705 1816 2759 visi-

237 2809 373 2866 tare,
409 2801 506 2856 sed
551 2800 734 2870 potius
774 2800 945 2854 instar
981 2799 1250 2869 prtedonis
1299 2811 1362 2852 ac
1403 2795 1559 2859 furis,
1591 2794 1819 2865 perdere

239 2905 290 2948 et
315 2899 580 2948 mactare.
641 2891 796 2947 Sicut
849 2892 902 2946 iu
960 2889 1251 2959 Evangelia
1299 2887 1559 2942 Dominus
1612 2883 1744 2940 dicit
1801 2901 1815 2936 :

243 3001 260 3033 ι
289 2981 402 3036 Fur
424 2996 538 3036 non
563 2981 713 3037 venit
737 2981 841 3036 nisi
871 2991 928 3034 ut
953 2979 1182 3046 furetur,
1220 2985 1273 3034 et
1302 2985 1522 3041 mactet,
1549 2982 1604 3028 et
1629 2967 1823 3044 perdat

238 3071 424 3144 (Joan.
473 3071 558 3142 ι).
601 3091 623 3125 ›

301 3161 571 3233 Nunquid
620 3160 686 3216 ad
719 3159 827 3214 hoc
864 3167 1025 3213 natus
1055 3174 1137 3226 es,
1180 3170 1242 3214 ut
1280 3157 1541 3214 mundum
1582 3155 1638 3211 in
1679 3153 1822 3210 bella

237 3251 554 3311 concutias,
595 3242 962 3312 apostolorum
1009 3241 1223 3294 labores
1265 3247 1319 3293 et
1360 3255 1524 3309 opera
1565 3239 1831 3303 destruas,

234 3355 525 3412 totamque
571 3337 776 3394 Christi
817 3331 1150 3396 Ecclesium,
1203 3340 1328 3394 tua,
1381 3331 1539 3386 unius
1585 3329 1835 3386 videlicet

233 3433 522 3496 hominis,
572 3427 869 3482 ambitione
925 3423 1270 3478 confundas?
1321 3431 1374 3474 et
1435 3421 1552 3476 haec
1604 3418 1836 3476 fortasse

237 3523 482 3578 turbatio
519 3520 596 3574 tui
636 3516 873 3571 nominis
911 3524 992 3567 est
1037 3513 1301 3566 intentata
1343 3509 1625 3580 praesagio.
1670 3509 1837 3565 Cada-

233 3616 358 3672 lous
383 3613 592 3684 quippe
622 3607 855 3663 vocaris.
881 3604 1126 3676 (Consule
1146 3603 1360 3657 Scholia
1387 3602 1454 3655 ad
1485 3601 1677 3656 calcem
1707 3617 1838 3670 opu-

236 3706 418 3774 sculi.)
457 3703 526 3758 Et
560 3701 735 3770 prima
776 3697 991 3766 quidem
1029 3710 1152 3764 pars
1190 3691 1350 3760 hujus
1390 3691 1622 3748 nominis
1657 3691 1836 3746 maui-

235 3797 376 3852 l'este
399 3792 689 3849 denuntiat
713 3803 923 3851 casum,
952 3785 1188 3841 secunda
1219 3784 1496 3854 populum,
1520 3783 1639 3844 λαος
1667 3783 1836 3853 siqui-

239 3892 361 3944 dem
395 3885 622 3948 Grmce,
664 3881 858 3935 Latine
902 3876 1150 3948 pupulum
1198 3883 1375 3930 sonat.
1425 3865 1489 3927 Ει
1526 3875 1654 3944 quid
1692 3873 1837 3928 aliud

243 3983 297 4036 in
347 3981 458 4034 hoc
511 3974 842 4046 exprimitur
893 3969 1153 4032 nomine,
1208 3966 1310 4020 nisi
1365 3965 1506 4033 quod
1559 3953 1888 4032 Scriptura"

244 4076 376 4130 dicit
413 4069 634 4144 theCh.
673 4067 771 4138 vu)
804 4084 817 4119 :
851 4064 986 4132 Quia
1019 4062 1268 4117 videlicet
1309 4061 1462 4114 ruina
1498 4060 1677 4130 pepuli
1710 4067 1838 4113 sunt

245 4167 559 4223 sacerdotes
589 4161 751 4216 mali?
787 4158 900 4213 lloc
937 4157 1120 4226 itaque
1160 4154 1344 4218 modo,
1382 4153 1473 4222 qui
1507 4161 1708 4208 sancta)
1737 4153 1842 4207 Ec-

244 4260 425 4316 clesia:
455 4255 637 4311 fueras
669 4252 840 4315 filius,
872 4250 1132 4303 adversus
1163 4261 1283 4300 eam
1313 4245 1490 4298 factus
1518 4259 1579 4298 es
1604 4243 1834 4312 gladius.

243 4350 444 4422 39Et
481 4346 624 4401 forte
665 4351 720 4397 tu
763 4342 834 4396 ile
867 4355 927 4395 es
952 4337 1162 4410 gladius
1199 4336 1264 4390 de
1288 4349 1394 4404 quo
1422 4333 1671 4388 Ezechiel
1708 4347 1837 4402 pro-

243 4444 405 4512 pheta
435 4437 570 4494 dicit
599 4454 612 4491 :
643 4455 662 4488 ι
695 4432 943 4496 Gladius,
972 4429 1179 4500 gladius
1209 4435 1467 4481 exacutus
1497 4433 1580 4480 est
1607 4434 1662 4480 et
1687 4425 1842 4478 lima-

247 4547 330 4591 tus
360 4530 585 4604 (Ezech.
615 4527 756 4599 xxx).
795 4545 816 4578 ι
850 4523 962 4578 Cur
993 4520 1312 4575 autem-duo
1345 4519 1460 4572 haec
1499 4517 1600 4572 iste
1631 4516 1840 4586 gladius

245 4628 476 4687 habeat,
511 4621 616 4675 hoc
651 4627 766 4682 est,
811 4623 870 4668 ut
903 4612 1124 4666 limatus
1164 4609 1237 4664 sit
1269 4615 1326 4663 et
1360 4615 1578 4671 acutus,
1619 4615 1838 4660 secutus

241 4710 466 4782 exponit
521 4725 535 4762 :
583 4724 602 4758 ι
649 4704 717 4760 Ut
768 4701 970 4764 caedat,
1023 4698 1224 4766 inquit,
1275 4695 1527 4750 victimas
1576 4707 1840 4748 exacutus

243 4813 352 4866 est,
394 4809 458 4854 ut
495 4797 782 4870 splendeat
821 4791 1039 4844 limatus
1071 4796 1158 4842 est
1190 4784 1402 4858 (Ibid.).
1439 4804 1456 4838 ›
1490 4783 1676 4840 Nonne
1703 4784 1757 4838 iu
1788 4791 1839 4836 te

245 4895 498 4949 videntur
519 4891 622 4944 ista
649 4895 977 4955 congruere,
1009 4880 1098 4949 qui
1126 4877 1376 4934 videlicet
1405 4885 1464 4932 ut
1488 4877 1634 4932 solus
1657 4875 1839 4930 valeas

245 4987 508 5057 dignitate
541 4979 864 5051 splendere,
901 4979 1069 5026 totum
1103 4985 1328 5040 regnum
1362 4967 1577 5023 laboras
1614 4966 1666 5021 in
1695 4979 1836 5057 prte-

243 5047 401 5142 litim,
429 5047 584 5130 velut
601 5061 906 5128 occisionis
928 5061 1171 5117 victimas
1205 5059 1567 5129 congregare?
1596 5047 1836 5114 Sed'ad-

245 5171 344 5225 huc
373 5167 498 5224 audi
527 5166 668 5236 quod
709 5163 924 5231 praesto
951 5153 1222 5226 subiungit
1247 5152 1434 5224 (Ibid.)
1473 5171 1484 5206 :
1527 5171 1545 5206 ι
1584 5151 1686 5220 Qui
1717 5164 1834 5206 mo-

245 5279 334 5310 ves
367 5270 637 5310 snectrum
678 5251 786 5310 lilii
833 5246 974 5310 mei,
1009 5247 1286 5303 succidisti
1321 5261 1481 5302 omne
1515 5247 1744 5310 lignum,
1782 5249 1838 5296 et

1907 1815 1960 1860 te
1989 1813 2049 1858 ut
2090 1803 2384 1858 interficias
2421 1811 2475 1857 et
2531 1801 2758 1870 fulgeas:
2792 1819 2809 1850 ι
2843 1798 3002 1868 paqu
3037 1803 3158 1865 post
3191 1792 3433 1860 sequitur
3461 1808 3473 1841 :

1911 1915 1932 1950 ι
1978 1897 2268 1954 Revertere
2295 1895 2360 1949 ad
2389 1895 2636 1964 vaginam
2678 1901 2825 1947 tuam
2857 1931 2870 1955 ,
2923 1891 2976 1943 in
3035 1888 3208 1941 locum
3270 1885 3323 1939 in
3373 1897 3481 1952 qun

1907 1995 2122 2041 creatus
2151 1999 2227 2040 es.
2259 1985 2317 2038 lu
2365 1994 2508 2040 terra
2561 1981 2858 2037 nativitatis
2891 1987 2994 2034 true
3035 1977 3288 2046 iudicabo
3321 1983 3390 2038 te,
3427 1981 3480 2024 et

1909 2076 2180 2132 effundam
2229 2091 2388 2144 super
2420 2084 2470 2128 te
2500 2072 2924 2142 indignationem
2966 2081 3138 2122 meam
3159 2107 3172 2129 ,
3203 2072 3257 2118 et
3303 2063 3480 2132 ignem

1911 2165 2110 2222 furoris
2137 2165 2242 2221 mei
2279 2163 2501 2218 sulllaho
2542 2163 2596 2216 in
2643 2170 2712 2215 te.
2757 2179 2774 2210 ι
2831 2157 3006 2213 llahes
3053 2171 3193 2209 nunc
3257 2153 3479 2206 forsitan

1911 2257 2149 2320 mitram,
2201 2255 2392 2318 habes,
2443 2251 2596 2322 juxta
2647 2264 2852 2303 morem
2902 2245 3132 2300 Romani
3191 2241 3482 2314 pontificis,

1913 2345 2133 2399 rubram
2169 2357 2424 2414 cappam;
2454 2355 2586 2396 cave
2609 2353 2676 2393 ne
2701 2338 2839 2392 hanc
2872 2337 3154 2389 adversum
3185 2344 3236 2386 te
3276 2339 3488 2384 senten-

1913 2437 2043 2490 tiam
2073 2435 2286 2490 divinus
2305 2449 2402 2504 per
2443 2431 2689 2488 eumdem
2719 2428 3032 2500 prophetam
3075 2440 3254 2481 sermo
3296 2424 3487 2476 decer-

1914 2535 2052 2581 nat:
2105 2544 2126 2578 ι
2177 2525 2258 2579 Tu
2305 2533 2525 2589 autem,
2571 2521 2830 2592 profane,
2877 2517 3039 2586 impie
3108 2517 3214 2570 dux
3281 2510 3485 2568 Israel.

1915 2615 2068 2686 cujus
2103 2614 2254 2669 venit
2283 2613 2397 2667 dies
2441 2611 2495 2665 in
2548 2618 2788 2677 tempore
2837 2605 3137 2674 iniquitatis
3190 2601 3484 2672 praefinita;

1915 2705 2032 2760 haec
2062 2705 2191 2760 dicit
2229 2703 2490 2759 Dominus
2515 2701 2654 2755 Deus
2689 2719 2700 2753 :
2735 2698 2903 2754 Aufer
2951 2697 3200 2758 Cidarim,
3233 2693 3358 2747 tolle
3403 2707 3487 2744 co-

1917 2813 2138 2865 ronam;
2179 2809 2355 2852 nonne
2383 2796 2500 2850 haec
2527 2801 2632 2858 est,
2665 2807 2783 2861 qum
2805 2789 3058 2845 humilem
3080 2784 3399 2847 sublevavit,
3433 2791 3488 2834 et

1919 2888 2200 2945 sublimem
2223 2882 2724 2954 humiliavitUbid.)
2739 2884 2790 2936 ?t
2809 2882 2886 2936 Ac
2907 2880 2951 2936 si
2971 2885 3212 2948 patenter
3225 2868 3487 2931 enuntiet,

1921 2980 2046 3050 quia
2069 2978 2315 3048 quisquis
2355 2977 2424 3032 ad
2475 2975 2618 3030 hanc
2661 2972 2911 3035 cidarim,
2964 2967 3046 3022 vel
3104 2960 3494 3020 sacerdotalem

1924 3084 2180 3126 coronam
2220 3075 2538 3138 arroganter
2584 3063 2817 3121 anhelat.
2843 3061 2965 3130 jure
3008 3057 3366 3126 deprimitur:
3401 3053 3494 3120 qui

1922 3169 2103 3214 autem
2137 3157 2412 3226 indignum
2443 3169 2500 3209 se
2529 3151 2830 3208 vociferans
2873 3147 3063 3208 renuit,
3091 3145 3287 3198 merito
3327 3139 3494 3195 subli-

1923 3257 2124 3305 matur.
2154 3247 2378 3302 Multum
2417 3259 2550 3299 sane
2593 3241 2846 3304 laetificat,
2900 3237 3044 3308 quod
3097 3230 3402 3303 huiusmodi
3445 3237 3497 3282 te

1924 3335 2206 3409 pontifices
2231 3333 2526 3406 elegerunt,
2558 3329 2902 3386 Placentinus
2925 3325 3177 3382 videlicet
3200 3331 3256 3376 et
3271 3317 3494 3409 Vercel-

1925 3408 2088 3493 linus,
2124 3427 2215 3496 qui
2252 3425 2506 3481 nimirum
2563 3421 2788 3476 multum
2840 3416 3036 3488 petulci
3091 3430 3156 3470 ac
3202 3408 3494 3482 proletarii.

1927 3519 2068 3574 sicut
2105 3524 2308 3572 norunt
2351 3515 2626 3584 disputare
2677 3513 2742 3567 de
2794 3510 2974 3578 specie
3017 3506 3361 3567 feminarum,
3418 3501 3499 3553 sie

1926 3611 2136 3664 utinam
2184 3607 2487 3678 potuissent
2516 3605 2569 3658 in
2621 3601 2866 3672 eligendo
2909 3597 3161 3670 pontifice
3210 3593 3497 3664 perspicax

1926 3695 2430 3766 haberejudicium.
2473 3694 2614 3749 Ecce
2664 3693 2856 3746 iterum
2908 3690 3014 3743 duo
3061 3699 3218 3740 senes
3269 3682 3366 3746 illi,
3424 3681 3494 3734 de

1930 3790 2123 3858 quibus
2147 3787 2360 3843 locutus
2409 3794 2493 3841 est
2546 3784 2806 3839 Dominus
2850 3799 2862 3834 :
2907 3799 2926 3830 ‹
2961 3777 3096 3844 Quia
3145 3787 3360 3845 egressa
3416 3779 3502 3824 est

1929 3877 2186 3946 iniquitas
2206 3877 2272 3932 de
2300 3874 2571 3946 Babylone
2593 3889 2621 3926 a
2649 3871 2871 3928 senibus
2891 3867 3180 3940 iudicibus,
3209 3865 3300 3934 qui
3346 3861 3500 3917 vide-

1931 3967 2128 4020 bantur
2147 3979 2334 4036 regere
2361 3963 2613 4035 populum
2642 3961 2804 4032 (Dan.
2853 3959 3002 4028 xxv).
3042 3976 3061 4008 ι
3113 3955 3253 4010 Ecce
3305 3952 3502 4007 iterum

1933 4055 2176 4108 Susanna
2205 4055 2258 4108 in
2285 4052 2548 4124 judicium
2578 4061 2830 4105 accusata
2859 4045 3178 4119 producitur
3205 4061 3217 4096 :
3251 4056 3380 4097 ecce
3407 4039 3507 4094 fal-

1933 4161 2052 4200 sum
2077 4146 2348 4200 innocenti
2371 4144 2576 4199 crimen
2608 4140 2924 4205 intenditur,
2948 4148 3000 4193 et
3024 4133 3506 4207 sanguisinuoxius

1933 4235 2345 4292 condemnatur.
2405 4232 2512 4288 Sed
2569 4230 2807 4299 nunquid
2868 4227 3040 4284 deerit
3079 4227 3242 4280 etiam
3299 4219 3507 4283 Daniel,

1936 4326 2090 4396 cujus
2152 4335 2373 4397 repente
2447 4321 2670 4393 spiritus
2735 4320 3070 4380 suscitetur,
3141 4315 3508 4380 falsorumque

1937 4419 2156 4473 testium
2194 4417 2463 4485 nequitias
2526 4411 2858 4468 ulciscatur?
2912 4407 3100 4462 Aderit
3147 4405 3369 4472 utique,
3418 4399 3514 4452 ad-

1938 4507 2044 4562 erit
2065 4520 2228 4562 verus
2257 4504 2346 4560 ille
2400 4504 2484 4557 vir
2526 4500 2943 4558 desideriorum,
2971 4496 3039 4550 de
3067 4507 3174 4563 quo
3208 4491 3337 4544 dicit
3389 4500 3513 4555 pro-

1936 4599 2100 4668 pheta
2151 4614 2166 4652 :
2213 4615 2232 4648 ι
2277 4595 2419 4650 Ecce
2460 4594 2640 4647 veniet
2696 4589 3033 4645 desideratus
3085 4591 3292 4640 CllllCllS
3338 4577 3512 4649 genti-

1934 4665 2038 4742 bus
2092 4686 2294 4758 (Aggtei
2343 4685 2427 4753 ιι).
2475 4701 2493 4734 ι
2533 4683 2752 4746 Aderit,
2789 4681 3044 4747 inquam,
3097 4672 3367 4744 potentior
3423 4665 3512 4721 ille

1936 4780 2047 4853 40
2073 4778 2294 4842 Daniel,
2321 4777 2410 4846 qui
2444 4785 2497 4832 et
2525 4775 2721 4845 impios
2749 4787 2904 4826 senes
2932 4781 3222 4838 perperam
3245 4763 3516 4832 iudicasse

1943 4872 2254 4934 convincat,
2285 4877 2340 4924 et
2370 4868 2674 4923 Susaunam
2707 4871 2944 4918 nostram
2972 4861 3042 4915 ab
3068 4855 3278 4925 iniustae
3301 4859 3519 4908 senten-

1943 4965 2016 5020 tia
2061 4962 2427 5020 damnationis
2477 4960 2743 5015 absolvat.
2781 4955 2858 5010 De
2896 4952 3054 5023 cuius
3081 4947 3361 5018 repentino
3390 4940 3525 5012 judi-

1944 5055 2028 5111 cio
2056 5053 2194 5110 alius
2226 5052 2484 5122 pr0pheta
2505 5049 2676 5106 dicit:
2707 5067 2725 5100 ι
2757 5045 2897 5102 Ecce
2927 5047 3090 5100 turbo
3117 5038 3411 5098 Dominicae
3439 5034 3525 5086 in-

1943 5145 2272 5217 dignationis
2293 5141 2625 5213 egredietur,
2649 5151 2704 5198 et
2730 5146 3030 5208 tempestas
3060 5145 3346 5201 erumpens
3370 5133 3530 5217 Super

1946 5246 2107 5308 θίιρυι
2129 5236 2415 5306 i"ﬁliorum
2438 5234 2624 5290 veniet
2656 5253 2668 5288 :
2702 5247 2807 5287 non
2840 5238 3148 5285 revertetur
3171 5224 3320 5277 furor
3349 5210 3526 5310 Domi-
