3964 5310
516 322 625 392 2Ξῦ

1016 336 1075 392 S.
1114 336 1319 394 PETRI
1355 335 1638 396 DAMIANI
1676 339 1827 396 OPP.
1862 338 2038 395 PARS
2081 337 2213 395 SEU
2253 335 2488 393 TOMUS
2526 338 2567 394 Ι.
2607 367 2676 378 -
2700 338 2915 408 EPIST.
2942 339 3071 396 LIB.
3105 338 3219 396 Vill

3659 337 3773 395 2“

520 453 727 523 subripi
772 453 983 522 potuit:
1014 459 1211 520 prteter
1264 450 1405 518 illos,
1454 436 1765 523 quicunque
1819 459 1873 508 te
1894 453 1962 508 ad
1989 452 2094 507 hoc
2122 452 2172 513 Α
2199 456 2315 504 tate
2338 448 2694 519 plectendus?
2728 451 2921 507 Utrum
2962 450 3070 515 ille,
3097 450 3189 521 qui
3218 449 3358 505 sacri
3388 446 3579 504 altaris
3598 446 3777 502 lucer-

519 543 780 618 llagitium
817 544 1175 614 impulerunt,
1214 544 1309 599 lilii
1344 543 1596 614 Cayphze,
1636 545 1987 616 primogeniti
2017 545 2099 599 di-

520 636 675 691 cendi
706 643 831 691 sunt
856 635 1089 701 Satanae,
1120 635 1394 705 adjutores
1411 637 1750 702 Antichristi,
1800 637 2098 693 adversarii

524 726 787 781 veritatis.
818 726 1005 796 Itaque
1032 725 1165 780 libet
1191 726 1527 782 exclamare:
1547 726 1591 783 0
1616 726 1845 784 caelum!
1874 743 1908 783 o
1932 728 2093 782 terra!

454 852 471 872 ρ
522 831 643 870 cum
659 815 853 885 quibus
876 815 1152 871 scilicetet
1175 816 1355 871 omnia
1375 817 1641 873 turbanda
1665 826 1791 873 sunt
1809 818 2099 875 elementa.

522 904 567 959 Ο
614 903 875 974 ιιιιιεωίίἰιι
904 904 1154 960 omnibus
1196 913 1323 960 ante
1370 920 1468 961 nos
1494 905 1702 963 saeculis
1734 905 2008 962 inaudita!
2042 914 2103 960 ut

526 997 735 1052 alienus
759 998 1065 1070 episcopus,
1093 999 1312 1068 propria
1328 1000 1456 1055 sede
1473 1010 1799 1071 contempta,
1819 1001 2100 1072 ignorante

518 1087 652 1154 Deo,
701 1088 976 1144 nesciente
1027 1088 1211 1153 Petro,
1254 1090 1530 1145 nesciente
1556 1089 1801 1146 Romana
1836 1090 2099 1155 Ecclesia,

522 1194 688 1252 super
731 1183 1027 1238 Romanam
1056 1182 1425 1239 constituatur
1466 1182 1804 1239 Ecclesium?
1846 1192 1903 1237 et
1955 1181 2101 1252 quod

428 1276 441 1293 ‘
520 1290 627 1329 non
678 1274 783 1330 fert
817 1274 1054 1330 Ecclesia
1089 1274 1375 1344 cujuslibet
1399 1275 1597 1329 infimae
1632 1274 1932 1344 dignitatis,
1979 1287 2104 1343 per-

519 1367 664 1421 ferat
692 1364 802 1429 illa,
833 1379 952 1435 qua:
978 1372 1151 1419 mater
1177 1373 1262 1418 est
1282 1372 1337 1418 et
1368 1363 1625 1433 magistra
1652 1361 2103 1417 totius-Christia-

519 1468 605 1508 nae
634 1452 953 1524 religionis?
977 1450 1084 1507 Sed
1107 1450 1376 1521 quispiam
1400 1449 1652 1506 fortassis
1689 1448 1934 1521 objiciat,
1958 1449 2102 1505 inore

520 1541 721 1596 diuatae
749 1541 875 1596 huic
919 1540 1251 1597 ordinationi
1287 1540 1524 1610 aliquem
1568 1538 1880 1596 interluxisse
1906 1538 2105 1595 Roma-

520 1647 673 1686 num.
718 1631 1019 1688 Erubescat
1059 1632 1130 1687 ad
1183 1632 1297 1687 haec
1341 1630 1521 1698 lingua
1548 1630 1884 1700 phrenetica,
1907 1636 1962 1685 et
1986 1643 2105 1698 quae

519 1723 698 1777 nescit
733 1737 854 1777 esse
906 1722 1160 1787 facunda,
1210 1722 1385 1779 discat
1435 1737 1556 1777 esse
1590 1723 1672 1778 vel
1709 1730 1855 1777 muta
1888 1741 1901 1776 :
1932 1721 2105 1778 nescit

520 1816 724 1887 aliquid
772 1818 979 1873 utiliter
1034 1816 1247 1882 dicere‘,
1305 1817 1442 1872 sciat
1497 1817 1692 1873 saltem
1748 1817 1863 1873 sine
1904 1816 2104 1870 danmo

518 1913 725 1960 tacere.
768 1905 1034 1962 Nimirum
1073 1898 1196 1961 cum
1244 1905 1440 1961 electio
1480 1906 1570 1961 illa
1599 1921 1699 1977 per
1723 1906 2103 1976 episcoporum

519 1994 879 2050 cardinalium
894 1995 1015 2051 fieri
1030 1995 1225 2051 debeat
1244 1995 1544 2066 principale
1555 1996 1843 2066 judicium,
1868 1994 2105 2050 secundo

520 2083 643 2140 loco
661 2082 784 2152 jure
826 2085 1069 2153 praebeat
1092 2084 1272 2139 clerus
1317 2099 1619 2151 assensum,
1646 2086 1804 2139 tertio
1831 2083 2105 2154 popularis

519 2173 676 2228 favor
722 2174 934 2229 attollat
979 2174 1295 2244 applausum
1323 2191 1337 2228 :
1369 2175 1554 2244 sicque
1603 2175 1977 2244 suspendenda
2022 2182 2107 2230 est

522 2277 708 2328 causa,
737 2272 913 2332 usque
931 2261 1060 2316 dum
1101 2261 1265 2333 regiae
1294 2262 1632 2319 celsitudinis
1667 2262 1983 2319 consulatur
2007 2277 2103 2317 au-

524 2353 757 2406 ctoritas
788 2368 802 2404 :
833 2351 959 2415 nisi,
991 2352 1133 2407 sicut
1164 2365 1341 2420 nuper.
1363 2352 1620 2422 contigit,
1652 2351 1948 2421 periculum
1991 2350 2106 2406 for-

526 2440 694 2495 tassis
737 2440 1046 2504 immineat,
1096 2443 1239 2511 qqu
1279 2456 1392 2500 rem
1432 2442 1756 2509 quantocius
1803 2439 2109 2496 accelerare

527 2529 836 2599 compellat.
852 2530 1024 2585 Porro
1048 2540 1229 2585 autem
1259 2529 1400 2585 sicut
1420 2530 1668 2586 diabolus
1692 2531 1875 2588 divino
1903 2528 2109 2584 nomini

525 2617 791 2690 pluralem
848 2634 1132 2675 numerum
1188 2619 1417 2684 indidit,
1469 2628 1530 2675 ut
1568 2620 1773 2676 diceret
1827 2619 2037 2675 mulieri
2088 2634 2103 2674 :

530 2728 553 2763 ι
590 2711 757 2767 Eritis
802 2712 946 2766 sicut
971 2712 1066 2778 dii,
1119 2712 1355 2770 scientes
1404 2714 1604 2770 bonum
1633 2724 1688 2771 et
1724 2714 1922 2770 malum
1950 2713 2106 2784 (Gen.

529 2803 651 2873 m)’;
690 2822 709 2856 ι
742 2803 815 2858 ita
843 2813 897 2858 tu
927 2805 1402 2875 grammaticorum
1444 2804 1643 2876 regulis
1684 2820 1882 2860 novum
1907 2804 2109 2875 aliquid

536 2894 813 2958 addidisti,
844 2905 903 2947 ut
932 2895 985 2948 in
1012 2892 1373 2949 declinatione
1408 2894 1523 2964 jam
1564 2895 1719 2965 pueri
1748 2895 1931 2951 dicant
1959 2908 2111 2965 papa

531 2996 813 3054 paparum.
847 2982 949 3039 Per
978 2989 1030 3036 te
1054 2982 1236 3051 itaque
1263 2996 1429 3038 senex
1449 2982 1564 3052 jam
1590 2984 1823 3039 mundus
1860 2983 2110 3051 addiscit,

531 3072 677 3139 quod
705 3072 966 3126 hactenus
986 3071 1270 3140 ignoravit.
1301 3071 1366 3126 Et
1391 3073 1534 3127 sicut
1554 3071 1711 3140 juxta
1744 3072 1895 3127 Pauli
1922 3088 2111 3129 vocem

535 3159 724 3230 (Hebr.
777 3160 879 3231 1x),
923 3177 1166 3216 summus
1215 3161 1457 3231 pontifex
1505 3163 1561 3218 in
1611 3173 1796 3220 sancta
1820 3177 1917 3234 per
1939 3179 2112 3221 annos

534 3254 776 3325 singulos
801 3252 1207 3323 ingrediebatur
1233 3255 1288 3308 iu
1319 3256 1581 3324 sanguine
1606 3256 1822 3323 alieno;
1854 3256 1934 3313 sic
1961 3266 2017 3312 et
2056 3266 2113 3312 tu

533 3361 681 3400 nunc
723 3346 1045 3401 miserorum
1090 3346 1393 3411 hominum,
1440 3348 1587 3404 velut
1620 3363 1907 3418 porcorum
1937 3348 2113 3404 succi-

533 3434 684 3488 dium
713 3433 866 3499 facis,
900 3444 955 3490 et
973 3435 1291 3505 sanguinem
1321 3435 1527 3503 fundis,
1556 3447 1616 3492 ιιι
1638 3438 1706 3493 ad
1733 3437 1794 3491 Β.
1821 3437 1964 3493 Petri
1990 3453 2115 3493 san-

538 3528 805 3582 ctuarium
850 3536 1108 3583 cruentus
1154 3528 1500 3600 ingrediaris.
1542 3528 1705 3594 Cave,
1736 3529 1921 3593 frater,
1960 3544 2112 3596 cave,

535 3634 605 3673 ne
635 3618 784 3673 velut
828 3619 1002 3674 hostis
1055 3620 1303 3691 insurgas
1354 3631 1463 3675 tam
1494 3622 1898 3692 praecipitanter
1924 3622 1979 3678 in
2010 3622 2116 3695 Pe-

536 3718 703 3779 trum,
737 3710 829 3779 qui
873 3720 1019 3765 certe
1045 3720 1102 3766 et
1141 3711 1405 3767 Ananiam
1437 3726 1559 3768 cum
1582 3714 1809 3785 conjuge
1856 3714 2007 3768 verbi
2031 3714 2114 3778 sui

533 3801 643 3855 telo
683 3800 923 3856 confodit
954 3819 969 3856 :
998 3811 1056 3858 et
1081 3801 1358 3858 Simonem
1384 3812 1706 3873 arroganter
1736 3814 1880 3858 astra
1922 3813 2114 3875 peten-

534 3902 664 3952 tem,
694 3892 746 3945 in
774 3893 1033 3962 gehennae
1066 3891 1331 3962 profunda
1368 3893 1627 3947 demersit
1653 3892 1793 3963 (Act.
1823 3892 1901 3963 v).

608 3982 761 4049 Quod
818 3984 950 4038 mihi
1000 3999 1031 4038 a
1076 3984 1382 4040 senioribus
1415 3985 1722 4039 intimatum
1763 3993 1867 4050 est,
1896 3982 2114 4041 refero:

531 4072 594 4129 lu
620 4072 925 4144 Babyloniis
952 4075 1198 4144 partibus
1212 4077 1608 4145 possessionem
1635 4076 1931 4146 apostolica
1959 4077 2117 4133 sedes

534 4163 810 4230 habebat,
842 4165 986 4220 unde
1034 4175 1243 4220 tantum
1274 4167 1500 4222 balsami
1536 4169 1768 4224 reditum
1807 4184 1906 4238 per
1945 4184 2118 4224 annos

535 4254 779 4326 singulos
806 4255 1090 4324 capiebat,
1113 4256 1255 4325 quod
1286 4256 1619 4312 indeﬁcienti
1641 4257 1828 4312 fomite
1846 4259 2120 4314 sufﬁceret

540 4344 800 4415 lampadi,
833 4361 953 4415 quae
983 4345 1236 4404 videlicet
1279 4353 1406 4400 ante
1450 4345 1623 4403 altare
1661 4346 1806 4402 beati
1853 4347 2119 4417 apostolo-v

464 4432 469 4473 ἒ
538 4449 659 4488 rum
702 4435 961 4504 principis
995 4434 1256 4490 rutilabat
1308 4450 1568 4505 appensa.
1622 4436 1793 4502 Quam
1820 4433 2118 4505 possessio-

538 4538 664 4577 nem
718 4532 939 4594 accepta
992 4524 1220 4593 pecunia
1270 4539 1407 4594 papa
1438 4524 1707 4590 distraxit,
1750 4539 2119 4595 canoncmque

540 4612 827 4677 aromatis,
873 4626 1035 4682 quem
1064 4613 1305 4682 recipere
1330 4614 1560 4681 solebat,
1592 4614 1795 4671 amisit.
1828 4614 2119 4684 Aliquanto

539 4709 696 4772 post,
735 4717 860 4758 cum
903 4700 1044 4757 idem
1076 4717 1213 4773 papa
1256 4703 1516 4772 praedicto
1553 4713 1902 4762 sacrosancto
1935 4705 2116 4771 altari,

539 4792 701 4861 quasi
747 4792 974 4848 devotus
1029 4794 1309 4850 assisteret
1357 4803 1414 4850 et
1465 4804 1667 4861 oraret,
1728 4811 1854 4851 ecce
1900 4795 2118 4865 quidam

542 4884 803 4940 terribilis
870 4888 925 4941 et
980 4887 1301 4958 grandaevus
1351 4902 1550 4949 senex,
1612 4888 1666 4942 in
1734 4888 1887 4958 cujus
1953 4889 2116 4943 etiam

542 4974 685 5030 facie
727 4976 1089 5032 barbirasium
1136 4978 1451 5045 videbatur,
1493 4977 1637 5032 elato
1687 4978 1910 5033 brachio
1969 4976 2119 5033 cola-

542 5067 712 5135 phum
751 5067 855 5123 sibi
906 5068 1256 5123 vehementer
1293 5067 1555 5133 incussit,
1590 5076 1646 5124 et
1672 5068 1747 5123 ait
1783 5084 1798 5123 :
1835 5086 1854 5119 ι
1893 5067 1971 5123 Τιι
2027 5083 2125 5123 ex-

542 5155 783 5211 stinxisti
825 5155 929 5228 41
966 5157 1241 5212 lucernam
1280 5173 1456 5213 meam
1495 5166 1621 5213 ante
1651 5173 1759 5224 me,
1799 5166 1856 5212 et
1883 5172 1984 5229 ego
2016 5170 2113 5212 ex-

544 5248 814 5310 stinguam
864 5247 1141 5303 lucernam
1183 5256 1332 5302 tuam
1364 5258 1492 5304 ante
1535 5249 1707 5306 Deum
1746 5267 1759 5300 :
1809 5268 1831 5302 ι
1887 5261 2123 5310 moxque

2197 539 2324 596 nam
2375 540 2717 610 praesumpsit
2766 541 3149 612 exstinguere;
3198 556 3265 595 an
3325 550 3413 607 tu,
3461 541 3554 611 qui
3586 548 3780 594 1013!!!

2196 629 2558 686 universalem
2612 631 2911 687 Ecclesiam
2961 648 3075 703 pra:
3140 629 3356 687 furtiva:
3412 630 3781 701 promotionis

2197 719 2479 776 exordium
2510 720 2702 777 niteris
2729 722 3058 777 obscurare?
3083 720 3184 788 Qui
3205 722 3348 775 enim
3370 719 3527 790 juxta
3552 721 3777 775 Verita-

2200 812 2269 867 tis
2301 826 2515 877 vocem,
2543 812 2709 867 intrat
2736 828 2834 883 per
2863 813 3084 877 ostium,
3115 821 3303 882 pastor
3331 821 3413 867 est
3436 811 3656 877 ovium;
3686 810 3780 879 qui

2199 911 2378 960 autem
2407 903 2574 958 intrat
2595 903 2837 965 aliunde.
2861 904 2947 958 fur
2980 912 3066 959 est
3101 914 3157 958 et
3183 902 3324 959 latro
3350 903 3532 974 (Joan.
3558 902 3639 972 x).
3672 900 3781 956 Sed

2195 993 2339 1051 sicut
2368 1008 2465 1064 per
2492 993 2727 1063 pastoris
2757 994 2957 1048 ostium
2996 992 3090 1062 qui
3122 990 3240 1061 jam
3270 992 3459 1062 utique
3498 990 3780 1061 praesidet,

2200 1083 2381 1139 domui
2413 1082 2594 1137 lumen
2637 1081 2967 1148 infunditur;
3014 1082 3087 1137 ita
3118 1097 3215 1151 per
3241 1090 3389 1135 tuum
3423 1080 3665 1145 aliunde,
3703 1080 3784 1133 ιιί-

2199 1169 2276 1224 hil
2303 1168 2472 1235 aliud,
2504 1170 2607 1227 nisi
2644 1171 2846 1239 fumus,
2879 1179 3043 1240 atque
3072 1170 3263 1241 caligo,
3292 1171 3481 1234 chaos,
3502 1179 3558 1225 et
3586 1170 3785 1224 horror

2202 1259 2466 1331 ingeritur
2511 1261 2882 1318 tenebrarum.
2933 1260 3059 1327 Huc,
3092 1262 3323 1328 accedit,
3370 1262 3495 1331 quia
3544 1260 3680 1315 dum
3729 1258 3786 1313 in

2202 1351 2328 1406 imis
2372 1362 2456 1406 est
2495 1351 2788 1421 quispiam,
2814 1351 2937 1421 ejus
2973 1350 3372 1419 quodammodo
3408 1350 3542 1404 vitia
3592 1347 3789 1403 delite-

2202 1451 2396 1511 scunt;
2431 1458 2556 1498 cum
2593 1434 2724 1498 vero
2753 1444 2821 1496 ad
2860 1441 3140 1513 dignitatis
3166 1426 3376 1499 culmrn
3418 1442 3691 1505 ascendit,
3734 1441 3789 1496 in

2201 1532 2543 1601 superficiem
2565 1547 2689 1588 mox
2714 1538 3008 1602 erumpunt
3036 1550 3050 1586 :
3082 1541 3135 1587 et
3166 1546 3284 1600 quae
3313 1530 3530 1586 fuerant
3554 1539 3789 1586 eatenus

2204 1618 2466 1684 inaudita,
2505 1618 2617 1688 jam
2658 1635 2755 1691 per
2785 1634 2880 1675 ora
2921 1619 3230 1689 remigeruli
3270 1619 3448 1688 populi
3494 1620 3627 1674 trita
3663 1617 3783 1672 vul-

2204 1719 2419 1781 gantur.
2452 1710 2593 1776 Quot
2618 1711 2896 1766 hominum
2932 1711 3097 1765 millia
3129 1726 3276 1766 nunc
3317 1723 3407 1765 tua
3441 1712 3586 1767 facta
3632 1712 3791 1767 dinu—

2135 1787 2184 1849 Β
2210 1812 2444 1867 merant,
2476 1802 2569 1871 qui
2605 1818 2774 1872 usque
2802 1802 2871 1857 ad
2899 1803 3003 1856 hoc
3039 1810 3248 1872 tempus
3273 1816 3335 1857 ea
3362 1802 3609 1859 funditus
3637 1803 3793 1875 igno-

2206 1894 2448 1950 rabant?
2492 1893 2628 1948 Nam
2691 1894 3105 1962 praebendarum
3166 1894 3420 1950 Ecclesia:
3486 1904 3633 1961 tute,
3706 1896 3792 1950 vel

2204 1984 2572 2040 Ecclesiarum
2615 1983 2921 2038 damnanda
2969 1984 3321 2047 commercia,
3368 1984 3587 2053 aliaque
3631 1982 3793 2056 longe

2204 2074 2468 2144 turpiora,
2506 2088 2627 2143 quae
2656 2088 2754 2128 nos
2783 2072 3156 2129 erubescimus
3182 2073 3385 2139 dicere,
3435 2073 3710 2129 hactenus
3736 2074 3790 2128 in

2207 2174 2300 2220 tuo
2342 2171 2548 2219 tantum
2592 2164 2961 2218 narrabantur
3003 2162 3305 2232 oppidulo:
3346 2177 3493 2217 nunc
3533 2161 3680 2216 alter
3726 2162 3792 2218 ad

2204 2254 2435 2308 alterum
2472 2253 2673 2324 ubique
2705 2253 2856 2323 regni
2885 2253 3069 2323 hujus,
3104 2262 3159 2308 et
3189 2249 3528 2308 mercatores
3552 2251 3793 2323 loquun-

2208 2354 2301 2399 tur
2326 2345 2379 2399 in
2410 2343 2548 2412 foro,
2576 2354 2631 2400 et
2660 2345 2897 2400 fossores
2935 2345 2992 2399 in
3031 2359 3182 2412 agro.
3213 2342 3399 2409 Pueri,
3430 2343 3522 2412 qui
3552 2342 3794 2399 rhetori-

2207 2441 2403 2488 cautur
2429 2434 2484 2488 in
2511 2433 2732 2497 scholis,
2765 2433 2911 2488 cives
2946 2433 3038 2504 qui
3076 2432 3452 2502 glomerantur
3482 2431 3540 2487 in
3584 2431 3792 2496 triviis,

2208 2538 2397 2581 omnes
2418 2540 2555 2594 pene
2578 2533 2630 2579 te
2650 2525 2916 2591 lacerant,
2952 2534 3111 2594 teque
3134 2523 3452 2593 dijudicant.
3477 2522 3597 2579 Hoc
3620 2522 3791 2593 siqui-

2208 2611 2332 2667 dem
2362 2613 2456 2668 tibi
2484 2614 2779 2685 contigisse
2806 2614 3212 2684 comprobatur,
3231 2614 3373 2683 quod
3400 2612 3794 2685 transgressori

2210 2702 2433 2759 cuilibet
2476 2720 2574 2774 per
2603 2703 2897 2760 Jeremiam
2933 2705 3177 2759 dicitur:
3215 2723 3234 2756 ι
3272 2704 3503 2775 Propter
3535 2704 3787 2759 multitu-

2211 2791 2388 2847 dinem
2414 2794 2713 2864 iniquitatis
2728 2802 2832 2865 tua;
2855 2795 3089 2850 revelata
3116 2802 3243 2849 sunt
3266 2794 3664 2851 verecundiora
3681 2805 3791 2860 tua,

2210 2883 2428 2954 pollutae
2452 2893 2575 2940 sunt
2600 2886 2799 2958 plantae
2826 2894 2930 2940 tuae
2957 2886 3091 2957 (Jer.
3117 2886 3261 2960 xm).
3294 2908 3315 2940 ι
3356 2886 3455 2942 Cui
3479 2887 3648 2957 paulo
3675 2896 3795 2959 post

2217 2976 2385 3031 etiam
2425 2977 2622 3032 dicitur
2664 2994 2676 3030 :
2719 2996 2738 3029 ι
2789 2977 2913 3032 Haec
2949 2993 3067 3034 sors
3105 2986 3221 3042 tua,
3252 2993 3489 3048 parsque
3525 2992 3793 3034 mensura:

2217 3074 2320 3120 tum
2348 3068 2489 3135 apud
2521 3083 2628 3132 me,
2661 3068 2792 3123 dicit
2824 3068 3103 3134 Dominus,
3133 3068 3259 3137 quia
3289 3068 3455 3123 oblita
3479 3082 3542 3122 es
3569 3069 3699 3133 mei,
3742 3076 3795 3124 et

2138 3128 2186 3192 ο
2217 3155 2419 3209 confisa
2442 3169 2501 3210 es
2528 3156 2583 3212 in
2614 3156 2914 3212 mendacio.
2944 3156 3098 3212 Unde
3128 3128 3184 3210 et
3209 3170 3310 3226 ego
3335 3156 3536 3210 nudavi
3583 3155 3793 3211 femora

2215 3253 2307 3300 tua
2336 3254 2524 3301 contra
2554 3246 2747 3302 faciem
2779 3256 2947 3312 tuam,
2981 3254 3038 3300 et
3077 3246 3324 3315 apparuit
3359 3246 3657 3317 ignominia
3685 3256 3793 3312 tua,

2190 3347 2269 3399 .et
2300 3336 2562 3393 adulteria
2602 3346 2712 3400 tua,
2747 3345 2804 3392 et
2834 3336 3076 3392 hinnitus
3105 3344 3250 3401 tuus,
3280 3336 3458 3391 scelus
3483 3337 3797 3392 fornicatio-

2213 3428 2300 3483 nis
2339 3438 2443 3484 tuae
2481 3426 2657 3499 (ibid.)
2694 3446 2714 3479 ι
2750 3425 3136 3483 Verumtamen
3166 3427 3212 3481 si
3246 3442 3348 3498 ego
3380 3439 3433 3482 te
3466 3429 3797 3483 convenien-

2215 3519 2342 3573 dum
2397 3532 2517 3574 esse
2563 3518 2933 3581 decernerem,
2986 3517 3178 3587 hisque
3223 3518 3277 3572 in
3329 3533 3391 3573 os
3449 3517 3797 3573 sermonibus

2215 3607 2554 3678 objurgarem
2584 3623 2599 3661 :
2628 3621 2810 3662 nonne
2836 3618 2916 3673 tu,
2943 3621 3063 3676 quae
3084 3607 3253 3676 gratis
3278 3605 3555 3663 offerenda
3587 3616 3718 3663 sunt
3743 3606 3795 3661 in

2215 3702 2456 3758 Ecclesia
2486 3702 2823 3757 distraxisti?
2844 3700 3031 3756 Nonne
3059 3702 3195 3767 haec,
3223 3711 3279 3757 et
3312 3702 3424 3769 illa,
3452 3702 3598 3759 coelo
3623 3714 3796 3758 terra-

2216 3805 2322 3862 que
2353 3791 2604 3856 testibus,
2631 3790 2980 3845 commisisti?
3019 3789 3150 3856 Quae
3186 3790 3439 3845 videlicet
3482 3791 3532 3845 si
3573 3806 3675 3862 ego
3703 3789 3796 3845 tibi

2217 3882 2476 3946 dicerem,
2506 3892 2611 3935 non
2642 3893 2728 3934 me
2764 3878 3200 3948 latet,.quoniam
3245 3878 3371 3933 dum
3413 3894 3617 3949 negare
3659 3879 3796 3942 hate,

2217 3972 2417 4029 mundo
2445 3980 2604 4035 teste,
2635 3986 2740 4025 non
2779 3985 2985 4040 posses,
3018 3970 3267 4039 protinus
3293 3969 3595 4024 adfuturus
3618 3984 3802 4025 corre-

2220 4062 2415 4118 ctionis
2444 4062 2803 4132 patrocinium
2846 4061 3183 4117 convolares.
3215 4060 3453 4129 Quilibet
3485 4061 3639 4116 enim
3679 4060 3793 4137 cul-

2219 4154 2383 4210 minis
2420 4154 2688 4224 appetitor
2732 4152 2857 4207 dum
2884 4154 2953 4207 de
2997 4163 3268 4208 transacta
3299 4154 3428 4218 vita,
3468 4151 3796 4208 conscientia

2220 4244 2581 4308 remordente,
2626 4241 2991 4309 confunditur,
3020 4244 3451 4298 emendationem
3482 4244 3707 4299 sibimet
3745 4244 3797 4297 in

2220 4342 2496 4404 posterum
2542 4332 2855 4403 pollicetur;
2904 4334 2999 4388 sed
3039 4333 3166 4387 dum
3208 4334 3420 4389 culmen
3464 4333 3800 4390 celsitudinis

2221 4424 2437 4480 occasio
2466 4423 2526 4478 lit
2562 4425 2836 4493 peccandi,
2866 4426 3134 4494 quomodo
3163 4441 3259 4497 per
3296 4427 3563 4496 scopulosi
3602 4428 3800 4482 montis

2221 4523 2491 4584 praerupta
2527 4528 2633 4567 non
2665 4510 2921 4578 offendet,
2954 4515 3044 4582 qui
3082 4530 3177 4584 per
3213 4515 3372 4584 plana
3407 4516 3670 4585 gradiens
3704 4516 3798 4570 im-

2221 4601 2514 4673 pingebat?
2557 4602 2776 4656 Possem
2826 4612 3087 4674 praeterea
3129 4603 3475 4674 respondere,
3516 4605 3664 4674 quod
3709 4618 3801 4674 per

2220 4694 2538 4763 prophetam
2580 4692 2836 4747 Dominus
2879 4694 2996 4758 tibi,
3043 4694 3258 4763 tuisque
3301 4694 3571 4750 similibus
3607 4693 3797 4749 dicit:

2225 4802 2245 4836 ι
2281 4782 2339 4838 Si
2371 4790 2579 4837 mutare
2606 4791 2785 4853 potest
2822 4782 3072 4852 IEthiops
3098 4782 3292 4851 pellem
3332 4798 3511 4847 suam,
3541 4792 3639 4837 aut
3675 4797 3798 4852 par-

2221 4874 2323 4928 dus
2358 4872 2672 4928 varietatem
2712 4886 2888 4937 suam,
2939 4881 2994 4927 et
3042 4887 3137 4927 vos
3174 4872 3419 4942 poteritis
3459 4872 3798 4936 benefacere,

2227 4976 2349 5016 cum
2380 4960 2676 5015 didiceritis
2711 4960 2912 5014 malum
2943 4959 3078 5032 (Jer.
3120 4963 3266 5032 xui).
3307 4980 3327 5014 ι
3377 4962 3453 5017 De
3487 4977 3595 5031 qua
3625 4962 3798 5016 varie-

2230 5062 2341 5109 tate
2364 5065 2420 5107 et
2441 5052 2568 5106 alibi
2599 5052 2732 5107 dicit
2760 5069 2774 5106 :
2813 5071 2832 5104 ι
2863 5052 3115 5125 Nunquid
3145 5054 3264 5107 avis
3292 5053 3533 5107 discolor
3574 5052 3801 5108 haeredi-

2230 5152 2313 5198 tas
2357 5142 2521 5197 mea?
2571 5141 2822 5211 Nunquid
2870 5144 2985 5198 avis
3034 5144 3199 5198 tincta
3244 5159 3343 5213 per
3389 5153 3562 5198 totum
3637 5142 3796 5216 (Ibid.

2228 5231 2363 5297 xu)?
2396 5252 2416 5284 ι
2456 5230 2562 5288 Sed
2586 5216 2757 5301 culpa;
2794 5232 3028 5287 varietas
3058 5241 3254 5307 praesto
3286 5231 3554 5286 subiufert
3591 5241 3801 5287 senten-
