3964 5310
201 319 324 378 213

1391 315 1598 376 LIBER
1632 313 1910 382 PRIMUS,
1945 313 2162 371 EPIST.
2199 312 2318 369 XX.

3365 313 3490 370 ςισ.

205 447 434 510 partem
465 445 664 496 meam,
693 431 956 488 dederunt
983 429 1290 503 portionem
1319 445 1498 486 meam
1523 431 1796 486 desidera-
1825 435 1872 490 Α
1903 443 1966 482 ac
1987 427 2228 498 spiritale
2257 427 2740 498 propugnaculum,
2764 427 2906 498 quod
2929 427 3164 484 custodit
3183 425 3371 484 Israel.
3401 427 3472 496 Ut

207 531 380 585 bilem
405 525 462 580 in
489 523 762 579 desertum
797 523 1122 588 solitudinis,
1147 533 1442 593 posuerunt
1465 537 1585 576 eam
1613 523 1666 576 in
1689 523 1799 576 dis-

209 613 548 684 sipationem
577 611 770 683 (ibid.).
807 631 824 664 ι
857 611 986 680 Quae
1009 611 1260 666 videlicet
1284 613 1464 666 omnia
1491 611 1624 666 nihil
1653 611 1796 666 aliud

209 715 276 760 ut
295 720 404 774 que
429 704 796 774 designantia,
824 703 924 756 nisi
956 701 1256 758 Ecelesiam
1299 717 1328 754 a
1373 703 1532 756 malis
1563 703 1796 772 pastori-

209 793 318 848 bus
349 793 694 862 dissipatam,
733 807 958 862 quorum
987 801 1041 845 et
1070 799 1120 846 te
1145 791 1248 846 hoc
1275 806 1432 845 nosse
1459 793 1644 852 credo,
1670 791 1796 844 dum

211 882 398 938 verbis
447 881 700 950 pluribus
745 895 850 934 non
901 879 1194 950 indigeant,
1245 895 1346 932 non
1401 893 1631 948 expono.
1687 876 1800 934 lioc

213 981 428 1024 tantum
460 981 516 1024 te
541 970 708 1026 latere
737 985 840 1024 non
867 971 1062 1038 patior,
1087 969 1210 1038 quia
1233 979 1290 1024 et
1314 978 1390 1032 tu,
1413 979 1466 1024 et
1489 971 1798 1040 quicunque

215 1061 312 1115 tibi
337 1059 616 1124 similiter,
646 1075 740 1130 per
765 1059 1112 1114 ambitionem
1155 1059 1412 1114 Ecclesia:
1459 1061 1673 1114 culmen
1706 1075 1800 1130 ap-

213 1151 426 1218 petitis,
453 1151 624 1206 Deum
647 1149 836 1219 procul
862 1149 1022 1204 dubio
1052 1150 1376 1212 nescientes,
1407 1149 1700 1204 Ecclesiam
1725 1149 1802 1202 la-

213 1239 440 1293 ceratis.
475 1237 632 1293 Unde
673 1247 729 1292 et
765 1253 860 1308 per
903 1237 1150 1294 eumdem
1195 1239 1514 1308 prophetam
1558 1239 1796 1293 dicitur:

217 1347 238 1378 ε
279 1327 420 1394 Quia
459 1328 628 1382 stulte
665 1337 896 1396 egerunt
939 1336 1206 1396 pastores,
1251 1337 1306 1382 et
1355 1327 1642 1382 Dominum
1691 1343 1798 1382 non

213 1418 604 1488 qtiaesierunt‘:
649 1427 932 1488 propterea
962 1433 1066 1472 non
1101 1417 1506 1482 intellexerunt,
1539 1431 1592 1474 et
1624 1419 1802 1474 omnis

209 1530 348 1584 grex
371 1528 566 1568 eorum
602 1513 878 1582 dispersus
913 1521 996 1568 est
1018 1511 1152 1582 (Jer.
1187 1513 1265 1570 xl.
1297 1531 1316 1563 ι
1347 1513 1593 1582 Spondes
1622 1513 1801 1581 itaque

213 1620 362 1660 nunc
389 1605 854 1668 emendationem,
889 1613 948 1656 ut
979 1603 1322 1672 concupitum
1351 1603 1600 1656 obtineas
1627 1601 1801 1672 digni-

213 1702 406 1747 tatem.
437 1691 734 1746 Humiliter
761 1693 1024 1762 loqueris,
1055 1701 1116 1746 ut
1160 1693 1226 1746 ad
1271 1693 1646 1746 celsitudinem
1677 1707 1802 1760 pro-

211 1783 454 1840 veharis.
491 1781 780 1838 Humilitas
814 1785 928 1838 hrec
949 1783 1074 1856 quia
1104 1784 1168 1838 de
1195 1783 1374 1838 radice
1405 1785 1672 1854 superbia:
1700 1801 1800 1838 na-
1833 1776 1880 1839 Β

219 1874 418 1940 scitur,
453 1874 524 1928 ad
561 1869 1002 1928 satisfaciendqu
1047 1873 1236 1930 idonea
1265 1891 1370 1928 non
1405 1875 1637 1928 videtur.
1667 1875 1802 1930 Illud

211 1962 438 2018 interim
471 1963 540 2018 ad
571 1964 888 2018 memoriam
918 1965 1076 2027 redit,
1117 1965 1259 2032 quod
1284 1965 1338 2018 in
1367 1965 1490 2018 libri
1527 1965 1802 2021 Geneseos

213 2055 492 2122 reperitur
535 2055 756 2109 historia
803 2052 956 2126 (Cen.
1011 2055 1218 2128 xxxiv).
1270 2055 1402 2124 Quia
1454 2057 1642 2112 Dinam
1693 2057 1802 2112 Line

215 2141 384 2196 titiam
411 2159 536 2198 cum
559 2145 782 2200 vidisset
809 2143 1030 2208 Sicben,
1057 2145 1198 2200 filius
1221 2140 1420 2200 llcmor
1443 2145 1622 2202 llevrei
1653 2147 1801 2215 prin—

217 2249 346 2303 ceps
381 2245 540 2289 terra:
573 2235 732 2297 illius,
778 2235 1073 2298 adamavit,
1111 2245 1168 2290 et
1199 2237 1399 2305 rapuit,
1441 2248 1496 2290 et
1543 2238 1802 2292 dormivit

214 2341 337 2380 cum
377 2341 468 2390 ea,
521 2327 572 2380 vi
617 2327 930 2396 Opprimens
971 2326 1237 2396 virginem
1276 2345 1290 2380 :
1337 2337 1390 2382 et
1431 2321 1798 2399 conglutinata

213 2427 296 2471 est
321 2419 508 2472 anima
545 2416 660 2485 ejus
689 2433 810 2472 cum
851 2433 938 2482 ea,
979 2417 1296 2488 tristemque
1339 2417 1617 2474 blanditiis
1661 2419 1800 2473 deli-

213 2509 352 2562 nivit
382 2526 394 2562 :
419 2522 652 2577 eamque
677 2519 786 2562 tam
815 2507 1162 2578 impatienter
1184 2507 1404 2572 amavit,
1431 2517 1614 2564 utnon
1642 2509 1800 2562 modo

215 2614 292 2662 se,
317 2599 413 2654 sed
441 2609 498 2652 et
523 2615 712 2654 omnes
745 2614 858 2654 sua:
889 2599 1126 2654 civitatis
1155 2599 1423 2654 masculos
1451 2599 1804 2654 circumcidod

213 2701 318 2754 ret,
357 2701 416 2744 ut
445 2689 566 2757 ejus
591 2692 853 2745 duntaxat
889 2691 1152 2760 potuisset
1189 2689 1498 2760 conjugium
1531 2689 1794 2744 obtinere.

215 2785 320 2838 Sed
353 2785 472 2839 inec
503 2783 802 2838 satisfactio
847 2799 950 2838 non
997 2783 1110 2838 Deo
1153 2781 1371 2854 placuit,
1419 2797 1524 2836 non
1572 2781 1798 2836 fratrum

213 2877 356 2930 illius
380 2877 548 2930 corda
591 2875 828 2945 placavit
860 2893 872 2928 :
918 2875 1046 2944 quia
1089 2891 1194 2928 non
1226 2875 1293 2928 ob
1323 2872 1660 2944 religionem,
1703 2873 1798 2926 sed

213 2967 280 3020 ad
320 2967 635 3037 potiendam
671 2967 856 3022 carnis
892 2966 1032 3021 facta
1063 2974 1146 3020 est
1185 2966 1534 3036 voluptatem.
1577 2963 1799 3018 Fratres

213 3059 354 3111 enim
389 3057 538 3110 illius
575 3057 862 3110 saevientes
890 3055 960 3110 ob
1003 3063 1273 3124 stuprum,
1317 3071 1526 3118 omnes,
1569 3054 1660 3124 qui
1693 3053 1796 3106 cir-

1901 522 2066 590 igitur
2097 519 2202 592 53
2231 519 2630 590 expositoribus
2666 529 2858 575 cretera
2891 521 3280 590 relinquamus,
3325 519 3474 573 suﬁi-

1900 613 2010 666 ciat.
2036 611 2122 666 hic
2154 611 2378 682 intelligi
2421 627 2527 666 non
2567 612 2856 666 vindictam
2897 613 3090 680 stupri,
3126 613 3218 665 sed
3259 625 3472 678 percnt-

1901 711 2114 772 ptorum
2145 701 2343 756 Christi
2377 703 2658 774 sacrilegia
2705 703 3076 758 condemnari.
3105 702 3276 769 Quam
3311 701 3471 770 plane

1899 789 2190 844 vindictam
2231 787 2414 844 Judith
2463 805 2678 860 quoque
2723 791 2831 844 Deo
2863 790 3111 860 placitam
3145 791 3350 854 docuit,
3393 789 3472 846 di-

1901 891 2066 932 cens:
2101 895 2119 928 ι
2163 875 2386 931 Domine
2419 877 2563 933 Deus
2601 879 2770 948 patris
2816 879 2919 933 mei
2963 879 3206 948 Simeon,
3247 881 3339 950 qui
3379 881 3474 938 de-

1901 967 2024 1022 disti
2079 967 2156 1022 illi
2212 966 2450 1036 gladium
2505 969 2558 1024 in
2602 969 2970 1024 defensionem
3016 971 3472 1042 alienigenarum,

1901 1059 1991 1128 qui
2028 1059 2314 1114 violatores
2339 1061 2666 1114 exstiterunt
2705 1061 2756 1114 in
2801 1061 3242 1128 coinquinatione
3269 1083 3390 1132 sua,
3418 1075 3472 1122 et

1901 1149 2304 1204 denudavcrunt
2351 1149 2528 1206 femur
2577 1149 2802 1220 virginis
2861 1152 2914 1205 in
2963 1151 3367 1222 confusionem,
3420 1167 3474 1214 et

1903 1241 2094 1294 dedisti
2123 1241 2373 1298 mulieres
2401 1243 2616 1296 illorum
2641 1243 2692 1296 in
2725 1243 2985 1312 prtedam,
3027 1255 3082 1300 et
3113 1245 3252 1302 ﬁlias
3283 1264 3469 1304 eorum

1903 1330 1954 1385 in
1999 1333 2384 1402 captivitatem,
2429 1345 2482 1388 et
2524 1351 2740 1390 omnem
2779 1338 3014 1406 praidam
3062 1339 3114 1392 in
3157 1339 3473 1394 divisionem

1903 1425 2072 1478 servis
2105 1425 2232 1492 tuis,
2259 1425 2349 1496 qui
2373 1427 2682 1482 zelavcrunt
2707 1428 2880 1482 zelum
2907 1437 3056 1484 tuum
3079 1429 3287 1502 (Iudith
3323 1433 3420 1504 rx).
3453 1455 3471 1486 ι

1903 1514 2076 1570 Porro
2097 1526 2400 1572 autemnon
2432 1533 2490 1574 cs
2515 1527 2797 1574 contentus
2827 1535 3078 1574 mensura
3107 1522 3358 1588 hominis,
3387 1526 3476 1578 sed

1903 1603 1958 1658 in
1987 1603 2226 1658 humano
2253 1620 2449 1675 genere
2473 1620 2628 1660 muns
2650 1607 2817 1660 videri
2843 1608 3070 1676 appetis,
3099 1617 3152 1662 et
3177 1611 3330 1680 quasi
3355 1627 3480 1682 pro-

1905 1696 2232 1752 montorium
2271 1697 2536 1766 superbia:
2581 1698 2634 1752 in
2673 1696 2872 1768 fastigii
2919 1709 2970 1754 te
3006 1699 3218 1756 culmen
3251 1703 3474 1758 attollis.

1907 1783 2018 1840 Non
2045 1785 2125 1842 vis
2149 1801 2270 1842 esse
2297 1787 2363 1842 de
2391 1789 2644 1852 vallibus,
2666 1788 2732 1842 de
2753 1790 2950 1858 quibus
2977 1791 3174 1846 dicitur
3199 1809 3212 1844 :
3245 1813 3262 1844 ι
3297 1791 3478 1850 Valles

1905 1873 2253 1934 abundabunt
2279 1878 2548 1934 frumento
2576 1879 2747 1950 (Psal.
2775 1881 2941 1950 thv).
2973 1900 2992 1932 ι
3026 1881 3132 1936 Sed
3160 1883 3303 1948 audi,
3333 1885 3476 1954 quod

1907 1969 2002 2022 tibi
2035 1968 2294 2024 Dominus
2323 1983 2418 2038 per
2445 1969 2768 2040 praphetam
2793 1970 2937 2024 dicat
2982 1989 2994 2024 :
3051 1989 3068 2022 ι
3105 1971 3244 2027 Ecce
3281 1989 3380 2045 ego
3410 1976 3478 2029 ad

1905 2071 1978 2124 te,
2007 2075 2160 2114 mons
2189 2059 2434 2130 pestifer,
2475 2059 2551 2114 ait
2581 2060 2860 2122 Dominus,
2891 2061 2982 2129 qui
3015 2064 3322 2132 corrumpis
3351 2063 3476 2118 uni-

1905 2163 2116 2202 versam
2149 2157 2376 2210 terram.
2412 2156 2474 2202 ut
2502 2137 3054 2203 extendam'mzuntm
3095 2165 3268 2204 meam
3316 2165 3479 2222 super

1903 2247 1976 2304 te,
2007 2247 2060 2293 et
2087 2237 2310 2293 avellem
2351 2247 2404 2294 te
2435 2239 2500 2293 de
2537 2239 2724 2308 petris,
2771 2247 2824 2294 et
2862 2239 3002 2294 dabo
3047 2250 3098 2295 te
3141 2241 3192 2295 in
3241 2253 3478 2298 montem

1904 2327 2314 2390 cnmbustionis.
2348 2335 2402 2384 et
2431 2343 2536 2382 non
2563 2327 2748 2384 tollent
2773 2329 2838 2384 de
2867 2337 2916 2384 te
2955 2329 3186 2406 lapidem
3224 2331 3278 2384 in
3313 2347 3481 2404 angu-

1902 2419 2036 2484 lum,
2065 2430 2122 2475 et
2175 2419 2406 2490 lapidem
2453 2421 2508 2476 in
2561 2419 2942 2485 fundamenta,
2993 2423 3088 2478 sed
3131 2425 3376 2492 perditus
3427 2427 3481 2480 in

1903 2519 2164 2562 mternum
2181 2509 2439 2580 eris(Jer.
2465 2511 2562 2580 ιι).
2581 2527 2598 2560 ι
2617 2509 2682 2563 Et
2711 2511 2906 2564 iterum
2935 2527 2948 2563 :
2979 2527 2998 2561 ε
3029 2510 3170 2567 Ecce
3191 2527 3292 2582 ego
3312 2515 3379 2568 ad
3411 2521 3481 2580 te,

1903 2603 2154 2671 superbe,
2183 2603 2312 2657 dicit
2343 2603 2624 2668 Dominus,
2657 2603 2780 2673 quia
2810 2603 2988 2658 veniet
3022 2602 3137 2658 dies
3164 2611 3306 2669 tuus,
3340 2613 3479 2660 tem-

1901 2707 2003 2760 pus
2033 2691 2358 2746 visitationis
2393 2701 2495 2746 tute
2523 2711 2534 2745 :
2563 2701 2619 2746 et
2645 2693 2804 2746 cadet
2843 2693 3132 2760 superbus,
3157 2701 3212 2745 et
3240 2701 3478 2754 corruet,

1901 2791 1956 2836 et
1983 2795 2090 2834 non
2113 2781 2220 2835 erit
2246 2782 2334 2850 qui
2358 2782 2588 2836 suscitet
2606 2797 2728 2836 eum
2762 2781 2898 2850 (Jer.
2929 2781 3002 2852 L).
3045 2801 3064 2833 ι
3098 2781 3400 2835 Tantumne
3421 2782 3477 2835 in

1901 2881 1952 2926 te
1981 2871 2338 2926 damnationis
2365 2871 2526 2926 ardor
2554 2871 2853 2926 inferbuit?
2871 2870 3110 2928 lluccine
3135 2881 3186 2928 te
3208 2871 3474 2942 superbiae

1899 2961 2090 3026 fastus,
2113 2969 2168 3016 et
2188 2961 2525 3016 celsitudinis
2550 2961 2772 3016 ambitio
2795 2963 3128 3030 provocavit,
3155 2970 3214 3016 ut
3239 2961 3477 3031 reginam

1901 3052 2290 3118 Ecclesiarum,
2317 3054 2452 3118 sive,
2485 3059 2544 3106 ut
2583 3053 2654 3106 ita
2687 3052 2882 3117 fatear,
2925 3068 3210 3122 regnorum
3236 3052 3476 3108 omnium

209 3147 440 3204 ωιηοίδί
481 3147 720 3214 fuerant,
775 3145 968 3216 gladiis
1007 3153 1376 3215 peremerunt.
1423 3143 1504 3200 Tu
1546 3159 1696 3212 ergo,
1739 3155 1792 3198 tu
1823 3139 1869 3204 C
1901 3151 2197 3198 temerares
2225 3143 2547 3212 imperium?
2573 3143 2682 3197 Sed
2711 3163 2728 3193 ι
2760 3143 3008 3213 deSpcxit
3037 3153 3108 3206 te,
3131 3141 3486 3198 subsannavit

209 3251 383 3292 novus
405 3251 470 3291 es
493 3237 715 3303 Sicben,
745 3247 1032 3304 corruptor
1056 3235 1222 3300 Dium,
1261 3235 1492 3289 violator
1521 3235 1794 3290 E«:clesi:e.

209 3327 574 3382 Circumcidis
603 3341 846 3390 carnem,
889 3334 947 3380 ut
981 3327 1164 3380 carnis
1205 3327 1388 3380 valeas
1419 3325 1636 3394 explere
1678 3325 1800 3380 libi.

209 3415 418 3472 dinem.
455 3416 661 3471 Prams
689 3427 740 3470 te
767 3415 1038 3485 polliceris
1073 3431 1250 3471 mores
1283 3416 1623 3478 abscindere,
1657 3425 1716 3472 ut
1747 3417 1798 3470 in

209 3507 484 3576 pravitate
527 3507 871 3576 postmodum
913 3505 1132 3575 impune
1164 3515 1214 3562 te
1263 3507 1425 3562 liceat
1455 3519 1794 3576 permanere.

217 3595 324 3652 Sed
351 3613 478 3652 ecce
523 3599 745 3654 Simeon
786 3609 841 3652 et
883 3597 1010 3651 Levi
1051 3596 1248 3652 Sicben
1281 3597 1472 3668 gladiis
1513 3600 1797 3666 impetunt,

213 3689 340 3758 quia
389 3689 552 3743 Vetus
599 3700 654 3743 et
702 3687 910 3743 Novum
952 3687 1381 3755 Testamentum,
1417 3689 1542 3742 dum
1589 3690 1704 3744 suis
1749 3698 1800 3742 te

211 3781 504 3835 sententiis
533 3781 816 3844 damnant,
845 3781 997 3850 quasi
1032 3779 1251 3834 totidem
1285 3788 1336 3834 te
1373 3780 1566 3849 gladiis
1603 3780 1798 3834 armati

213 3877 414 3928 fratres
455 3876 805 3929 obtruncant.
842 3874 967 3928 Sive
998 3884 1055 3926 ut
1093 3872 1335 3928 vindices
1373 3873 1592 3942 propius
1622 3873 1802 3942 acqui-

215 3977 444 4032 rantur;
476 3965 670 4020 Petrus
695 3974 752 4019 et
795 3965 1014 4030 Paulus,
1059 3965 1149 4034 qui
1184 3966 1366 4020 mundi
1399 3973 1526 4018 sunt
1562 3961 1797 4030 judiccs,

217 4057 318 4125 ipsi
335 4073 554 4127 quoque
571 4058 702 4110 fiant
721 4066 826 4109 tua:
849 4055 1294 4126 transgressionis
1321 4054 1546 4108 ultores.
1575 4054 1798 4108 Faedam

219 4145 358 4198 enim
399 4161 512 4200 rem
547 4154 805 4216 operatus
851 4161 910 4200 cs
941 4148 994 4200 in
1025 4147 1209 4200 lsrael.
1245 4145 1350 4200 Sed
1399 4161 1465 4199 ne
1505 4147 1628 4214 quis
1671 4147 1800 4200 mihi

219 4235 470 4292 fortassis
495 4239 738 4304 objiuiat,
777 4239 918 4306 quod
955 4238 1331 4292 interfectores
1356 4237 1428 4291 illi
1461 4238 1681 4302 Sicben,
1713 4237 1799 4292 Si-

221 4345 374 4384 meon
413 4331 668 4385 videlicet
703 4339 762 4386 et
803 4331 952 4394 Levi,
993 4331 1225 4386 abeunte
1255 4330 1564 4402 patriarcha
1611 4328 1798 4394 Jacob,

221 4423 622 4491 reprobationis
655 4439 904 4478 meruere
936 4424 1296 4488 sententiam;
1323 4423 1462 4478 sciat
1491 4423 1598 4477 illic
1623 4439 1652 4477 a
1679 4439 1802 4492 pro-

1903 3244 1956 3290 te
1983 3235 2135 3306 virgo
2167 3235 2272 3288 ﬁlia
2304 3235 2464 3302 Sion;
2501 3245 2619 3305 post
2651 3245 2701 3288 te
2729 3243 2892 3306 caput
2923 3236 3090 3290 movit
3115 3234 3223 3290 filia
3253 3233 3474 3290 Jerusa-

1901 3325 2030 3382 lem.
2064 3323 2162 3382 Cui
2189 3327 2550 3396 exprobrasti,
2585 3336 2642 3382 et
2665 3341 2826 3396 quem
2853 3325 3275 3394 blasphemasti?
3303 3325 3482 3394 Super

1901 3429 2062 3484 quem
2096 3413 2348 3470 exaltasti
2377 3431 2588 3480 vocem,
2618 3425 2671 3470 et
2701 3415 2888 3470 levasti
2921 3415 3260 3468 altitudinem
3287 3413 3478 3469 oculo-

1903 3521 2027 3560 rum
2052 3507 2410 3561 tuorunﬂAd
2441 3515 2687 3560 sanctum
2728 3505 2929 3560 Israel?
2985 3504 3042 3559 lu
3105 3503 3472 3568 multitudine,

1903 3595 2175 3664 inquiens,
2213 3595 2596 3668 quadrigarum
2627 3611 2870 3650 mearum
2911 3610 3010 3664 ego
3037 3593 3329 3648 ascendam
3361 3594 3482 3648 alti-

1901 3689 2140 3744 tudinem
2157 3689 2439 3748 montium,
2459 3687 2590 3756 juga
2615 3687 2802 3740 Libani
2825 3685 2960 3756 (Isa.
2989 3687 3214 3754 xxxvn),
3241 3707 3260 3738 δ
3282 3687 3474 3739 Itonia-

1904 3792 2030 3830 nam
2063 3776 2311 3830 videlicet
2349 3776 2668 3842 Ecclesium,
2717 3777 2770 3829 in
2819 3775 3000 3829 mundi
3041 3777 3206 3828 totius
3245 3775 3480 3829 culmine

1905 3866 2275 3930 cntistitulam,
2313 3878 2366 3920 et
2397 3865 2574 3920 nitore
2605 3864 2880 3934 virginalis
2909 3864 3181 3932 pudicitia:
3226 3863 3477 3918 candida-

1905 3965 2036 4010 tam.
2079 3953 2186 4009 Sed
2237 3953 2360 4008 audi
2405 3953 2536 4023 quid
2587 3953 2682 4008 tibi
2729 3967 2825 4021 per
2861 3951 3112 4006 eumdem
3161 3953 3480 4020 prophetam

1903 4043 2082 4096 divina
2116 4055 2218 4095 vox
2262 4041 2404 4096 dicat
2436 4040 2610 4111 (ἰὸὶιι.)
2645 4055 2660 4093 :
2706 4057 2725 4091 ι
2763 4039 3162 4095 llabitationem
3213 4049 3378 4106 tuam,
3423 4049 3480 4095 et

1905 4145 2176 4200 egressum
2211 4139 2378 4194 tuum,
2408 4139 2464 4184 et
2489 4129 2768 4184 introitum
2797 4137 2944 4184 tuum
2966 4130 3214 4199 cognovi,
3243 4139 3298 4183 et
3327 4130 3477 4184 insa-

1905 4225 2050 4278 niam
2083 4233 2228 4276 tuam
2265 4232 2451 4276 contra
2486 4237 2600 4286 me;
2633 4237 2754 4276 cum
2788 4220 2996 4276 fureres
3059 4221 3344 4274 adversum
3394 4235 3478 4274 me

1906 4318 2155 4386 superbia
2187 4325 2276 4370 tua
2309 4317 2551 4370 ascendit
2577 4316 2628 4370 in
2653 4331 2812 4370 aures
2837 4331 3006 4370 meas.
3045 4333 3064 4366 ι
3099 4315 3330 4384 Moxque
3357 4329 3478 4368 scn‘

1910 4408 2134 4462 tentiam
2167 4407 2220 4460 in
2250 4406 2592 4460 conclusione
2620 4403 2890 4459 subnectit
2926 4403 3100 4474 (ibid.)
3139 4421 3153 4459 :
3208 4423 3226 4454 ι
3279 4403 3482 4456 Ponant

221 4489 436 4582 I,.,'e,;co
481 4515 678 4584 spirit“
727 4513 960 4566 [υωηιη
1007 4514 1184 4583 potius
1227 4521 1456 4568 mortem
1506 4489 1801 4566 salvat—oris
1833 4489 1877 4547 D
1905 4515 2033 4567 ergo
2079 4496 2340 4552 circulum
2389 4496 2442 4549 in
2489 4497 2738 4550 manibus
2781 4497 2908 4558 tuis,
2953 4505 3008 4549 et
3049 4495 3262 4549 frenum
3306 4494 3358 4546 in
3407 4493 3486 4546 la-

221 4605 442 4670 attendi,
490 4621 656 4675 quam
709 4611 988 4672 peractam
1051 4603 1211 4672 digne
1257 4611 1494 4673 stragem
1538 4601 1800 4658 luxuriosi

220 4697 451 4751 hominis
478 4695 860 4752 condemnari.
892 4695 968 4749 De
1012 4695 1230 4750 Simeon
1258 4695 1402 4748 enim
1434 4696 1626 4750 scribae
1675 4703 1801 4750 sunt

217 4785 554 4856 Iudaeorum;
589 4787 658 4842 de
691 4786 824 4838 Levi
861 4801 990 4840 vero
1019 4786 1184 4852 tribu,
1227 4786 1503 4858 principes
1547 4786 1803 4842 sacerdo-

219 4885 346 4931 tum.
373 4879 452 4934 De
477 4879 682 4948 quibus
715 4877 901 4943 utique
933 4877 1190 4947 scriptum
1219 4884 1304 4932 est.
1336 4889 1352 4930 :
1388 4896 1407 4931 ι
1446 4877 1584 4944 Quia
1616 4879 1798 4933 consi-

216 4967 338 5022 lium
365 4969 620 5024 fecerunt
647 4979 706 5022 ut
731 4967 916 5022 Jesum
945 4969 1064 5024 dolo
1103 4977 1368 5034 tenerent,
1411 4977 1464 5026 et
1491 4972 1804 5026 occiderent

219 5057 426 5122 (Matth.
463 5063 639 5126 xxvi).
686 5077 706 5109 ι
741 5059 816 5110 De
851 5073 958 5126 quo
993 5061 1217 5116 consilio
1241 5060 1488 5116 dicitur:
1527 5081 1544 5114 ι
1579 5063 1636 5118 In
1667 5077 1803 5115 con-

217 5149 328 5204 silio
349 5167 546 5206 eorum
574 5165 686 5205 non
719 5145 906 5201 veniat
933 5149 1108 5203 anima
1141 5167 1256 5208 mea
1287 5168 1301 5202 :
1337 5159 1392 5203 et
1417 5152 1468 5206 in
1492 5165 1637 5208 cmtu
1679 5151 1804 5206 illo-

568 5240 604 5262 ξι
651 5237 824 5262 ...Ιιικὲη
869 5251 982 5262 συι.ιει
1056 5239 1180 5262 ηαξ-

1907 4590 2011 4644 biis
2059 4589 2200 4654 tuis,
2254 4597 2308 4641 et
2356 4587 2610 4641 reducam
2659 4599 2711 4642 te
2757 4586 2810 4640 in
2863 4587 2946 4640 via
2975 4625 2992 4652 ,
3041 4601 3140 4656 per
3184 4601 3345 4654 quam
3391 4600 3486 4638 ve-

1907 4679 2056 4735 nisti.
2099 4697 2118 4730 ι

1980 4770 2087 4826 Sed
2115 4785 2243 4826 ecce
2265 4785 2362 4825 nos
2387 4767 2550 4822 nmlta
2575 4769 2749 4848 adhuc
2771 4765 2944 4836 plura,
2973 4768 3210 4822 dictante
3231 4765 3480 4829 materia,

1911 4865 2140 4920 necdum
2169 4863 2501 4932 explevimus
2541 4873 2754 4924 votum;
2787 4869 2841 4914 et
2882 4859 2998 4930 jam
3025 4859 3334 4914 cxcedimus
3376 4858 3487 4927 epi-

1911 4956 2110 5012 5tolare
2154 4954 2552 5024 compendium.
2606 4953 2894 5020 Rogandus
2939 4961 3022 5007 est
3061 4965 3190 5022 ergo
3226 4951 3487 5005 duntaxat

1907 5048 2248 5119 omnipotens
2297 5049 2458 5110 Deus,
2503 5055 2562 5100 ut
2604 5053 2658 5100 et
2704 5044 2772 5100 ad
2820 5053 2872 5098 te
2899 5045 3222 5100 humilitatis
3271 5051 3487 5098 revocet

1905 5142 2189 5210 spiritum;
2215 5149 2270 5194 et
2293 5137 2482 5206 sopitis
2504 5138 2780 5194 erroribus
2809 5135 3146 5192 simultatum
3173 5137 3224 5190 in
3247 5135 3487 5190 Ecclesia

1907 5245 2000 5262 cun
2035 5229 2185 5260 nan:a
2244 5235 2406 5260 nlnnn
2445 5226 2750 5258 nnnnn\-al:as
2803 5241 2921 5256 una."
2965 5243 3059 5256 σιη-
3103 5235 3152 5254 On
3185 5228 3350 5254 ρηῖοριι
3384 5231 3458 5252 nol

2965 5243 3059 5256 ειη-
