3964 5310
528 213 634 268 ΞΠ

883 326 1086 381 Terunt
1123 327 1369 383 incudem
1395 328 1590 394 mallei,

953 416 1168 471 Nummi
1199 427 1324 473 sunt
1352 420 1600 485 tartarei,

955 496 1109 560 Justo
1143 505 1238 561 Dei
1258 508 1465 577 judicio

953 595 1044 651 Fit
1075 596 1178 652 ista
1211 599 1468 654 conditio.

884 688 957 744 Ut
987 688 1235 760 quisquis
1262 689 1610 760 apostolicam

955 776 1148 833 Sedem
1177 780 1343 834 semel
1369 785 1671 850 comparat,

953 865 1063 938 44
1090 867 1374 924 Redimere
1402 883 1506 924 non
1536 869 1769 935 desinat,

952 958 1133 1014 Donec
1161 959 1303 1014 male
1325 968 1532 1031 pereat.

889 1047 1211 1104 Cathedram
1243 1051 1580 1120 pestilentias,

958 1143 1186 1198 Pressus
1214 1143 1560 1197 anathemate

955 1231 1122 1288 Tenet
1153 1250 1274 1288 cum
1306 1235 1678 1290 sacerdotibus

952 1320 1155 1377 Christi
1178 1323 1629 1392 peremptorihus.

892 1412 980 1468 Fit
1005 1414 1104 1469 sibi
1135 1422 1279 1470 terra
1308 1416 1504 1480 ferrea,
1537 1457 1540 1460 -

959 1501 1090 1559 ϐωιί
1121 1504 1278 1560 sedes
1313 1519 1483 1560 aenea.

606 1593 901 1664 Diligenter
925 1593 1090 1664 igitur
1109 1596 1348 1662 intende,
1376 1597 1519 1666 quod
1542 1589 1664 1653 dico
1693 1613 1708 1651 :

668 1688 868 1744 Fumea
887 1688 996 1743 vita
1025 1688 1192 1755 volat,
1216 1705 1362 1745 mors
1390 1691 1679 1760 improvisa
1706 1691 2051 1762 propinquat,

675 1777 925 1834 Imminet
946 1778 1142 1848 expleti
1169 1793 1376 1849 prazpes
1397 1779 1492 1834 tibi
1524 1781 1790 1836 terminus
1810 1780 1933 1836 :nvi.

675 1868 791 1925 Non
818 1884 918 1941 ego
943 1879 996 1926 te
1016 1869 1163 1938 fallo,
1194 1879 1373 1941 coepto
1403 1871 1652 1927 morieris
1673 1870 1730 1924 in
1758 1885 1923 1926 anno.

1168 2051 1450 2108 SCHOLIA
1461 2087 1481 2108 .

613 2159 632 2192 ι
675 2138 1088 2211 ϐεϐαιου-Αᾶίοιο
1114 2143 1388 2211 episcopo,
1415 2142 1611 2196 Petrus
1636 2150 1892 2211 peccator
1922 2155 2112 2196 monaa-

539 2210 698 2280 chus,
727 2229 751 2261 ι
776 2218 880 2264 etc.
907 2209 1113 2276 Quibus
1141 2209 1476 2280 parentibus,
1511 2222 1566 2267 et
1592 2209 1760 2279 patria
1791 2221 2011 2266 exortus
2043 2213 2116 2266 sit

539 2278 825 2342 Cadalous,
872 2293 1030 2347 quem
1075 2278 1401 2336 recentiores
1440 2278 1680 2335 nonnulli
1727 2281 1984 2336 Cadalum
2015 2297 2112 2335 vo-

538 2358 685 2411 cant,
727 2348 812 2403 vel
851 2348 1414 2420 Cadalﬁeum,’optime
1451 2366 1536 2405 me
1582 2352 1882 2420 docuerunt
1930 2359 2113 2420 vetera

538 2427 887 2472 monumenta
916 2419 1118 2473 archivi
1149 2419 1480 2476 Veronensis
1509 2421 1823 2476 monasterii
1857 2419 1914 2474 S.
1950 2419 2115 2474 Geor-

538 2488 611 2557 gii
667 2503 735 2542 ex
784 2487 998 2557 Braida.
1051 2489 1174 2543 Fuit
1254 2491 1398 2544 enim
1450 2491 1593 2544 filius
1638 2491 1841 2545 domini
1893 2487 2110 2557 lngoni,

545 2556 746 2611 domini
770 2556 1023 2612 Cuizardi
1051 2559 1264 2614 comitis
1290 2559 1356 2614 de
1382 2559 1680 2625 Sabulono,
1708 2561 1850 2625 quod
1873 2556 2110 2614 castrum

543 2627 611 2681 ab
640 2627 828 2682 eadem
857 2627 1074 2682 civitate
1105 2645 1210 2682 non
1241 2629 1470 2684 multum
1501 2630 1686 2684 distat.
1719 2627 1984 2684 Cadalous
2012 2631 2111 2682 ita-

539 2712 666 2761 que,
711 2706 865 2766 patre
894 2705 949 2750 et
985 2713 1084 2752 avo
1109 2700 1215 2752 vita
1245 2699 1533 2763 defunctis,
1563 2715 1668 2754 una
1700 2715 1822 2754 cum
1853 2699 2111 2753 fratribus

538 2766 807 2838 Ver-puum
847 2767 1184 2822 habitaturus
1212 2772 1438 2824 accessit
1471 2788 1482 2822 :
1513 2771 1756 2838 vixitque
1798 2769 1850 2822 in
1893 2770 2112 2838 regione

539 2837 600 2889 S.
627 2836 866 2890 Faustini
905 2838 956 2890 in
987 2847 1136 2892 curte
1170 2839 1340 2893 ducis.
1369 2840 1524 2893 Anno
1562 2836 1691 2894 vero
1717 2838 1915 2893 Christi
1948 2836 2106 2901 {042,

539 2905 774 2958 clericali
802 2906 990 2979 ordine
1022 2907 1537 2979 insignitus;7uequc
1564 2909 1719 2979 longe
1749 2916 1868 2979 post
1895 2909 2112 2979 circiter

542 2990 763 3046 annum,
799 2974 1049 3046 videlicet
1075 2974 1234 3040 1045,
1266 2974 1553 3046 episcopus
1581 2974 1891 3031 Parmensis
1924 2977 2110 3030 Eccle-

545 3045 902 3116 si:e__creatus,
933 3045 1019 3116 _nil
1048 3047 1323 3116 antiquius
1347 3045 1552 3110 habuit,
1596 3062 1756 3116 quam
1791 3048 1890 3100 sub
1926 3046 1982 3100 S.
2013 3046 2110 3098 Be-

542 3111 742 3184 nedicti
797 3113 983 3184 regula
1034 3111 1389 3170 militantibus
1438 3111 1822 3171 monasterium
1871 3116 2111 3184 erigere;

542 3181 687 3249 quod
711 3191 766 3253 et
794 3181 1027 3253 feliciter
1055 3185 1322 3251 praestitit,
1359 3186 1460 3240 sibi
1506 3186 1657 3253 prius
1685 3201 1714 3237 a
1745 3181 1988 3238 Waltero
2016 3185 2116 3238 Ve-

543 3252 765 3324 ronensi
794 3252 1066 3324 episcopo,
1089 3269 1249 3322 super
1271 3256 1440 3322 ripam
1464 3252 1680 3310 Athesis
1700 3254 1935 3308 fluminis
1950 3269 2114 3324 prope

544 3322 791 3393 eamdem
857 3321 1128 3376 civitatem
1155 3321 1177 3386 ί,
1254 3321 1511 3380 concesso
1574 3325 1692 3379 loco
1760 3321 2115 3393 cOgnomento

546 3390 764 3453 Braida,
810 3403 969 3460 quem
1013 3394 1249 3460 paternis
1289 3394 1442 3448 bonis
1482 3395 1722 3448 dolatum
1773 3390 2115 3448 sanctissimo

548 3461 774 3530 martyri
805 3459 1037 3527 Georgio
1068 3463 1420 3517 consecravit.
1467 3463 1547 3517 Ex
1592 3464 1678 3519 his
1721 3463 1878 3518 facile
1920 3473 2002 3517 est
2032 3478 2118 3516 re-

550 3531 823 3603 centiores
866 3530 1076 3603 diversa
1122 3532 1189 3584 ab
1236 3533 1321 3586 his
1364 3535 1660 3588 scribentes
1700 3535 1992 3603 corrigere.
2040 3533 2118 3588 De

548 3599 774 3672 Cadaloi
811 3599 864 3652 in
907 3600 1275 3672 autipapatum
1317 3604 1614 3672 evectione,
1664 3602 1819 3672 plura
1849 3599 2118 3657 habentur

547 3670 677 3724 dist.
707 3669 805 3732 9.5,
828 3685 944 3738 cap.
979 3669 1040 3722 In
1077 3672 1281 3724 nomine
1305 3671 1535 3726 Domini.

628 3758 647 3791 ‹
669 3738 846 3793 [labes
867 3752 1007 3810 nunc
1028 3738 1249 3810 forsitan
1274 3741 1505 3801 mitram,
1531 3741 1721 3807 habes,
1736 3741 1891 3810 juxta
1911 3755 2115 3795 morem

549 3809 779 3880 Romani
825 3809 1365 3880 p0ntiticis,truhram
1412 3825 1659 3880 cappam.
1716 3809 1747 3864 »ί
1781 3810 1904 3864 Ilaac
1949 3826 2115 3879 uappa

550 3879 712 3933 rubra
737 3879 928 3931 merito
951 3894 979 3930 a
1001 3879 1251 3932 maximis
1269 3879 1522 3934 Ecclesia:
1545 3880 1889 3949 pontificibus
1909 3888 2117 3948 sumpta

552 3957 636 4000 est
664 3959 919 4018 tanquam
946 3949 1156 4017 insigne
1178 3950 1340 4018 regite
1369 3951 1652 4017 potestatis
1682 3968 1694 4003 :
1720 3961 1860 4004 eteo
1886 3949 2118 4018 maxime

552 4017 696 4084 quod
723 4017 812 4069 hic
842 4016 990 4069 color
1012 4016 1070 4069 in
1090 4016 1540 4084 veste—pontiﬁcis
1567 4019 1934 4083 Hebraeorum,
1964 4017 2118 4084 jussu

552 4085 653 4140 Dei
678 4085 947 4139 adhibitus
983 4095 1069 4139 est
1108 4103 1121 4138 :
1176 4105 1194 4137 ι
1237 4085 1460 4141 Facient
1488 4095 1666 4142 autem
1713 4089 1900 4153 (habet
1945 4087 2115 4140 Exod.

554 4153 746 4226 xxlntl)
769 4154 1206 4226 super-humerale
1231 4156 1296 4208 de
1318 4172 1471 4220 auro,
1499 4167 1554 4226 et
1581 4157 1892 4226 hyacintho,
1916 4164 1970 4209 et
1994 4171 2120 4224 pur-

554 4223 1018 4295 pura,'coccoque
1047 4223 1128 4278 bis
1170 4225 1353 4289 tincto,
1383 4233 1454 4295 tet
1494 4223 1655 4295 bysso
1688 4233 1917 4284 extorta.
1957 4223 2120 4292 opere

556 4293 836 4364 polymito.
889 4311 927 4364 t_
958 4293 1025 4347 Et
1061 4295 1218 4364 etiam
1260 4313 1275 4347 :
1306 4313 1332 4364 γε
1380 4294 1498 4363 Ipsa
1534 4293 1748 4363 quoque
1779 4302 2010 4364 textura,
2068 4302 2121 4346 et

561 4362 753 4417 euricta
783 4362 961 4432 operis
984 4362 1221 4434 varietas
1240 4363 1343 4434 erit
1363 4362 1430 4418 ei
1461 4379 1612 4426 auro,
1645 4374 1697 4417 et
1726 4363 2038 4433 hyacintho,
2065 4372 2115 4415 et
2147 4374 2196 4434 ι)

583 4447 819 4502 mrpura,
865 4445 1133 4502 coccoque
1173 4432 1480 4502 his_tincto,
1522 4444 1578 4487 et
1617 4432 1778 4502 bysso
1825 4439 2046 4502 retorta.
2074 4449 2114 4502 ti

583 4447 819 4502 mrpura,
865 4447 1133 4499 coccoque
1173 4447 1255 4486 ms
1291 4447 1480 4496 uncto,
1522 4447 1578 4487 et
1617 4447 1778 4502 bysso
1825 4447 2046 4486 retorta.
2095 4449 2114 4482 ι

557 4447 639 4557 ile
681 4501 838 4569 hujus
881 4501 1076 4555 coloris
1114 4499 1503 4569 significatione
1541 4502 1802 4556 videndus
1844 4512 1927 4556 est
1970 4499 2121 4554 Philo

561 4571 680 4639 (lib.
709 4586 748 4624 ιι
780 4569 1031 4640 Allegor.)
1063 4578 1115 4623 ct
1139 4570 1194 4623 S.
1221 4570 1439 4624 llieron.
1471 4573 1545 4640 (in
1579 4572 1743 4638 Epist.
1769 4573 1837 4625 ad
1860 4569 2120 4640 Mai-rell.)

538 4692 544 4699 .
567 4638 711 4696 Sane
729 4650 783 4694 et
808 4638 1086 4708 pontiﬁces
1111 4640 1308 4694 ethnici
1338 4641 1389 4693 in
1419 4638 1547 4694 urbe
1574 4641 1765 4704 Roma,
1798 4641 1932 4695 stola
1959 4638 2121 4692 etiam

561 4707 832 4779 purpurea
870 4707 952 4779 usi
999 4718 1123 4761 sunt
1145 4710 1308 4778 cujus.
1334 4711 1690 4763 meminerunt
1715 4710 1964 4764 Aurelius
1990 4709 2125 4779 Pru-

565 4775 778 4833 dentius
801 4778 874 4848 (in
902 4775 1190 4848 Peristeph.
1211 4775 1375 4831 carm.
1402 4779 1539 4848 deis.
1566 4779 1827 4848 Stephano
1851 4777 2120 4848 martyre),

564 4846 1282 4916 etrecentiorestintAdnot.
1332 4849 1400 4900 ad
1449 4846 1707 4914 Tacitum,
1754 4862 1915 4916 prepe
1955 4847 2122 4912 princ.

565 4917 604 4970 l.
658 4916 742 4982 ιι),
784 4915 875 4969 uhi
921 4915 1037 4968 haec
1084 4915 1332 4984 leguntur
1373 4934 1386 4968 :
1433 4934 1452 4966 ι
1497 4915 1642 4978 Nos,
1708 4915 1896 4971 eadem
1951 4916 2126 4969 betam

566 4985 889 5041 Germanico
932 4984 1165 5052 quietem
1214 4986 1368 5052 tulit,
1411 4986 1651 5054 viditque
1698 4999 1757 5040 se
1801 4995 2079 5105 operatum
2108 5025 2122 5049 ,

567 5065 624 5105 et
665 5051 926 5105 sanguine
972 5067 1131 5105 sacro
1173 5068 1412 5105 resnersa
1451 5065 1712 5105 nrmtexta
1763 5071 1829 5105 ou
1856 5055 2122 5105 chriorem

567 5065 624 5110 et
665 5055 936 5124 sanguine
972 5067 1149 5124 sacro
1173 5068 1412 5123 respersa
1451 5065 1712 5123 prmtexta
1763 5055 2122 5124 pulchriorem

567 5127 729 5179 aliam
776 5121 1201 5194 inanibusuaviac
1231 5121 1484 5194 Augusta:
1512 5121 1862 5194 accepisse.)
1908 5123 1973 5194 Et
2018 5122 2123 5175 Zo-

567 5197 744 5250 zimus
795 5205 978 5245 comes
1015 5191 1128 5261 (lib.
1175 5193 1250 5261 tv)
1305 5191 1429 5246 dum
1478 5191 1663 5248 delata:
1707 5194 1773 5247 ad
1807 5193 2127 5247 Gratianum

568 5261 935 5310 Christianum
995 5259 1324 5310 Drincine’m.
1375 5273 1644 5310 nrmtextm
1701 5263 2020 5310 nnntiﬁcim.
2075 5270 2132 5310 et

1022 215 1079 269 S.
1122 214 1323 269 PETRI
1361 213 1645 269 DAMIANI
1680 213 1830 270 OPP.
1859 212 2036 270 PARS
2074 214 2203 273 SEU
2234 217 2466 276 TOMUS
2502 221 2542 275 1.
2582 252 2648 261 -
2680 221 2895 277 EPIST.
2932 221 3059 277 LIB.
3102 221 3233 278 Vill.

2136 3021 2183 3083 C

3665 223 3760 284 2L8.

2126 334 2176 393 Α
2204 333 2357 407 bant,
2383 336 2553 407 habes
2576 336 2720 392 clara
2750 337 3053 393 testimonia
3081 337 3220 407 apud
3254 336 3515 407 doctores
3541 346 3763 407 nostros.

2203 402 2393 475 Petrus
2423 405 2686 475 Diaconus
2717 407 2782 460 de
2809 408 3024 461 Victore
3046 402 3246 475 lll'(lib.
3292 422 3354 460 ιιι
3389 405 3586 458 Chron.
3621 405 3762 470 Cri-3.,

2203 487 2251 526 c.
2279 473 2366 542 65)
2403 491 2431 546 :_
2456 493 2474 524 ι
2514 474 2632 546 Uno
2661 476 2823 544 igitur
2849 476 3060 539 animo,
3085 473 3332 545 parique,
3367 489 3634 546 consensu
3656 493 3768 546 cap-

2204 551 2317 595 tum
2349 583 2363 606 ,
2419 543 2646 598 invitum
2690 543 2824 599 licet
2875 560 2938 600 ac
2997 543 3321 600 renitentem
3361 545 3433 597 ad
3485 543 3766 600 Ecclesiain

2203 611 2408 667 Christi
2439 614 2712 683 imartyris
2755 614 2934 668 Lucia:
2989 615 3287 682 perducunt
3337 633 3351 667 :
3406 613 3613 682 ibique,
3633 612 3769 681 iuxta

2202 695 2407 752 morem
2439 682 2692 738 EccleSia:
2716 725 2730 745 ,
2763 684 2935 738 electo
2961 683 3196 738 Victoris
3229 698 3434 738 nomen
3483 683 3765 752 imponunt.

2205 750 2311 804 Sed
2341 751 2592 819 quoniam
2626 753 2739 807 haec
2764 753 2966 818 omnia,
3002 754 3080 808 uti
3110 755 3347 807 diximus
3375 794 3392 814 ,
3437 750 3626 806 contra
3669 753 3771 820 ejus

2206 821 2446 892 animum
2494 821 2984 892 tiehant,cappam
3017 824 3232 891 quidem
3288 824 3524 876 rubeam
3570 822 3769 886 induit,

2203 888 2324 961 alba
2364 905 2493 961 vero
2535 905 2656 945 eum
2706 888 2930 947 induere
2975 888 3248 961 nunquam
3298 900 3621 961 potuerunt.
3647 911 3686 960 ι»
3717 892 3773 946 Et

2206 960 2362 1030 (cap.
2383 958 2472 1029 67)
2505 978 2518 1013 :
2569 980 2588 1012 ‹
2619 961 2805 1016 Victor
2832 963 3082 1030 precibus
3105 958 3173 1016 ac
3223 958 3539 1016 rationibus
3584 958 3734 1014 cessit
3755 1002 3767 1021 .

2205 1028 2634 1099 electionemque
2675 1028 3026 1099 prmteritam,
3065 1046 3281 1086 crucem
3309 1071 3324 1095 ,
3376 1045 3444 1084 ac
3493 1045 3770 1099 purpuram

2206 1099 2530 1170 resumenda
2554 1141 2569 1165 ,
2601 1101 2855 1154 ﬁrmavit.
2895 1121 2913 1152 ι
2945 1101 3060 1154 Lib.
3093 1117 3167 1165 tv,
3199 1116 3318 1170 cap.
3350 1100 3426 1170 2,
3473 1099 3542 1153 de
3575 1100 3771 1154 Urbano

2206 1167 2248 1222 ΙΙ
2279 1168 2393 1222 haec
2416 1169 2492 1222 ait
2525 1187 2539 1224 :
2579 1189 2598 1220 ε
2624 1170 2706 1224 Ab
2734 1171 2983 1226 omnibus
3012 1172 3219 1240 rapitur
3241 1167 3274 1234 ,⁷
3295 1181 3354 1225 et
3380 1169 3768 1240 _lanea_etxutus

2207 1246 2379 1310 veste,
2410 1253 2740 1310 purpuream
2750 1240 2961 1310 ginduit
3002 1235 3248 1310 cappam.
3305 1259 3326 1292 ι
3366 1237 3500 1310 Otto
3539 1235 3764 1310 Frinsin-

2207 1306 2482 1379 gensisde
2514 1306 2692 1363 Leone
2721 1306 2794 1363 IX
2826 1309 2972 1379 (Chr.
3002 1306 3179 1364 lib—{vt
3207 1350 3222 1372 ,
3263 1324 3316 1363 c.
3358 1308 3453 1377 85)
3482 1325 3495 1362 :
3537 1325 3555 1358 ι
3587 1308 3663 1360 Ad
3691 1321 3768 1362 sc-

2209 1377 2330 1430 dem
2368 1378 2421 1431 B.
2456 1377 2620 1444 Petri,
2675 1378 2782 1443 ait,
2808 1377 3130 1446 {destinatus
3179 1380 3379 1441 fuerat,
3423 1390 3655 1445 cumque
3691 1391 3768 1431 as-

2209 1458 2419 1517 sumpta
2444 1463 2679 1517 purpura
2717 1448 3007 1517 pontificali
3037 1462 3131 1515 per
3156 1447 3360 1502 Gallias
3398 1448 3504 1517 iter
3538 1455 3726 1516 ageret,
3747 1465 3763 1496 ι

2211 1527 2316 1571 etc.
2339 1516 2577 1573 Carolus
2606 1518 2859 1586 Sigonius
2887 1518 2953 1572 de
2975 1516 3184 1572 Calixto
3205 1517 3273 1571 XI
3303 1516 3558 1586 scribens
3594 1517 3647 1570 in
3672 1529 3769 1586 rem

2209 1594 2450 1642 nostram
2473 1587 2548 1641 ait
2571 1582 2812 1657 (de'Reg.
2846 1587 2971 1641 Ital.
3008 1587 3100 1640 lib.
3135 1601 3187 1653 x,
3219 1588 3286 1641 ad
3311 1602 3405 1657 an.
3441 1585 3607 1657 U9):
3649 1601 3667 1634 ι
3694 1582 3770 1638 Ille

2138 1683 2186 1744 Β
2213 1670 2343 1738 vero
2369 1655 2593 1738 veritus,
2620 1671 2689 1712 ne
2712 1655 2906 1744 electio
2931 1671 3026 1744 sua
3051 1673 3080 1710 a
3106 1656 3369 1739 Romanis
3392 1655 3770 1744 antiquaretur,

2217 1726 2415 1781 restitit
2454 1743 2467 1779 :
2505 1742 2606 1782 nec
2627 1741 2684 1782 se
2711 1726 2989 1796 chlamyde
3031 1727 3280 1781 coccinea
3305 1724 3532 1788 ornari;
3567 1724 3666 1796 nisi
3695 1723 3771 1776 lit-

2217 1797 2386 1866 teris,
2443 1796 2751 1866 nuntiisque
2801 1793 2969 1850 Roma
3015 1810 3178 1866 super
3206 1796 3427 1866 hactre‘
3465 1793 3707 1866 acceptis.
3750 1809 3766 1842 ι

2214 1859 2553 1920 Postremum
2575 1867 2640 1921 de
2666 1859 2768 1935 hac
2793 1881 3028 1935 purpura
3058 1859 3260 1919 mentio
3304 1863 3366 1935 fit
3415 1863 3471 1935 i_n
3507 1859 3624 1931 cap.
3655 1859 3774 1935 (Jon-

2215 1935 2491 2004 stqntinus,
2533 1936 2670 2004 apud
2697 1931 3032 1998 Gratianum,
3063 1935 3132 1989 96
3162 1936 3313 1998 dist.,
3341 1933 3397 1986 in
3431 1933 3548 1986 haec
3580 1931 3766 2004 verha_:

2219 2022 2238 2054 ι
2277 1999 2656 2059 Verumtamen
2697 2004 3029 2074 chlamydem
3058 2017 3413 2074 purpuream,
3456 2011 3619 2068 atque
3649 1999 3769 2052 tuni-

2215 2087 2334 2127 cam
2372 2075 2677 2129 coccineam
2697 2115 2710 2139 ,
2741 2093 2759 2125 ι
2790 2073 2894 2128 etc.
2934 2073 3167 2141 lntellige
3190 2112 3206 2136 ,
3254 2073 3557 2141 imperator
3587 2082 3770 2141 summa

2213 2143 2477 2210 pontifici,
2505 2137 2956 2212 quemadmodum
2981 2152 3035 2198 et
3079 2137 3194 2211 ipse
3240 2137 3493 2210 pontifex
3522 2139 3581 2194 S.
3613 2139 3672 2193 Β.
3711 2137 3764 2192 Ε.

2215 2213 2580 2268 cardinalibus
2607 2214 2768 2268 etiam
2796 2213 2992 2267 utenda
3016 2213 3300 2267 concessit.

2739 2320 3072 2378 EPISTOLA
3113 2319 3255 2374 XXI.

2248 2453 2317 2492 AD
2366 2451 2584 2493 Εωωειι
2621 2450 2899 2490 CADALOUM
2943 2449 3231 2490 EPISCOPUM
3270 2445 3622 2496 PARMENSEI,
3659 2444 3736 2492 QUI

2623 2521 2692 2559 ΕΤ
2727 2521 2986 2559 ιιοΝοιιιυε
3023 2521 3062 2558 ιι
3103 2519 3388 2558 ΑΝΤΙΡΑΡΔ.

2211 2597 2610 2655 Anccueuruu.
2645 2628 2712 2639 ——
2743 2596 2940 2651 Scribit
2976 2597 3167 2650 iterum
3206 2595 3272 2647 ad
3326 2593 3578 2648 eumdem
3620 2588 3765 2644 scele-

2282 2671 2573 2724 stissimum
2603 2667 2931 2727 Caduloum,
2962 2666 3074 2734 qui,
3114 2665 3380 2732 superiori
3424 2660 3644 2730 epistola
3683 2674 3764 2711 ac-

2281 2749 2456 2807 cepta.
2488 2754 2590 2791 non
2614 2736 2771 2807 modo
2796 2736 3005 2807 nihilde
3034 2735 3308 2807 impietate
3336 2734 3616 2786 remiserat
3638 2770 3651 2792 ,
3685 2742 3763 2807 ve-

2284 2804 2404 2863 rum
2452 2809 2613 2862 etiam
2663 2805 2843 2875 pejora
2876 2804 3078 2859 audens
3101 2843 3115 2865 ,
3140 2805 3366 2875 Romani
3399 2804 3765 2875 cum__exercitu

2281 2879 2540 2932 violenter
2573 2870 2866 2944 ingressus,
2898 2890 3070 2944 pugna
3102 2888 3222 2927 cum
3259 2870 3604 2944 adversariis
3626 2880 3756 2944 cotu-

2290 2949 2456 3001 missa
2488 2933 3104 3014 cruentissimae'stragis
3137 2949 3326 2995 auctor
3353 2933 3763 3014 exstiteratinon

2287 3029 2464 3071 autem
2519 3031 2697 3080 nunc,
2733 3005 2805 3067 ut
2857 3005 3278 3076 antea'feceral,
3310 3026 3438 3064 cum
3486 3024 3550 3062 eo
3601 3005 3767 3058 leniter

2284 3088 2394 3157 agit
2431 3105 2442 3139 :
2471 3086 2564 3140 sed
2596 3100 2681 3157 ea,
2711 3098 2814 3157 qua
2860 3092 3099 3157 meretur
3127 3081 3476 3157 ,_s_everitate
3507 3081 3754 3157 accusatt

2284 3147 2462 3211 efuisi
2497 3147 3030 3220 tandem—aliquando
3064 3151 3382 3217 resipiscat,
3420 3147 3756 3219 prepinquum

2286 3227 2480 3282 divina:
2506 3224 2725 3279 ultionis
2751 3223 2953 3276 fulmen
2985 3221 3287 3275 minitatur.

2282 3339 2497 3394 Psrnus
2539 3345 2794 3407 peccator
2849 3334 3186 3399 monachus,
3253 3331 3508 3386 Ctoaroo
3558 3325 3761 3399 pseudo-

2215 3431 2489 3501 episcOpo,
2522 3427 2664 3497 quod
2695 3434 2956 3480 meretur.

2286 3521 2341 3574 Si
2369 3518 2559 3572 Ninive
2583 3525 2706 3585 post
2730 3512 3161 3584 praedicationem
3183 3508 3330 3564 Jonas
3361 3511 3435 3564 ita
3467 3506 3758 3562 constanter

2216 3625 2244 3663 a
2269 3623 2363 3664 sua
2395 3623 2452 3662 se
2478 3605 2745 3676 pravitate
2772 3601 3090 3670 corrigeret,
3116 3607 3178 3652 ut
3216 3598 3414 3668 Spretis
3438 3591 3598 3650 semel
3619 3587 3762 3646 vitiis.

2165 3715 2179 3730 ί
2217 3701 2392 3754 denuo
2439 3711 2497 3752 sc
2524 3694 2827 3750 nullatenus
2877 3690 3238 3759 implicassct;
3288 3687 3550 3756 propheta
3579 3678 3762 3733 Nahum

2217 3790 2474 3843 adversus
2495 3801 2614 3840 eam
2642 3796 2980 3852 nequaquam
3011 3795 3146 3834 onus
3181 3779 3282 3832 hoc
3333 3776 3577 3836 levaret,
3625 3776 3677 3822 ut
3717 3765 3763 3818 in

2219 3880 2332 3948 ipso
2363 3877 2483 3932 libri
2515 3875 2596 3930 sui
2636 3873 2900 3943 principio
2930 3870 3176 3940 protinus
3205 3868 3257 3922 in
3301 3867 3418 3920 llth
3461 3861 3620 3917 verba
3653 3868 3760 3927 pro-

2219 3977 2492 4039 rumperet
2526 3985 2539 4022 :
2575 3985 2592 4018 ι
2630 3967 2772 4020 Deus
2801 3961 3082 4018 aemulator
3115 3967 3170 4014 et
3210 3957 3478 4012 ulciscens
3505 3949 3758 4039 Dominus,

2219 4067 2273 4112 et
2320 4038 2522 4112 habens
2551 4055 2788 4108 furorem
2832 4069 2846 4105 :
2892 4050 3159 4105 ulciscens
3201 4046 3460 4101 Dominus
3506 4041 3558 4095 in
3600 4038 3758 4092 hostes

2220 4163 2366 4212 suos,
2389 4157 2442 4202 et
2463 4147 2701 4200 irascens
2721 4143 2833 4212 ipse
2861 4139 3090 4196 inimicis
3116 4139 3227 4194 suis
3247 4135 3418 4190 lNah.
3445 4134 3505 4205 l).
3530 4150 3548 4183 ι
3578 4121 3758 4194 Scripsi

2221 4239 2312 4294 tibi
2355 4250 2527 4307 nuper
2575 4243 2862 4303 antequam
2891 4231 3115 4285 Romam
3147 4243 3266 4284 cum
3298 4224 3612 4282 satellitibus
3632 4216 3761 4271 Sata-

2222 4345 2306 4382 na‘.
2336 4327 2530 4381 fuisses
2556 4337 2858 4394 aggressus,
2886 4319 3220 4374 denuntians
3245 4328 3300 4372 et
3327 4320 3633 4371 contestans
3663 4323 3673 4358 :
3707 4308 3757 4354 ut

2227 4431 2277 4474 te
2313 4435 2341 4472 a
2375 4427 2484 4472 tam
2525 4417 2732 4472 cruenti
2781 4413 3072 4469 moliminis
3134 4412 3428 4470 intentione
3485 4408 3760 4471 compesce-

2226 4523 2336 4573 res,
2374 4506 2483 4578 46
2522 4514 2580 4560 ut
2606 4507 2743 4558 intra
2780 4519 3043 4557 mensurae
3063 4517 3173 4555 sua:
3205 4511 3254 4554 te
3277 4509 3424 4570 septa
3448 4493 3758 4566 reprimeres:

2226 4607 2279 4652 et
2302 4611 2400 4651 nec
2423 4603 2626 4650 motum
2651 4593 2816 4646 divini
2847 4591 3042 4644 furoris
3080 4589 3365 4643 adversum
3397 4597 3466 4650 te,
3499 4595 3592 4637 nec
3617 4587 3750 4630 mun-

2228 4688 2352 4741 dum
2379 4687 2637 4740 adversus
2667 4682 2960 4737 Eeclcsiam
2987 4681 3039 4733 in
3065 4679 3198 4732 bella
3231 4677 3432 4733 nefaria
3463 4670 3753 4730 concitaras-

2230 4777 2429 4830 Verum
2479 4782 2536 4828 tu
2588 4782 2838 4841 tanquam
2895 4769 3137 4824 Vesuvus
3183 4765 3489 4840 [Vesuvius]
3531 4759 3757 4832 geh'ennﬂ

2232 4866 2477 4920 ﬂammas
2525 4874 2796 4926 eructans,
2830 4876 2933 4914 non
2985 4859 3258 4928 quiescis;
3290 4857 3526 4927 pecunia:
3554 4844 3751 4904 favillas,

2232 4964 2289 5009 ut
2318 4956 2390 5009 ita
2418 4955 2626 5022 loquar,
2664 4967 2760 5020 per
2805 4949 3058 5018 populqu
3114 4948 3341 5017 spargis,
3395 4954 3448 5003 et
3481 4955 3572 5014 per
3595 4940 3756 5030 ωειιιιιι

2231 5045 2497 5115 Cupidinis
2549 5044 2870 5096 miserorum
2923 5039 3199 5093 hominum
3255 5038 3419 5092 corda
3469 5031 3750 5115 corrumpi?

2232 5105 2398 5188 Tuam
2441 5131 2693 5200 prodigas
2743 5128 3060 5194 Ecclesium,
3091 5135 3150 5180 ut
3185 5126 3432 5182 obtineas
3459 5105 3754 5207 alienati-1..“-

2233 5223 2341 5276 line
2363 5199 2574 5284 aurum,
2608 5199 3006 5290 argentumque
3035 5215 3252 5289 stateris
3281 5212 3590 5285 appenditur
3609 5219 3628 5310 ς.
3649 5199 3753 5253 hinc
