3964 5310
176 363 295 421 249

1342 373 1545 429 LIBER
1574 374 1854 444 PRIMUS,
1893 379 2104 438 EPIS'I‘.
2143 383 2280 440 XXI.

3329 401 3436 456 250

176 479 444 535 feruntur
465 495 497 537 e
517 480 728 546 loculis,
750 489 1002 553 tanquam
1027 482 1190 554 gladii
1215 485 1496 541 vibrentur
1515 502 1546 541 e
1567 487 1760 541 thecis.
1792 491 1838 549 Α
1867 489 2050 558 (Joan.
2085 499 2223 564 xix),
2244 505 2298 549 et
2332 504 2386 551 tu
2415 496 2468 550 in
2508 497 2643 554 duos
2671 514 2839 570 papas
2869 503 3189 560 catholicam
3213 509 3436 576 partiris
3526 504 3528 506 ’

177 569 496 642 Phalangas
547 572 721 642 plane,
767 588 886 642 qua
922 583 974 628 te
1021 584 1340 642 sequuntur,
1384 577 1449 629 ad
1479 585 1584 630 tua
1615 577 1766 648 signa

176 662 401 717 militia
423 679 530 718 non
556 673 666 718 tam
694 663 835 730 litui,
863 665 1125 731 buccina,
1153 667 1237 720 vel
1260 667 1399 721 tuba
1425 666 1646 736 clangor
1667 682 1764 721 ex-

176 755 344 819 citat,
380 768 544 822 quam
588 769 724 808 vena
754 754 957 808 metalli
994 755 1258 811 vibrantis
1308 757 1519 810 invitat.
1549 757 1767 811 llahens

177 842 356 904 cnim,
403 851 461 895 ttt
505 844 657 896 aiunt
705 843 923 907 rustici,
961 842 1216 914 pugillt'nn
1261 859 1512 908 aureum,
1561 844 1765 916 frangis

175 947 402 985 murum
440 930 698 986 ferreum.
725 933 830 986 Sed
851 942 976 987 sunt
1020 952 1038 984 ι
1087 933 1306 997 divitia,
1356 953 1376 986 ι
1414 943 1473 987 ιιι
1511 934 1764 990 Salomon

177 1020 280 1082 ait,
312 1038 332 1072 ι
363 1031 698 1074 conservata
721 1021 773 1074 in
799 1021 999 1075 malum
1038 1023 1238 1077 domini
1270 1024 1351 1078 sui
1382 1023 1577 1092 (Eccle.
1624 1027 1700 1094 v).
1741 1045 1759 1078 ι

178 1109 321 1176 Quid
337 1109 487 1164 enim
507 1109 901 1180 profuitaurum
916 1111 1223 1179 Ptolomaeo,
1251 1114 1361 1184 regi
1388 1115 1767 1188 scilicetEgy-

177 1203 256 1272 pti
282 1201 576 1271 (Eumer,
605 1201 744 1257 Hist.
771 1202 922 1258 Rom.
951 1204 1046 1258 lib.
1071 1220 1148 1270 Vl,
1171 1205 1224 1259 in
1249 1205 1386 1278 ﬂn.),
1408 1208 1497 1276 qui
1521 1218 1641 1278 post
1665 1224 1762 1263 na-

176 1291 302 1346 vale
331 1292 563 1359 bellum,
591 1295 733 1363 quod
756 1295 898 1350 Julio
926 1293 1125 1351 Casari
1149 1297 1388 1367 perﬁdus
1414 1315 1478 1354 ac
1500 1301 1763 1369 superbus

178 1385 470 1453 intulerat,
507 1396 764 1444 enecatus
793 1389 1060 1455 ﬂuctibus,
1116 1391 1410 1460 neglectus,
1463 1403 1624 1462 atque
1671 1395 1764 1450 de-

182 1490 406 1549 spectus
436 1481 490 1534 in
522 1481 706 1536 littore
730 1483 846 1537 sine
867 1484 1088 1538 custode
1110 1484 1348 1554 iacebat,
1380 1501 1479 1541 nec
1503 1488 1662 1542 aliter
1682 1499 1765 1545 est

179 1571 327 1625 inter
377 1584 612 1628 cateros
644 1575 880 1644 agnitus,
929 1575 1032 1629 nisi
1082 1577 1206 1644 quia
1258 1593 1420 1633 aurea
1445 1588 1566 1634 erat
1593 1581 1760 1636 lorica

177 1665 516 1733 pra-cinctus
545 1666 569 1719 ?
599 1665 785 1720 Melius
813 1667 862 1720 ei
897 1666 1076 1720 fuerat
1105 1669 1206 1723 sub
1251 1685 1495 1739 pannoso
1527 1673 1762 1742 tegmine

177 1755 386 1821 vivere,
415 1771 580 1825 quam
607 1756 662 1811 in
691 1772 948 1827 purpura,
974 1757 1057 1811 vel
1081 1773 1213 1814 auro
1234 1762 1434 1830 perire.
1463 1762 1762 1832 Imperator

1868 583 2163 640 Ecclesiam
2200 587 2326 643 ?llli
2376 591 2661 659 pendentis
2703 594 2755 647 in
2789 609 2950 650 cruce
2979 596 3280 653 Salvatoris
3308 617 3435 657 ossa

1867 691 1973 728 non
2011 676 2295 747 frangunt;
2334 689 2388 735 et
2419 690 2472 735 tu
2505 685 2668 738 sectis
2713 683 2968 740 Ecclesia
3000 689 3276 752 membris,
3317 707 3437 759 qua

1865 764 2240 832 proculdubio
2285 783 2480 837 corpus
2529 770 2644 838 eius
2689 782 2791 837 est,
2841 786 3236 831 sacramentum
3269 781 3436 835 violas

1867 852 2090 907 unitatis
2115 855 2138 906 ’ἓ
2165 855 2385 924 Captam
2414 860 2556 914 bello
2605 876 2787 916 arcam
2817 863 2909 918 Dei
2941 866 3127 931 Israel,
3157 868 3436 925 Philisthi-

1865 957 2055 996 norum
2081 945 2351 1018 principes
2386 957 2657 1005 temerare
2685 966 2792 1007 non
2829 957 3047 1020 audent,
3073 959 3164 1012 sed
3191 960 3430 1016 clausam

1865 1034 2487 1108 undiqueillibatamque
2509 1055 2831 1098 conservant
2850 1047 2900 1115 (Ι
2926 1047 3055 1118 Reg.
3081 1049 3168 1119 v);
3201 1061 3254 1104 ttt
3280 1053 3436 1107 Chri-

1865 1125 2053 1180 stiana
2085 1128 2302 1197 pietatis
2339 1147 2616 1200 arcanum,
2651 1145 2704 1190 et
2732 1153 2836 1191 non
2868 1138 3197 1209 lapidearum
3229 1143 3436 1198 tabula-

1865 1230 2002 1278 rum.
2063 1219 2156 1273 sed
2213 1221 2364 1276 verbi
2405 1223 2499 1278 Dei
2546 1225 2674 1292 vivi,
2715 1237 2770 1281 et
2803 1233 3172 1297 permanentis
3216 1234 3435 1290 calcate

1862 1307 2177 1374 mysterium
2221 1324 2440 1373 vexare.
2482 1327 2546 1368 ac
2583 1315 2788 1370 solvere
2841 1317 3034 1372 niteris
3086 1319 3433 1376 frementium

1863 1395 2049 1449 cuneis
2078 1396 2395 1454 bellatorum
2418 1401 2441 1454 ἲ
2464 1402 2519 1456 Si
2551 1402 2660 1457 Oza
2715 1406 2961 1472 moritur,
2993 1409 3117 1477 quia
3145 1411 3431 1467 humerum

1862 1487 2134 1554 supponit,
2167 1504 2233 1543 ne
2255 1507 2378 1546 arca
2407 1493 2617 1548 Domini
2648 1506 2868 1551 corruat
2896 1497 2968 1566 (V
2997 1498 3122 1568 Reg.
3156 1508 3231 1564 vt)
3258 1518 3271 1564 ;
3303 1503 3431 1572 quid

1862 1574 1939 1630 illi
1974 1578 2167 1632 merito
2212 1579 2328 1647 ﬂet,
2375 1585 2464 1652 qui
2498 1600 2556 1640 se
2602 1601 2765 1656 super
2798 1587 3092 1644 Ecclesiam
3124 1590 3344 1655 Christi,
3373 1603 3434 1647 ut

1861 1664 1915 1718 in
1945 1666 2060 1735 ejus
2081 1667 2234 1722 ruina
2280 1671 2392 1739 ipse
2432 1674 2680 1730 sublimis
2717 1677 2984 1742 videatur,
3011 1679 3262 1733 exaltat?
3297 1681 3432 1736 Audi

1862 1758 1988 1825 quid
2023 1758 2117 1812 tibi
2147 1774 2242 1828 per
2273 1761 2500 1817 Abdiam
2527 1765 2706 1818 divina
2732 1781 2835 1820 vox
2861 1768 3005 1822 dicat
3027 1769 3183 1837 (Abd.
3233 1771 3286 1836 5,
3323 1771 3378 1842 4)
3419 1789 3434 1826 :

177 1841 324 1898 Nero
355 1845 563 1900 retibus
584 1847 765 1901 aureis
788 1846 1098 1916 piscabatur
1119 1848 1406 1918 (Eurnop,,
1437 1850 1577 1906 Ηὶδι,
1607 1851 1757 1907 Rom.
1789 1832 1836 1891 Β
1871 1867 1888 1899 t
1925 1848 2185 1919 Superbia
2215 1855 2394 1908 cordis
2427 1855 2501 1908 ιιιί
2544 1857 2737 1911 extulit
2773 1866 2823 1911 te
2855 1832 3183 1916 Itabitablettt
3215 1832 3283 1916 inv
3303 1832 3440 1917 scis-

178 1932 277 1988 lib.
301 1934 425 2003 vn),
450 1951 647 2007 eaque,
674 1946 734 1992 ut
761 1938 1003 1994 historia
1034 1941 1271 2006 tradunt,
1310 1941 1554 1997 blattinis
1578 1957 1608 1998 e
1639 1959 1765 2013 gur-

187 2025 291 2094 gite
320 2025 548 2082 funibus
573 2027 913 2093 extrahebat,
942 2029 1037 2085 sed
1077 2045 1198 2085 eum
1245 2032 1548 2086 nullatenus
1576 2043 1765 2102 potue-

188 2127 312 2171 runt
347 2119 417 2174 ab
443 2120 749 2176 imminenti
779 2121 1112 2189 discrimine,
1138 2138 1314 2194 neque
1340 2125 1560 2188 divitia,
1588 2137 1764 2194 neque

185 2209 399 2265 delicia
446 2211 700 2268 liberare.
751 2213 882 2268 Nam
919 2229 1040 2269 cum
1072 2231 1100 2269 a
1133 2216 1390 2272 Romanis
1426 2233 1525 2287 pro
1557 2219 1769 2272 incont-

184 2302 448 2370 parabilis
484 2305 811 2360 enormitate
837 2304 1023 2375 ﬂagitii
1063 2306 1128 2360 ad
1151 2307 1470 2376 supplicium
1496 2323 1766 2378 quarere-

183 2406 285 2456 ntr,
302 2393 619 2460 pavefactus
639 2410 669 2449 e
688 2395 888 2465 palatio
911 2395 1141 2466 fugiens,
1172 2397 1285 2466 ipse
1301 2397 1538 2462 [sibimet
1565 2400 1618 2453 in
1645 2399 1764 2454 sub-

183 2484 338 2537 urbio
388 2485 659 2539 conscivit
706 2485 1003 2539 interitum.
1039 2484 1281 2541 Justinus
1301 2489 1614 2558 {imperator
1647 2499 1765 2545 tan—

183 2573 551 2627 tamthcsauri
579 2575 786 2644 c0piam
801 2575 1107 2645 possidebat
1135 2576 1319 2645 (ΡΑυι.
1352 2593 1517 2643 DIAC.,
1536 2578 1610 2631 De
1631 2587 1760 2649 gest.

184 2662 418 2732 Longob.
449 2663 488 2716 l.
533 2680 615 2729 nt,
649 2680 699 2720 c.
730 2665 839 2736 ll),
870 2675 927 2720 ttt
962 2667 1028 2721 ad
1074 2682 1234 2736 oputn
1277 2669 1579 2723 custodiam
1627 2685 1766 2722 uxor

183 2753 292 2818 egtts
322 2769 485 2809 arcas
509 2754 716 2810 ferreas
747 2756 1064 2824 fabricaret;
1100 2760 1193 2813 sed
1223 2759 1561 2826 postmodum
1591 2761 1763 2828 impos

181 2843 376 2896 mentis
393 2842 644 2908 eﬂ‘ectus,
669 2846 792 2898 dum
817 2860 873 2899 se
889 2847 1148 2915 perdidit,
1167 2847 1328 2901 etiam
1350 2863 1597 2916 possessa
1618 2865 1764 2919 qua:-

181 2929 307 2985 lihet
344 2947 474 2986 cum
522 2933 654 3003 ipsis
702 2950 917 3004 quoque
971 2936 1241 3007 regalibus
1290 2940 1522 3008 sceptris
1557 2940 1760 2996 amisit.

181 3019 329 3076 Unde
356 3025 500 3078 bene
523 3038 619 3093 per
640 3026 959 3093 prophetam
996 3027 1195 3081 dicitur
1226 3043 1240 3082 :
1284 3049 1303 3081 ι
1343 3030 1636 3098 Argentum
1665 3046 1761 3086 eo-

177 3126 294 3164 rum
326 3111 484 3166 foras
522 3113 858 3182 projicietur,
899 3122 954 3169 et
988 3131 1180 3170 aurum
1225 3133 1413 3173 eorum
1447 3119 1500 3174 in
1529 3118 1765 3188 sterqui-

176 3200 366 3254 liniutn
402 3202 552 3268 erit;
584 3213 867 3272 argentum
889 3220 1099 3269 eorum,
1127 3215 1183 3260 et
1211 3222 1400 3261 aurum
1428 3223 1532 3262 non
1563 3208 1764 3262 valebit

175 3290 419 3346 liberare
466 3306 564 3347 eos
621 3293 675 3347 in
705 3293 792 3348 die
837 3292 1035 3350 furoris
1061 3295 1306 3362 Domini;
1351 3297 1585 3352 animam
1609 3312 1765 3351 suam

175 3394 281 3432 non
303 3380 664 3448 saturabunt,
695 3390 751 3436 et
779 3393 999 3438 ventres
1020 3399 1206 3440 eorum
1233 3401 1338 3440 non
1363 3387 1760 3455 implebuntur;

174 3469 301 3540 quia
331 3471 659 3525 scandalum
688 3472 994 3542 iniquitatis
1022 3488 1207 3528 eorum
1234 3474 1440 3530 factum
1463 3482 1569 3540 est,
1599 3485 1653 3530 et
1675 3491 1764 3531 or-

176 3571 440 3615 namenta
491 3562 776 3617 monilium
806 3579 1027 3618 suorum
1053 3567 1106 3620 in
1137 3567 1444 3637 superbiam
1470 3577 1766 3638 posuerunt

180 3650 402 3721 (Ezech.
433 3652 559 3722 vn).
604 3673 624 3705 ›
656 3653 954 3710 Gothorum
983 3658 1089 3710 dux
1123 3657 1394 3724 Alaricus,
1431 3668 1492 3712 ut
1537 3661 1766 3714 authen-

175 3744 281 3798 tica
305 3753 542 3799 testatur
557 3745 785 3800 historia
819 3747 1162 3817 (Jonmxuss,
1185 3749 1258 3804 De
1277 3748 1433 3805 Goth.
1456 3749 1762 3820 orig.c.50),

176 3835 303 3889 dum
328 3836 646 3905 inopinatas
674 3853 734 3893 se
757 3840 1034 3908 possidere
1064 3841 1279 3895 divitias
1305 3842 1592 3910 gloriatur,
1623 3841 1765 3910 apud

176 3924 494 3981 Consentia
520 3929 795 3997 regionem
822 3932 1003 3985 subita
1037 3940 1214 3986 morte
1240 3933 1571 4004 defungitur.
1603 3933 1763 3988 Gothi

177 4031 308 4070 vero
358 4018 620 4087 protinus
661 4003 968 4075 'Barentum
1023 4037 1239 4075 amnem
1291 4037 1321 4076 a
1363 4003 1461 4077 suo
1490 4022 1641 4076 alveo
1671 4037 1768 4090 per

179 4109 348 4165 alium
378 4112 658 4167 tramitem
680 4113 1015 4183 captivorum
1041 4114 1224 4168 labore
1243 4113 1563 4168 deflectunt:
1584 4114 1768 4182 sicque

179 4201 465 4258 Alaricum
520 4218 645 4258 cum
689 4204 874 4259 multis
919 4205 1112 4274 Opibus
1143 4205 1196 4259 in
1235 4206 1421 4260 eodem
1445 4204 1598 4260 alveo
1629 4220 1766 4274 aqua

183 4294 477 4350 deﬁciente
506 4295 792 4364 sepeliunt,
844 4311 1075 4366 moxque
1103 4296 1321 4350 ﬂuvium
1372 4299 1592 4366 proprio
1615 4313 1766 4351 mea-

183 4385 255 4439 tui
279 4385 447 4454 iuxta
499 4385 944 4441 consuetudinem
975 4386 1244 4452 reddunt;
1270 4403 1335 4442 ac
1368 4401 1436 4441 ne
1464 4389 1585 4456 quis
1612 4388 1766 4442 addi-

183 4490 337 4530 scere
386 4475 571 4530 locum
615 4482 819 4546 posset,
866 4475 1106 4544 captivos
1131 4491 1340 4542 omnes,
1385 4478 1476 4546 qui
1510 4477 1768 4532 interfue-

1867 1941 2008 1994 suris
2030 1951 2332 2011 petrarum,
2385 1945 2711 2000 exaltantem
2742 1948 2934 2002 solium
2961 1959 3131 2004 tuum.
3163 1951 3263 2017 Qui
3302 1952 3438 2006 dicis

1866 2028 1920 2082 in
1951 2031 2114 2084 corde
2145 2040 2273 2085 tuo:
2312 2033 2443 2100 Quis
2478 2035 2724 2090 detrahet
2764 2052 2848 2090 me
2893 2039 2944 2092 in
2979 2048 3180 2093 terram
3218 2041 3242 2092 ?
3275 2059 3293 2092 ι
3331 2041 3430 2096 Ubi

1864 2135 1988 2173 mox
2015 2121 2257 2189 sequitur
2292 2140 2304 2175 :
2350 2142 2369 2175 ‹
2408 2123 2462 2177 Si
2496 2125 2764 2180 cxaltatus
2793 2127 2960 2181 fueris
2987 2137 3045 2182 ut
3068 2129 3264 2198 aquila,
3305 2138 3359 2184 et
3390 2131 3436 2184 si

1865 2210 2006 2266 inter
2030 2213 2204 2267 sidera
2230 2216 2476 2283 posueris
2497 2216 2680 2270 nidum
2709 2225 2881 2282 tuum,
2910 2219 3033 2273 inde
3054 2221 3334 2274 detraham
3359 2231 3434 2286 te,

1865 2300 1995 2355 dicit
2035 2302 2308 2358 Dominus.
2353 2324 2370 2356 ι
2405 2304 2548 2360 Luce
2597 2306 2800 2361 clarius
2841 2316 3076 2374 constat,
3107 2309 3232 2378 quia
3268 2309 3435 2364 David

1865 2390 1919 2443 in
1952 2405 2130 2460 regem
2178 2409 2276 2461 per
2328 2394 2595 2460 Samuelis
2630 2397 2987 2452 ministerium
3037 2400 3278 2467 ungitur,
3308 2398 3438 2454 Saul

1864 2493 1996 2535 vero
2023 2481 2187 2535 divini
2222 2481 2411 2550 iudicii
2442 2486 2711 2539 sententia
2747 2487 3087 2555 reprobatur.
3121 2487 3226 2542 Sed
3264 2489 3436 2544 donec

1867 2567 1994 2623 Saul
2041 2569 2266 2634 advixit,
2325 2587 2425 2626 nec
2469 2575 2814 2644 perexiguam
2858 2576 3076 2645 quidem
3105 2578 3250 2646 regni
3274 2578 3440 2646 parti-

1865 2657 2040 2711 culam
2069 2659 2232 2713 David
2258 2660 2476 2714 sibimet
2503 2677 2762 2730 usurpare
2790 2665 3153 2731 prasumpsit.
3183 2663 3286 2718 Sed
3308 2666 3439 2732 quid

1867 2747 2123 2813 dicimus,
2176 2749 2319 2817 quod
2370 2750 2559 2814 David,
2587 2751 2801 2804 vivente
2829 2750 2974 2814 Saul,
3025 2752 3157 2822 regii
3189 2751 3440 2808 culminis

1867 2839 2074 2908 apicem
2125 2853 2230 2892 non
2263 2840 2506 2894 ascendit
2534 2841 2556 2894 ?
2585 2856 2706 2895 cum
2749 2851 2804 2896 et
2825 2857 2889 2896 co
2913 2843 3074 2896 etiam
3105 2842 3218 2911 jam
3245 2841 3436 2896 defun-

1865 2938 1972 2992 cto,
2006 2942 2346 2996 nequaquam
2400 2945 2522 2984 mox
2554 2930 2620 2983 ad
2659 2930 2950 2985 obtinenda
2992 2931 3194 3000 regalia
3223 2939 3437 2999 sceptra

1865 3032 1924 3071 se
1954 3016 2183 3071 contulit
2209 3035 2222 3083 ;
2257 3018 2348 3072 sed
2376 3027 2554 3072 utrutn
2576 3018 2664 3086 jus
2687 3019 2874 3073 saltem
2904 3021 3184 3075 habitandi
3215 3021 3268 3074 in
3300 3035 3434 3090 qua-

1865 3107 1993 3163 libet
2024 3109 2176 3180 regni
2201 3109 2335 3164 urbe
2361 3118 2684 3175 mercretur,
2711 3110 2990 3164 humiliter
3012 3112 3312 3180 inquisivit,
3343 3111 3431 3166 di-

1866 3214 1994 3253 cens
2023 3198 2107 3270 (II
2135 3198 2265 3270 Reg.
2296 3199 2356 3271 tt)
2388 3218 2401 3256 :
2440 3220 2458 3252 ι
2495 3199 2633 3255 Num
2663 3201 2950 3256 ascendam
2997 3203 3052 3256 in
3082 3218 3245 3256 unam
3273 3204 3339 3256 de
3362 3202 3440 3256 ci-

1865 3289 2121 3345 vitatihus
2164 3288 2298 3345 Juda
2343 3291 2366 3344 ?
2420 3309 2438 3342 ι
2495 3291 2592 3346 Cui
2630 3306 2752 3346 cum
2801 3292 3056 3346 divinitus
3109 3292 3379 3346 diceretur
3420 3307 3435 3346 :

1872 3399 1891 3432 ‹
1920 3380 2198 3445 Ascende;
2230 3401 2248 3432 ι
2283 3396 2390 3436 non
2418 3397 2562 3448 mox,
2591 3382 2646 3436 in
2673 3396 2834 3451 quam
2865 3381 2968 3436 sibi
2999 3380 3189 3436 melius
3226 3380 3440 3436 videre-

1865 3482 1976 3540 tur,
2008 3474 2240 3528 credidit
2278 3474 2676 3529 asccndendum
2702 3491 2716 3539 ;
2744 3475 2839 3530 sed
2865 3475 3105 3544 geminat
3129 3473 3441 3543 inquisitio-

1865 3581 2011 3630 nem,
2035 3573 2096 3619 ut
2124 3567 2302 3635 capiat
2326 3565 2727 3620 certitudinem.
2756 3565 2986 3634 lnquirit
3013 3565 3188 3619 adhuc
3209 3579 3317 3633 quo
3339 3579 3438 3633 po-

1864 3655 2134 3711 tissimum
2186 3655 2476 3710 ascendere
2523 3655 2736 3721 debeat,
2775 3670 2840 3709 ne
2860 3654 3121 3725 judicium
3167 3669 3226 3708 se
3255 3652 3438 3721 dispo-

1865 3745 2044 3800 nentis
2089 3745 2143 3798 in
2189 3744 2368 3811 aliquo
2417 3743 2504 3798 vel
2551 3744 2794 3807 minimo,
2821 3743 2963 3811 quod
2997 3743 3156 3806 absit,
3183 3741 3436 3797 oﬂ‘endat.

1871 3852 1890 3886 ι
1920 3833 2052 3899 Quo,
2102 3833 2299 3901 inquit,
2345 3832 2702 3886 ascendam?»
2751 3833 2840 3885 Ait
2877 3830 3134 3885 Dominus
3164 3847 3218 3882 τι
3245 3829 3300 3882 In
3330 3829 3436 3882 Ile-

1864 3923 2025 3979 bron.
2064 3941 2083 3973 ›
2114 3921 2283 3976 David
2319 3936 2449 3992 ergo
2495 3937 2590 3976 rex
2629 3921 2683 3975 in
2710 3935 2876 3990 regno
2907 3921 3006 3975 sibi
3046 3919 3303 3974 divinitus
3334 3927 3439 3972 trao

1867 4013 2004 4077 dito,
2059 4027 2164 4066 non
2202 4012 2361 4066 modo
2419 4025 2664 4080 regnare,
2696 4012 2790 4066 sed
2839 4026 2909 4065 ne
2945 4010 3160 4079 quidem
3187 4009 3437 4063 habitare

1866 4102 2164 4174 prasumit,
2182 4102 2292 4157 nisi
2315 4101 2787 4170 divinajussionis
2817 4083 2992 4155 adhuc
3019 4109 3308 4154 renovetur
3337 4100 3437 4154 im-

1865 4195 2074 4265 perium
2099 4210 2114 4259 ;
2141 4202 2194 4247 et
2226 4209 2340 4257 nos,
2371 4194 2461 4263 qui
2489 4193 2797 4248 sacerdotes
2824 4193 3073 4255 dicimur,
3106 4190 3310 4244 alienas
3338 4190 3438 4243 Ec-

1868 4284 2062 4339 clesias
2081 4283 2393 4353 pradonum
2415 4295 2574 4352 atque
2593 4292 2865 4352 raptorum
2891 4298 3040 4337 more
3072 4282 3435 4352 pervadimus,

1869 4390 2068 4444 easque
2097 4373 2298 4428 mundo
2331 4383 2597 4442 stupente,
2628 4373 2739 4428 Deo
2768 4373 3106 4442 prohibente,
3138 4379 3325 4426 contra
3351 4371 3441 4424 de-

1870 4473 2018 4518 creta
2072 4463 2276 4534 legum,
2329 4473 2517 4518 contra
2577 4463 2876 4516 sententias
2928 4476 3213 4524 canonum,
3263 4459 3440 4512 venali

351 4525 759 4621 es'stittwsetfunt.
788 4525 877 4630 Et,
911 4525 957 4618 or
965 4565 1172 4619 utinam
1197 4566 1278 4620 sic
1302 4525 1449 4620 main
1481 4566 1573 4620 tibi
1603 4581 1767 4636 pecu-
1792 4525 1845 4585 Β
1873 4554 2196 4607 commercio
2227 4552 2494 4606 redimere
2520 4551 2857 4606 festinamus.
2880 4551 2954 4604 De
2968 4550 3273 4618 quibussuh
3287 4547 3440 4601 adul-

183 4656 327 4710 niam
354 4665 486 4709 tuus
521 4654 687 4709 etiam
717 4655 871 4708 miles
895 4655 1184 4720 infoderet,
1229 4671 1297 4710 ne
1336 4671 1432 4725 per
1455 4672 1600 4722 eam,
1627 4659 1767 4713 sicut

180 4745 286 4814 jam
314 4745 509 4815 capit,
539 4753 716 4799 status
740 4744 998 4799 Ecclesia
1035 4746 1305 4814 deperiret
1337 4747 1350 4798 !
1393 4754 1452 4799 ιιι
1487 4747 1628 4815 quod
1655 4762 1769 4800 nta-

184 4836 354 4906 gistro
389 4845 486 4891 tuo
515 4835 720 4890 dictum
751 4834 972 4903 legitur,
1004 4834 1101 4889 tibi
1153 4849 1368 4904 quoque
1403 4836 1598 4890 merito
1622 4837 1769 4892 dicc—

183 4937 335 4981 retur
382 4945 397 4981 :
461 4945 482 4979 ι
539 4925 779 4980 Pecunia
832 4935 922 4978 tua
972 4932 1148 4980 tecum
1191 4927 1263 4980 sit
1310 4926 1362 4979 in
1404 4927 1764 4995 perditionem

181 5015 318 5084 (Act.
352 5016 502 5086 vttt).
537 5034 557 5068 ι
590 5015 791 5070 Habuit
818 5029 979 5083 porro
1010 5026 1182 5070 mater
1207 5016 1415 5079 Micha,
1457 5019 1596 5072 sicut
1621 5020 1672 5072 in
1702 5018 1768 5072 li-

181 5106 276 5161 bro
322 5105 584 5160 Judicum
633 5101 836 5174 legitur
866 5104 1066 5173 (Judic.
1096 5108 1252 5176 xvtt),
1293 5119 1600 5175 argentum,
1626 5107 1767 5163 unde

176 5198 475 5253 conﬂatum
489 5197 598 5268 47
618 5194 939 5260 estidolum,
961 5196 1054 5249 sed
1075 5198 1231 5259 abStt,
1258 5205 1318 5249 ut
1335 5204 1541 5252 tantum
1565 5214 1630 5253 ex
1651 5198 1764 5263 illa,

1869 4653 2110 4697 terorum
2157 4643 2334 4709 specie
2376 4657 2471 4710 per
2501 4639 2786 4696 Jcrcmiam
2838 4640 3033 4693 dicitur
3080 4657 3094 4692 :
3135 4659 3153 4690 ε
3192 4636 3439 4692 Satnravi

1871 4747 1986 4799 eos,
2018 4741 2073 4786 et
2115 4731 2370 4785 machati
2401 4739 2551 4796 sunt,
2599 4742 2653 4785 et
2678 4731 2731 4784 in
2765 4732 2924 4784 domo
2955 4729 3254 4783 meretricis
3286 4727 3442 4778 luxu-

1871 4825 2152 4879 riabantur
2185 4841 2200 4875 :
2233 4822 2356 4891 equi
2384 4831 2655 4876 amatores
2689 4838 2740 4874 tn
2767 4821 2994 4874 feminas
3014 4817 3279 4872 emissarii
3310 4816 3441 4871 facti

1871 4925 2015 4982 sunt,
2042 4917 2410 4985 unusquisque
2438 4916 2504 4970 ad
2537 4928 2756 4970 uxorem
2794 4913 3024 4981 proximi
3046 4911 3126 4964 sui
3166 4909 3444 4963 binuiebat

1870 5005 2005 5076 (Jer.
2038 5006 2114 5076 v).
2150 5024 2168 5056 ›
2202 5005 2354 5061 Unde
2407 5013 2458 5058 et
2492 5005 2777 5075 sequitur:
2820 5020 2838 5052 ι
2896 4999 3145 5069 Nunquid
3168 5015 3330 5067 super
3359 4998 3447 5051 his

1869 5110 1975 5148 non
2027 5093 2279 5160 visitabo,
2321 5093 2448 5148 dicit
2483 5090 2787 5146 Dominus?
2821 5100 2874 5142 et
2919 5089 2972 5144 in
3021 5100 3234 5158 gentem
3285 5086 3444 5140 talem

1868 5201 1977 5241 non
2009 5187 2300 5239 ulciscetur
2325 5183 2499 5237 anima
2532 5181 2695 5238 mea?
2728 5201 2745 5232 ›
2776 5180 2949 5252 (ibid.)
2974 5180 3129 5235 Enim
3160 5193 3287 5232 vero
3308 5179 3448 5230 sicut

2297 5273 2484 5298 ’:4\=.'.-
2514 5273 2706 5298 οΑνιηΙΛ
2758 5278 3070 5298 οΑηΛοΑ-ιιινὶ
3138 5279 3184 5298 ΔΙ
3223 5265 3441 5298 ρηηΙῖΙισὶ

1868 5292 1964 5298 ..Α-
2015 5291 2230 5298 -.-μηδ-η
