3964 5310
568 346 670 401 251

1102 337 1160 394 S.
1200 335 1400 394 PETRI
1444 329 1722 387 DAIIIANI
1756 326 1904 384 OPP.
1933 317 2109 377 PARS
2150 313 2288 371 SEU
2327 313 2559 372 TOMUS
2591 315 2629 370 l.
2670 344 2735 354 —-
2774 312 2987 368 EPIST.
3027 310 3155 366 LIB.
3193 305 3330 364 \"lll.

3704 303 3798 358 ibi

572 455 872 517 Ecclesias,
920 452 1114 519 quibus
1143 447 1231 502 illa
1277 444 1496 516 praelata
1527 450 1608 497 est
1638 480 1654 506 ,
1687 438 1946 494 vcnaliter
1979 446 2135 486 usur-
2159 432 2210 489 Α
2237 427 2367 484 Cum
2400 439 2551 499 pater
2564 429 2736 500 Magni
2765 426 3100 484 Constantini
3126 421 3507 487 Constantius,
3531 427 3688 490 atque
3707 421 3799 476 ca-

572 564 702 619 pare
732 541 1045 601 contendit?
1075 539 1218 594 Sane
1260 539 1399 593 sicut
1443 535 1658 602 triginta
1687 532 1924 586 denariis
1969 525 2136 580 Judas

571 617 829 696 lscarioth
854 633 1140 688 Dominum
1153 629 1420 688 vendidit;
1455 627 1526 680 ita
1546 624 1765 694 triginta
1790 617 2139 674 nihilominus

573 724 977 782 maledictiones
1006 720 1122 790 ejus
1151 718 1492 787 reperiuntur
1519 715 1573 768 in
1605 712 1832 781 psalmo,
1856 724 2016 778 quem
2039 708 2138 760 ad-

569 831 758 871 versus
780 828 902 868 eum
933 810 1201 879 Propheta
1246 806 1548 875 descripsit.
1585 803 1714 869 Quae
1735 801 1944 855 scilicet
1973 796 2141 852 male-

570 908 834 963 dictiones
855 904 922 957 ab
950 917 1016 957 eo
1044 898 1308 955 versiculo
1339 898 1604 967 incipiunt
1627 935 1643 960 ,
1671 895 1762 948 ubi
1808 893 2014 946 dictum
2055 896 2141 944 est

573 1000 743 1072 (Psal.
777 997 926 1068 cvm)
955 1039 967 1050 .
997 1014 1016 1048 ‹
1047 993 1324 1050 Constitue
1359 1005 1520 1059 super
1543 1004 1664 1043 eum
1697 994 2035 1057 peccatorem
2061 999 2075 1035 :
2113 999 2132 1032 ι

569 1070 680 1145 illic
706 1098 883 1144 autem
912 1085 1202 1147 desinunt,
1231 1080 1321 1135 ubi
1349 1079 1690 1146 snbjnnctum
1741 1084 1826 1129 est
1870 1090 1884 1127 :
1924 1091 1942 1124 ι
2003 1070 2140 1139 Ope-

569 1181 776 1235 riantur
803 1178 942 1233 sicut
964 1173 1194 1244 diploide
1218 1169 1528 1225 confusione
1554 1181 1669 1222 sua.
1708 1183 1727 1218 ι
1751 1165 1806 1217 Si
1832 1176 1962 1232 ergo
1982 1158 2138 1227 juxta
2223 1219 2227 1224 _

567 1269 773 1340 peccati
803 1266 1039 1326 modum,
1076 1259 1464 1316 maledictionis
1484 1259 1596 1312 sive
1623 1251 1983 1309 damnationis
2006 1264 2144 1318 pon-

571 1359 792 1414 deratur
811 1355 1062 1426 elogium.
1095 1359 1310 1421 quantae
1336 1347 1625 1419 perditioni
1664 1347 1920 1400 Romana:
1953 1340 2139 1394 Eccle-

570 1448 665 1502 sia:
690 1454 959 1501 mercator
988 1444 1091 1498 erit
1120 1441 1408 1505 obnoxius,
1442 1439 1534 1508 qui
1563 1437 1688 1491 dum
1717 1449 1874 1488 unam
1899 1431 2140 1502 negotia-

570 1551 679 1603 tur,
711 1551 900 1592 omnes
922 1533 1078 1590 simul
1111 1532 1380 1587 Ecclesias
1418 1542 1734 1598 comparare
1756 1522 2139 1580 convincitur?

571 1628 930 1695 Quamobrem
961 1641 1068 1680 non
1100 1623 1278 1678 subdit
1303 1623 1457 1692 .hanc
1493 1621 1544 1674 in
1579 1629 1630 1673 te
1681 1616 1982 1670 redundare
2012 1628 2142 1666 seu-

571 1718 1023 1785 tentiam,'qnant
1069 1729 1164 1783 per
1191 1711 1524 1766 Ezechielem
1569 1708 1826 1762 Dominus
1870 1706 2133 1766 intentat,

2241 521 2403 576 lerius
2424 529 2737 576 crearentur
2757 518 2976 589 Augusti
3001 518 3282 588 (Eunoe,
3312 514 3464 570 Hist.
3500 514 3592 569 lib.
3623 515 3676 582 ιι)
3705 514 3803 567 Ro-

2242 627 2431 667 ntvanus
2461 612 2600 665 inter
2627 610 2736 681 49
2757 624 2850 664 eos
2883 609 2954 662 ita
2978 608 3179 661 divisus
3203 615 3284 660 est
3305 604 3484 666 orbis,
3508 612 3569 656 ut
3590 601 3796 660 Gallias.

2242 704 2465 768 Italiam,
2501 703 2840 768 Africamque
2885 697 3259 759 Constantius;
3292 696 3594 765 Illyriorum,
3633 691 3797 747 Asiam

2241 791 2401 846 simul
2447 799 2501 844 et
2544 789 2818 845 Orientetn
2842 786 3087 842 Galerius
3114 785 3406 839 obtineret.
3455 783 3530 835 At
3556 780 3796 835 Constan-

2243 882 2349 936 tius
2398 880 2620 950 Augusti
2667 881 2926 933 duntaxat
2977 892 3098 931 cutn
3148 876 3335 931 Galliis
3375 873 3644 944 dignitate
3691 889 3797 927 cou-

2244 980 2453 1036 tentus,
2493 971 2658 1026 Italia:
2699 969 2856 1025 simul
2910 977 2963 1025 et
3005 968 3199 1023 Africae
3236 964 3682 1022 administrandae
3711 964 3798 1018 sol-

2241 1061 2572 1117 Iicitudinem
2617 1058 2901 1114 recusavit.
2956 1058 3053 1112 Vir
3095 1057 3260 1112 etiam
3299 1056 3390 1109 ille
3437 1053 3714 1124 egregius,
3756 1061 3800 1106 et

2242 1152 2700 1223 prmstantissimze
2739 1150 3042 1214 civilitatis,
3087 1149 3216 1202 dum
3258 1149 3628 1217 privatorum,
3660 1156 3798 1216 atque

2241 1242 2650 1314 provincialium
2693 1239 2894 1300 divitiis
2940 1238 3176 1303 studuit,
3229 1237 3344 1292 ﬁsci
3387 1236 3673 1291 commoda
3708 1251 3796 1288 nou

2241 1335 2526 1389 admodum
2555 1332 2824 1387 aﬂ‘eetavit
2855 1348 2868 1384 :
2906 1331 3096 1385 melius
3125 1329 3376 1398 judicans
3418 1328 3663 1399 publicas
3688 1341 3798 1396 epes

2242 1442 2271 1480 a
2318 1425 2540 1495 privatis
2588 1424 2806 1488 haberi,
2858 1437 3018 1493 quam
3050 1423 3189 1476 intra
3237 1421 3420 1475 aerarii
3453 1419 3614 1473 unius
3656 1434 3797 1486 angu-

2241 1517 2375 1573 stias
2421 1515 2705 1570 reservari.
2743 1513 2917 1583 Reges
2958 1528 3086 1582 ergo
3122 1513 3360 1582 gentium
3413 1519 3639 1580 propter
3663 1524 3797 1562 cura-

2241 1626 2360 1664 rum
2413 1607 2776 1679 ingruentium
2814 1606 3028 1660 taedium
3073 1605 3348 1674 amplioris
3388 1602 3669 1672 regimiuis
3695 1601 3798 1669 jura

2241 1701 2628 1761 contemnunt,
2659 1695 3010 1766 imperialium
3032 1695 3350 1764 dignitatum
3374 1692 3564 1762 apices
3587 1689 3796 1758 fugiunt;

567 1809 752 1863 dicens
785 1780 851 1859 εν(
879 1780 1050 1858 ’γθιιὶι
1071 1780 1081 1783 ﬁ
1105 1815 1336 1872 tempus,
1374 1815 1540 1870 prope
1569 1807 1652 1853 est
1683 1799 1796 1853 dies
1827 1795 2135 1859 occisionis,
2166 1783 2215 1845 Β
2243 1799 2296 1845 et
2339 1789 2645 1849 sacerdotes
2694 1787 2823 1851 Dei,
2878 1785 2970 1855 qui
3015 1785 3119 1840 hoc
3171 1783 3484 1854 specialiter
3535 1780 3799 1850 praedicare

567 1912 622 1955 et
650 1916 754 1954 non
775 1901 955 1972 gloria:
977 1898 1258 1954 montium.
1288 1896 1440 1952 Nunc
1463 1896 1528 1949 de
1549 1895 1848 1963 propinquo
1866 1888 2137 1946 ellundam

569 1992 706 2045 iram
753 2007 925 2045 meant
958 2004 1119 2058 super
1150 1997 1201 2043 te
1225 2027 1240 2051 ,
1269 1997 1323 2041 et
1358 1983 1911 2054 complebofurorem
1959 1993 2139 2033 meum

568 2083 622 2136 iu
655 2092 726 2145 te,
758 2079 1083 2148 etjudicabo
1105 2089 1155 2131 te
1175 2076 1325 2144 juxta
1354 2075 1468 2129 vias
1499 2083 1637 2137 tuas,
1663 2081 1717 2126 et
1748 2072 2020 2139 imponam
2046 2067 2140 2120 tibi

569 2173 753 2227 "iunia
774 2173 979 2228 scelera
1007 2179 1096 2225 tua
1131 2188 1144 2223 :
1174 2179 1230 2223 et
1259 2185 1364 2224 non
1395 2175 1582 2237 parcet
1601 2165 1791 2219 oculus
1822 2177 1995 2225 meus,
2046 2175 2141 2215 ue-

569 2279 674 2332 que
700 2262 1020 2323 miserebor,
1049 2260 1144 2315 sed
1168 2260 1283 2313 vias
1312 2269 1430 2312 tuas
1457 2258 1730 2324 imponam
1758 2253 1850 2308 tibi
1879 2293 1895 2316 ,
1931 2260 1986 2305 et
2013 2253 2144 2304 alto-

574 2351 897 2404 tuiuationes
939 2357 1043 2402 tuae
1087 2349 1139 2402 in
1171 2347 1350 2402 medio
1389 2346 1462 2400 tui
1498 2353 1698 2399 erunt:
1733 2355 1786 2398 et
1828 2343 1966 2396 scies
2018 2341 2143 2409 quia

571 2458 671 2512 ego
699 2457 817 2496 sum
857 2442 1116 2495 Dominus
1140 2441 1447 2509 percutiens
1489 2448 1540 2493 te
1567 2439 1783 2509 (Ezech.
1814 2439 1932 2507 vn).
1973 2455 1990 2487 ι
2041 2436 2146 2490 De-

570 2536 757 2590 functo
806 2534 1017 2589 Caesare
1062 2532 1302 2603 Augusto
1329 2572 1344 2596 ,
1393 2547 1500 2602 quo
1547 2531 1796 2584 videlicet
1842 2529 2140 2596 imperante

570 2623 821 2679 Salvator
843 2623 1025 2677 mundi
1048 2623 1194 2677 nasci
1222 2623 1470 2691 dignatus
1484 2630 1585 2684 est,
1605 2633 1840 2673 moerens
1864 2617 2139 2672 Romanus

567 2715 795 2786 populus
825 2715 1048 2784 lugubre
1073 2713 1428 2768 clamitabat:
1468 2729 1486 2762 ι
1538 2710 1752 2765 Utinam
1789 2717 1882 2761 aut
1905 2722 2010 2762 non
2051 2721 2140 2760 na-

569 2815 832 2870 sceretur,
865 2813 959 2858 aut
980 2818 1083 2858 non
1107 2810 1410 2856 moreretur
1445 2798 1748 2870 (Martyrol.
1775 2798 1923 2851 Rom.
1953 2798 2019 2850 ad
2042 2812 2136 2850 vm

568 2894 686 2948 Kal.
705 2892 824 2947 Jan.
845 2902 897 2946 et
925 2893 995 2946 ibi
1023 2893 1169 2946 card.
1199 2891 1396 2945 Baaos.
1415 2891 1676 2950 Eunom,
1702 2887 1841 2940 Hist.
1861 2885 1953 2939 lib.
1969 2885 2087 2954 vn).
2115 2903 2134 2935 ι

475 3007 478 3010 ·
569 2984 645 3035 De
675 2991 727 3034 te
756 2991 956 3044 autem,
979 2979 1231 3040 Cadaloe,
1263 2979 1455 3033 merito
1479 2977 1709 3030 dicimus
1745 2993 1757 3029 :
1791 2974 2010 3029 Utinam
2046 2980 2140 3026 aut

570 3084 677 3124 non
705 3068 1036 3132 nascereris,
1061 3077 1152 3121 aut
1179 3067 1319 3120 illico
1356 3066 1671 3120 morereris.
1699 3063 1912 3117 Fuisset
1952 3062 2139 3129 utique

568 3161 722 3230 juxta
757 3159 1091 3228 Scripturam
1111 3157 1244 3227 (Jer.
1275 3157 1390 3226 xx),
1423 3175 1441 3207 ι
1465 3164 1754 3223 conceptus
1777 3163 1918 3220 tuus,
1952 3167 2145 3207 conce-

569 3261 694 3322 ptus
717 3260 977 3304 aeternus:
1002 3269 1020 3301 ι
1051 3249 1340 3302 abortisset
1363 3255 1534 3302 mater
1555 3257 1664 3312 tua,
1687 3261 1791 3300 non
1805 3245 2104 3314 peperisset
2128 3263 2142 3299 :

573 3351 630 3396 et
655 3342 901 3395 abortum
917 3340 1095 3410 potius
1116 3339 1381 3402 funderet,
1407 3353 1567 3407 quam
1593 3337 1830 3392 sobolem
1848 3337 2142 3405 genuisset.

577 3429 772 3484 Narrat
801 3430 1092 3498 Eutropius
1142 3429 1307 3499 (Hist.
1337 3430 1428 3483 lib.
1462 3429 1536 3497 Iv)
1565 3468 1580 3491 ,
1627 3429 1752 3497 quia
1797 3427 1958 3497 paulo
1988 3437 2144 3482 ante-

575 3535 738 3590 quam
761 3519 1043 3589 Saguntini
1072 3518 1409 3573 abAnuibale
1426 3517 1580 3571 famis
1603 3518 2144 3586 inopiacaperentur,

573 3625 638 3664 ac
665 3610 866 3664 ultimis
892 3618 1214 3679 cogerentur
1236 3608 1456 3662 interire
1481 3607 1774 3676 suppliciis,
1805 3623 1926 3660 cum
1955 3607 2147 3660 mulier

573 3702 818 3771 quaedam
864 3701 976 3771 jam
1027 3715 1164 3768 pene
1215 3699 1404 3752 fuisset
1450 3697 1607 3751 enixa
1636 3738 1651 3762 ,
1703 3696 1879 3752 infans
1925 3705 2148 3766 repente

576 3807 858 3861 regressus
882 3793 934 3846 in
949 3801 1182 3855 uterum,
1212 3790 1356 3843 illius
1371 3789 1606 3844 civitatis
1619 3790 2143 3858 portenditexitium.

575 3881 897 3950 Optaremus
919 3883 1106 3946 etiam,
1134 3891 1196 3934 ut
1227 3889 1281 3934 ιιι
1314 3895 1528 3949 quoque
1557 3880 1611 3935 in
1641 3880 1852 3935 viscera
1899 3891 2143 3934 materna

575 3988 872 4042 regressus,
900 3974 1264 4043 supernrbem
1292 3988 1451 4026 unam
1476 3973 1653 4042 potius
1681 3973 1830 4026 triste
1846 3971 2143 4042 prodigium

575 4063 906 4126 intentares,
929 4078 1087 4130 quam
1112 4064 1178 4116 ad
1215 4063 1390 4117 aetatis
1419 4064 1752 4118 incrementa
1792 4063 2140 4132 perveniens,

563 4165 737 4210 totam
775 4156 1068 4210 Ecclesiam
1103 4157 1422 4210 catholicam
1459 4171 1564 4210 non
1587 4155 1697 4222 jam
1727 4155 2141 4223 significatione,

575 4248 668 4301 sed
688 4247 808 4299 viva
839 4246 1016 4316 potius
1044 4246 1356 4314 operatione
1389 4247 1718 4299 destrueres.
1751 4245 1831 4298 Ad
1863 4245 1966 4298 hoc
1997 4244 2141 4297 enim

573 4345 628 4392 te
659 4334 858 4390 furiosa
880 4334 1185 4388 dominandi
1214 4334 1399 4398 libido,
1427 4342 1481 4387 et
1513 4348 1617 4387 non
1641 4331 1950 4401 appetenda:
1977 4331 2140 4386 subli-

2243 1881 2537 1936 debuerant
2556 1920 2569 1941 ,
2597 1878 2652 1934 in
2678 1876 2942 1948 snperbiaa
2970 1890 3028 1931 se
3063 1873 3314 1930 cornibus
3357 1872 3608 1935 elevant,
3635 1881 3685 1925 et
3713 1885 3797 1921 nou

2246 1967 2670 2032 sacerdotalem,
2718 1966 2812 2022 sed
2876 1963 3149 2034 regalem,
3202 1963 3310 2017 imo
3358 1961 3694 2034 tyrannicam
3740 1957 3799 2010 fc-

2248 2062 2421 2116 rulam
2480 2060 2720 2130 arripere
2775 2072 2937 2127 super
3000 2056 3294 2112 humanum
3330 2068 3510 2125 genus
3553 2049 3794 2106 anhelant.

2246 2151 2325 2204 Illi
2373 2165 2625 2205 concessa
2657 2148 2831 2205 ordini
2863 2163 2960 2202 suo
3011 2161 3161 2201 arma
3208 2145 3522 2214 deponunt,
3569 2150 3627 2196 ut
3669 2141 3798 2210 quic-

2249 2244 2319 2296 tis
2376 2243 2485 2298 otio
2543 2239 2950 2309 perfruantur:
3003 2237 3094 2292 isti
3162 2235 3456 2304 constipati
3533 2229 3800 2303 legionibus

2247 2343 2624 2397 armatorum,
2684 2331 2827 2386 velut
2887 2329 3124 2383 hostium
3190 2337 3368 2382 castra
3402 2367 3420 2391 ,
3474 2323 3672 2382 Christi
3715 2321 3795 2374 Ec-

2246 2425 2438 2481 clesias
2491 2425 2782 2492 impetum,
2821 2429 2876 2476 et
2909 2420 3086 2490 gladio
3129 2419 3505 2474 corruentium
3546 2413 3796 2484 sanguine,

2246 2527 2499 2585 tanquam
2547 2516 2830 2570 hrutorum
2880 2510 3190 2566 animalium
3219 2509 3551 2580 pinguedine
3576 2506 3798 2576 saginan-

2248 2619 2354 2663 tur.
2388 2609 2534 2663 Strix
2576 2606 2817 2661 malefica
2862 2605 3071 2660 etiamsi
3101 2605 3332 2660 alienum
3363 2602 3677 2671 sanguinem
3701 2597 3798 2650 fun-

2245 2701 2354 2764 dit,
2401 2700 2512 2753 suis
2571 2707 2747 2752 tamen
2804 2696 3114 2767 pignoribus
3161 2696 3336 2766 parcit
3368 2691 3692 2764 (Ovrn.,lib.
3735 2705 3795 2749 vt.

2245 2790 2446 2851 Fam).
2480 2789 2744 2842 Saturnus
2773 2787 2896 2842 dum
2940 2786 3211 2855 proprium
3241 2787 3507 2839 devorare
3551 2781 3704 2834 filium
3729 2778 3796 2832 ni-

2249 2883 2406 2946 titur,
2459 2880 2511 2933 in
2543 2879 2654 2934 suis
2677 2894 2735 2933 se
2769 2877 3016 2932 dentibus
3059 2877 3294 2931 Altbadir
3331 2875 3571 2948 [Ἃϐαήρ.
3598 2873 3704 2927 Lat.
3734 2881 3796 2922 te-

2252 2971 2391 3035 nuis,
2421 2967 2674 3039 minutus]
2698 2967 2935 3021 invenire
2963 2969 3204 3019 miratur.
3234 2965 3514 3019 Romanos
3533 2970 3674 3018 certe
3701 2969 3797 3012 tuos

2253 3068 2372 3108 esse
2418 3053 2556 3106 tilios
2613 3051 2940 3116 asserebas,
2997 3062 3131 3118 quos
3177 3058 3358 3102 tamen
3404 3049 3463 3102 in
3517 3062 3610 3102 ore
3663 3042 3797 3114 gladii

2254 3145 2514 3197 devorare
2562 3158 2667 3196 non
2716 3150 2774 3195 ut
2821 3153 3005 3209 pater,
3044 3141 3136 3195 sed
3177 3149 3432 3210 tanquam
3485 3136 3706 3194 crudelis
3734 3134 3797 3187 vi-

2187 3247 2192 3251 '
2253 3231 2419 3286 triens
2442 3231 2744 3285 decrevisti.
2775 3231 2831 3283 In
2855 3229 3084 3283 fortibus
3113 3229 3327 3298 quidem
3370 3229 3521 3284 velut
3564 3225 3794 3295 lapideam

2250 3324 2496 3393 reperisti
2545 3323 2832 3386 duritiam,
2880 3321 2972 3375 sed
3015 3336 3080 3375 ex
3129 3321 3376 3384 miseris,
3427 3328 3590 3387 atque
3633 3312 3795 3370 debili-

2247 3414 2349 3468 bus
2378 3413 2592 3482 gavisus
2626 3427 2685 3466 es
2711 3409 3084 3478 triumphalem
3130 3419 3402 3479 reportare
3430 3406 3722 3463 victoriam.
3751 3399 3796 3453 In

2249 3520 2356 3574 quo
2401 3506 2560 3574 plane
2603 3505 2902 3559 certamine
2943 3515 2993 3558 et
3043 3513 3096 3557 tu
3155 3504 3296 3574 regis
3343 3502 3532 3557 Totilte
3569 3493 3796 3568 judicaris

2249 3613 2503 3667 superare
2556 3597 2889 3666 tyrannidem
2909 3637 2924 3661 ,
2974 3607 3027 3651 et
3059 3606 3178 3652 tuus
3221 3597 3376 3651 miles
3402 3596 3693 3652 Gothorum
3717 3603 3795 3642 ex-

2249 3690 2392 3746 cedit
2435 3689 2842 3744 immanitatem.
2874 3690 2963 3743 llle
3004 3690 3267 3759 namque',
3298 3690 3439 3745 sicut
3488 3699 3610 3742 nota
3638 3688 3795 3738 narrat

2248 3783 2472 3839 historia
2504 3782 2688 3852 (PAUL.
2735 3783 2912 3847 Duc.,
2953 3781 3093 3836 Hist.
3135 3782 3287 3836 Rom.
3334 3782 3402 3835 ad
3451 3781 3668 3846 Eutrop.
3715 3771 3789 3824 lib.

2247 3891 2358 3930 ιιι-ιι
2396 3876 2450 3929 in
2477 3875 2595 3946 fin.)
2616 3915 2632 3940 ,
2663 3891 2785 3930 cum
2809 3875 3030 3928 Romam
3060 3873 3400 3929 circumfusis
3437 3869 3691 3926 militibus
3714 3863 3794 3918 ob-

2252 3965 2484 4030 sideret,
2515 3973 2571 4019 et
2619 3965 2855 4020 inclusus
2888 3964 3111 4033 populus
3142 3972 3288 4018 tanta
3323 3963 3592 4017 laboraret
3623 3953 3790 4014 inedia.

2249 4065 2310 4110 ut
2339 4056 2448 4126 jam
2476 4058 2757 4126 pignorum
2800 4071 3022 4111 suorum
3055 4066 3256 4110 matres
3281 4055 3644 4110 decrevissent
3668 4054 3792 4100 artus

2249 4149 2562 4215 absumere,
2597 4148 2808 4201 tandem
2835 4163 2930 4215 per
2952 4146 3252 4201 Ostiensem
3283 4148 3559 4217 ingressus
3583 4150 3657 4198 est
3683 4149 3786 4207 porr

2247 4247 2358 4293 tam
2389 4254 2404 4292 :
2433 4243 2524 4306 qui
2561 4251 2783 4306 parcere
2815 4237 3073 4291 Romanis
3102 4237 3307 4291 civibus
3330 4236 3553 4305 cupiens
3572 4273 3585 4298 ,
3608 4243 3695 4300 per
3722 4234 3787 4276 to-

2248 4339 2357 4382 tam
2408 4336 2620 4381 noctem
2676 4325 2922 4395 clangere
2963 4327 3140 4382 tubam
3184 4325 3378 4394 jussit,
3426 4335 3486 4378 ut
3526 4324 3645 4378 dum
3675 4317 3790 4369 irru-

573 4426 780 4482 mitatis
803 4425 1157 4495 praecipitavit
1207 4424 1418 4478 insania
1444 4465 1458 4488 ,
1491 4432 1552 4476 ut
1598 4424 1758 4477 unius
1803 4423 2142 4492 episcopatus
2169 4451 2222 4512 Β
2250 4419 2390 4488 pisse
2436 4417 2643 4470 hostem
2680 4416 2902 4469 buccina
2949 4417 3148 4470 diutius
3193 4417 3499 4476 intonante,
3535 4418 3789 4482 pernosce-

572 4533 678 4572 non
711 4517 786 4572 sis
814 4530 1066 4571 mensura
1089 4522 1376 4569 contentus
1399 4555 1412 4575 ,
1445 4515 1537 4568 sed
1583 4527 1745 4582 super
1787 4512 2142 4567 universalem

574 4607 868 4662 Erclesiam
901 4604 1205 4675 generalem
1231 4605 1436 4658 ambias
1457 4604 1815 4674 principatum
1843 4622 1856 4657 :
1884 4611 1936 4657 et
1963 4611 2022 4656 ut
2053 4618 2139 4658 so-

573 4697 656 4751 lus
681 4695 921 4750 emineas
945 4734 961 4758 ,
997 4703 1166 4748 totum
1197 4695 1382 4749 orbem
1414 4695 1466 4748 in
1499 4694 1851 4763 praecipitium
1900 4707 2145 4764 mergere

577 4806 680 4845 non
730 4788 1008 4843 formidas.
1039 4786 1204 4841 Plane
1233 4787 1596 4841 Diocletianus
1631 4787 1924 4855 imperator
1947 4826 1961 4849 ,
2004 4786 2146 4840 sicut

577 4883 932 4938 Ilistoriarum
965 4879 1128 4933 tradit
1148 4879 1439 4948 antiquitas
1466 4879 1750 4948 (Ennom,
1779 4877 2140 4946 Hist.lib.tx),

574 4972 774 5043 regalis
805 4970 1003 5040 fastigii
1035 4970 1245 5039 insigne
1272 4969 1539 5038 deposuit,
1564 4977 1615 5023 et
1646 4983 1749 5021 non
1777 4968 1964 5038 procul
1993 4984 2020 5022 a
2046 4968 2144 5023 Sa-

575 5064 714 5118 lonis
742 5077 837 5131 per
863 5076 1051 5116 novem
1085 5062 1200 5116 fere
1248 5076 1419 5114 annos
1461 5075 1629 5129 usque
1659 5060 1725 5114 ad
1753 5060 1960 5114 obitum
1986 5101 2000 5126 ,
2032 5060 2143 5131 pri-

572 5162 728 5208 vatus
760 5152 812 5206 in
837 5167 1049 5206 amoena
1077 5151 1303 5205 virentis
1340 5151 1539 5205 hortuli
1583 5150 1793 5205 cultura
1820 5152 2138 5219 permansit.

576 5245 676 5278 Πιιῖ
709 5243 832 5278 ιῖηινη
871 5242 936 5278 (th
961 5219 1213 5278 llornnfin
1243 5251 1400 5278 olnun
1426 5241 1640 5278 Colonia
1677 5244 1740 5278 ml
1775 5243 2138 5278 rnninianninns

2251 4519 2399 4574 rent,
2445 4525 2476 4562 a
2533 4508 2830 4564 Gothorum
2886 4523 2943 4563 se
2993 4510 3184 4579 gladiis
3233 4509 3559 4578 quibuslibet
3602 4495 3786 4556 interit!

2247 4601 2482 4658 latibulis
2501 4600 2832 4656 occultarent
2859 4601 3139 4671 (Paeana,
3160 4601 3236 4653 De
3256 4600 3387 4653 bello
3411 4597 3561 4652 Cotlt.
3598 4594 3680 4645 lib.
3699 4585 3782 4653 ιιι).

2246 4693 2326 4747 Tu
2368 4703 2583 4756 autem,
2629 4691 2890 4760 milesque
2931 4700 3084 4754 tuus,
3119 4698 3324 4744 tantam
3360 4689 3531 4757 plebis
3572 4674 3786 4738 invalidae

2247 4791 2410 4852 atque
2459 4782 2720 4851 imperitae
2761 4779 3023 4834 bellorum
3053 4789 3288 4849 stragem
3335 4776 3591 4837 dedistis,
3623 4777 3672 4822 ut
3700 4777 3782 4852 ete-

2245 4888 2426 4927 sorum
2456 4885 2713 4924 numerus
2742 4869 3037 4939 ignoretur.
3074 4847 3232 4922 Certe
3257 4868 3383 4921 dum
3412 4860 3685 4931 Pompeius
3708 4847 3784 4904 ad-

2242 4978 2432 5018 versus
2480 4960 2747 5014 Caesarem
2797 4958 2938 5013 civili
2990 4957 3171 5026 przelio
3202 4957 3484 5013 dimicaret
3533 4953 3778 5024 (Emam,

2244 5052 2385 5106 Hist.
2414 5050 2508 5104 lib.
2539 5049 2648 5118 vt),
2689 5049 2828 5103 inter
2854 5047 3180 5102 horrendum
3200 5086 3216 5110 ,
3256 5047 3456 5116 cuique
3476 5051 3669 5098 tantum
3693 5030 3782 5084 aie-

2241 5145 2381 5200 bat:
2419 5159 2439 5194 ‹
2476 5140 2643 5195 Parce
2684 5140 2908 5195 civibus.
2951 5158 2969 5190 ι
3001 5139 3131 5192 Cum
3169 5137 3350 5192 Cmsar
3382 5151 3413 5191 e
3439 5126 3693 5192 contrario
3715 5120 3779 5173 in-

2243 5235 2490 5278 sisteret-
2520 5231 2766 5278 imlniens
2795 5246 2809 5278 ε
2847 5247 2864 5277 ι
2897 5228 3045 5278 Miles
3065 5268 3080 5278 .
3110 5229 3300 5278 faciem
3327 5226 3447 5278 feri.
3488 5243 3507 5277 ι
3537 5221 3610 5276 Tu
3631 5216 3780 5278 itaque
