3964 5310
217 313 342 370 253

1385 311 1588 366 LIBER
1628 311 2016 380 SECUNDUS,
2053 315 2272 372 EPIST.
2309 315 2352 372 Ι.

3397 329 3504 386 256

221 425 487 484 omnibus
513 423 592 480 nil
627 425 768 480 aliud
801 425 1011 488 niteris,
1045 424 1148 480 nisi
1185 432 1242 479 ut
1273 425 1553 495 praesulem
1602 437 1818 496 aposm-
1849 437 1896 496 Α
1925 429 2140 498 dignam
2186 445 2356 499 usque
2399 428 2464 482 ad
2509 427 2672 485 linem
2725 445 3120 502 prosequamur
3173 436 3452 494 historiam
3482 483 3500 508 ,

219 523 350 576 licte
374 519 524 575 sedis
552 519 741 590 ejicias
759 560 774 584 ,
804 529 857 573 et
884 519 1194 575 cathedram
1223 535 1326 574 non
1353 530 1632 574 vacantem
1659 519 1818 574 alieni

215 611 365 680 juris
396 611 620 664 invasor
657 610 921 664 obtineas.
973 609 1080 664 Sed
1133 617 1192 661 ιιι
1245 609 1486 670 noveris,
1528 609 1654 678 quia
1705 625 1820 663 mo-

219 703 398 758 limen
418 703 528 757 hoc
569 717 905 771 nequaquam
937 701 1032 758 tibi
1069 700 1302 754 faustum
1330 701 1586 756 concedet
1624 703 1674 754 in
1703 702 1818 754 exi-

221 804 378 858 tum,
429 793 498 847 de
527 793 772 862 proxima
817 792 942 857 tibi,
975 803 1136 861 atque
1160 794 1410 863 contigua
1440 793 1653 861 regione
1683 809 1819 862 prte-

217 885 458 939 beamus
481 882 812 952 exemplum.

295 977 408 1048 50
450 975 791 1030 Convicanea
840 984 1018 1029 autem
1063 975 1156 1030 tibi
1195 976 1343 1044 regio
1389 975 1659 1030 Placentia
1703 985 1813 1040 est,

217 1065 379 1135 cujus
401 1063 820 1134 episcopus(82)
836 1081 938 1119 non
955 1065 1044 1118 diu
1057 1073 1182 1118 ante
1201 1075 1441 1120 nostram
1463 1075 1672 1120 aetatem
1695 1067 1817 1120 sub-

218 1155 362 1210 dola:
411 1153 730 1209 calliditatis
779 1155 976 1209 artifex
1030 1157 1273 1218 exstitit,
1313 1165 1369 1210 et
1394 1156 1460 1209 ad
1485 1158 1656 1210 instar
1695 1157 1768 1210 tui
1795 1197 1810 1222 ,

213 1245 626 1310 sublimitatis,
682 1255 736 1300 et
789 1247 972 1316 gloriae
1027 1247 1158 1301 satis
1207 1263 1474 1316 superque
1522 1247 1812 1301 ambitione

213 1334 495 1404 ﬂagravit,
535 1335 669 1389 adeo
715 1345 776 1388 ut
815 1337 962 1404 prius
1013 1343 1140 1390 ante
1191 1352 1248 1391 se
1297 1337 1639 1408 gestandum,
1673 1338 1813 1392 sicut

213 1435 269 1480 et
319 1437 378 1480 tu
431 1443 581 1482 nunc
618 1443 779 1496 agere
829 1429 1058 1492 diceris,
1106 1443 1319 1482 crucem
1365 1437 1677 1498 argenteam
1713 1430 1812 1482 im-

210 1527 488 1587 petraret;
547 1519 641 1588 qui
686 1520 850 1573 etiam
901 1534 1024 1573 cum
1083 1520 1458 1590 imperatrice,
1513 1535 1631 1588 qua:
1685 1529 1811 1574 tunc

211 1617 334 1662 erat
357 1648 374 1673 ,
417 1607 658 1662 obscmui
691 1610 888 1678 negotii
921 1610 1200 1662 dicebatur
1229 1609 1427 1662 habere
1467 1609 1806 1680 mysterium,

211 1697 410 1751 deinde
457 1698 662 1752 sensim
718 1699 783 1750 ad
833 1697 1037 1764 majora
1083 1699 1400 1768 prosiliens,
1437 1701 1651 1753 tandem
1683 1717 1804 1768 apo-

1924 529 2206 588 postquam
2263 519 2488 574 Romani
2531 520 2636 586 ita,
2669 533 2731 575 ut
2773 523 2974 578 dictum
3019 532 3136 590 est,
3185 528 3500 597 respondis-

1923 619 2043 664 sent
2094 609 2158 680 [f.
2205 609 2598 683 rependissent]
2671 613 2948 681 pontiﬁci;
3002 629 3127 668 mox
3179 623 3304 670 ante
3354 629 3502 674 retro

1922 713 2239 754 conversum
2288 701 2340 753 in
2377 700 2544 755 asello
2587 701 2874 771 gloriosum
2913 705 3144 774 equitem
3173 717 3498 776 posuerunt,

1925 800 2302 860 tenentemque
2342 791 2422 845 sui
2457 792 2690 846 vectoris
2731 793 2783 846 in
2831 795 3078 849 manibus
3122 797 3346 850 caudam
3403 813 3501 866 per

1917 882 2185 952 publicam
2223 883 2386 936 totius
2432 881 2580 936 urbis
2607 883 2746 936 viam
2767 925 2781 949 ,
2815 885 2960 948 tunc,
2993 895 3048 938 ut
3078 895 3367 950 canerent,
3399 887 3498 940 im-

1917 971 2170 1038 pulerunt
2215 985 2230 1024 :
2284 989 2304 1022 ι
2355 970 2515 1036 Tale,
2575 971 2780 1040 inquit,
2833 973 3150 1043 supplicium
3217 975 3496 1044 patiatur,

1915 1063 2008 1130 qui
2039 1061 2342 1116 Romanum
2385 1076 2576 1132 papam
2609 1063 2674 1117 de
2713 1079 2806 1116 sua
2841 1065 2967 1118 sede
3001 1065 3197 1133 pellere
3224 1065 3432 1120 nititur.
3473 1085 3490 1116 ι

1915 1151 2112 1206 Audiat
2139 1153 2299 1222 igitur
2327 1152 2430 1206 hoc
2461 1153 2685 1221 quilibet
2712 1153 2966 1208 Ecclesiae
2993 1155 3288 1208 fornicator
3314 1171 3496 1210 exem-

1915 1246 2082 1316 plum.
2139 1245 2471 1312 Expavescat
2521 1245 2752 1313 idipsum
2803 1246 3068 1315 hodieque
3117 1261 3278 1315 super
3313 1263 3370 1300 se
3415 1249 3496 1301 di-

1913 1335 2050 1387 vina!
2077 1333 2383 1388 severitatis
2407 1333 2690 1402 invigilare
2713 1335 2993 1403 judicium.
3019 1335 3215 1388 Audiat
3242 1336 3368 1403 quid
3399 1351 3496 1404 per

1913 1425 2162 1477 eumdem
2215 1421 2537 1492 prophetam
2581 1423 2683 1478 sibi
2729 1423 2910 1478 divina
2963 1439 3063 1478 vox
3105 1425 3248 1478 dicat
3291 1441 3352 1476 ει
3391 1423 3498 1478 Νο-

1911 1515 2221 1578 vissimtnu,
2271 1513 2481 1582 inquit,
2539 1522 2692 1568 tuum
2743 1515 3089 1568 devorabitur
3135 1514 3280 1584 igni,
3328 1521 3384 1568 et
3411 1513 3497 1567 de-

1913 1607 2189 1661 nudabnnt
2229 1614 2280 1660 te
2311 1606 2650 1661 vestimentis
2695 1607 2829 1670 tuis,
2862 1615 2914 1662 et
2940 1607 3126 1662 tollent
3157 1621 3280 1660 vasa
3312 1605 3496 1675 gloriae

1911 1707 2015 1752 tum
2050 1717 2062 1752 :
2095 1707 2149 1752 et
2187 1699 2532 1767 requiescere
2582 1695 2776 1750 faciam
2829 1697 3003 1752 scelus
3045 1707 3192 1750 tuum
3241 1712 3270 1749 a
3327 1706 3412 1761 te,
3441 1705 3494 1750 et

209 1787 466 1840 stolicam
516 1787 698 1842 sedem
749 1785 1030 1842 f.uniliaris
1067 1788 1166 1842 sibi
1215 1789 1456 1858 pecunia:
1504 1791 1804 1858 patrocinio
1838 1781 1882 1842 Β
1913 1789 2322 1844 fornicationem
2352 1801 2498 1844 tuam
2531 1791 2596 1846 de
2625 1801 2769 1844 terra
2797 1789 3042 1860 Egypti;
3077 1791 3200 1859 quia
3225 1789 3340 1843 lucc
3365 1788 3495 1842 dicit

209 1874 488 1930 violentus
533 1875 830 1930 invaderet.
889 1877 1074 1945 Ejecto
1123 1879 1304 1946 itaque
1352 1875 1646 1945 Gregorio,
1700 1879 1805 1932 im—

211 1965 482 2034 peratoris
512 1963 727 2019 Ottonis
752 1966 936 2034 utique
964 1967 1360 2036 consanguineo
1380 2009 1392 2031 ,
1425 1967 1676 2022 ltmuame
1701 1969 1804 2022 Ec-

209 2053 390 2110 clesiae
432 2055 786 2122 cathedram,
839 2072 945 2110 non
995 2065 1052 2111 ut
1100 2059 1354 2112 sacerdos
1399 2073 1661 2126 magnus,
1712 2061 1806 2112 sed

211 2156 266 2200 ut
317 2147 440 2212 fur,
482 2155 645 2214 atque
686 2156 946 2217 tyrannus
989 2149 1255 2214 obtinuit;
1313 2149 1408 2202 sed
1463 2148 1618 2217 paulo
1653 2161 1804 2218 post,

209 2237 572 2308 resipiscente
592 2237 1074 2308 Quiritum'pOpulo
1094 2279 1108 2302 ,
1139 2247 1301 2308 atque
1344 2239 1395 2292 iu
1429 2239 1600 2291 zelum
1632 2239 1805 2308 dignae

211 2329 434 2382 ultionis
465 2329 798 2382 unanimiter
845 2329 1264 2394 exardeseeute,
1303 2329 1570 2383 irruentes
1601 2329 1650 2382 in
1681 2343 1804 2382 eum

210 2433 405 2472 manus
455 2418 744 2488 injiciunt,
795 2419 980 2474 oculos
1032 2429 1272 2486 eruunt,
1326 2434 1484 2474 aures
1539 2433 1806 2490 naresque

209 2507 531 2576 praecidunt.
577 2509 844 2580 Expertus
872 2521 954 2565 est
983 2511 1162 2580 itaque
1181 2551 1196 2576 ,
1234 2510 1378 2580 quod
1408 2517 1462 2564 et
1512 2519 1638 2564 tunc
1668 2510 1801 2575 sibi,

209 2610 262 2653 et
305 2616 458 2655 nunc
512 2601 610 2655 tibi
661 2617 759 2671 per
805 2601 1144 2659 Ezechielem
1179 2603 1492 2672 prophetam
1545 2601 1805 2656 Dominus

213 2689 583 2745 comminatur
630 2691 814 2746 dicens
853 2707 867 2745 :
914 2712 932 2744 ι
973 2689 1200 2748 Venient
1244 2706 1407 2760 super
1456 2699 1506 2744 te
1555 2689 1804 2745 instructi

211 2797 406 2846 curru,
469 2791 528 2836 et
583 2793 704 2838 rota
758 2782 1076 2854 populorum
1129 2781 1445 2848 multitudo;
1503 2780 1699 2844 lorica,
1751 2788 1808 2837 et

211 2872 430 2943 clypeo,
481 2881 538 2926 et
582 2873 735 2942 galea
787 2873 1143 2927 armabuntur
1195 2880 1381 2928 contra
1429 2881 1480 2925 te
1527 2870 1798 2940 undique,

209 2977 260 3021 et
314 2969 462 3024 dabo
509 2982 697 3022 coram
749 2967 830 3022 eis
861 2967 1152 3038 judicium,
1202 2975 1256 3020 et
1287 2965 1606 3034 iudicabunt
1640 2961 1802 3030 teju-

211 3057 360 3112 diciis
409 3057 530 3112 suis
577 3075 590 3109 :
638 3065 693 3109 et
733 3071 930 3126 ponam
981 3056 1154 3110 zelum
1203 3068 1380 3108 meum
1417 3053 1468 3106 in
1513 3062 1596 3116 te,
1645 3067 1804 3120 quem

1908 1883 2212 1936 Dominus:
2257 1883 2395 1936 Ecce
2441 1897 2542 1953 ego
2591 1883 2795 1936 tradam
2847 1892 2896 1936 te
2941 1881 2996 1935 in
3043 1898 3235 1936 manus
3279 1896 3492 1944 eorum,

1907 1989 2042 2043 quos
2069 1973 2228 2026 odisti
2259 1991 2272 2026 :
2307 1973 2360 2026 in
2395 1989 2616 2038 manus,
2669 1975 2734 2027 de
2762 1975 2955 2042 quibus
2981 1973 3170 2025 satiata
3202 1980 3287 2025 est
3311 1971 3490 2024 anima

1909 2072 2018 2116 tua.
2051 2063 2130 2117 "Et
2178 2073 2339 2132 agent
2387 2073 2560 2117 tecmu
2611 2065 2661 2117 iu
2711 2065 2868 2128 odio,
2901 2071 2956 2117 et
2989 2062 3176 2116 tollent
3202 2077 3387 2116 omnes
3416 2062 3493 2114 la-

1905 2151 2067 2205 bores
2111 2161 2264 2216 Iuos,
2301 2160 2356 2205 et
2386 2153 2662 2206 dimittent
2716 2161 2766 2205 te
2819 2153 3018 2205 nmium
3043 2192 3056 2215 ,
3099 2159 3156 2204 et
3195 2149 3492 2219 ignominia

1905 2242 2122 2311 plenum
2141 2283 2154 2307 ,
2188 2252 2243 2296 et
2269 2243 2593 2298 revelabitur
2614 2243 2904 2314 ignominia
2935 2241 3348 2296 fornicationum
3376 2250 3494 2294 tua-

1909 2347 2047 2384 rum.
2107 2329 2297 2386 Scelus
2343 2341 2526 2396 tuum,
2576 2341 2629 2387 et
2669 2331 3051 2386 fornicationes
3103 2337 3203 2384 tuae
3248 2327 3494 2382 fecerunt

1907 2423 2024 2477 bare
2050 2423 2142 2476 libi
2179 2421 2394 2494 (Ezech.
2423 2423 2604 2496 XXIII).
2639 2445 2656 2476 ι
2685 2424 2962 2494 Propriam
2987 2423 3181 2493 quippe
3199 2421 3490 2484 dimittere,

1907 2523 1962 2568 et
2011 2512 2169 2566 aliam
2223 2513 2520 2568 Ecclesiatn
2571 2513 2896 2570 Simouiacis
2947 2511 3492 2569 contaminationibus

1905 2601 2229 2673 profanare,
2284 2613 2639 2672 perextrema:
2687 2603 3058 2660 fornicationis
3105 2617 3276 2671 genus
3325 2615 3491 2669 agno-

1906 2694 2093 2748 scitur.
2134 2693 2304 2746 Porro
2335 2703 2513 2746 autem
2562 2692 2606 2746 si
2648 2703 2702 2746 ιιι
2743 2691 2954 2747 cuian
3009 2689 3319 2759 apostolica:
3347 2687 3491 2742 sedis

1909 2783 2108 2846 fueris,
2136 2781 2249 2834 Deo
2281 2782 2538 2835 mundum
2568 2781 2903 2852 negligeutc,
2939 2781 3189 2842 sortitus,
3223 2777 3486 2846 gliscunt,

1907 2883 1964 2928 et
2009 2871 2286 2927 exsultant
2331 2885 2519 2925 omnes
2552 2870 2802 2939 reprobi,
2847 2885 3034 2925 omnes
3063 2867 3380 2922 Christiana:
3410 2879 3490 2920 re-

1907 2965 2122 3033 ligionis
2155 2963 2454 3033 tripudiant
2477 2963 2679 3016 inimici
2707 2981 2718 3015 :
2753 2976 2784 3015 e
2815 2969 3031 3024 contra,
3060 2959 3366 3028 quicunque
3395 2955 3486 3010 Dei

1903 3057 2171 3126 justitiam
2203 3055 2502 3109 esurientes
2549 3054 2772 3118 sitiunt,
2801 3053 2890 3121 qui
2938 3051 3156 3120 pietatis
3185 3063 3345 3118 opera
3375 3061 3488 3101 cer-

210 3147 538 3202 exercebunt
585 3154 762 3200 tecum
792 3145 844 3198 in
873 3145 1089 3212 furore,
1119 3159 1310 3199 nasum
1343 3155 1491 3196 tuum
1511 3183 1525 3207 ,
1559 3151 1614 3196 ct
1643 3157 1801 3196 aures
1829 3133 1873 3190 C
1907 3158 2035 3199 uere
2061 3144 2480 3212 concupiscunt,
2508 3151 2558 3195 te
2588 3157 2764 3195 rerum
2790 3139 2998 3195 culmen
3021 3138 3301 3208 adeptum,
3327 3133 3487 3189 tutius

211 3245 322 3290 tuas
369 3236 702 3306 prazcident,
738 3245 792 3290 et
827 3251 946 3305 qua:
993 3235 1381 3300 remanserint,
1436 3233 1614 3303 gladio
1671 3248 1800 3287 con-

212 3329 382 3384 cident
431 3327 655 3399 (Ezech.
701 3329 880 3399 χχιιι).
919 3347 939 3380 ι
977 3329 1043 3382 lit
1095 3336 1152 3380 ut
1185 3325 1483 3381 attentione
1545 3335 1634 3378 tua
1667 3339 1798 3378 con-

1905 3233 2159 3288 Ecclesiae
2197 3232 2548 3303 prazcipitium
2578 3233 2826 3286 credunt.

277 3457 380 3528 (82)
414 3457 579 3514 Joau.
611 3458 897 3528 episcopus
927 3459 1300 3521 Placentinus,
1333 3457 1586 3528 antipapa
1608 3497 1622 3522 ,
1648 3457 1714 3512 de
1739 3471 1846 3526 quo
1881 3455 2032 3512 card.
2083 3453 2209 3506 Bar.
2256 3468 2346 3507 an.
2389 3450 2534 3506 Eccl.
2569 3448 2656 3504 l0.

1973 3585 3446 3617 MM

1329 3709 1691 3797 LIBER
1752 3705 2402 3796 SECUNDUS.

1203 3895 1298 3952 AD
1337 3894 1394 3952 S.
1437 3898 1502 3952 Il.
1543 3896 1608 3952 E.
1645 3894 2013 3952 EPISCOPOS
2049 3890 2503 3948 CARDINALES.

515 4181 814 4256 51—52
852 4181 1180 4238 EPISTOLA
1223 4181 1432 4236 PRIMA
1457 4223 1474 4249 ,

461 4311 534 4349 AD
575 4311 624 4350 Β.
671 4311 726 4348 Β.
769 4309 821 4347 Ε.
861 4309 1140 4350 εριεοοροε
1174 4307 1520 4348 ῦΑιιιιιΝΑιι-ιε.

209 4405 596 4462 Αιιιςιιιιιιιτιιιί.
619 4407 692 4445 ‘—
714 4403 1030 4459 Cardinales
1055 4403 1338 4472 episcopos
1357 4443 1370 4465 ,
1407 4401 1471 4455 ad
1497 4399 1788 4472 quosgscri—

267 4479 386 4538 bit,
435 4477 694 4530 hortatur
724 4515 738 4538 ,
797 4483 858 4528 ut
910 4474 962 4527 in
1021 4482 1130 4526 tam
1184 4483 1440 4540 corrupto
1494 4471 1690 4524 saeculo
1735 4479 1790 4523 et

267 4555 416 4598 tanta
466 4545 716 4599 omnium
753 4544 969 4598 vivendi
1011 4542 1260 4604 licentia,
1309 4542 1384 4594 ita
1435 4542 1605 4594 vitam
1637 4541 1789 4593 insti—

266 4624 440 4676 tuant,
465 4624 527 4668 ut
553 4629 650 4669 eos
671 4615 852 4669 caeteri
884 4627 1070 4668 omnes
1095 4620 1348 4678 tanquam
1373 4625 1580 4664 morum
1601 4625 1788 4664 exem-

265 4685 384 4752 plar
415 4685 754 4747 intueantur,
783 4692 839 4737 et
867 4682 1155 4736 imitandos
1182 4681 1284 4734 sibi
1314 4691 1633 4752 proponant.
1656 4679 1787 4732 Bre-

263 4751 519 4822 viterque
567 4753 851 4815 ostendit,
900 4761 1099 4822 quanta
1155 4752 1225 4804 sit
1271 4751 1698 4822 sacerdotibus,
1735 4758 1790 4802 et

265 4819 572 4890 praesertim
603 4819 1250 4892 episcopisfnecessitas
1299 4819 1500 4892 indicta
1547 4819 1787 4887 probita-

265 4895 371 4957 tis,
414 4900 602 4960 utpote
636 4890 770 4947 eum
795 4890 995 4945 eorum
1043 4905 1239 4960 munus
1288 4890 1360 4960 sit
1400 4899 1784 4960 peccatorum,

267 4973 324 5016 et
375 4959 658 5030 culparum
719 4962 934 5014 veniam
989 4977 1086 5030 pro
1137 4959 1355 5028 reliquis
1399 4959 1704 5013 hominibus
1756 4975 1786 5010 a

267 5033 376 5086 Deo
421 5031 748 5102 deprecari:
782 5043 944 5102 quam
1000 5031 1044 5083 si
1079 5030 1264 5102 volunt
1313 5030 1626 5102 impetrare,
1686 5041 1786 5102 ne:

268 5117 420 5156 cesse
474 5098 558 5155 est
611 5112 670 5155 ut
717 5101 820 5169 ipsi
866 5101 933 5153 ab
981 5101 1124 5153 omni
1177 5113 1400 5168 prorsus
1437 5099 1696 5164 crimine,
1740 5098 1786 5151 si

269 5172 382 5216 ἢρνί
429 5181 607 5216 natent
627 5213 642 5216 _
697 5171 938 5216 integros
969 5183 1027 5216 se
1056 5170 1428 5216 imnumesnue
1460 5170 1785 5216 custodiant.

1817 4168 1872 4228 Ῑ)
1897 4199 1988 4240 ces
2015 4201 2026 4236 :
2060 4183 2139 4237 sie
2183 4182 2365 4249 itaque
2395 4180 2520 4234 dum
2565 4179 2698 4234 alios
2725 4179 2998 4243 excitant,
3026 4176 3342 4246 semetipsos
3369 4174 3478 4230 uti-

1892 4289 1997 4342 que
2041 4273 2108 4326 ad
2151 4271 2482 4340 peragendas
2526 4269 2780 4323 excubias
2825 4267 3192 4337 vigilantiores
3233 4276 3472 4321 servant.

1890 4363 2004 4430 Ego
2051 4375 2295 4430 quoque,
2345 4361 2438 4429 qui
2481 4375 2577 4429 pro
2619 4359 2812 4413 castris
2855 4357 3238 4412 ecclesiasticae
3266 4354 3475 4410 militia:

1890 4452 2148 4506 stantium
2181 4459 2454 4519 utcunque
2492 4450 2762 4518 particeps
2808 4463 2928 4502 esse
2955 4457 3173 4502 coactus
3217 4460 3336 4498 sum
3358 4483 3374 4508 ,
3401 4445 3472 4497 ad

1889 4559 2018 4608 vos,
2065 4541 2403 4596 venerabiles
2433 4541 2654 4604 Patres,
2708 4541 2810 4592 ista
2859 4538 3172 4600 conscribo,
3219 4543 3273 4590 et
3303 4535 3476 4602 impo-

1889 4639 1984 4692 lito
2033 4637 2172 4707 ston
2223 4635 2378 4704 quasi
2427 4635 2608 4688 raucis
2651 4631 2874 4688 vocibus
2921 4641 3240 4699 perstrepo:
3277 4643 3382 4680 non
3415 4635 3475 4680 ut

1889 4745 1985 4783 vos
2033 4743 2194 4798 sopor
2238 4727 2488 4790 deserat,
2539 4734 2724 4796 utpote
2773 4735 2991 4778 strenue
3035 4721 3350 4792 vigilantes,
3381 4717 3476 4772 sed

1888 4832 1948 4874 ut
1999 4835 2087 4874 me
2138 4817 2318 4890 potius
2365 4818 2642 4883 excitem,
2689 4815 2786 4870 sub
2819 4823 3034 4882 torpore
3079 4809 3294 4866 desidiae
3325 4809 3477 4878 igno-

1888 4909 2135 4964 rabiliter
2164 4908 2512 4964 oscitantem.
2565 4908 2720 4976 Smpe
2767 4917 2997 4972 namque
3041 4900 3232 4956 melius
3269 4898 3370 4967 ipsi
3400 4896 3480 4950 di-

1889 5001 2122 5067 scimus,
2173 5001 2300 5055 dum
2333 5003 2634 5064 docemus,
2681 5005 2736 5052 et
2763 5010 2916 5064 quast
2965 4992 3184 5061 proprio
3211 5003 3306 5042 ore
3333 5002 3480 5041 com-

1887 5097 2137 5167 pellimur
2165 5093 2422 5162 exsequi,
2461 5097 2617 5158 quod
2647 5091 2764 5146 aliis
2805 5086 3165 5148 inculcamus,
3197 5080 3486 5135 Salomone

2321 5183 2334 5216 :
2366 5182 2440 5216 ..ιο
2471 5196 2486 5209 ο
2527 5203 2550 5216 .
2587 5183 2770 5216 Ληιιηη
2803 5176 3096 5216 ιιιιιηιιοηιίς
3123 5172 3336 5216 laborat
3361 5168 3482 5216 sibi.

1889 5195 2180 5216 nI'Ar-.nnnln
2246 5183 2334 5216 ηιιῖ
2366 5182 2440 5216 oi!
2471 5196 2486 5209 ο
