3964 5310
559 323 664 379 253

1097 323 1151 379 S.
1194 323 1396 379 PETRI
1436 318 1715 378 DAMIA‘NI
1755 322 1905 378 OPP.
1945 321 2126 376 PARS
2154 318 2285 377 SEU
2324 319 2558 376 TOMUS
2596 319 2636 374 ῐ.
2673 351 2742 360 -
2779 319 3000 376 EPIST.
3041 320 3171 376 Lm.
3211 320 3345 376 Vllt.

3710 320 3803 375 256

552 453 694 508 pene
737 438 1018 508 disciplina
1057 439 1380 510 negligitur,
1437 441 1613 495 debita
1651 442 2018 496 sacerdotibus
2047 455 2132 494 re-
2160 444 2206 499 Α
2234 435 2554 506 Apocalypsi
2583 450 2641 490 se
2667 436 2919 491 didicisse
2961 451 3066 491 non
3096 437 3281 501 tacuit,
3328 433 3421 490 cui
3463 434 3670 490 dictum
3695 446 3800 492 est:

553 530 793 584 verentia
841 546 946 604 non
978 531 1280 599 praebetur,
1330 531 1601 584 canonica:
1632 531 1927 604 sanctiouis
1976 531 2134 584 insti-

554 625 666 674 tuta
704 619 1012 686 calcantur,
1069 631 1127 674 et
1167 621 1264 675 soli
1316 630 1544 675 terrenae
1593 621 1656 691 Lf.
1704 620 2016 675 substantia:
2061 621 2136 674 vel

553 709 868 777 cupiditati,
911 710 988 764 vel
1021 712 1145 781 quid
1178 712 1346 765 simile
1375 711 1524 782 παρη
1565 711 1837 767 inhiantcr
1864 711 2136 782 explenda:

552 798 709 863 digna
760 799 868 854 Deo
917 815 1046 854 cura
1095 801 1346 855 servitur.
1377 800 1432 854 In
1467 800 1792 856 fmderandis
1818 817 1980 872 porro
2009 817 2138 856 con-

550 887 712 958 jugiis
757 887 1025 958 legitimus
1071 892 1201 945 ordo
1232 891 1580 945 confunditur
1611 910 1623 944 :
1663 900 1746 956 et,
1783 907 1816 946 ο
1853 891 2035 947 nefas!
2068 892 2135 947 ab

552 975 632 1028 eis
673 975 724 1028 in
750 977 979 1031 veritate
1015 977 1236 1033 Judaice
1264 980 1494 1043 vivitur,
1543 981 1638 1047 qui
1668 980 1952 1048 superﬁcie
1981 991 2136 1035 tenus

553 1064 860 1121 Christiano
902 1069 1161 1124 vocabulo
1208 1069 1497 1138 palliantur
1528 1087 1540 1123 :
1576 1070 1866 1126 Enimvero
1911 1071 1998 1126 ubi
2049 1088 2138 1126 ra-

551 1156 693 1226 pina:
736 1156 974 1213 desunt?
1003 1162 1090 1214 ubi
1122 1161 1262 1216 furta
1299 1172 1556 1217 caventur
1575 1165 1598 1203 ⁸)
1623 1165 1712 1233 qui
1746 1164 1979 1234 perjuria
1998 1166 2021 1219 ?
2043 1167 2134 1236 qui

554 1243 818 1299 lenocinia
841 1246 863 1298 ?
889 1247 978 1316 qui
1019 1250 1298 1320 sacrilegia
1329 1253 1614 1306 metuunt?
1640 1254 1731 1322 qui
1758 1254 1988 1324 denique
2018 1271 2137 1324 per-

551 1342 765 1401 petrare
789 1336 1038 1404 quaelibet
1061 1341 1395 1396 atrocissima
1418 1344 1644 1400 crimina
1684 1344 2137 1413 perhorrescunt?

551 1421 875 1478 Jamdudum
916 1427 1072 1494 plane
1123 1430 1380 1485 virtutum
1426 1433 1618 1488 studiis
1660 1435 1937 1503 repudium
1980 1437 2134 1490 dedi-

555 1527 708 1577 mus,
757 1516 1106 1587 omniumque
1141 1523 1552 1588 perversitatum
1599 1533 1812 1592 pestes,
1850 1526 1994 1579 velut
2030 1527 2136 1579 im-

555 1612 682 1672 petu
731 1604 911 1673 facto,
942 1603 1182 1666 feraliter
1221 1626 1578 1670 emerserunt.
1627 1616 1731 1672 Sed
1781 1633 1849 1672 ne
1882 1628 2134 1688 tanquam

552 1695 859 1753 cothurnati
892 1703 1208 1770 tragoediam
1244 1707 1522 1762 videamur
1567 1710 1809 1765 attollere
1840 1751 1855 1776 ,
1909 1712 2137 1766 sutIiciat

2243 550 2261 582 ι
2296 530 2604 598 Mysterium
2633 537 2837 598 septem
2884 529 3181 591 stellarum,
3225 544 3359 596 quas
3400 527 3586 580 vidisti
3617 528 3665 581 in
3693 529 3802 583 dex-

2238 626 2352 672 tera
2404 634 2558 683 mea,
2615 628 2670 673 et
2731 627 2932 688 septem
2983 617 3302 674 candelabra
3357 630 3564 682 aurea;
3619 625 3803 685 septem

2237 709 2425 774 stellaa,
2451 710 2624 778 angeli
2655 719 2777 764 sunt
2810 719 3013 778 septem
3038 710 3438 774 Ecclesiarum;
3479 717 3536 763 et
3576 708 3804 765 candela-

2235 803 2332 854 bra
2363 809 2591 868 septem,
2621 808 2824 869 scplem
2859 800 3112 854 Ecclesize
3139 809 3264 854 sunt
3291 800 3484 870 (Apoc.
3512 799 3577 868 ι).
3609 815 3628 850 ι

2308 888 2432 943 "me
2458 889 2620 957 igitur
2644 890 2711 944 ad
2752 891 3010 944 honorem
3045 890 3257 944 condita
3292 889 3347 944 S.
3382 887 3686 942 Salvatoris
3719 889 3804 944 Ec-

2237 980 2398 1036 clesia
2439 980 2652 1034 culmen
2696 995 2759 1035 ac
2799 981 3082 1035 summitas
3126 981 3288 1034 totius
3333 979 3663 1034 Christiana:
3695 980 3804 1033 reli-

2236 1071 2409 1142 gionis
2437 1068 2646 1135 effecta,
2674 1081 2734 1124 ut
2768 1071 2838 1124 ita
2879 1071 3125 1134 dixerim,
3158 1069 3397 1123 Ecclesia
3434 1077 3520 1122 est
3559 1068 3805 1122 Ecclesia-

2237 1177 2391 1221 rutn,
2452 1168 2504 1213 et.
2549 1170 2736 1214 sancta
2793 1169 3122 1214 sanctorum.
3177 1158 3351 1213 Habet
3408 1167 3596 1210 autem
3645 1156 3803 1211 altrin-

2237 1265 2393 1304 secus
2422 1250 2700 1302 beatorum
2737 1250 3100 1319 apostolorum
3131 1248 3272 1302 Petri
3311 1255 3366 1302 et
3400 1246 3561 1300 Pauli
3597 1245 3802 1301 diversis

2235 1340 2454 1408 quidem
2496 1339 2630 1392 locis
2673 1339 2993 1392 constitutas
3044 1338 3353 1401 Ecclesias,
3401 1337 3500 1391 sed
3551 1338 3630 1390 sui
3677 1351 3802 1388 com-

2236 1445 2372 1499 page
2401 1430 2745 1492 sacramenti,
2773 1429 2898 1497 quia
2921 1428 3168 1483 videlicet
3201 1429 3252 1482 in
3298 1425 3802 1496 quodam’meditul-

2237 1518 2310 1572 lio
2343 1518 2536 1587 posita,
2581 1518 2732 1587 quasi
2779 1526 2938 1586 caput
2983 1517 3241 1571 membris
3285 1514 3692 1584 supereminet,
3735 1514 3802 1566 ino

2237 1607 2552 1662 dili'erenter
2608 1607 2808 1661 unitas.
2859 1606 2952 1660 llis
3004 1607 3186 1676 itaque
3249 1615 3514 1674 tanquam
3575 1603 3803 1670 expensis

2239 1704 2433 1759 divina}
2476 1701 2860 1757 misericordia:
2880 1701 3114 1765 brachiis
3141 1715 3348 1754 summa
3387 1699 3502 1761 illa,
3529 1707 3583 1751 et
3612 1697 3800 1750 univer-

553 1782 707 1840 nobis
749 1790 1040 1858 apostolica
1088 1793 1350 1850 duntaxat
1376 1811 1540 1866 super
1583 1798 1664 1853 his
1703 1801 1863 1854 verba
1908 1799 2130 1856 referre.
2163 1786 2209 1845 B
2239 1795 2365 1851 salis
2393 1794 2630 1850 Ecclesia
2679 1810 2894 1850 omnem
2935 1794 3196 1847 ambitum
3241 1791 3408 1846 totius
3446 1788 3597 1842 orbis
3626 1787 3801 1854 ample

552 1871 686 1928 Nam
738 1877 883 1932 velut
927 1873 1221 1950 prophetia:
1255 1886 1520 1954 depromit
1545 1888 1857 1954 oraculum,
1899 1889 2128 1948 dicens:

557 1980 576 2013 ι
613 1961 725 2017 Hoc
750 1975 927 2020 autem
959 1969 1127 2035 scito,
1172 1974 1314 2040 quod
1346 1975 1398 2028 in
1428 1977 1736 2031 novissimis
1761 1977 1948 2032 diebus
1975 1987 2135 2032 erunt

553 2058 792 2119 tempora
821 2054 1117 2121 periculosa
1144 2077 1157 2110 :
1185 2071 1238 2114 et
1260 2072 1416 2116 erunt
1440 2064 1685 2118 homines
1715 2065 1918 2134 seipsos
1947 2082 2134 2121 aman-

553 2147 672 2206 tes,
725 2145 935 2212 cupidi,
992 2151 1249 2216 superbi,
1297 2151 1627 2220 blasphemi,
1678 2156 1990 2223 parentibus
2026 2172 2132 2211 non

553 2232 897 2300 obedientes,
955 2237 1182 2305 ingrati,
1223 2242 1470 2308 scelesti,
1502 2245 1618 2298 sine
1664 2245 1977 2311 affectione,
2013 2249 2133 2303 sine

553 2335 686 2387 pace
713 2361 728 2383 ,
769 2324 1165 2392 criminatores,
1204 2329 1598 2387 incontinentes
1625 2375 1639 2398 ,
1699 2335 1936 2390 immites
1968 2378 1983 2402 ,
2017 2337 2133 2392 sine

553 2409 917 2481 benignitate,
977 2418 1317 2486 proditores,
1370 2425 1646 2491 protervi,
1709 2426 1936 2491 tumidi,
1985 2426 2132 2482 volu-

552 2508 758 2566 ptatum
798 2515 1066 2560 amatores
1111 2511 1284 2578 magis
1320 2520 1480 2580 quam
1522 2513 1613 2568 Dei
1660 2531 1672 2566 :
1719 2515 1976 2570 habentes
2015 2518 2134 2585 qui-

553 2589 675 2642 dem
707 2588 811 2659 53
839 2595 1070 2662 speciem
1115 2600 1448 2666 sanctitatis,
1495 2603 1751 2656 virtutem
1795 2615 1974 2659 autem
2017 2606 2133 2674 ejus

551 2679 882 2749 abnegantes
911 2684 995 2755 (II
1031 2686 1164 2740 Tim.
1189 2693 1293 2760 Ill).
1338 2710 1356 2742 ι
1389 2691 1534 2746 Inter
1567 2695 1678 2748 haec
1711 2710 1838 2764 ergo
1881 2707 1986 2750 tam
2009 2713 2133 2766 pro-

553 2768 717 2825 funda
767 2775 1120 2841 periclitantis
1176 2783 1358 2835 mundi
1404 2783 1723 2855 naufragosa
1778 2789 2130 2856 discrimina,

553 2858 697 2913 inter
729 2870 805 2915 tot
834 2864 1069 2921 immane
1089 2879 1336 2936 patentes
1362 2873 1676 2939 perditionis
1703 2877 1950 2932 humana:
1975 2895 2132 2933 vora-

553 2949 729 3015 gines,
781 2953 970 3008 unicus
1015 2966 1070 3010 et
1115 2959 1403 3026 singularis
1457 2976 1642 3031 portus
1688 2965 1928 3021 Romana
1983 2978 2131 3038 patet

554 3038 832 3096 Ecclesia:
862 3053 934 3108 et,
960 3054 1017 3098 ut
1040 3046 1113 3100 ita
1149 3048 1336 3114 fatear,
1379 3056 1687 3121 pauperculi
1726 3059 2008 3125 piscatoris
2045 3069 2128 3117 est

554 3139 742 3197 parata
774 3147 992 3203 sagcna,
1019 3153 1138 3206 quae
1165 3156 1352 3196 omnes
1378 3143 1444 3197 ad
1483 3160 1542 3198 se
1585 3147 1793 3203 sincere
1821 3153 2130 3222 confugien-
2157 3127 2201 3189 C

555 3225 639 3272 tes
667 3219 731 3274 de
753 3223 1105 3288 procellarum
1135 3229 1604 3287 inttnnescentium
1653 3236 1902 3294 ﬂuctibus
1948 3219 2127 3310 eripi},

556 3316 613 3361 et
641 3309 693 3362 itt
721 3309 899 3367 littore
922 3315 1213 3372 salutifera:
1237 3321 1433 3388 quietis
1456 3327 1694 3393 exponit.
1721 3327 1859 3383 llinc
1881 3339 1962 3384 est
1987 3309 2130 3400 quod

557 3398 672 3466 ipsa
720 3400 958 3459 Ecclesia
1009 3409 1478 3467 excellentioribus
1536 3429 1646 3484 prae
1711 3418 1921 3474 caeteris
1968 3398 2133 3476 totius

556 3492 706 3547 orbis
750 3494 1005 3552 Ecclesiis
1053 3501 1243 3555 nititur
1286 3504 1598 3574 privilegiis,
1655 3510 1748 3562 sed
1793 3519 1848 3563 et
1893 3513 2133 3582 mysticis

557 3581 721 3636 etiam
747 3584 991 3644 instituta
1017 3598 1178 3660 atque
1203 3593 1458 3663 disposita
1487 3612 1592 3652 non
1623 3599 1915 3670 ambigitur
1952 3581 2141 3659 sacrae

558 3675 776 3730 mentis.
823 3675 979 3744 Nam,
1039 3691 1099 3736 ut
1149 3684 1218 3738 de
1258 3686 1500 3754 pluribus
1544 3703 1711 3756 pauca
1753 3693 2133 3763 perstringam,

560 3765 939 3826 Lateranensis
964 3773 1227 3842 Ecclesia,
1258 3778 1398 3833 sicut
1425 3779 1718 3838 Salvatoris
1758 3793 1842 3839 est
1881 3785 2136 3856 insignita

557 3859 842 3924 vocabulo,
873 3864 963 3932 qui
992 3865 1245 3922 nimirum
1269 3871 1506 3926 omnium
1529 3882 1690 3942 caput
1713 3883 1796 3928 est
1821 3875 2136 3944 electorum,

560 3947 634 4000 ita
673 3960 866 4017 mater,
913 3963 967 4008 et
1005 3957 1219 4024 quidam
1261 3975 1419 4028 apex,
1463 3972 1517 4016 et
1557 3972 1742 4018 vertex
1776 3975 1857 4020 est
1897 3968 2138 4023 omnium

559 4049 658 4103 per
720 4039 904 4094 orbem
955 4042 1333 4102 Ecclesiarum.
1390 4049 1514 4104 Haec
1576 4062 1781 4120 septem
1836 4055 2140 4112 cardinales

562 4123 726 4178 habet
784 4129 1098 4198 episcopos,
1149 4137 1345 4203 quibus
1402 4139 1532 4192 solis
1587 4152 1707 4210 post
1752 4145 2139 4212 apestolicum,

561 4223 968 4267 sacrosanctum
1002 4218 1126 4271 illud
1172 4223 1344 4278 altare
1381 4224 1504 4279 licet
1545 4230 1839 4295 accedere,
1882 4247 1946 4286 ac
1975 4235 2140 4288 divini

562 4301 741 4356 cultus
766 4305 1019 4373 mysteria
1061 4309 1354 4367 celebrare.
1392 4314 1448 4367 In
1471 4331 1577 4385 quo
1607 4320 1858 4373 nimirum
1886 4322 2011 4375 illud
2041 4324 2142 4377 Za-

562 4395 761 4450 chariae
807 4398 1116 4454 continetur
1161 4403 1438 4458 evidenter
1485 4407 1757 4462 oraculum
1811 4427 1824 4462 :
1882 4430 1901 4460 ε
1958 4412 2136 4480 Ecce,

562 4483 759 4554 inquit,
785 4486 939 4556 lapis,
965 4504 1122 4558 quem
1154 4493 1273 4547 dedi
1305 4509 1486 4549 coram
1527 4496 1651 4551 Jesu
1677 4517 1689 4552 :
1721 4515 1880 4568 super
1909 4502 2138 4572 lapidem

563 4590 726 4628 unum
753 4587 956 4647 septem
983 4582 1124 4635 oculi
1152 4592 1275 4637 sunt
1303 4584 1486 4656 (Zach.
1537 4589 1676 4659 vin).
1721 4609 1740 4642 ›
1773 4590 1933 4661 Lapis
1960 4603 2136 4649 autem

565 4668 667 4724 iste
697 4670 784 4724 illa
813 4673 998 4740 procul
1024 4674 1184 4729 dubio
1227 4688 1374 4746 petra
1420 4688 1524 4745 est,
1566 4680 1633 4734 de
1666 4697 1768 4750 qua
1795 4697 1956 4738 verus
1982 4684 2139 4740 Jesus

562 4757 722 4813 Petro
748 4760 1048 4828 pollicetur,
1076 4765 1258 4819 dicens
1289 4784 1300 4818 :
1335 4786 1351 4815 ι
1390 4767 1564 4836 Super
1603 4769 1740 4822 hanc
1779 4772 1983 4838 petram
2011 4773 2140 4826 :edi-

564 4848 736 4901 tieabo
761 4849 1056 4906 Ecclesiam
1082 4871 1256 4908 meam
1279 4856 1496 4924 (Matth.
1525 4859 1656 4928 xvi).
1691 4877 1708 4909 ι
1741 4860 1953 4928 Septem
1977 4862 2138 4932 igitur

564 4937 747 4992 oculos
778 4940 937 4995 habet
967 4944 1080 4999 haec
1107 4955 1281 5013 petra,
1309 4949 1432 5015 quia
1465 4949 1682 5002 totidem
1708 4952 1879 5005 sancti
1909 4952 2139 5020 Spiri;us

565 5030 722 5083 donis
766 5043 951 5087 sancta
1001 5037 1278 5105 praefulget
1331 5038 1594 5104 Ecclesia,
1643 5039 1838 5108 quibus
1885 5041 2136 5095 nimirum

565 5117 712 5172 velut
745 5121 1131 5178 candelabrum
1173 5142 1394 5180 aureum
1451 5128 1956 5200 inexstiuguibiliter
2001 5131 2136 5184 ruti-

2235 1891 2422 1943 ctitur.
2483 1887 2685 1944 Omnes
2735 1889 2826 1958 qui
2872 1887 3066 1942 salvari
3107 1893 3402 1956 appetunt,
3460 1883 3515 1936 in
3572 1890 3798 1935 materna:

2233 1979 2449 2050 pietatis
2476 1979 2681 2049 gremio
2719 1978 2968 2034 confovet
2993 1987 3047 2032 et
3078 1985 3277 2031 tuetur.
3318 1974 3433 2028 liae
3475 1972 3649 2035 Jcsus,
3678 1985 3797 2068 sum-

2234 2087 2355 2124 tuus
2403 2071 2654 2125 videlicet
2700 2070 2976 2139 pontifex,
3022 2082 3146 2123 arce
3207 2063 3506 2127 subnixus,
3558 2071 3714 2115 totam
3753 2063 3795 2110 in

2234 2159 2364 2211 orbe
2413 2167 2682 2212 terrarum
2727 2158 3021 2212 Ecclesiam
3061 2173 3211 2211 suam
3245 2156 3297 2209 in
3339 2150 3668 2209 sacramenti
3697 2149 3792 2201 uni-

2236 2256 2347 2305 tate
2377 2247 2730 2311 confmderat,
2764 2258 2822 2300 ut
2845 2263 2983 2302 unus
3027 2248 3299 2310 sacerdos,
3323 2260 3434 2297 una
3469 2240 3667 2296 merito
3698 2253 3792 2291 cre-

2234 2337 2392 2390 datur
2421 2337 2678 2391 Ecclesia.
2706 2337 2858 2392 Unde
2886 2352 2984 2406 per
3008 2336 3326 2406 prophetam
3354 2333 3563 2388 dicitur
3587 2347 3599 2381 :
3628 2349 3643 2380 ι
3677 2328 3792 2380 Ecce

2232 2428 2316 2482 vir
2342 2428 2536 2482 Oriens
2571 2442 2762 2482 nomen
2811 2426 2951 2495 ejus,
2997 2436 3053 2481 et
3095 2426 3283 2481 Subter
3326 2438 3454 2478 eum
3497 2420 3712 2480 orietur,
3750 2423 3792 2468 et

2233 2518 2520 2572 mdilicabit
2569 2518 2820 2587 templum
2865 2518 3113 2580 Domino,
3154 2525 3208 2570 et
3251 2515 3364 2584 ipse
3399 2519 3644 2569 exstruet
3681 2518 3792 2562 tem-

2231 2607 2398 2677 plum,
2429 2617 2480 2661 et
2505 2607 2738 2677 portabit
2772 2605 3018 2676 gloriam,
3061 2615 3114 2660 et
3161 2605 3389 2668 sedebit,
3419 2612 3474 2658 et
3517 2596 3790 2656 dominabi-

2233 2704 2318 2749 tur
2345 2710 2506 2764 super
2525 2695 2715 2748 solium
2743 2710 2923 2759 suum,
2967 2703 3021 2749 et
3063 2695 3168 2749 erit
3208 2695 3466 2748 sacerdos
3495 2704 3650 2758 super
3677 2685 3789 2740 solio

2231 2801 2330 2842 suo
2355 2785 2540 2856 (Zach.
2563 2785 2660 2856 vt).
2697 2804 2715 2836 ι
2756 2784 2860 2839 Sed
2885 2785 3007 2854 quia
3038 2785 3190 2840 nobis
3221 2799 3327 2837 non
3373 2791 3461 2837 est
3490 2777 3788 2851 propositum

2232 2883 2423 2928 cuncta
2471 2874 2761 2944 ﬁgurarum
2812 2874 3068 2944 mysteria
3122 2873 3262 2927 illius
3313 2868 3787 2941 comprehendere,

2233 2960 2343 3032 54
2368 2962 2480 3015 haec
2507 2961 2626 3015 aliis
2654 2961 3042 3016 consideranda
3089 2961 3471 3029 relinquimus,
3511 2959 3576 3012 ad
3622 2956 3787 3010 exhor-

2233 3057 2452 3111 tationis
2497 3071 2627 3112 vero
2676 3056 2894 3123 seriem,
2945 3056 3088 3112 sicut
3133 3055 3490 3120 instituimus,
3533 3047 3786 3106 articulum

2234 3144 2598 3199 reﬂectamus.

2302 3235 2410 3289 Nos
2441 3235 2644 3304 itaque,
2676 3234 2872 3290 fratres
2902 3237 3028 3302 mei,
3059 3244 3117 3291 ut
3162 3244 3216 3291 et
3255 3250 3339 3289 me
3367 3234 3524 3288 vobis
3557 3230 3783 3285 audenter

2232 3322 2586 3382 ittterl'eram:
2621 3341 2741 3391 nos,
2786 3327 3030 3396 inquam,
3057 3328 3147 3396 qui
3196 3335 3456 3394 tanquam
3497 3330 3692 3390 septem
3716 3330 3775 3369 su.

2232 3434 2355 3474 mus
2381 3420 2520 3473 oculi
2551 3434 2714 3487 super
2759 3419 2989 3488 lapidem
3035 3436 3222 3484 unum,
3249 3419 3341 3488 qui
3373 3417 3648 3472 stellarum
3685 3423 3783 3480 por-

2233 3514 2412 3562 tamus
2454 3507 2764 3577 imaginem,
2818 3508 2908 3578 qui
2954 3508 3262 3576 angelorum
3310 3516 3556 3560 tenemus
3599 3515 3688 3571 per
3708 3511 3778 3551 ³η·

2238 3595 2591 3648 nuntiationis
2638 3594 2866 3650 cilicium
2912 3596 3263 3666 dignitatem,
3310 3596 3610 3655 videamus,
3638 3586 3781 3657 splen-

2235 3685 2478 3750 deamus,
2533 3693 2588 3739 et
2616 3687 2780 3740 verba
2815 3686 2940 3740 vita:
2988 3686 3206 3757 pepulis
3230 3700 3336 3739 non
3368 3682 3542 3738 solum
3571 3674 3782 3746 vocibus,

2237 3777 2334 3832 sed
2381 3785 2436 3832 et
2483 3777 2725 3832 moribus
2774 3778 3108 3830 nuntiemus.
3172 3776 3489 3829 Sermonem
3550 3764 3781 3836 siquidm!l

2236 3867 2644 3938 praedicantium
2678 3867 2854 3934 lingua
2883 3866 3098 3934 quidem
3131 3865 3362 3926 nuntiat,
3388 3863 3486 3917 sed
3523 3860 3626 3913 vita
3655 3865 3780 3948 celti-

2238 3956 2476 4011 mendat.
2507 3954 2677 4008 Porro
2706 3955 2831 4024 quia
2859 3953 2924 4006 ad
2956 3953 3320 4007 Lateranense
3364 3949 3620 4020 palatium
3654 3957 3681 3994 a
3709 3939 3776 3992 di-

2239 4047 2410 4101 versis
2453 4044 2662 4114 populis
2713 4044 2777 4097 de
2836 4052 2946 4096 toto
2996 4053 3261 4096 terrarum
3316 4040 3450 4094 orbe
3503 4030 3781 4091 conﬂuitur,

2239 4151 2466 4192 necesse
2511 4145 2594 4190 est
2633 4143 2692 4188 ut
2731 4135 2800 4188 ibi
2838 4149 2948 4202 prae
2977 4133 3190 4188 caeteris
3219 4131 3427 4201 uspiam
3457 4128 3621 4188 locis,
3659 4125 3780 4174 recta

2242 4243 2459 4296 semper
2488 4226 2700 4281 vivendi
2733 4226 2803 4279 sit
2828 4225 3020 4289 forma,
3052 4225 3296 4279 districta
3329 4230 3575 4276 teneatur
3599 4209 3781 4306 assidue

2241 4319 2343 4371 sub
2408 4317 2650 4371 honestis
2699 4316 2938 4370 moribus
2987 4316 3289 4384 disciplina.
3345 4315 3413 4368 Et
3464 4318 3701 4377 tanquam
3742 4311 3780 4395 ξι

2236 4404 2436 4474 jugiter
2457 4405 2634 4474 jaceat
2672 4404 2723 4456 in
2753 4403 2970 4457 fornace
2994 4414 3230 4467 moneta,
3261 4417 3380 4471 qua:
3407 4400 3547 4454 hesis
3579 4396 3781 4447 nouunt!

2169 4469 2215 4528 Β
2237 4469 2497 4550 reiormet
2523 4494 2809 4562 imaginem
2836 4511 2850 4559 ;
2886 4495 2963 4548 sic
2988 4495 3039 4547 in
3068 4492 3391 4548 sacerdotali
3415 4491 3570 4546 domo
3595 4486 3777 4538 omnem

2240 4586 2545 4656 depravata:
2588 4585 2709 4639 vita:
2748 4599 2860 4638 sua:
2888 4585 3083 4638 debent
3113 4585 3361 4639 homines
3414 4579 3673 4647 corrigere
3699 4563 3779 4619 lal-

2239 4679 2476 4731 sitatem.
2505 4676 2655 4742 Quod
2687 4675 2731 4728 si
2769 4675 2934 4744 ipsius
2962 4684 3187 4729 monctze
3246 4673 3573 4730 oblitterata,
3603 4660 3676 4715 vel
3699 4657 3776 4711 de-

2241 4771 2363 4826 trita
2390 4769 2460 4824 sit
2489 4767 2692 4837 regula,
2721 4775 3000 4836 postquam
3041 4766 3270 4821 metallis
3312 4762 3644 4833 imprimitur,
3669 4759 3774 4850 non

2240 4875 2510 4922 nummus,
2543 4859 2634 4913 sed
2660 4859 3098 4927 paracaraximus
3138 4858 3214 4927 (id
3241 4867 3341 4923 est,
3389 4856 3505 4910 sine
3549 4845 3681 4908 nota)
3707 4845 3773 4891 ίη·

2225 4951 2475 5005 venitur.
2507 4947 2622 5002 Non
2654 4963 2782 5017 ergo
2813 4948 3173 5017 quorumlibet
3202 4949 3479 5003 hominum
3513 4955 3610 4998 tam
3640 4943 3772 5017 nom

2238 5047 2322 5094 est
2343 5053 2504 5108 quam
2531 5016 2764 5106 pravitas
2812 5016 3174 5100 sacerdotum,
3199 5037 3323 5090 dum
3351 5037 3699 5106 proponuntur
3719 5016 3770 5071 ad

2236 5129 2558 5199 exemplum.
2592 5126 2724 5180 Nam
2748 5127 2837 5196 qui
2863 5127 2968 5180 dux
2997 5127 3207 5180 itineris
3233 5126 3592 5186 constituitur,
3617 5117 3656 5171 si
3680 5114 3771 5212 itlse
