3964 5310
181 247 306 304 Ξὸἲ

1369 255 1566 310 LIBER
1609 255 1990 322 SECUNDUS,
2035 258 2249 316 El’lST.
2296 263 2333 316 Ι.

3351 276 3454 333 258

181 363 298 419 llic
325 364 606 418 evidenter
630 366 928 420 ostenditur
954 366 1085 421 nihil
1113 368 1254 424 aliud
1293 385 1411 425 esse
1439 371 1766 440 pontificem,
1797 380 1848 433 Α
1873 370 2152 440 piendisve
2209 375 2560 446 dignitatibus
2607 378 2988 438 ecclesiasticis
3032 399 3136 440 una
3195 388 3455 448 duntaxat

177 470 356 522 quam
392 455 518 508 boni
567 456 746 523 operis
789 466 1127 512 sectatorem.
1175 459 1291 514 Non
1329 461 1472 515 enim
1500 461 1654 525 tlixit,
1679 462 1775 515 bo-

179 561 318 598 nam
349 545 690 614 dignitatem,
713 548 792 600 vel
822 547 1017 602 bonum
1044 549 1299 606 honorem
1323 553 1614 617 desiderat,
1639 553 1730 606 sed
1757 569 1770 605 :

185 655 211 687 α
254 637 350 704 Qui
390 637 759 706 cpisc0patum
812 639 1111 706 desiderat,
1160 643 1356 696 bonum
1399 659 1532 712 opus
1565 643 1774 698 deside-

180 740 329 782 rat.»
362 730 440 781 Ae
471 728 516 782 si
548 729 728 782 dicat:
765 728 861 794 Qui
904 732 971 785 ad
1003 732 1368 800 episcopatum
1401 733 1617 787 anhelat
1652 748 1774 802 pos-

180 821 469 876 sidendum
504 820 623 874 sine
643 820 783 874 bono
806 836 984 891 Opere,
1010 823 1169 877 inane
1193 824 1308 877 vult
1332 840 1524 879 nomen
1549 824 1772 878 induere

181 913 307 966 sine
343 911 418 964 rei
454 911 625 979 ipsius
660 911 902 966 veritate.
939 911 1054 966 Non
1082 927 1210 981 ergo
1242 921 1453 967 constat
1489 914 1768 982 episcopa-

186 1012 276 1057 tus
337 1005 389 1058 in
451 1005 664 1060 turritis
711 1003 1114 1059 Gchellinorum
1147 1043 1161 1068 ,
1219 1004 1768 1056 transmarinarumve

183 1095 422 1149 ferarum
453 1097 632 1166 pileis,
669 1112 774 1150 non
813 1097 864 1149 in
893 1094 1292 1148 flammantibus
1325 1094 1617 1149 Martorum
1643 1095 1770 1150 sub-

180 1187 512 1244 mentalibus
557 1189 718 1248 rosis.
769 1203 873 1242 non
926 1187 978 1240 in
1025 1186 1363 1241 bractearum
1392 1187 1768 1242 circumfluen-

182 1283 316 1335 tium
346 1281 608 1351 phaleris,
637 1298 742 1335 non
775 1281 1006 1349 denique
1045 1281 1097 1334 in
1126 1281 1432 1350 glomeratis
1453 1281 1760 1350 constipan-

185 1377 317 1430 tium
355 1376 590 1430 militum
623 1374 828 1438 cuneis,
861 1388 1034 1442 neque
1071 1373 1124 1427 in
1160 1372 1512 1428 frementibus
1539 1389 1603 1427 ac
1641 1388 1766 1443 spu-

181 1466 387 1520 mantia
425 1465 579 1520 frena
611 1464 988 1519 mandentibus
1020 1466 1202 1533 equis;
1255 1467 1348 1520 sed
1385 1466 1436 1519 in
1486 1466 1765 1520 honestate

182 1572 418 1620 morum,
449 1565 503 1610 et
533 1565 841 1610 sanctarum
880 1555 1268 1610 exercitatione
1316 1557 1594 1610 virtutum.
1623 1555 1764 1610 Mox-

179 1659 285 1712 que
313 1644 629 1714 subjungit:
670 1661 688 1694 ‹
721 1641 942 1713 Oportet
972 1645 1282 1714 episcopum
1318 1645 1763 1716 irreprehensibi-

180 1733 283 1789 lem
324 1751 445 1789 esse
483 1733 692 1804 (lbid.).
727 1753 746 1785 ι
780 1733 881 1788 llic
909 1743 1067 1788 tanta:
1107 1733 1218 1788 vult
1259 1750 1378 1790 esse
1416 1735 1760 1805 perfectionis

177 1825 514 1895 episc0pum,
543 1837 604 1881 ut
637 1843 772 1896 pene
797 1838 948 1883 extra
981 1838 1226 1883 naturam
1251 1829 1500 1900 loquatur
1529 1831 1760 1899 Aposto-

177 1915 278 1970 lus.
310 1917 445 1984 Quis
474 1919 620 1972 enim
651 1919 702 1972 in
733 1935 897 1974 carne
925 1921 1250 1975 constitutus
1281 1931 1387 1975 tam
1415 1933 1569 1976 caute
1599 1923 1757 1984 vivat,

179 2017 285 2060 tam
341 2023 401 2062 se
448 2008 681 2062 sollicite
727 2009 961 2079 undique
1019 2011 1435 2081 circumspiciat,
1476 2021 1534 2066 ut
1577 2026 1759 2080 repre-

177 2095 334 2149 bendi
362 2095 655 2164 aliquando
683 2099 950 2167 nequeat?
981 2099 1071 2153 Va:
1101 2100 1184 2154 his
1213 2101 1304 2169 qui
1337 2109 1389 2154 et
1417 2100 1759 2171 reprehensi-

178 2187 354 2241 biliter
392 2189 603 2252 vivunt,
643 2199 698 2242 et
727 2188 905 2244 locum
948 2190 1498 2260 irreprebensibiliter
1545 2192 1759 2247 vivendi

177 2278 349 2331 adhuc
382 2279 862 2347 reprchensibilius
901 2281 1319 2349 concupiscunt!
1369 2283 1447 2336 Ex
1479 2285 1565 2338 his
1605 2286 1758 2340 nimi-

175 2384 287 2421 rum
309 2379 462 2434 sunt,
493 2371 584 2440 qui
623 2371 1002 2428 obliviscentes
1045 2373 1293 2429 affectum
1333 2377 1666 2446 cognationis
1705 2387 1760 2434 et

174 2463 380 2529 patriae,
423 2473 728 2532 sequuntur
770 2471 950 2518 castra
995 2480 1178 2534 regum
1212 2482 1308 2535 per
1347 2468 1524 2538 ignota
1555 2481 1609 2523 et
1637 2472 1759 2524 bar-

172 2551 296 2604 bara
348 2566 514 2620 regna
565 2561 852 2605 terrarum.
892 2553 956 2606 Et
998 2555 1063 2606 ad
1109 2553 1209 2607 hoc
1243 2571 1335 2608 eos
1380 2556 1602 2626 impellit
1633 2573 1759 2625 pcr-

172 2645 413 2697 enntinm
447 2645 673 2699 ambitio
720 2645 1058 2715 dignitatum,
1097 2647 1240 2715 quod
1281 2657 1607 2717 extorquere
1650 2666 1756 2704 non

168 2739 341 2806 potuit
389 2739 694 2793 cmlestium
746 2741 1034 2810 promissio
1083 2742 1455 2810 praemiorum;
1509 2753 1564 2797 ut
1611 2746 1753 2799 enim

169 2845 272 2882 non
306 2830 419 2882 sint
453 2830 746 2884 domestica
802 2829 1058 2885 facultate
1107 2833 1382 2896 contenti,
1431 2834 1565 2887 fiunt
1614 2835 1754 2903 apud

167 2929 458 2973 extraneos
513 2921 820 2989 peregrini:
851 2929 1012 2990 atque
1057 2937 1218 2990 super
1270 2923 1404 2976 alios
1449 2923 1528 2976 vel
1566 2923 1752 2978 Seram

165 3010 438 3079 arripiant
490 3010 741 3076 ferulam,
788 3011 976 3065 duram
1007 3013 1135 3082 ipsis
1161 3017 1449 3083 propositis
1496 3017 1753 3072 exhibent

168 3103 497 3158 clientelam.
541 3105 826 3160 Enimvero
858 3106 1113 3160 facilioris
1149 3109 1322 3162 exitus
1354 3109 1544 3173 fuerat,
1587 3112 1627 3164 si
1657 3127 1753 3180 pro

165 3195 464 3248 honoribus
487 3196 752 3250 venaliter
789 3197 1130 3266 acquirendis
1161 3200 1415 3268 pecunias
1453 3201 1556 3271 55
1586 3203 1753 3257 semel

161 3293 558 3360 appenderent,
604 3308 767 3361 quam
825 3300 902 3344 tot
950 3291 1212 3351 laborum.
1250 3303 1330 3347 tot
1378 3311 1752 3363 prcssurarum

162 3380 444 3434 molestias
496 3381 847 3433 sustinerent.
888 3379 1024 3433 Nam
1056 3395 1177 3434 cum
1220 3383 1474 3449 propheta
1519 3383 1584 3436 de
1637 3383 1772 3436 viro.

151 3471 300 3538 justo
329 3473 517 3527 dicat:
555 3491 573 3523 t
605 3471 708 3537 Qui
735 3471 941 3526 excutit
971 3487 1163 3526 manus
1204 3487 1329 3527 suas
1367 3474 1433 3528 ab
1462 3474 1606 3528 omni
1640 3489 1752 3528 mu-

159 3576 292 3616 nere
334 3561 468 3632 (Isa.
516 3562 711 3633 xxxii),
750 3581 769 3614 ι
804 3562 923 3632 quis
970 3578 1092 3616 eum
1129 3578 1156 3617 a
1201 3579 1482 3618 munerum
1535 3575 1751 3634 praesta-

162 3656 312 3709 tione
339 3655 611 3720 defendat,
641 3655 733 3724 qui
761 3663 816 3709 et
847 3656 1195 3725 semetipsum
1241 3656 1431 3710 alienae
1473 3659 1750 3713 servitutis

157 3747 390 3816 imperio
418 3748 693 3817 subjugat,
733 3755 786 3802 et
813 3747 1029 3816 insuper
1069 3748 1122 3801 in
1153 3748 1421 3802 diuturna:
1451 3749 1750 3818 expeditio-

157 3842 243 3896 nis
274 3843 546 3912 impensas
575 3841 890 3894 facultatum
919 3855 1138 3894 suarum
1171 3839 1317 3894 lucra
1353 3840 1640 3910 proﬂigat?

229 3935 344 4004 (85)
370 3935 534 3988 Plane
563 3934 876 4004 prophetica
915 3933 999 3987 illa
1028 3934 1293 3988 sententia
1323 3935 1402 3988 sic
1429 3935 1743 4002 exponitur,

151 4037 216 4080 ut
246 4027 347 4080 tria
375 4027 628 4081 dicantur
654 4041 932 4080 munerum
960 4041 1182 4096 genera,
1224 4027 1432 4080 scilicet
1471 4042 1666 4081 munus
1711 4042 1743 4080 a

155 4132 339 4180 manu,
376 4131 574 4170 munus
603 4116 672 4169 ab
699 4114 975 4184 obsequio,
1011 4131 1205 4170 munus
1250 4132 1279 4168 a
1315 4114 1518 4184 lingua.
1564 4114 1743 4184 Siqui-

154 4208 275 4261 dem
323 4223 518 4261 munus
549 4222 578 4260 a
613 4221 775 4258 manu
818 4205 1088 4274 pecunia:
1133 4221 1325 4259 munus
1372 4205 1439 4260 ab
1481 4205 1741 4274 obsequio

149 4299 460 4354 obedientia
489 4297 876 4368 subjectionis:
913 4313 1106 4352 munus
1151 4313 1182 4351 a
1218 4297 1396 4366 lingua
1428 4296 1579 4351 favor
1608 4298 1741 4352 adu-

153 4392 390 4446 lationis.
433 4391 648 4446 Etcum
680 4391 749 4445 ab
782 4405 1102 4459 unoquoque
1133 4389 1324 4443 horum
1351 4403 1544 4442 manus
1574 4403 1737 4443 excu-
1766 4412 1814 4472 ι)

155 4479 363 4534 tiendas
392 4481 654 4550 pr0pheta
684 4479 984 4542 denuntiet.
1013 4477 1262 4532 omnibus
1291 4477 1373 4531 liis
1413 4491 1606 4532 manus
1631 4478 1734 4531 im-

150 4572 384 4639 plicasse
439 4571 818 4634 convinCitur,
875 4569 964 4638 qui
1026 4569 1398 4623 nanciscendte
1458 4568 1736 4640 dignitatis

152 4661 354 4716 ambitu
388 4671 712 4732 potestatum
745 4660 1055 4716 sublimium
1085 4670 1261 4714 castra
1305 4669 1570 4718 seelatur.
1602 4659 1734 4713 Nam

149 4753 275 4806 dum
315 4754 371 4807 in
401 4754 663 4808 vehiculis
693 4751 1058 4821 acquirentlis,
1112 4751 1555 4818 diversorumque
1587 4766 1734 4806 sum-

148 4853 333 4912 ptuum
385 4843 754 4913 apparatibus,
800 4855 908 4896 non
958 4841 1164 4895 modica
1195 4855 1400 4894 summa
1451 4838 1731 4908 profundi-

150 4945 260 5000 tur,
286 4935 377 4990 hic
399 4935 583 5005 procul
613 4933 778 4990 dubio
803 4932 940 4988 dalze
968 4934 1206 5002 pecunia:
1235 4931 1498 4988 obnoxius
1527 4930 1734 4986 inveni-

151 5034 271 5080 tur:
303 5027 396 5095 qui
442 5027 603 5081 etiam
635 5023 768 5078 nulli
815 5023 1033 5077 dubium
1079 5026 1207 5093 quin
1253 5025 1300 5079 ei
1330 5032 1385 5078 et
1413 5024 1732 5096 obsequium

146 5115 407 5184 praebeat,
441 5117 523 5170 cui
554 5117 731 5171 factus
763 5113 971 5168 assecla
997 5115 1096 5170 sub
1127 5126 1276 5169 tanto
1303 5115 1501 5173 laboris
1539 5128 1594 5174 et
1637 5115 1729 5170 iti-

689 5206 700 5220 I
746 5213 758 5220 .
839 5201 878 5220 η
948 5212 958 5220 ι

1874 476 2060 516 earum
2089 479 2207 532 quae
2235 467 2504 535 praedicta:
2534 478 2676 534 sunt,
2701 480 2850 538 peste
2872 478 3254 546 corrumpitur,
3283 481 3456 536 Simo-

1873 551 2041 605 niaca:
2072 554 2342 610 hmreseos
2371 558 2537 611 teneri
2569 559 2792 614 crimine
2812 560 3102 629 judicatur.
3126 567 3298 634 Quam
3323 587 3454 642 ergo

1871 644 1954 698 sui
1996 645 2221 701 afferent
2259 651 2684 718 excusationem,
2723 656 2812 723 qui
2843 654 2966 710 licet
2989 658 3166 715 verbis
3194 678 3300 718 non
3325 679 3454 720 con-

1873 734 2137 791 traxerint
2185 740 2390 794 vernalis
2433 750 2587 810 pacta
2639 748 2966 812 commercii,
3012 754 3322 821 operatione
3368 766 3453 810 ta-

1872 840 1992 917 men
2040 844 2143 881 non
2193 846 2332 895 uno,
2370 835 2462 886 sed
2499 835 2748 890 omnibus
2785 837 2868 892 his
2908 842 3204 908 probantur
3248 847 3453 917 laqueis

1870 911 2102 967 irretiti?
2152 916 2527 974 Verumtamen
2573 920 2782 988 jactant
2826 941 2903 990 se,
2950 940 3004 982 et
3043 945 3108 985 eo
3157 911 3452 1002 gloria-mur

1868 1001 2147 1070 innoxios,
2180 1008 2306 1076 quia
2351 1010 2551 1064 nullam
2585 1013 2772 1067 talenti
2815 1031 3080 1074 summam
3128 1001 3228 1092 pro
3275 1027 3449 1081 susci-

1867 1097 2077 1166 piendis
2105 1100 2398 1156 honoribus
2426 1118 2483 1158 se
2505 1105 2755 1176 pepigere
2780 1107 3016 1164 daturos.
3044 1111 3149 1168 Sed
3181 1115 3267 1170 dic
3292 1118 3448 1183 milii,

1866 1201 1900 1240 ο
1932 1187 2148 1253 clerice,
2180 1192 2424 1261 quisquis
2472 1210 2553 1260 es,
2599 1195 2642 1250 si
2693 1197 2968 1269 redempto
3003 1204 3242 1271 quolibet
3282 1223 3451 1265 aureo

1865 1288 1994 1329 vase
2019 1276 2101 1330 vel
2130 1280 2350 1347 praedio,
2380 1282 2670 1338 distractor
2697 1285 2936 1355 exigeret
2983 1298 3040 1344 ut
3083 1294 3275 1348 retenti
3308 1297 3450 1366 apud

1868 1372 1920 1418 te
1951 1365 2066 1418 vice
2101 1369 2259 1435 pretii
2292 1369 2598 1439 iiujusiiiodi
2650 1374 2751 1428 sibi
2783 1376 3085 1434 sedulitatis
3120 1365 3448 1451 impendium

1865 1454 2168 1521 exhiberes;
2196 1461 2437 1529 nunquid
2465 1477 2570 1516 non
2594 1466 2931 1532 postmodum
2961 1479 3274 1528 constanter
3293 1490 3448 1531 asse-

1866 1559 2017 1600 reres
2039 1556 2110 1610 te,
2130 1549 2268 1616 quod
2292 1562 2571 1621 acceptum
2595 1564 2696 1620 est,
2708 1555 2855 1624 justo
2871 1560 3045 1626 pretio
3067 1567 3448 1634 comparasse?

1865 1652 1970 1690 non
2017 1639 2263 1695 videlicet
2313 1645 2437 1717 quia
2493 1649 2776 1714 pecuniam
2821 1651 3143 1719 per301visti,
3185 1658 3280 1712 sed
3318 1659 3448 1727 quia

1793 1717 1835 1776 Β
1864 1729 2140 1784 servitium
2171 1734 2468 1802 praebuisti.
2516 1737 2736 1794 Diceres
2763 1717 2928 1807 enim,
2974 1751 3030 1799 et
3067 1717 3173 1800 non
3199 1717 3448 1806 fortassis

1863 1822 2204 1892 impudenter
2242 1836 2533 1895 astrueres,
2559 1831 2787 1888 Charius
2826 1836 2954 1902 emi,
2994 1837 3120 1893 dum
3164 1849 3314 1898 tanto
3358 1859 3446 1900 me

1863 1913 2048 1970 labore
2096 1930 2348 1971 vexarem
2381 1959 2396 1983 ,
2446 1919 2573 1974 dum
2618 1923 2776 1977 toties
2833 1922 3146 1982 facultatum
3197 1945 3443 1988 mearum

1861 2016 2107 2076 sumptus
2132 2010 2513 2077 expenderent,
2541 2027 2702 2081 quam
2739 2014 2784 2068 si
2815 2016 2980 2071 semel
3015 2019 3244 2086 praefixae
3266 2037 3441 2092 quan-

1862 2097 2034 2151 titatis
2062 2099 2343 2166 pecuniam
2375 2116 2740 2157 numerarem.
2785 2102 3134 2175 Nequaquam
3175 2123 3303 2181 ergo
3341 2113 3443 2168 sibi

1861 2188 2226 2244 innocentiam
2282 2191 2602 2260 spondeam,
2647 2203 2701 2248 et
2738 2209 2768 2247 a
2819 2193 3136 2252 Simoniacae
3178 2201 3446 2260 hzereseos

1861 2277 2084 2332 maculis
2118 2293 2176 2333 se
2208 2281 2433 2334 mundos
2472 2296 2590 2336 esse
2615 2282 2911 2348 conﬁdant,
2941 2287 3031 2355 qui
3058 2287 3183 2344 licet
3225 2293 3443 2347 metalla

1859 2366 2124 2420 vibrantia
2153 2382 2257 2422 non
2289 2371 2616 2438 appendunt,
2654 2373 2883 2440 pretium
2910 2381 3088 2430 tamen
3131 2393 3230 2448 pro
3269 2383 3444 2436 susei-

1858 2458 2066 2526 piendis
2094 2461 2389 2517 honoribus
2416 2477 2513 2532 per
2550 2463 2902 2532 subjectionis
2942 2476 2996 2522 et
3027 2470 3270 2542 obsequii
3298 2488 3442 2542 qua-

1858 2547 1980 2600 dam
2025 2549 2179 2618 quasi
2237 2551 2436 2605 talenta
2493 2553 2823 2622 persolvunt.
2870 2555 2994 2611 llaec
3057 2559 3319 2616 adversus
3347 2578 3442 2619 eos

1857 2636 1999 2690 dicta
2028 2636 2312 2704 sufﬁciant,
2340 2641 2431 2710 qui
2459 2651 2656 2712 negant
2685 2658 2742 2697 se
2773 2645 2978 2700 venalis
3006 2660 3126 2701 reos
3147 2662 3266 2704 esse
3292 2666 3440 2705 com-

1857 2729 2059 2790 mercii,
2096 2730 2219 2783 dum
2252 2740 2429 2786 tamen
2461 2732 2660 2787 fuerint
2683 2749 2780 2804 pro
2809 2735 3195 2794 dominationis
3231 2741 3437 2797 ambitu

1855 2819 1987 2873 dura
2013 2820 2102 2875 diu
2129 2823 2389 2877 servitute
2413 2824 2640 2891 gravati.

1927 2911 2034 2966 Vos
2061 2921 2262 2979 autem,
2285 2915 2644 2982 dilectissimi,
2676 2919 2870 2988 quibus
2901 2919 3015 2976 haic
3048 2929 3104 2976 et
3145 2922 3247 2978 alia
3273 2939 3436 2994 prava

1858 3001 2042 3057 datum
2071 3011 2155 3058 est
2195 3020 2259 3059 ex
2286 3007 2593 3076 apostolica:
2630 3010 2770 3064 sedis
2795 3012 3112 3068 auctoritate
3137 3016 3433 3087 corrigere,

1860 3099 2212 3168 vosmetipsos
2241 3102 2451 3156 caneris
2485 3116 2589 3156 non
2621 3103 2778 3157 modo
2808 3103 3071 3168 ﬁdelibus.
3117 3107 3210 3161 sed
3249 3117 3306 3162 et
3351 3125 3437 3165 sa-

1854 3187 2165 3242 cerdotibus
2213 3191 2500 3258 quamdam
2543 3191 2752 3246 vivendi
2806 3193 3043 3263 regulam
3084 3196 3348 3254 exhibete.
3376 3200 3434 3253 lu

1853 3277 1959 3330 vita
1989 3287 2170 3332 nostra
2201 3280 2409 3350 legatur
2437 3283 2564 3350 quid
2611 3283 2718 3352 agi,
2769 3285 2896 3350 quid
2928 3285 3083 3338 vitari
3113 3288 3390 3342 conveniat
3416 3305 3430 3352 ;

1851 3385 1915 3424 ex
1945 3370 2098 3424 labiis
2127 3373 2326 3427 nostris
2364 3374 2524 3427 verba
2568 3373 2741 3428 otiosa
2780 3388 2884 3428 non
2912 3373 3148 3441 efﬂuant,
3180 3377 3431 3432 sacerdo~

1854 3461 2015 3516 talem
2049 3463 2281 3532 linguam
2325 3465 2543 3520 discreti
2587 3465 2786 3520 silentii
2836 3480 3065 3521 censura
3102 3477 3430 3538 compescat,

1851 3569 1956 3608 non
1974 3553 2080 3622 joci
2113 3555 2344 3622 solvant,
2374 3573 2480 3612 non
2525 3567 2713 3628 pectus
2752 3567 2993 3613 nostrum
3027 3559 3206 3613 laetitia
3243 3559 3434 3614 immo-

1851 3649 2037 3703 derata
2066 3649 2173 3721 56
2201 3653 2495 3706 concutiat.
2529 3651 2757 3707 Puerilis
2800 3653 2956 3707 ludus
2984 3653 3257 3717 abscedat,
3281 3669 3430 3707 mor-

1849 3739 1951 3792 dax
1980 3740 2307 3809 eloquentia,
2334 3743 2539 3797 urbana
2561 3743 2821 3798 dicacitas
2843 3752 3150 3798 evanescat.
3183 3744 3428 3799 Cavean-

1850 3838 1938 3884 tur
1967 3832 2212 3885 scurrilia
2243 3833 2429 3896 verba,
2459 3848 2558 3887 nec
2589 3833 2880 3902 aliquando
2908 3833 3237 3886 misceantur
3273 3832 3428 3887 fabu-

1846 3919 1957 3974 losa
2005 3919 2291 3989 colloquia.
2351 3921 2629 3988 Quomodo
2675 3921 2818 3974 enim
2867 3937 2930 3975 ex
2995 3935 3090 3976 ore
3133 3922 3430 3976 sacerdotis

1845 4010 2021 4064 oratio
2067 4011 2134 4065 ad
2195 4012 2358 4065 Deum
2413 4011 2612 4065 nmnda
2661 4011 2941 4080 dirigitur,
2994 4012 3135 4080 quod
3183 4011 3432 4067 videlicet

1843 4101 1996 4169 pravi
2039 4101 2305 4156 sermonis
2349 4102 2599 4156 sordibus
2642 4101 2990 4171 inquinatur?
3030 4110 3124 4155 aut
3162 4103 3430 4170 quomodo

1843 4189 1984 4244 inter
1998 4189 2164 4244 Deum
2183 4199 2236 4244 et
2259 4191 2502 4246 homines
2520 4190 2700 4261 lingua
2727 4190 3012 4244 mediatrix
3030 4189 3282 4256 efﬁcitur,
3303 4197 3427 4262 qua:

1843 4282 1978 4336 iram
2016 4281 2216 4351 judieis
2242 4299 2306 4338 ex
2341 4283 2561 4354 proprio
2607 4291 2762 4337 reatu
2805 4291 2859 4337 et
2908 4282 3022 4354 ipsa
3069 4284 3343 4338 meretur?
3371 4282 3428 4337 In

1841 4390 2058 4428 causam
2102 4374 2298 4445 quippe
2359 4391 2486 4430 reus
2535 4374 3017 4444 supplicationibus
3074 4374 3275 4439 utitur,
3317 4389 3426 4427 non

1841 4465 2171 4521 intercessor
2220 4467 2334 4537 ipse
2396 4467 2680 4536 culpabilis
2739 4466 3030 4520 invenitur.
3104 4465 3425 4519 Mementote

1839 4561 1981 4628 quod
2003 4559 2374 4614 sacerdotibus
2398 4560 2594 4613 dicitur
2634 4558 2848 4627 (.ifauh.
2875 4557 2926 4627 ν)
2955 4575 2968 4610 :
3005 4575 3024 4606 ε
3061 4553 3161 4611 Vos
3188 4556 3318 4610 estis
3343 4555 3423 4608 sal

1842 4661 2018 4706 terra}.
2057 4670 2074 4701 ›
2114 4649 2218 4704 Sed
2242 4651 2383 4705 sicut
2408 4651 2621 4704 Veritas
2645 4651 2774 4704 dicit
2804 4667 2817 4701 :
2856 4668 2875 4699 ς
2911 4647 2966 4702 Si
3013 4647 3092 4701 sal
3119 4646 3418 4707 evanuerit,

1839 4742 1894 4796 in
1919 4757 2024 4810 quo
2053 4740 2374 4796 condietur?
2408 4760 2426 4792 ι
2470 4741 2677 4810 Exiguo
2707 4739 2902 4809 quippe
2945 4737 3059 4793 sale
3104 4735 3270 4791 nmlta
3304 4735 3422 4789 dul-

1837 4841 2080 4898 cescunt,
2117 4841 2171 4886 et
2197 4847 2364 4902 parvo
2410 4833 2749 4887 sacerdotum
2801 4845 3026 4885 numero
3067 4829 3227 4882 totius
3262 4826 3420 4881 Chri-

1835 4925 2023 4978 stiana:
2050 4923 2221 4994 plebis
2243 4924 2505 4988 eruditur,
2528 4934 2582 4980 et
2609 4922 2906 4978 instituitur
2930 4919 3239 4975 multitudo.
3266 4917 3422 4973 Sicut

1835 5015 1979 5068 enim
2004 5013 2238 5084 episcopi
2280 5013 2558 5070 duodecim
2586 5010 2948 5083 apostolorum
2990 5017 3286 5064 noscuntur
3319 5008 3419 5061 oli-

1837 5105 2007 5160 tinere
2032 5105 2356 5174 primatum;
2389 5105 2461 5166 ita
2487 5113 2541 5160 et
2570 5102 2878 5158 sacerdotes
2909 5100 3168 5157 Ecclesiae
3201 5105 3421 5168 septua-

3267 5187 3419 5214 ηυρλ

1835 5195 1977 5220 «tul-
2038 5195 2416 5218 Δεααε-ι--¹ο.ι.-.υι
2493 5212 2545 5216 ..η
2563 5195 2726 5216 ³Ῐ--Α.οα
2792 5205 2987 5216 ..Α-...ιμ-
3011 5204 3148 5214 ...ι-..
