3964 5310
533 219 644 274 259

1069 208 1128 262 S.
1165 201 1369 260 PETRI
1408 195 1690 255 DAMIANI
1729 194 1878 252 OPP.
1917 189 2098 247 PARS
2145 189 2275 246 SEU
2315 187 2547 244 TOMUS
2583 187 2624 243 I.
2658 219 2726 229 —
2758 187 2973 242 EPIST.
3013 183 3142 241 LIB.
3184 186 3318 242 VIII.

3686 187 3792 244 200

539 326 815 382 hominum
847 318 1006 376 corda
1036 312 1462 385 perfunderent:
1498 309 1569 363 ibi
1606 307 1942 378 septuaginta
1972 305 2117 359 vire-
2144 317 2191 374 Α
2218 300 2395 356 liendo
2421 301 2732 370 perlustrat.
2780 298 3118 369 Quapropter
3158 299 3380 354 obsecro
3428 299 3794 356 fraternum,

537 421 668 474 bant
693 415 901 486 palmae,
950 410 1168 464 totidem
1200 405 1447 460 videlicet
1487 400 1752 471 discipuli,
1792 399 1882 468 qui
1917 397 2116 450 mundo

538 508 815 567 diabolica:
873 499 1169 574 tyrannidis
1230 498 1489 552 servitute
1532 494 1829 562 depresso,
1879 488 2120 542 victoriae

537 599 737 655 Christi
787 593 992 664 palmas
1032 589 1309 644 inferrent.
1360 586 1437 639 llli
1475 583 1740 652 siquidem
1787 583 1965 634 fontes
2007 578 2120 648 [κλι-

539 704 747 746 marum
777 687 1000 740 arbores
1029 682 1276 748 irrigant,
1305 678 1428 747 quia
1460 679 1598 732 sacri
1629 675 1912 746 pontifices
1939 671 2118 724 verbis

539 780 780 839 affluunt,
816 777 956 830 unde
989 770 1170 826 caueri
1217 769 1524 824 sacerdotes
1568 765 1821 820 Ecclesia:
1869 764 1921 816 in
1969 775 2116 829 spem

538 869 840 927 cmlcstium
889 863 1233 935 przcmiorum
1299 859 1416 913 sine
1465 856 1769 912 cessatione
1821 853 2116 907 virescunt.

539 963 639 1030 Qui
673 961 924 1015 nimirum
955 953 1236 1024 decuplato
1273 949 1578 1018 septenario
1624 960 1848 1001 numero
1892 944 1994 998 hoc
2045 942 2123 994 si-

540 1054 796 1124 gnificare
819 1051 1086 1112 videntur,
1132 1055 1192 1100 ut
1235 1061 1332 1115 per
1368 1043 1696 1113 septiformis
1749 1039 1924 1094 ’ratiae
1952 1036 2120 1096 Soiri-

543 1157 654 1199 tum
683 1143 816 1213 legis
851 1139 1138 1208 decalogus
1174 1136 1477 1204 impleatur.

609 1235 747 1301 Quia
794 1233 977 1301 igitur,
1024 1229 1378 1291 dilectissimi,
1430 1241 1536 1280 non
1585 1225 1745 1280 modo
1785 1221 2121 1284 sacerdotes,

540 1328 636 1383 sed
666 1334 721 1379 et
745 1322 1083 1379 sacerdotum
1111 1335 1208 1374 vos
1230 1319 1385 1372 decet
1405 1331 1524 1371 esse
1554 1315 1872 1384 magistros,
1905 1324 2122 1365 necesse

541 1429 624 1473 est
651 1427 707 1472 ut
733 1417 840 1470 vita
864 1423 1038 1468 vestra
1069 1410 1311 1480 quaedam
1334 1410 1405 1463 sit
1426 1408 1590 1470 linea,
1618 1415 1674 1460 et
1698 1405 1844 1459 velut
1869 1403 2122 1457 adaman-

542 1513 613 1566 tis
651 1507 1002 1578 signaculum,
1036 1503 1179 1572 quod
1223 1500 1434 1556 vivendi
1487 1497 1699 1553 caeteris
1728 1495 1982 1550 adhibeat
2014 1492 2124 1545 for-

543 1615 706 1654 mam.
756 1595 1170 1650 Adamantinum
1216 1591 1411 1660 quippe
1453 1587 1683 1658 sigillum
1730 1600 1880 1639 suam
1909 1581 2120 1637 caeteris

1503 1642 1533 1658 ν

542 1693 823 1763 imprimit,
874 1706 902 1743 a
955 1687 1113 1741 nu’llis
1154 1700 1281 1738 vero
1322 1683 1550 1737 metallis
1596 1679 1883 1747 imaginem
1937 1675 2120 1739 sumit.
2157 1653 2197 1710 Β
2227 1642 2266 1695 Α

541 1785 673 1838 Cum
705 1782 868 1851 igitur
895 1795 962 1833 ex
985 1776 1214 1830 diversis
1243 1773 1421 1827 mumli
1451 1772 1692 1840 partibus
1720 1765 2125 1822 adventantium

542 1875 695 1928 vobis
721 1870 921 1940 ingruit
941 1866 1248 1928 multitudo,
1278 1878 1398 1916 cum
1427 1859 1754 1914 multimoda:
1788 1852 2129 1922 conspersio-

542 1965 627 2018 nis
657 1963 904 2017 homines
929 1958 1266 2023 obstrepunt,
1292 1967 1413 2006 cum
1438 1947 1750 2016 morigerari
1777 1945 1876 1999 sibi
1903 1942 2130 2011 quisque

544 2069 640 2108 vos
699 2052 1002 2121 importune
1050 2044 1414 2112 compellunt,
1463 2039 1640 2092 vultus
1687 2045 1865 2090 vester
1919 2046 2131 2101 semper

544 2145 710 2206 idem,
738 2142 817 2194 sic
843 2138 1032 2192 festiva
1061 2135 1290 2203 quadam
1329 2130 1618 2184 serenitate
1656 2126 2014 2193 resplendeat,
2041 2139 2129 2186 ne,

545 2233 688 2302 quod
725 2230 886 2291 absit,
941 2227 993 2279 in
1042 2225 1220 2292 aliquo
1257 2221 1445 2274 levitas
1489 2218 1707 2288 puerilis
1741 2221 2023 2282 erumpat:
2053 2213 2132 2266 sic

545 2319 935 2378 sacerdotalem
972 2317 1176 2369 vultum
1209 2313 1446 2383 gravitas
1486 2319 1695 2364 matura
1725 2315 2034 2375 componat,
2065 2319 2132 2358 ne

546 2414 779 2482 rigorem
811 2410 1032 2464 nimium
1061 2405 1384 2460 intuentium
1414 2403 1695 2456 infirmitas
1731 2398 2131 2468 perhorrescat.

547 2509 643 2564 Sic
683 2507 816 2560 alios
868 2501 1160 2558 hilaritatis
1205 2507 1402 2553 nostrae
1442 2495 1665 2551 dulcedo
1713 2491 2035 2556 demulceat,
2074 2498 2133 2544 ut

546 2597 811 2653 severitas
859 2601 1042 2646 nostra
1103 2589 1297 2644 sesein
1349 2586 1701 2657 petulantiam
1730 2583 1814 2638 vel
1851 2580 2128 2636 lasciviam

548 2705 654 2744 non
714 2685 964 2740 resolvat.
1015 2682 1210 2736 Ridere
1257 2681 1400 2749 quis,
1458 2679 1542 2732 vel
1584 2677 1778 2733 leniter
1805 2673 1949 2743 loqui
1994 2672 2130 2726 inci-

547 2779 721 2848 piens,
764 2775 806 2829 si
851 2789 947 2827 nos
997 2781 1216 2841 repente
1246 2768 1622 2838 conspexerit,
1651 2765 1876 2821 verbum
1925 2760 2135 2831 suppri-

547 2878 683 2932 mat,
723 2867 804 2920 ori
851 2864 1074 2932 digitum
1110 2870 1456 2929 superponat,
1512 2859 1733 2913 territus
1777 2857 2130 2911 Obmutescat.

553 2958 645 3011 Sic
674 2957 755 3010 sic
792 2954 1040 3008 videlicet
1083 2966 1205 3004 cum
1243 2949 1404 3002 Petro
1446 2947 1625 3002 claves
1659 2944 1913 3000 Ecclesia
1941 2941 2136 2996 merito

550 3043 677 3098 facti
707 3043 1018 3112 participes.
1067 3039 1411 3094 obtinemus:
1443 3037 1568 3090 dum
1619 3032 1980 3100 nosmetipsos
2014 3046 2135 3084 cer-

551 3143 663 3186 tam
692 3131 903 3185 vivendi
936 3129 1166 3182 fortnam
1195 3136 1358 3185 atoue
1395 3123 1732 3196 signaculum
1761 3121 1972 3176 caeteris
2001 3119 2132 3173 fide-

551 3221 693 3276 libus
727 3219 1068 3274 exhibemus.

1118 3305 1450 3361 EPISTOLA
1492 3305 1552 3359 11.

857 3416 926 3454 AD
957 3414 1002 3452 5.
1032 3412 1086 3449 Β.
1110 3411 1162 3450 Ε.
1193 3408 1468 3449 EPISCOPOS
1485 3408 1828 3448 CARDINALES.

717 3491 980 3562 (Habetur
1005 3500 1130 3542 tant.
1169 3487 1286 3550 III,
1316 3497 1489 3556 estque
1527 3488 1830 3552 opusculum
1857 3485 1967 3555 31.)

1040 3576 1142 3646 57
1185 3575 1524 3630 EPISTULA
1561 3575 1645 3629 ιιι.

625 3691 692 3730 AD
744 3683 1064 3728 BONIFACIUM
1113 3683 1160 3721 S.
1201 3682 1252 3719 It.
1294 3683 1344 3720 Ε.
1385 3681 1723 3720 εληυιθελιειι
1776 3679 2064 3721 ειιιεοοιδωι

1172 3753 1534 3792 ΑιΒΑΝΕΝεΕΜ.

724 3835 987 3909 (ﬂabctur
1015 3842 1142 3886 tom.
1173 3828 1293 3892 ΙΙΙ,
1316 3839 1490 3900 estque
1519 3831 1823 3894 opusculum
1853 3827 1969 3898 2‘2.)

1124 3920 1454 3976 EPISTOLA
1484 3919 1566 3973 IV.

560 4035 628 4074 ΑΙ)
664 4031 711 4071 8.
749 4031 803 4069 Β.
844 4031 896 4067 Ε.
938 4028 1298 4076 CARDINALES,
1338 4028 1658 4067 BONIFACIU!
1706 4025 1995 4066 εριεαορυκ
2041 4025 2136 4062 Αἰ.-

760 4099 1053 4147 BANENSEII,
1094 4097 1160 4136 ΕΤ
1197 4097 1506 4135 δτενιιλιςυιι
1544 4096 1940 4136 PRESBYTERUM.

562 4181 962 4234 Ancussuruu.
985 4172 1220 4225 —llanc
1247 4172 1530 4239 epistolam
1559 4171 1748 4225 scribit
1780 4186 1878 4239 pro
1906 4169 2140 4238 qnodazn

637 4247 806 4302 sancti
832 4243 1157 4312 Apollinaris
1199 4241 1510 4312 monasterii
1533 4240 1948 4312 abbate,_orans
1979 4239 2139 4312 Boui_-_

637 4318 858 4377 facium,
883 4309 943 4367 et
973 4312 1307 4380 Stephanum
1351 4309 1408 4364 S.
1429 4310 1501 4380 ιι.
1532 4309 1592 4361 Ε.
1627 4309 2043 4380 cardinalestut
2068 4309 2138 4362 illi

635 4374 1026 4444 humanitatem
1071 4374 1136 4435 ἐι
1187 4379 1528 4434 clementiam
1579 4379 1886 4432 exhibeant.
1937 4378 2139 4444 Quam-
2169 4374 2222 4433 Ι)

636 4460 821 4512 ohrem
849 4464 1050 4517 autem,
1081 4460 1172 4503 aut
1198 4464 1302 4518 qua
1342 4450 1394 4502 in
1423 4465 1480 4503 re
1504 4448 1890 4502 humanitatem
1919 4449 1966 4500 ei
2001 4463 2139 4518 prae-

639 4527 769 4584 stari
804 4524 966 4588 velit,
1009 4523 1133 4593 quia
1166 4517 1280 4590 ip’sc
1308 4533 1414 4573 non
1443 4518 1665 4581 indicat,
1690 4519 1833 4572 haud
1864 4533 1993 4572 sane
2018 4517 2144 4571 licet

635 4597 900 4652 divinare.
1285 4647 1293 4654 κ

640 4687 799 4744 Sedis
825 4681 1132 4753 apostolica:
1160 4681 1363 4736 sanctis
1391 4697 1454 4735 ac
1471 4681 1940 4736 reverendissimis
1966 4697 2144 4736 sacer-

569 4779 783 4834 dotibus
835 4773 1125 4828 BUNlFACIO
1178 4781 1234 4827 et
1283 4771 1586 4837 Srernrtuo,
1633 4771 1847 4827 Ριτιιυε
1894 4781 2145 4840 peccator

573 4870 867 4925 monachus
892 4866 1228 4920 servitutem.

642 4959 777 5014 Nolo
816 4974 912 5012 vos
947 4957 1132 5020 lateat,
1165 4955 1504 5011 dilectissimi
1553 4955 1684 5010 mihi
1717 4953 1912 5010 fratres
1955 4963 2010 5010 et
2051 4955 2145 5009 do-

572 5051 739 5116 mini,
776 5050 901 5118 quia
949 5049 1241 5103 modernus
1294 5049 1394 5103 iste
1437 5046 1623 5114 Iacob,
1673 5058 1855 5104 rector
1897 5047 2147 5103 videlicet

573 5140 885 5197 monasterii
927 5139 1098 5194 sancti
1145 5137 1498 5209 Apollinaris,
1527 5141 1696 5196 nostri
1741 5140 1941 5196 montis
1986 5156 2145 5195 cacu-

570 5245 696 5286 men
725 5229 972 5298 irrepsit;
1005 5231 1132 5293 imo,
1163 5229 1252 5298 qui
1285 5229 1336 5282 in
1365 5228 1538 5298 planis
1559 5246 1622 5285 ac
1647 5231 1920 5285 inoﬂ‘ensis
1955 5229 2144 5284 solitus

2220 402 2410 446 vestrae
2439 392 2804 456 clementiam,
2841 401 2899 444 ut
2940 391 3034 459 qui
3080 391 3187 445 duo
3229 399 3482 460 tanquam
3518 391 3712 446 Petrus
3739 402 3796 446 et

2215 482 2450 538 Joannes
2497 483 2768 547 claudum,
2798 481 3119 551 compellitis
3165 497 3406 546 currere,
3455 498 3562 535 non
3601 497 3792 535 aurum

2218 575 2342 638 sibi,
2373 574 2456 628 vcl
2485 584 2787 643 argentum,
2815 573 2958 640 quod
2989 571 3264 627 vobiscum
3296 571 3526 628 fortasse
3572 590 3678 627 non
3711 584 3795 627 est

2220 664 2367 733 (Act.
2419 664 2513 732 ιιι)
2543 680 2555 716 :
2587 665 2680 716 sed
2727 662 3184 727 misericordiam,
3234 677 3398 732 quam
3447 663 3694 724 habetis,
3743 673 3797 718 et

2218 755 2556 809 abundanter
2590 753 2840 817 atiluitis,
2888 754 3184 809 clementer
3233 755 3504 809 exhibete.
3548 754 3796 808 Consuli-

2220 847 2418 901 dentur
2445 847 2628 915 itaque
2657 843 2773 912 ejus
2807 847 2965 900 bases
2990 856 3046 899 et
3073 845 3286 915 plantae,
3315 855 3373 900 ut
3401 845 3468 900 de
3513 846 3672 899 ruina
3716 846 3796 899 sui

2221 938 2347 1000 loci,
2378 937 2461 991 vel
2506 937 2856 991 habitationis
2882 937 3095 990 excidio
3142 951 3248 990 non
3284 951 3507 990 necesse
3535 935 3609 988 sit
3639 935 3798 1002 trepi-

2221 1029 2376 1082 dare.
2406 1028 2586 1083 Prosit
2623 1029 2788 1098 igitur
2843 1028 2915 1082 illi
2965 1037 3072 1080 tam
3118 1027 3272 1079 ardui
3322 1027 3521 1080 montis
3569 1025 3798 1078 subiisse

2221 1117 2514 1188 fastigium,
2561 1127 2615 1173 et
2662 1119 2735 1172 sit
2786 1117 2925 1171 unde
2974 1117 3084 1170 Deo
3133 1117 3336 1185 gratias
3388 1115 3591 1170 referat
3623 1115 3798 1168 adhuc

2221 1225 2377 1262 stttnn
2424 1209 2772 1278 ingressurus
2819 1208 2872 1260 in
2919 1205 3172 1275 templum
3193 1244 3208 1269 ,
3237 1205 3539 1269 ambulans,
3573 1213 3631 1259 et
3665 1205 3801 1258 exsi-

2222 1298 2376 1363 liens,
2414 1307 2469 1352 et
2495 1298 2719 1353 laudans
2749 1296 2938 1351 Deum.

2789 1385 3124 1442 EPISTOLA
3164 1387 3231 1441 γ.

2259 1492 2327 1530 ΔΙ)
2365 1493 2411 1534 8.
2452 1495 2505 1534 Β.
2545 1494 2598 1533 Ε.
2635 1491 2983 1539 εΑιιυιΝΑιεε,
3019 1490 3428 1530 ιιιιιιειιιιλιιωωι
3462 1488 3769 1528 Αιιειιιοιλε.

2684 1565 2753 1602 ΕΤ
2801 1562 3114 1601 δτειιιιΑΝυιι
3155 1562 3335 1600 PIIESB.

2274 1655 2724 1696 RGllIIENTUII.—
2760 1638 2973 1690 Arcana
3041 1637 3203 1690 totius
3265 1635 3447 1689 mundi
3513 1634 3806 1688 creatioz:is

2303 1713 2660 1781 mysteria,et
2703 1709 2969 1781 pra'cip-ue
3007 1705 3325 1781 Sabhatum,
3369 1720 3476 1774 quo
3505 1705 3592 1781 die
3631 1719 3803 1781 rerum

2302 1775 2540 1836 omnium
2569 1775 2826 1832 Conditor
2860 1778 2926 1828 ab
2963 1777 3108 1828 omni
3147 1790 3310 1842 opere
3353 1775 3609 1837 cessavit,
3648 1775 3806 1826 inter-

2302 1859 2563 1920 pretatur.
2613 1848 2716 1901 Per
2747 1846 3040 1920 Sabbatum
3069 1844 3548 1920 au_tettt_(‘lhris_tum
3584 1843 3804 1920 intelligi

2301 1914 2477 1980 docet,
2509 1919 2560 1972 in
2589 1932 2725 1985 quo,
2758 1917 2915 1983 hujus
2961 1915 3143 1967 mundi
3188 1914 3804 1985 voluptatibuspostha-

2305 1990 2448 2052 hitis,
2479 1987 2586 2057 58
2609 1983 2678 2040 'et
2709 1997 3058 2057 terrenarum
3087 1999 3281 2057 rerum
3313 1997 3496 2057 amore
3539 1983 3803 2057 deposito,

2305 2049 2735 2112 hnmami'meus
2765 2055 2916 2122 quasi
2964 2054 3153 2106 feriata
3195 2049 3508 2106 felicissime
3550 2049 3808 2120 conquie-

2303 2129 2450 2182 scit:
2492 2126 2852 2180 necessarium
2887 2135 3064 2176 tamen
3105 2137 3242 2187 esse,
3289 2131 3348 2175 ut
3379 2124 3517 2174 hanc
3563 2123 3806 2188 requiem

2303 2197 2684 2264 adipiscamur,
2715 2195 2956 2264 animum
2984 2201 3226 2264 nostrum
3269 2208 3297 2245 a
3328 2190 3571 2264 profanis
3597 2191 3803 2264 cogita-

2305 2259 2572 2329 tionibus,
2600 2273 2653 2317 et
2685 2264 2865 2317 mundi
2910 2263 3173 2316 illecebris
3207 2259 3458 2330 tanquam
3491 2261 3562 2312 ab
3596 2259 3807 2328 injustis

2303 2335 2704 2404 possessoribus
2733 2333 3034 2395 vindicare,
3065 2339 3118 2383 et
3158 2330 3391 2404 Christo_
3405 2345 3534 2383 vero
3568 2330 3809 2404 Domino

2303 2399 2594 2467 sincerum,
2632 2403 3000 2471 illibatumque
3041 2399 3449 2471 reservare.__lta
3493 2399 3642 2453 enim
3694 2412 3812 2471 vere

2304 2466 2662 2530 sabbatismus
2710 2466 3038 2541 implebitur,
3087 2471 3214 2523 dum
3259 2469 3471 2541 scilicet
3508 2477 3566 2522 et
3610 2481 3714 2521 nos
3759 2466 3808 2518 in

2304 2560 2399 2609 eo,
2429 2554 2483 2599 et
2517 2543 2606 2615 ille
2650 2544 2706 2597 in
2735 2537 2888 2595 nobis
2932 2548 3192 2594 aeternum
3241 2537 3574 2592 domicilium
3609 2545 3808 2591 statue-

2302 2630 2442 2669 mus.

2304 2704 2533 2760 Gemino
2581 2701 2726 2758 sedis
2777 2699 3083 2770 apostolicae
3135 2697 3552 2762 Ηιιοειιιιιιιιυο,
3596 2696 3809 2751 Penus

2234 2805 2492 2866 peccator
2538 2794 2840 2850 monachus
2891 2789 3263 2846 indissolubile
3313 2788 3589 2843 vinculum
3637 2788 3810 2842 chari-

2237 2888 2362 2942 tatis

2312 2976 2545 3046 Vulgare
2576 2982 2678 3040 est,
2711 2971 3071 3035 dilectissimi,
3101 2970 3224 3040 quia
3257 2968 3552 3038 locupletes
3589 2966 3814 3036 quilibet

2234 3071 2490 3125 nherihus
2509 3067 2815 3122 divitiarum
2840 3064 3007 3132 copiis
3031 3080 3135 3118 non
3161 3062 3458 3125 allluerent,
3481 3061 3526 3114 si
3551 3071 3813 3128 pauperes

2234 3161 2334 3215 sibi
2373 3160 2499 3213 vilia
2529 3158 2716 3213 saltem
2763 3155 3104 3218 munuscula,
3133 3155 3216 3208 vel
3241 3153 3429 3207 exenia
3473 3151 3542 3204 de
3589 3151 3707 3204 suis
3735 3163 3813 3203 τε·

2236 3249 2371 3304 culis
2407 3264 2512 3302 non
2561 3245 2837 3300 offerrent.
2887 3245 2954 3299 Et
2995 3259 3136 3312 sape
3181 3242 3492 3297 deliciosum
3545 3253 3812 3310 quemque

2236 3349 2396 3394 tenue
2428 3336 2952 3408 pauperis'deleetat
2999 3335 3318 3397 olusculum,
3365 3343 3530 3400 atque
3567 3331 3812 3401 protinus

2229 3433 2504 3502 jacentem
2556 3429 2891 3483 stomachum
2937 3434 3167 3486 recreat,
3212 3425 3296 3478 cui
3342 3423 3550 3478 scilicet
3590 3431 3812 3476 eatenus

2237 3520 2388 3588 quasi
2447 3520 2704 3585 languens
2763 3516 2963 3584 adipati
3011 3515 3149 3584 juris
3202 3512 3437 3566 edulium
3491 3510 3809 3565 nauseabat.

2240 3611 2310 3667 Ut
2337 3610 2463 3678 quid
2491 3609 2652 3678 igitur
2677 3623 2799 3674 ego.
2833 3607 2955 3660 licet
2980 3605 3333 3659 circumcisus
3361 3602 3603 3671 eloquio,
3622 3615 3814 3670 pauper

2241 3699 2478 3770 ingenio,
2501 3697 2676 3752 claros
2703 3705 2755 3749 et
2783 3695 3022 3750 eruditos
3047 3696 3193 3748 viros
3220 3708 3409 3748 verear
3431 3693 3671 3761 alloqui;
3699 3707 3812 3745 cum

2235 3791 2400 3872 iidem
2436 3789 2534 3856 ipsi
2584 3789 2864 3842 nobiscum
2913 3801 3016 3839 nun
3047 3785 3504 3855 philosophorum,
3535 3784 3633 3838 sed
3662 3782 3814 3838 disci-

2239 3880 2348 3950 puli
2377 3880 2485 3934 sint
2516 3879 2700 3947 utique
2734 3877 3093 3948 piscatorum?
3123 3875 3426 3930 Praesertim
3453 3890 3578 3930 eutn
3603 3883 3659 3928 et
3688 3873 3812 3927 Pau-

2241 3971 2325 4024 lus
2360 3970 2546 4024 dicat:
2582 3988 2601 4019 ‹
2651 3966 2996 4036 Sapientibus
3020 4007 3035 4030 ,
3079 3977 3134 4020 et
3183 3965 3559 4035 insipientibus
3608 3962 3812 4019 debitor

2241 4077 2360 4117 sum
2401 4060 2578 4132 (Rom.
2625 4059 2688 4126 ι).
2732 4079 2750 4110 ›
2788 4058 2894 4113 Sed
2938 4059 3194 4127 quoniam
3242 4073 3342 4128 ego
3387 4071 3562 4124 nuper
3600 4069 3631 4110 ι
3670 4053 3816 4107 vobis

2243 4167 2424 4215 carne,
2456 4167 2562 4205 non
2607 4151 2787 4211 corde,
2818 4149 3018 4218 quietis
3059 4163 3244 4202 amore
3287 4146 3612 4215 disiunctus,
3665 4141 3820 4214 spiri-

2244 4242 2388 4296 tuale
2429 4241 2686 4312 proposui
2737 4239 3031 4295 Sabbatum
3070 4239 3289 4293 colere:
3333 4237 3463 4291 libet
3507 4250 3671 4305 super
3722 4235 3818 4289 hoc

2247 4330 2486 4385 Sabbato
2512 4344 2634 4384 cum
2659 4338 2846 4384 sancta
2874 4340 3055 4383 vestra
3082 4327 3366 4396 prudentia
3395 4327 3676 4380 succincte
3697 4325 3818 4395 quid

2247 4422 2544 4491 disputare.
2576 4421 2760 4488 Itaque
2787 4420 2876 4488 qui
2925 4419 3219 4473 Sabhatum
3252 4417 3485 4481 celebro,
3517 4417 3650 4486 quid
3693 4414 3818 4471 mihi

2249 4514 2316 4569 de
2345 4513 2436 4568 illo
2471 4513 2735 4576 videatur,
2767 4525 2995 4580 expono.

2237 4597 2244 4603 ’
2309 4601 2536 4656 Nullum
2564 4616 2798 4669 namque
2818 4609 3144 4669 praeceptum
3173 4597 3227 4654 in
3260 4605 3370 4652 tota
3398 4596 3601 4652 veteris
3629 4597 3820 4652 instru-

2249 4693 2415 4746 menti
2449 4691 2564 4761 lege
2595 4689 2806 4760 reperio
2837 4698 2947 4743 tam
2993 4689 3242 4744 districte
3287 4689 3630 4758 propositum
3652 4727 3668 4749 ,
3716 4695 3820 4738 tam

2251 4781 2561 4850 frequenter
2585 4781 2868 4844 indictum,
2894 4788 2973 4833 tot
2999 4778 3453 4835 admonitionibus
3475 4776 3818 4832 inculcatum.

2249 4872 2362 4927 Iloc
2387 4872 2533 4928 enim
2579 4885 2688 4925 non
2719 4869 2880 4926 modo
2913 4869 3210 4939 saepissime
3251 4869 3393 4924 inter
3437 4867 3753 4923 sanctiones
3774 4871 3843 4918 et.

2247 4963 2600 5018 caeremonias
2649 4962 2804 5031 legis,
2855 4962 2948 5016 sed
2991 4963 3154 5016 etiam
3201 4962 3254 5016 in
3297 4961 3690 5032 prophetarum
3721 4957 3826 5011 fre-

2247 5061 2536 5122 quentatur
2565 5049 2818 5107 oraculis.
2857 5069 2876 5102 ‹
2925 5050 3232 5112 Custodite,
3263 5051 3471 5120 inquit,
3511 5051 3656 5104 diem
3688 5047 3825 5103 Sab-

2248 5143 2380 5196 hati.
2410 5141 2599 5197 Omnis
2629 5143 2790 5197 homo
2817 5142 2910 5211 qui
2953 5157 3058 5196 non
3090 5143 3462 5198 observaverit
3506 5143 3648 5200 diem
3694 5141 3828 5196 Sab-

2249 5233 2380 5297 bati,
2407 5234 2604 5303 peribit
2623 5235 2802 5289 anima
2824 5234 2912 5288 illa
2936 5235 3004 5290 de
3030 5236 3225 5306 populo
3250 5249 3349 5290 suo
3371 5232 3572 5304 (Exod.
3597 5233 3774 5304 xxxi).
3808 5250 3824 5280 ι
