3964 5310
217 106 318 161 *εει

1389 103 1586 160 LIBER
1624 104 2004 165 SECUNDUS.
2046 109 2263 166 EPIST.
2302 110 2362 164 γ.

2649 73 2702 88 ...ι
2730 73 2764 80 ι’·
2782 74 2942 93 --νσ-...ησῃ
2962 75 3034 85 μιν..

3369 123 3474 180 262

213 220 535 292 pisccntiam
577 219 976 288 postpouentcs,
1003 232 1030 269 a
1058 217 1331 272 servilium
1357 234 1579 288 operum
1609 219 1792 274 labore
1819 222 1867 282 Α
1897 223 2287 293 signiﬁcatione
2317 238 2663 283 concurrunt.
2702 249 2719 280 ι
2766 231 2880 301 ipse
2911 242 2994 288 cst
3041 235 3185 290 enim
3233 253 3335 307 pax
3373 255 3473 293 no-

215 328 512 369 cessamns.
551 311 728 366 Unum
759 312 984 374 scilicet,
1018 311 1264 379 idemque
1306 309 1439 378 legis
1465 319 1789 380 pncceptum

211 417 318 467 est.
347 415 398 459 et
423 403 721 458 Sabbatum
753 403 948 465 colere,
977 413 1032 455 et
1068 403 1418 470 praecedentis
1443 403 1614 472 angeli
1646 403 1791 457 voci-

215 499 316 551 bus
357 495 602 549 obedire.
635 511 652 542 ‹
693 493 860 552 Ecce,
900 493 1104 561 inquit,
1151 508 1248 561 ego
1292 493 1500 546 mittam
1539 492 1789 562 angelum

214 602 413 648 meum,
446 585 538 654 qui
565 587 831 654 prtccedat
858 592 929 647 te,
957 592 1010 636 et
1031 583 1302 637 custodiat
1330 583 1381 635 in
1410 582 1516 647 via,
1544 593 1595 636 ct
1628 583 1791 636 intro-

213 679 372 732 ducat
398 677 451 728 in
482 675 685 740 locum,
716 687 874 743 quem
902 673 1103 741 paravi.
1131 671 1365 726 Observa
1391 686 1534 735 euut,
1566 680 1622 724 et
1663 671 1787 726 audi

212 782 393 821 vocem
442 763 581 832 ejus,
635 779 736 818 nec
780 762 1228 816 contemnendum
1273 769 1460 830 putes,
1506 761 1630 828 quia
1682 774 1786 813 non

212 857 446 913 dimittet
474 871 597 910 cum
622 855 952 923 peccaveris,
981 862 1034 907 et
1059 863 1141 906 est
1167 867 1357 905 nomen
1388 867 1564 905 meum
1595 851 1647 905 in
1674 851 1782 905 illo.

210 948 359 1015 Quod
402 947 449 1001 si
480 945 718 1000 audieris
757 961 942 1000 vocem
973 944 1113 1013 ejus,
1155 953 1209 997 et
1243 943 1433 998 feceris
1463 945 1640 997 omnia
1669 959 1787 1012 qute

207 1041 420 1110 loquor,
469 1039 722 1093 inimicus
751 1053 846 1092 ero
884 1039 1116 1092 inimicis
1144 1041 1270 1101 tuis,
1299 1047 1353 1091 et
1396 1037 1625 1105 allligam
1655 1038 1788 1091 allii-

205 1140 392 1201 gentes
441 1137 532 1194 te,
585 1127 958 1196 praecedetquc
1007 1135 1058 1181 te
1109 1126 1331 1195 angelus
1377 1142 1530 1181 meus
1575 1125 1783 1196 (Exod.

204 1220 387 1289 xxtn).
426 1238 445 1271 ι
493 1217 647 1272 Unde
688 1227 804 1282 est,
849 1219 992 1288 quod
1035 1219 1088 1272 in
1133 1219 1306 1287 prima
1347 1233 1535 1272 earum
1581 1219 1782 1284 tabula,

203 1328 321 1382 qua:
352 1309 525 1382 Moysi
570 1311 709 1364 data:
756 1318 903 1373 sunt,
947 1310 1039 1364 ubi
1085 1326 1190 1364 non
1219 1319 1342 1364 sunt
1385 1310 1488 1364 nisi
1522 1310 1622 1364 tria
1649 1309 1786 1364 dun-

201 1411 352 1454 taxat
393 1401 650 1454 mandata
691 1401 1034 1470 conscripta,
1081 1402 1183 1454 hoc
1229 1401 1443 1455 tertium
1492 1401 1782 1455 invenitur.

198 1491 334 1545 Nam
384 1499 670 1560 postquam
703 1489 811 1544 illic
855 1491 1114 1558 scripturn
1162 1499 1246 1544 est
1283 1503 1299 1543 :
1333 1509 1352 1541 ι
1397 1489 1513 1545 Non
1559 1490 1784 1546 habebis

200 1583 330 1637 deos
370 1580 616 1645 alienos;
657 1599 676 1632 ι
707 1592 803 1635 et:
838 1598 857 1630 ι
887 1577 1004 1633 Νοιι
1048 1594 1292 1635 assumes
1335 1594 1528 1634 nomen
1570 1579 1782 1633 Domini

203 1673 296 1729 Dei
344 1673 423 1726 tui
471 1673 526 1726 in
571 1687 810 1736 vanum;
853 1691 870 1723 ι
897 1673 1145 1742 protinus
1184 1673 1434 1726 additur:
1466 1690 1485 1723 ‹
1514 1671 1784 1726 Memento

198 1774 258 1818 ut
302 1764 449 1817 diem
494 1762 717 1817 Sabbati
759 1763 1068 1818 sanctiﬁces
1110 1763 1303 1832 (Exod.
1347 1762 1462 1833 xx).
1515 1781 1534 1815 ι
1581 1763 1637 1817 1η
1680 1763 1784 1818 alia

197 1872 326 1913 vero
356 1856 574 1921 tabula,
603 1855 692 1910 ubi
733 1871 840 1910 non
879 1855 991 1926 jam
1024 1857 1090 1911 ad
1125 1855 1234 1926 59
1259 1856 1495 1911 divinam
1536 1856 1786 1911 substan-

199 1948 327 2002 tiam
378 1946 742 2016 pertinentia,
797 1947 893 2001 sed
948 1948 1218 2001 exteriora
1278 1956 1480 2016 septem
1534 1947 1786 2002 videntur

199 2037 377 2090 inesse
403 2035 684 2099 mandata,
713 2035 790 2090 sic
815 2035 1002 2106 incipit
1032 2053 1045 2090 :
1082 2054 1100 2086 ι
1134 2035 1348 2090 Honora
1374 2044 1583 2106 patrem
1611 2047 1781 2103 tuum,

196 2135 254 2183 et
298 2136 532 2181 matrem
565 2126 760 2196 (Deut.
787 2127 886 2196 v);
928 2145 946 2178 ι
982 2126 1046 2181 de
1079 2141 1186 2194 quo
1223 2126 1427 2181 idcirco
1465 2126 1596 2180 dicit
1635 2128 1780 2195 Apo-

197 2218 388 2283 stolus,
433 2219 578 2287 quod
609 2217 679 2271 sit
725 2218 958 2287 primum
992 2217 1308 2271 mandatum
1340 2216 1392 2269 in
1424 2215 1782 2285 promissione

197 2308 414 2378 (Ephes.
452 2308 554 2377 vi),
603 2308 859 2376 quoniam
906 2308 1139 2378 primum
1189 2305 1241 2360 in
1291 2306 1540 2360 secunda:
1589 2305 1780 2361 tabula:

192 2400 414 2468 ponitur
463 2399 688 2462 ordine,
735 2398 972 2468 alioquin
1027 2407 1278 2467 quartum
1332 2398 1514 2467 potius
1562 2396 1780 2451 deberet

191 2488 292 2542 dici
324 2503 489 2557 quam
538 2488 791 2556 primum,
843 2487 897 2542 in
936 2488 1293 2556 promissione
1322 2487 1531 2542 scilicet
1572 2486 1776 2556 longae-

193 2578 401 2631 vitatis.
431 2577 572 2631 Dicit
598 2579 742 2632 enim
774 2577 900 2632 alibi
936 2597 950 2631 :
982 2596 999 2629 t
1035 2578 1250 2632 Honora
1288 2586 1495 2648 patrem
1526 2585 1696 2640 tuum,
1725 2585 1780 2632 et

188 2679 446 2733 matrem,
482 2675 544 2721 ut
569 2668 644 2722 sis
667 2667 940 2739 longmvus
970 2683 1132 2737 super
1159 2677 1356 2721 terram
1382 2666 1578 2737 (Exod.
1609 2667 1722 2736 xx).
1753 2686 1770 2718 ι

188 2758 326 2825 Quia
379 2775 513 2829 ergo
550 2774 644 2828 per
675 2759 972 2814 Sabbatum
1019 2759 1270 2815 Christus
1315 2759 1587 2822 iunuitur,
1632 2767 1777 2813 recte

189 2853 242 2908 in
291 2853 385 2908 illa
419 2852 602 2906 tabula
637 2852 859 2907 Sabbati
891 2855 1203 2907 mamlatum
1251 2854 1491 2922 ponitur,
1535 2851 1625 2906 ubi
1661 2851 1772 2906 sola

186 2943 282 2998 Dei
310 2944 454 2998 ﬁdes
498 2943 749 2998 habetur.
781 2942 911 2998 Nam
939 2952 996 2998 et
1028 2944 1083 2998 in
1118 2945 1234 3013 ipso
1280 2942 1462 2998 mundi
1499 2942 1773 2996 nascentis

183 3035 440 3100 exordio,
468 3047 592 3087 cum
623 3049 1057 3105 unumquemque
1101 3034 1240 3088 diem
1291 3031 1570 3102 Scriptura
1616 3047 1772 3087 mane

184 3123 434 3193 prartigat
463 3130 520 3176 et
551 3136 797 3191 vespere,
823 3123 935 3192 jam
978 3138 1100 3177 cum
1136 3122 1203 3176 ad
1248 3121 1543 3176 Sabbatum
1577 3136 1771 3191 perve-

188 3214 301 3276 nit,
338 3223 590 3268 neutrum
637 3213 827 3266 horqu
866 3213 1110 3266 nominat
1147 3231 1160 3265 :
1193 3221 1251 3266 ut
1287 3213 1413 3268 illud
1451 3214 1606 3282 quasi
1651 3213 1771 3266 sine

185 3305 344 3360 initio
379 3319 523 3368 esse,
563 3303 645 3358 vel
694 3303 799 3357 ﬁne
845 3318 1068 3372 prorsus
1115 3303 1383 3358 ostendat.
1432 3303 1566 3358 Nam
1600 3304 1770 3374 stylus

185 3394 434 3448 historia:
481 3396 626 3448 hunc
661 3395 908 3448 ordinem
957 3401 1105 3448 tenet
1148 3393 1300 3464 (Cen.
1349 3393 1390 3466 ι)
1430 3412 1443 3447 :
1489 3414 1507 3446 ι
1545 3393 1768 3448 Factum

187 3492 296 3547 est,
323 3484 515 3552 inquit,
538 3498 782 3552 vespere.
810 3492 864 3537 et
898 3499 1055 3537 mane
1077 3484 1191 3537 dies
1218 3492 1418 3537 sextus.
1453 3483 1617 3553 Igitur
1644 3498 1766 3552 per-

184 3574 316 3629 fecti
346 3584 470 3628 sunt
491 3573 637 3636 cteli,
667 3581 724 3627 ct
749 3583 910 3638 terra,
946 3583 1000 3627 et
1025 3574 1202 3627 onmis
1229 3583 1454 3626 ornatus
1485 3589 1703 3638 eorum;
1742 3592 1762 3626 ι

184 3667 481 3734 statimque
522 3664 796 3734 subjungit
829 3683 844 3718 :
876 3684 893 3715 ‹
925 3663 1332 3734 Complevitque
1384 3667 1521 3719 Deus
1567 3666 1652 3719 die
1683 3680 1770 3719 se-

184 3757 352 3825 ptimo
395 3769 532 3824 opus
575 3769 732 3808 suum
783 3753 923 3821 quod
972 3753 1174 3806 fecerat
1222 3768 1236 3802 :
1285 3761 1340 3803 et
1393 3752 1653 3819 requievit
1682 3753 1768 3806 die

184 3849 416 3916 septimo
463 3845 532 3898 ab
583 3845 838 3898 universo
885 3858 1082 3912 opere,
1115 3841 1256 3909 quod
1289 3851 1545 3909 patrarat.
1595 3862 1616 3893 ι
1652 3840 1767 3895 Non

183 3942 331 3994 enim
369 3939 438 3992 ad
471 3939 640 3991 instar
669 3936 898 3989 aliorum
943 3934 1172 3996 dierum,
1206 3932 1271 3985 de
1314 3931 1584 3984 cveMione
1632 3930 1769 3985 Sab-

184 4037 293 4091 bati
326 4035 479 4106 prius
509 4032 712 4102 aliquid
743 4031 972 4094 dixerat,
1000 4029 1092 4082 sed
1121 4027 1200 4080 sic
1231 4025 1296 4077 ad
1331 4024 1455 4077 illud
1486 4025 1636 4091 quasi
1654 4023 1767 4093 jam

185 4137 373 4182 notum
422 4131 644 4194 repente
679 4120 965 4190 prorupit:
1007 4127 1063 4173 et
1093 4118 1219 4170 dum
1273 4129 1372 4169 nec
1423 4128 1580 4168 mane
1628 4112 1764 4184 ejus,

186 4233 286 4272 nec
317 4230 597 4286 vesperam
642 4213 799 4275 dixit,
827 4208 1222 4279 quodammodo
1253 4221 1350 4261 nec
1397 4206 1642 4270 initium,
1669 4220 1768 4260 nec

1895 324 2004 368 stra
2053 316 2142 384 qui
2174 315 2301 371 fecit
2343 327 2570 387 utraque
2608 335 2772 374 unum
2804 322 3016 391 (Ep/tes.
3061 326 3143 395 ιι).
3175 346 3193 377 ι
3230 328 3293 381 Et
3327 340 3473 383 recte

1893 405 1947 459 in
1976 406 2079 460 hoc
2111 406 2346 461 Sabbato
2394 423 2572 462 rerum
2617 409 2874 465 Conditor
2919 415 3203 482 requievit,
3248 417 3373 485 quia
3418 419 3471 472 in

1891 493 2108 550 Christo
2133 493 2260 550 Jesu
2291 497 2585 552 mediatore
2625 499 2714 553 Dei
2747 512 2799 554 et
2829 503 3103 556 hominum
3123 546 3138 569 ,
3170 505 3328 560 Pater
3351 522 3471 561 om-

1891 585 2159 653 nipotens,
2187 586 2331 655 quod
2365 603 2423 641 se
2463 600 2644 655 posset
2681 588 2973 656 oﬁ‘endcrc,
3005 594 3220 660 penitus
3251 611 3355 649 non
3389 595 3471 649 iu-

1889 675 2056 727 venit.
2121 674 2176 726 In
2225 689 2290 728 eo
2342 675 2572 746 denique
2637 679 2831 732 merito
2891 673 3192 749 requievit,
3245 683 3311 736 de
3361 699 3468 752 quo

1889 764 2162 831 discipulis
2211 765 2552 821 audientibus
2599 768 2858 833 intonuit,
2909 771 3136 825 dicens:
3175 791 3192 822 ι
3240 771 3337 827 llic
3385 782 3470 826 est

1889 854 2056 908 Filius
2083 870 2235 910 meus
2269 856 2514 921 dilectus,
2548 857 2599 910 in
2625 873 2730 927 quo
2757 859 2884 912 mihi
2917 859 3212 929 complacui
3247 860 3464 928 (Matth.
3513 845 3520 854 “

1891 951 1993 1009 ιιι).
2037 963 2054 993 ι
2089 943 2142 996 In
2189 943 2278 996 illo
2330 945 2595 1013 siquidem
2645 946 2880 999 suaviter
2925 948 3219 1016 requievit,
3267 958 3320 1003 et
3373 964 3470 1002 nos

1887 1033 2227 1101 requiescere
2273 1035 2536 1103 przecipit.
2595 1035 2742 1091 Unde
2789 1046 2844 1091 ct
2893 1038 2944 1091 in
2993 1039 3233 1093 Levitico
3287 1041 3465 1095 dicit:

1891 1142 1910 1175 ι
1948 1124 2185 1178 Sabbata
2239 1127 2707 1192 meacustoditc,
2765 1137 2819 1180 et
2867 1130 3231 1184 sanctuarium
3288 1145 3466 1184 meum

1886 1219 2110 1272 metuite
2142 1218 2326 1288 (Lerit.
2360 1219 2496 1289 XIX).
2529 1239 2546 1271 ι
2579 1219 2678 1286 Qui
2706 1222 2848 1276 enim
2891 1223 3208 1287 Sabbatum,
3247 1224 3360 1292 ipse
3386 1231 3469 1276 est

1886 1319 1940 1364 et
1965 1311 2357 1365 sanctuarium.
2394 1330 2411 1361 ‹
2446 1311 2503 1364 ln
2533 1328 2640 1381 quo
2673 1333 2690 1363 ι
2719 1314 2970 1370 videlicet
2997 1335 3016 1366 ‹
3055 1317 3262 1370 habitat
3292 1317 3470 1372 omnis

1886 1400 2165 1468 plenitudo
2200 1401 2500 1456 divinitatis
2549 1403 2904 1472 corporaliter
2948 1403 3182 1476 (Coloss.
3233 1407 3328 1475 tt),
3359 1424 3379 1462 ι
3416 1414 3473 1458 ct

1885 1495 1951 1547 de
1979 1509 2086 1562 quo
2108 1493 2248 1547 idem
2274 1495 2402 1547 dicit
2430 1494 2716 1564 Apostolus
2747 1513 2759 1548 :
2792 1516 2810 1547 ι
2848 1499 2986 1552 Deus
3013 1508 3132 1552 erat
3153 1498 3205 1552 in
3229 1497 3466 1560 Christo,

1887 1585 2141 1637 mundum
2177 1586 2531 1640 reconcilians
2570 1586 2673 1640 sibi
2707 1585 2791 1654 (II
2823 1587 2945 1641 Cor.
2972 1589 3049 1659 v).
3086 1607 3104 1640 ι
3139 1587 3247 1643 Sed
3293 1596 3348 1641 et
3378 1603 3470 1640 ca-

1885 1672 2007 1726 dem
2036 1675 2088 1728 in
2121 1675 2408 1741 Evangelia
2439 1675 2654 1730 Veritas
2684 1675 2816 1729 dicit
2849 1694 2860 1728 :
2895 1695 2912 1726 ι
2949 1675 3065 1730 Non
3111 1692 3209 1746 pro
3252 1676 3334 1729 his
3370 1692 3466 1728 au-

1886 1771 1992 1818 tem
2024 1779 2153 1833 rogo
2184 1774 2414 1828 tantum,
2445 1766 2538 1818 sed
2569 1772 2625 1818 et
2653 1780 2749 1834 pro
2780 1765 2878 1830 eis,
2910 1765 3002 1835 qui
3038 1765 3296 1818 credituri
3340 1774 3465 1818 sunt

1885 1855 1938 1908 in
1971 1870 2056 1908 me
2082 1853 2428 1924 perverbum
2458 1854 2716 1926 ipsorum,
2741 1863 2800 1909 ut
2833 1865 2886 1909 et
2910 1871 3100 1910 omnes
3130 1870 3292 1907 unmn
3331 1854 3462 1918 sint,

1883 1945 2022 2000 sicut
2052 1955 2105 1999 tu
2134 1945 2292 1999 Pater
2319 1945 2372 1998 in
2407 1959 2511 2009 me,
2542 1953 2597 1998 et
2624 1959 2724 2015 ego
2755 1945 2807 1998 in
2837 1953 2905 2011 te,
2939 1953 2997 1998 ut
3020 1954 3074 1999 et
3105 1944 3201 2012 ipsi
3230 1944 3282 1996 in
3309 1942 3465 1996 vobis

1885 2051 2050 2090 unum
2091 2033 2198 2088 sint
2241 2034 2424 2105 (Joan.
2471 2035 2626 2095 xvn).
2665 2055 2682 2086 ι
2713 2035 2778 2088 Et
2807 2035 3002 2088 iterum
3035 2052 3048 2088 :
3084 2053 3100 2084 ι
3141 2033 3247 2104 Ego
3277 2033 3330 2086 in
3363 2034 3462 2094 eis,

1883 2137 1938 2181 et
1964 2137 2019 2180 tu
2053 2128 2105 2180 in
2150 2142 2257 2190 me,
2286 2135 2343 2180 ut
2375 2127 2485 2180 sint
2521 2127 2876 2180 consummati
2917 2126 2968 2179 iu
3002 2140 3164 2178 unum
3197 2123 3403 2193 (Ibid)
3439 2141 3457 2173 ι

1955 2200 2060 2272 Sed
2089 2217 2320 2287 qualiter
2358 2217 2518 2271 homo
2559 2215 2740 2270 valeat
2767 2215 3130 2270 consunnnari
3151 2254 3166 2279 ,
3196 2215 3464 2282 quomodo

1882 2310 2074 2364 debeat
2124 2308 2342 2377 perﬁci,
2395 2307 2527 2361 libet
2577 2307 2852 2361 succincte
2911 2305 3310 2374 perstringere,
3357 2302 3467 2372 60

1881 2411 2041 2472 prout
2072 2401 2124 2454 in
2158 2401 2274 2470 ipso
2320 2398 2606 2453 mundana:
2633 2397 2926 2452 creationis
2955 2397 3112 2448 datur
3138 2395 3328 2448 ordine
3373 2409 3463 2445 re-

1883 2493 2068 2563 periri.
2097 2491 2230 2545 Nam
2269 2489 2395 2560 quia
2444 2490 2606 2544 homo
2633 2487 3000 2564 μικρόγοσμος,
3031 2486 3131 2539 hoc
3162 2493 3245 2540 est
3289 2482 3466 2537 minor

1883 2582 2118 2636 mundus
2145 2580 2429 2643 asseritur,
2459 2592 2680 2632 necesse
2725 2584 2808 2630 est
2852 2586 2908 2628 ut
2963 2575 3028 2629 ad
3073 2590 3183 2628 suae
3229 2572 3463 2642 plenitu-

1881 2671 2024 2725 dinis
2059 2670 2394 2724 incrementa
2431 2666 2782 2731 contendens,
2818 2667 2984 2734 ipsam
3024 2662 3306 2716 mundanae
3334 2675 3464 2714 con-

1879 2760 2100 2813 ditionis
2149 2759 2382 2828 speciem
2433 2757 2694 2819 imitetur,
2741 2765 2802 2808 ut
2853 2755 2991 2808 sicut
3026 2751 3251 2806 visibilis
3296 2760 3460 2819 atque

1879 2864 2173 2920 corporeus
2199 2848 2286 2904 hic
2311 2847 2544 2902 mundus
2568 2861 2663 2916 per
2689 2861 2910 2900 suarmn
2949 2843 3142 2898 molem
3177 2857 3240 2896 ac
3280 2840 3463 2895 multi-

1803 2921 1848 2981 (ἶ
1883 2946 2121 3000 tudinem
2165 2951 2574 3000 consummatus
2621 2950 2706 2996 est
2757 2941 3027 3010 partium;
3081 2937 3158 2990 sic
3202 2944 3256 2988 et
3302 2933 3464 2987 homo

1873 3046 2060 3092 noster
2097 3035 2326 3090 interior
2355 3033 2616 3103 paulatim
2645 3033 2713 3087 ad
2740 3033 2822 3088 sui
2866 3028 3250 3102 plenitudinem
3281 3025 3466 3078 veniat

1873 3143 1973 3197 per
2011 3135 2300 3195 augmenta
2337 3125 2618 3178 virtutum.
2671 3125 2748 3178 De
2793 3137 2899 3192 qua
2947 3119 3200 3174 nimirum
3233 3114 3462 3183 plenitu-

1872 3217 1999 3271 dine
2021 3213 2297 3285 spirituali
2327 3213 2462 3268 dicit
2486 3212 2780 3282 Apostolus
2807 3229 2821 3264 :
2853 3228 2871 3261 ι
2903 3210 3083 3264 Donec
3110 3216 3462 3260 occurramus

1871 3321 2059 3361 omnes
2118 3305 2174 3362 in
2219 3303 2396 3357 virum
2453 3301 2777 3372 perfectum,
2830 3300 2887 3353 in
2931 3309 3238 3352 mensuram
3281 3291 3458 3344 aetatis

1869 3395 2218 3466 plenitudinis
2243 3392 2446 3450 Christi
2489 3381 2706 3464 (Ep/tes.
2755 3391 2850 3461 tv).
2895 3406 2913 3438 ι
2943 3387 3056 3456 Age
3097 3383 3278 3452 igitur,
3323 3380 3461 3434 dixit

1871 3487 2016 3541 Deus
2046 3502 2059 3538 :
2116 3504 2134 3537 ι
2171 3485 2290 3539 Fiat
2321 3483 2407 3538 lux
2442 3480 2595 3554 (Gen.
2628 3482 2691 3552 ι).
2724 3499 2742 3530 ι
2772 3479 2924 3531 Tunc
2951 3484 3128 3529 autem
3161 3475 3213 3526 in
3242 3470 3460 3526 homine

1871 3577 2092 3641 dicitur,
2125 3585 2183 3630 ut
2222 3576 2312 3629 lux
2355 3574 2474 3639 ﬁat,
2518 3587 2643 3626 cum
2685 3570 2847 3623 datur
2895 3577 2956 3621 ut
3004 3563 3326 3620 illuminatio
3355 3560 3456 3613 sibi

1869 3667 2206 3722 credulitatis
2231 3652 2514 3734 inl‘ulgeat.
2542 3661 2724 3715 Prima
2757 3659 2955 3728 quippe
2981 3653 3177 3708 mentis
3204 3651 3291 3703 lux
3325 3649 3457 3702 ﬁdes

1867 3765 1968 3811 est.
2000 3755 2151 3811 Unde
2192 3753 2305 3823 jam
2356 3751 2599 3806 ﬁdelibus
2650 3750 2782 3804 dicit
2830 3744 3119 3815 Apostolus
3165 3759 3228 3794 ε(
3257 3739 3456 3792 Fuistis

1870 3849 2156 3917 aliquando
2210 3847 2486 3910 tenebraa,
2533 3858 2676 3897 nunc
2725 3849 2904 3895 autem
2973 3838 3062 3889 lux
3112 3833 3162 3887 in
3231 3831 3457 3884 Domino

1870 3936 2083 4006 (Ephes.
2107 3940 2159 4004 v)
2194 3951 2207 3988 :
2239 3953 2258 3985 ι
2282 3943 2336 3987 et
2364 3933 2466 3987 hoc
2488 3940 2571 3986 est
2597 3931 2830 4001 primum
2864 3928 2916 3981 in
2947 3926 3062 3996 lege
3093 3927 3450 3990 praeceptum.

1874 4046 1891 4078 ι
1924 4027 2061 4081 Audi
2100 4025 2304 4080 Israel:
2343 4023 2600 4077 Dominus
2646 4023 2786 4076 Deus
2825 4029 2967 4082 tuus,
3017 4017 3158 4070 Deus
3209 4027 3346 4066 unus
3373 4023 3458 4066 est

1871 4116 2047 4187 (Deut.
2079 4115 2176 4184 vt).
2208 4134 2226 4166 ι
2263 4111 2414 4166 Tunc
2443 4112 2624 4181 itaque
2655 4111 2708 4164 in
2738 4107 2957 4164 homine
2994 4105 3202 4176 primus
3230 4102 3346 4157 dies
3374 4099 3452 4165 ﬁt,

1875 4223 1996 4262 cum
2027 4221 2198 4262 novus
2233 4205 2299 4259 ad
2330 4204 2486 4258 ﬁdem
2511 4201 2678 4256 venit.

190 4268 598 4363 ﬁnemnliabere
647 4268 989 4359 monstravit.
1025 4301 1102 4354 Ad
1139 4298 1545 4354 similitudinem
1575 4268 1770 4366 quippe
1800 4268 1849 4326 θ
1947 4296 2194 4350 Secundo
2243 4294 2331 4348 die
2380 4291 2508 4346 fecit
2557 4292 2699 4346 Deus
2743 4288 3162 4346 ﬁrmamentum,
3191 4282 3331 4352 quod
3369 4291 3454 4334 est

188 4397 578 4454 Melchisedech
626 4393 955 4458 sacerdotis,
1002 4391 1164 4444 etiam
1213 4388 1508 4442 Sabbatum
1563 4385 1772 4458 Moyses

189 4489 517 4554 introducit,
566 4487 634 4542 de
691 4499 798 4553 quo
846 4483 912 4538 ad
960 4482 1213 4536 Hebraeos
1257 4479 1389 4533 dicit
1428 4477 1766 4548 Apostolus:

193 4603 213 4637 ι
243 4583 361 4638 Rex
391 4581 592 4645 Salem,
633 4577 780 4647 quod
809 4585 892 4631 est
935 4590 1028 4628 rex
1061 4573 1241 4644 pacis,
1288 4573 1404 4626 sine
1435 4579 1622 4640 patre,
1654 4569 1772 4624 sine

187 4685 380 4739 matre,
413 4673 530 4727 sine
556 4666 889 4742 genealogia,
937 4680 1034 4719 nec
1077 4664 1288 4716 initium
1325 4661 1566 4724 dierum,
1595 4672 1770 4728 neque

190 4768 350 4820 linem
394 4761 602 4816 habens
634 4777 647 4812 :
695 4757 1026 4811 assimilatus
1055 4763 1232 4807 autem
1267 4751 1401 4804 Filio
1439 4749 1529 4802 Dei
1583 4755 1765 4803 manet

187 4855 444 4913 sacerdos
489 4853 543 4908 in
592 4855 911 4921 perpetuum
941 4843 1126 4913 (Hebr.
1159 4843 1278 4912 vn).
1317 4860 1334 4892 ι
1370 4839 1435 4893 Ει
1471 4847 1617 4893 recte
1648 4852 1768 4907 qua:

183 4965 355 5007 unum
383 4949 482 5004 sub
513 4942 804 5014 allegorica
841 4939 1006 5009 ﬁgura
1035 4938 1370 5006 signiﬁcant,
1407 4933 1460 4986 iu
1493 4933 1607 5002 ipso
1633 4945 1770 5000 quo-

187 5057 290 5112 que
313 5035 629 5107 scriptionis
667 5029 858 5086 ordine
900 5043 1004 5082 non
1037 5026 1366 5083 discordant.
1396 5023 1527 5078 lllud
1555 5035 1770 5092 quoque

187 5134 255 5187 ab
281 5139 513 5198 utroque
547 5141 657 5180 non
691 5121 983 5188 discrepat,
1018 5120 1146 5187 quia
1195 5118 1336 5174 sicut
1377 5115 1770 5172 Melchisedech

187 5240 277 5278 rex
311 5221 516 5285 Salcm,
547 5232 642 5272 rex
675 5211 821 5282 pacis
864 5211 1058 5265 dicitur
1089 5229 1102 5265 :
1135 5212 1208 5267 ita
1241 5207 1592 5263 nihilominus
1629 5207 1770 5262 Sab-

1874 4386 2090 4449 coelum,
2121 4385 2356 4452 fecitque
2383 4381 2678 4436 divisiones
2706 4394 2990 4447 aquarum,
3019 4385 3077 4428 ut
3107 4374 3223 4427 alizc
3254 4387 3348 4442 per
3373 4372 3454 4424 in-

1874 4480 2070 4534 feriora
2098 4476 2414 4537 deﬂuerent,
2446 4474 2563 4526 alite
2591 4474 2644 4526 in
2682 4468 3052 4540 superioribus
3085 4471 3449 4520 remanerent.

1873 4567 2010 4634 Quid
2042 4575 2221 4619 autem
2272 4565 2693 4624 ﬁrmamentum,
2732 4560 2834 4614 nisi
2881 4559 3050 4613 robur
3095 4563 3178 4610 cst
3209 4554 3451 4622 Scriptu-

1875 4656 2092 4710 rarutn?
2124 4653 2273 4710 Unde
2321 4653 2516 4722 legitur
2542 4651 2676 4720 (Isa.
2727 4650 2948 4715 xxxiv),
2997 4652 3124 4716 quia
3172 4642 3365 4697 coelum
3399 4642 3451 4694 iu

1872 4749 1958 4802 die
1981 4746 2168 4816 judicii
2217 4744 2506 4815 plicabitur
2551 4744 2692 4799 sicut
2726 4739 2882 4794 liber.
2911 4738 3049 4805 Quid
3092 4745 3272 4789 autem
3301 4747 3454 4800 aqua:

1872 4838 2184 4900 inferiores,
2216 4835 2318 4890 nisi
2351 4832 2722 4887 multitudines
2767 4824 3086 4882 hominum?
3131 4822 3268 4890 Quid
3297 4836 3456 4888 supt-

1873 4931 2077 4996 riores,
2133 4929 2236 4982 nisi
2287 4925 2440 4981 chori
2497 4934 2622 4981 sunt
2671 4919 3025 4988 angelorum?
3074 4913 3261 4986 Angeli
3310 4911 3460 4966 enim

1873 5023 2276 5092 Scripturarutn
2309 5017 2508 5073 coelum
2557 5031 2662 5072 non
2705 5013 2908 5067 habent
2946 5024 3106 5081 super
3133 5023 3211 5072 se,
3244 5006 3336 5062 sed
3361 5004 3463 5058 sub

1871 5129 1933 5169 se
1969 5130 1984 5166 :
2016 5114 2141 5181 quia
2175 5127 2278 5166 non
2303 5118 2467 5178 egent
2495 5119 2551 5164 ut
2575 5105 2801 5160 verbum
2830 5103 2923 5157 Dei
2956 5103 3195 5172 legentes
3218 5094 3465 5154 audiant,

1872 5205 1995 5276 quia
2027 5187 2202 5272 ipsum
2237 5202 2404 5254 Deum
2435 5203 2759 5268 praesentem
2789 5194 3074 5248 manifeste
3101 5183 3459 5276 conspicilttll.

1910 5304 1920 5310 .
1955 5295 1966 5305 ι
2049 5268 2160 5310 10.-
2214 5302 2426 5310 --..-.-Α--
2462 5306 2478 5310 _
2514 5303 2640 5310 .___..
2689 5283 3062 5310 Π...ις.-.ΑΑΑ..-ιιθ
3129 5276 3262 5310 run“
3301 5268 3467 5310 ἷσίιιη·
