3964 5310
519 175 625 231 263

1054 175 1112 230 S.
1145 171 1345 228 I‘ETRI
1377 170 1656 225 DABIIANI
1697 168 1846 226 OPP.
1877 169 2057 226 PARS
2095 168 2228 226 SEU
2271 167 2507 224 TOMUS
2535 169 2570 224 I.
2625 200 2681 212 ——
2709 169 2924 226 EPIST.
2955 170 3082 225 LIB.
3125 169 3255 226 VIII.

3653 166 3762 225 264

522 303 712 358 resque
736 287 994 351 dividere,
1027 287 1078 342 id
1112 296 1213 350 est,
1239 285 1474 340 carnalia
1505 300 1535 338 a
1563 283 1948 353 spiritualibus,
1980 293 2088 337 ter-
2117 288 2165 348 Α
2193 281 2390 336 imitari
2441 291 2665 335 conetur
2693 282 3016 348 exemplum.
3067 281 3220 336 Sicut
3243 280 3376 336 dicit
3420 281 3716 351 Apostolus
3746 301 3762 335 :

520 396 648 433 reua
678 395 706 432 a
742 377 1051 433 coelestibus
1080 391 1365 444 separare;
1393 373 1505 441 jam
1549 374 1604 427 in
1640 389 1704 428 eo
1733 373 1999 426 secundus
2029 372 2090 425 fit

519 471 666 534 dies,
713 470 838 538 Quia
883 484 987 521 non
1018 468 1176 521 modo
1207 465 1328 520 fidei
1360 465 1565 528 lucem,
1601 464 1696 518 sed
1721 474 1776 518 et
1803 478 1981 518 rerum
2008 463 2092 516 in-

518 559 648 626 cipit
685 557 880 610 habere
911 557 1308 610 discretionem.

591 650 792 703 Deinde
837 649 974 703 dixit
1021 649 1162 704 Deus
1210 665 1222 700 :
1262 666 1280 698 ‹
1314 646 1715 716 Congregentur
1761 658 1943 714 aqum,
1973 658 2091 712 quin

519 739 618 792 sub
651 738 788 792 C(BIO
835 749 981 802 sunt,
1014 739 1066 792 in
1113 738 1288 791 locum
1319 752 1505 800 unum,
1538 744 1594 790 et
1641 746 1897 806 appareat
1940 733 2090 786 arida

517 823 669 895 (Gen.
701 827 762 895 ι).
797 846 814 879 ›
851 827 1011 882 Facta
1045 827 1206 895 igitur
1236 826 1494 881 divisione
1525 825 1666 880 inter
1694 833 1926 888 terrena,
1952 823 2092 877 sicut

516 913 717 968 dictum
749 923 849 980 est,
895 924 1055 990 atque
1083 914 1346 980 coelestia,
1379 928 1600 969 necesse
1629 922 1712 968 est
1755 921 1811 966 ut
1858 913 2090 966 humana

515 1023 669 1063 mens
712 1010 826 1063 hznc
871 1011 1058 1064 eadem
1103 1018 1315 1063 terrena
1363 1007 1536 1062 adhuc
1566 1007 1708 1062 inter
1737 1020 1795 1060 se
1833 1005 2092 1060 minutius

515 1099 721 1153 dividat
749 1113 762 1152 :
789 1110 844 1154 et
885 1100 964 1153 sic
996 1099 1254 1168 reprobos
1289 1097 1535 1152 homines
1563 1095 1718 1165 hujus
1753 1105 1979 1151 terrente
2005 1112 2092 1151 sa—

515 1188 732 1258 pientiae
773 1187 1040 1258 salsugine
1075 1187 1401 1256 prurientes,
1443 1201 1473 1240 a
1511 1186 1670 1256 justis
1719 1185 1921 1241 fontem
1967 1185 2090 1240 fidei

515 1278 838 1341 sitientibus,
880 1287 1134 1347 tanquam
1166 1278 1232 1332 ab
1277 1278 1428 1331 arida
1467 1291 1616 1331 mare
1659 1277 1931 1331 decernat.
1963 1276 2089 1329 Infi-

516 1372 664 1426 deles
708 1373 876 1438 enim,
925 1373 1038 1428 sive
1067 1371 1311 1427 carnales
1341 1371 1566 1441 quilibet
1607 1371 1807 1424 amaris
1839 1369 2091 1424 tentatio-

514 1478 642 1516 num
688 1461 938 1517 ﬂuctibus
988 1464 1333 1533 quatiuntur,
1379 1470 1433 1516 et
1477 1471 1730 1529 tauquam
1780 1459 2090 1530 procellosis

515 1556 887 1624 cupiditatum,
922 1557 1003 1611 vel
1051 1556 1372 1627 arrogantiu‘
1415 1551 1820 1624 tempestatibus
1862 1554 2092 1607 intume-

2199 390 2217 422 ε
2251 371 2434 425 Estote
2461 371 2761 425 imitatores
2787 372 2879 426 Dei
2915 375 3052 427 sicut
3077 372 3168 426 ﬁlii
3199 372 3527 437 charissimi,
3555 383 3612 426 et
3643 388 3766 426 am-

2191 464 2372 516 bulate
2399 463 2452 516 in
2497 462 2802 527 dilectione,
2850 463 2989 518 sicut
3033 472 3087 518 et
3126 462 3373 517 Christus
3418 461 3610 516 dilexit
3667 477 3770 517 nos

2192 551 2406 622 (Ephes.
2437 553 2513 622 v).
2549 572 2568 606 ι
2635 553 2940 608 Dili'erentia
2972 554 3168 625 quippe
3195 562 3313 607 erat
3353 553 3496 607 inter
3536 551 3767 607 Paulum

2191 643 2282 712 qui
2310 643 2623 697 imitabatur
2649 645 2941 710 Christum,
2979 656 3034 702 ct
3066 661 3158 701 eos
3185 661 3322 716 quos
3346 645 3680 716 provocabat
3701 645 3770 700 ad

2192 735 2512 788 imitandum
2564 736 2852 806 seipsum:
2919 755 2937 787 ‹
2989 738 3331 801 lmitatores,
3377 736 3607 807 inquit,
3664 736 3773 791 mei

2191 833 2384 888 estote,
2411 825 2550 879 sicut
2575 835 2629 880 et
2651 842 2749 896 ego
2773 827 2973 881 Christi
3001 826 3051 898 (1
3076 827 3196 882 Cor.
3225 827 3325 897 xl).
3363 846 3382 879 ι

2269 914 2416 969 Unde
2454 925 2605 971 sexta
2647 917 2732 971 die
2755 925 2969 972 creatus
2999 927 3082 972 est
3118 918 3280 972 homo
3307 918 3376 972 ad
3399 916 3482 972 sui
3510 915 3772 972 similitu-

2193 1005 2372 1061 dinem
2403 1005 2696 1062 Creatoris.
2727 1007 2879 1074 Quod
2903 1007 3086 1078 utique
3111 1009 3254 1063 sicut
3281 1015 3408 1063 tunc
3441 1007 3648 1062 factum
3687 1016 3776 1062 est

2193 1109 2291 1165 per
2322 1096 2571 1150 humana:
2609 1096 2936 1152 conditionis
2979 1097 3283 1162 exordium,
3311 1097 3387 1151 ita
3415 1111 3562 1152 nunc
3593 1098 3777 1167 agitur

2188 1200 2286 1255 per
2302 1185 2706 1241 instauratiouis
2727 1187 2925 1241 intimae
2945 1197 3361 1242 sacramentum.
3387 1186 3484 1242 Hic
3506 1195 3776 1257 praeterea

2191 1274 2331 1329 inter
2359 1275 2537 1328 omnia
2584 1284 2760 1341 terrae,
2792 1291 2965 1345 aqum,
2998 1275 3156 1331 simul
3183 1285 3238 1330 et
3281 1275 3424 1330 aeris
3469 1275 3779 1334 animantia

2189 1366 2342 1436 quasi
2401 1367 2770 1422 mouarchiam
2798 1367 3011 1436 accipit,
3039 1376 3094 1422 et
3118 1368 3404 1436 quemdam
3437 1366 3780 1423 sublimioris

2189 1453 2517 1509 excellentiae
2538 1455 2896 1524 principatum
2922 1472 2936 1521 ;
2959 1457 3087 1526 quia
3114 1456 3199 1509 vir
3219 1457 3448 1526 quisque
3469 1455 3776 1526 perfectus,

2191 1560 2254 1600 ac
2281 1545 2568 1600 virtutibus
2594 1555 2997 1601 consummatus
3038 1546 3188 1600 novit
3211 1546 3277 1600 de
3305 1546 3531 1618 singulis
3557 1557 3774 1602 rectum

513 1655 692 1701 scunt.
745 1645 925 1700 Sancti
974 1662 1102 1700 vero
1149 1647 1384 1716 quique,
1439 1660 1502 1699 ac
1545 1645 1699 1715 justi,
1748 1644 1893 1698 velut
1940 1643 2087 1697 arida
2121 1631 2165 1689 Β
2194 1635 2732 1706 proferrejudicium.
2762 1637 2914 1692 Sicut
2951 1638 3234 1708 Apostolus
3261 1638 3373 1694 ait:
3404 1657 3423 1690 ‹
3465 1639 3782 1710 Spiritualis

514 1737 682 1790 Deum
715 1737 921 1802 sitiunt,
950 1745 1004 1790 et
1047 1746 1300 1806 tanquam
1338 1735 1487 1788 ferax
1535 1743 1682 1788 terra
1712 1734 1948 1788 virentes
1986 1735 2085 1787 bo-

511 1841 702 1879 norum
738 1840 959 1894 opermn
989 1826 1194 1880 fructus
1222 1826 1525 1896 germinare
1550 1826 1900 1880 contendunt.
1933 1823 2089 1878 Ideo—

510 1928 617 1984 que
665 1915 908 1986 prazcipit
941 1915 1101 1979 Deus,
1152 1927 1210 1970 ut
1253 1915 1441 1969 eodem
1473 1913 1558 1968 die
1583 1914 1912 1984 germinaret
1947 1922 2088 1968 terra

513 2007 736 2060 herbam
765 2007 1049 2070 virentem,
1083 2005 1364 2060 facientem
1399 2021 1582 2060 semen
1603 2045 1618 2069 ,
1646 2014 1700 2058 et
1743 2005 1940 2074 lignum
1990 2019 2086 2072 po-

513 2094 763 2149 miferum
795 2094 998 2149 faciens
1024 2095 1276 2148 fructum.
1305 2095 1558 2162 Quisquis
1578 2110 1704 2164 ergo
1730 2095 1840 2148 lucc
1863 2094 2089 2148 solerter

512 2187 860 2253 exsequitur,
890 2186 1135 2254 quisquis
1177 2185 1289 2238 lucc
1332 2185 1599 2238 subtiliter
1629 2185 1934 2250 meditatur,
1966 2186 2088 2239 huic

510 2279 697 2348 procul
733 2279 893 2333 dubio
921 2278 1236 2346 tertiusjam
1264 2280 1379 2332 dies
1408 2279 1669 2332 exoritur.
1710 2278 2088 2349 Unusquisque

510 2384 640 2436 ergo
685 2384 743 2423 se
788 2369 854 2422 ah
900 2387 1084 2424 amara
1138 2371 1430 2425 carnaliter
1458 2371 1778 2440 sapientium
1819 2373 2088 2442 salsugine

511 2459 746 2524 dividat;
778 2459 982 2514 fontem
1015 2461 1135 2515 vitae
1160 2462 1350 2526 Deum,
1381 2460 1556 2514 factus
1580 2461 1750 2526 arida,
1780 2462 2087 2517 medullitus

510 2550 676 2615 sitiat,
714 2552 976 2606 bonorum
1010 2553 1277 2607 fructuum
1317 2553 1558 2622 germina
1591 2552 1865 2622 proferat;
1900 2563 1956 2608 ut
1983 2556 2085 2610 sibi

508 2641 624 2696 dies
657 2643 843 2698 tertius
872 2643 1164 2698 illucescat.

582 2730 674 2784 llis
705 2734 847 2786 cnim
892 2733 964 2786 ita
999 2733 1334 2802 compositis,
1379 2741 1431 2787 et
1471 2733 1759 2788 salubriter
1799 2733 2084 2799 ordinatis,

505 2824 611 2894 61
642 2825 818 2877 anima
853 2825 1110 2890 hominis,
1142 2826 1292 2894 quasi
1325 2825 1541 2878 dimotis
1581 2835 1743 2893 atque
1789 2827 1977 2894 sapitis
2011 2835 2088 2880 le-

509 2914 693 2966 nebris
740 2915 1026 2979 vitiorum,
1076 2915 1262 2982 incipit
1310 2915 1523 2968 radiare
1581 2917 1756 2970 nitore
1802 2917 2079 2969 virtutum.

2192 1734 2370 1780 autem
2399 1725 2826 1794 judicatomnia,
2871 1728 2987 1796 ipse
3028 1737 3206 1783 autem
3253 1742 3285 1781 a
3314 1727 3530 1785 nemine
3564 1729 3783 1798 judica-

2193 1827 2278 1872 tur
2298 1818 2351 1888 (Ι
2376 1817 2498 1873 Cor.
2520 1819 2603 1890 ιι).
2648 1837 2666 1871 ι
2693 1817 2830 1874 Hinc
2855 1820 3035 1889 itaque
3061 1821 3202 1875 Deus
3227 1821 3568 1890 omnipotens
3597 1823 3780 1878 virum

2189 1909 2388 1964 mundo
2438 1909 2646 1964 scilicet
2689 1919 2982 1976 mortuum,
3021 1910 3230 1981 sibique
3279 1912 3565 1980 viventem,
3615 1929 3782 1968 suum

2189 2001 2468 2057 constituit
2498 2003 2767 2069 thronum,
2808 2019 2873 2058 ac
2914 2019 3010 2074 per
3044 2019 3169 2058 eum
3215 2019 3356 2074 saepe
3398 2003 3625 2075 iustitiae
3664 2021 3783 2062 sua:

2189 2094 2492 2164 promulgat
2519 2094 2772 2150 edictum.
2824 2094 2959 2150 Ilinc
2991 2104 3074 2150 est
3101 2095 3283 2159 etiam,
3315 2097 3459 2166 quod
3503 2096 3642 2151 ordo
3689 2097 3783 2154 ille

2190 2182 2460 2251 angelicus
2487 2197 2582 2251 per
2609 2198 2768 2252 quem
2794 2182 3130 2254 frequentius
3167 2183 3369 2252 judicia
3399 2200 3497 2240 sua
3526 2185 3783 2241 decernit

2188 2273 2526 2343 omnipotens
2555 2275 2712 2342 Deus,
2741 2276 2962 2330 thronus
2988 2287 3206 2331 vetatur
3231 2296 3243 2330 :
3267 2277 3393 2346 quia
3418 2277 3473 2330 in
3503 2277 3584 2332 eis
3618 2292 3778 2332 sum-

2190 2379 2309 2418 mus
2333 2364 2537 2419 arbiter
2564 2367 2832 2434 prmsidet,
2857 2382 2980 2421 cum
3019 2367 3216 2436 judicia
3245 2382 3342 2436 per
3363 2382 3459 2422 eos
3500 2369 3782 2437 aequitatis

2188 2465 2423 2509 exercet.
2453 2453 2753 2510 Perfectum
2785 2457 2964 2527 itaque
2993 2458 3169 2513 virum
3201 2457 3341 2512 Deus
3369 2473 3526 2512 suum
3570 2460 3780 2514 consti-

2190 2545 2287 2600 tuit
2315 2545 2526 2611 solium,
2575 2559 2634 2602 ut
2665 2549 2714 2601 in
2743 2563 2807 2602 eo
2848 2547 3084 2604 suaviter
3117 2559 3438 2618 reqmescat.
3472 2549 3628 2606 Unde
3677 2566 3780 2622 per

2187 2641 2504 2710 prophetam
2531 2660 2542 2695 :
2575 2661 2594 2694 ι
2628 2642 2801 2716 Super
2835 2659 3012 2714 quem,
3043 2646 3232 2714 inquit,
3265 2648 3568 2716 requiescet
3599 2649 3781 2719 Spiri-

2191 2741 2275 2787 tus
2303 2747 2473 2796 meus,
2497 2733 2600 2788 nisi
2625 2749 2786 2804 super
2811 2735 3088 2800 humilem,
3117 2745 3171 2791 et
3191 2719 3556 2806 mansuetum,
3578 2747 3636 2794 ct
3666 2749 3779 2795 tre-

2187 2831 2419 2877 mentem
2451 2837 2730 2880 sermones
2757 2827 2947 2881 meos?
2982 2846 2999 2878 ι
3037 2826 3172 2898 (Ira.
3205 2828 3378 2899 vat.)

2259 2911 2326 2966 Et
2353 2913 2668 2980 notandum,
2700 2917 2839 2984 quod
2865 2933 2962 2986 per
2984 2933 3417 2990 unumquemque
3457 2921 3602 2976 diem
3634 2923 3777 2978 diei-

507 3001 685 3069 Atque
715 3004 834 3056 ideo
862 3003 1078 3066 dicitur,
1111 2974 1233 3071 quia
1260 3012 1450 3071 quarto
1481 3004 1566 3057 die
1593 3003 1731 3056 facta
1762 3013 1887 3058 sunt
1922 3005 2080 3057 lumi-
2111 2974 2154 3035 C
2190 3010 2312 3055 tur:
2341 3002 2560 3055 Factum
2588 3015 2669 3058 est
2697 2974 2936 3074 vespere,
2968 3016 3021 3060 et
3050 2974 3243 3062 man'e:
3276 2974 3500 3078 vespere
3521 3012 3631 3080 62
3663 3014 3775 3066 sci-

510 3093 661 3146 naria
693 3092 744 3145 in
779 3093 1118 3148 [irritamento
1147 3093 1290 3147 caeli.
1333 3093 1468 3159 Quid
1504 3103 1586 3147 est
1609 3095 1748 3147 enim
1784 3095 1907 3164 quia
1939 3096 2085 3164 prius

507 3183 774 3252 germinat
810 3195 974 3249 terra,
1006 3194 1060 3238 et
1108 3185 1353 3254 protinus
1397 3185 1682 3238 luminaria
1715 3196 1839 3240 sunt
1879 3198 2082 3252 creata,

509 3273 614 3328 nisi
659 3274 783 3341 quia
831 3273 1409 3344 prodeunte'germine
1455 3275 1580 3330 boni
1634 3277 1835 3345 Operis,
1885 3276 1973 3330 lux
2030 3279 2084 3331 in

509 3363 689 3415 anima
719 3364 988 3431 copiosior
1015 3364 1209 3428 oritur,
1245 3373 1301 3417 ut
1327 3365 1524 3418 imitari
1551 3364 1725 3419 valeat
1750 3367 1830 3421 sui
1864 3369 2084 3438 vestigia

511 3453 932 3521 Redemptoris?
963 3454 1241 3509 Acceleret
1279 3470 1407 3522 ergo
1441 3465 1580 3508 terra
1614 3458 1809 3512 mentis
1839 3459 2086 3514 humana:

509 3543 869 3611 spiritualium
901 3553 1139 3613 segetum
1167 3545 1471 3614 germinare
1499 3555 1840 3614 proventum,
1878 3556 1936 3601 ut
1959 3549 2086 3603 ruti-

507 3633 744 3687 lantibus
790 3634 991 3688 intima:
1039 3634 1177 3688 lucis
1228 3634 1392 3688 radiis
1439 3634 1769 3701 illustretur;
1821 3647 2086 3706 quatenus

509 3726 636 3778 dum
682 3725 858 3793 quarti
890 3725 994 3780 diei
1042 3724 1160 3779 luce
1190 3723 1510 3793 perfruitur,
1546 3726 1708 3778 etiam
1750 3727 1816 3780 ad
1843 3738 2086 3782 contem-

507 3815 703 3883 planda
754 3815 997 3870 caelestia
1049 3830 1200 3870 more
1247 3815 1604 3885 Spiritualium
1657 3817 1931 3872 volucrum
1999 3836 2081 3873 ra.

507 3906 707 3974 piatur.

581 3995 732 4050 Unde
766 4003 868 4060 est,
899 3995 1041 4064 quod
1069 3996 1121 4049 in
1154 3996 1343 4066 quinto
1382 3995 1467 4050 die
1509 3997 1676 4050 creati
1715 4004 1841 4051 sunt
1871 3999 2047 4066 pisces
2068 4040 2082 4063 ,

507 4101 606 4157 per
631 4101 766 4154 quos
802 4087 1152 4152 designantur
1184 4087 1218 4140 ii
1251 4087 1342 4154 qui
1373 4087 1710 4155 baptismatis
1750 4099 2085 4145 sacramenta

511 4175 852 4244 suscipiunt;
900 4174 1144 4229 volucres
1175 4175 1357 4237 etiam,
1393 4175 1484 4242 qui
1527 4175 1835 4244 significant
1872 4193 1963 4232 eos
1994 4181 2086 4248 qui

508 4266 768 4318 virtutum
813 4263 1001 4332 pennis
1044 4263 1110 4317 ad
1147 4263 1384 4316 caelestia
1419 4278 1476 4316 se
1517 4265 1923 4333 contemplanda
1967 4283 2084 4321 sus-

508 4356 765 4426 pendunt.
800 4353 1054 4420 Quintum
1096 4369 1224 4422 ergo
1261 4353 1548 4421 diemicum
1582 4353 1888 4410 volucribus
1922 4357 2081 4413 habet

509 4446 774 4516 quisquis,
804 4444 985 4499 saeculi
1020 4445 1175 4513 hujus
1215 4459 1399 4498 amore
1427 4453 1758 4514 contempto,
1801 4449 1954 4516 quasi
1985 4449 2082 4502 de-

509 4538 762 4606 dignatur
789 4550 1002 4590 C(euum
1033 4536 1244 4589 calcare
1278 4544 1569 4596 terrenum,
1613 4551 1677 4590 ac
1712 4550 1807 4606 per
1835 4548 2080 4593 conteru-

509 4627 761 4696 plationis
789 4627 1018 4693 gratiam
1061 4627 1126 4680 ad
1156 4627 1388 4680 cmlestis
1415 4628 1596 4696 gloria:
1636 4643 1693 4682 se
1717 4632 1964 4698 provehit
1987 4647 2081 4701 ap-

510 4717 760 4785 petitum.
804 4715 902 4771 llic
943 4717 1124 4786 itaque
1153 4731 1258 4770 non
1289 4715 1403 4784 jam
1437 4719 1487 4771 in
1521 4727 1662 4773 terra
1692 4721 1954 4790 graditur,
1985 4724 2080 4778 sed

511 4823 608 4877 per
640 4822 819 4862 aerem
872 4808 1049 4862 volat:
1075 4809 1198 4877 quia
1233 4817 1445 4866 terrena
1487 4825 1714 4878 quaeque
1757 4812 2078 4882 despiciens,

511 4897 576 4951 ad
613 4899 851 4953 cmlestia
891 4900 1194 4954 sitibundus
1239 4901 1474 4956 anhelat.
1505 4921 1522 4952 ι
1563 4901 1766 4968 Sitivit,
1813 4905 2078 4975 inquiens,

511 4993 687 5043 anima
719 5006 836 5044 mea
863 4992 930 5044 ad
961 4992 1126 5046 Deum
1161 4994 1362 5047 fontem
1387 4995 1819 5064 vivum,quando
1845 5000 2081 5062 veniam,

509 5086 566 5132 et
595 5080 861 5148 apparebo
890 5089 1016 5133 ante
1043 5081 1232 5136 faciem
1267 5081 1396 5136 Dei?
1420 5104 1436 5135 ο
1470 5081 1640 5152 (Paul.
1673 5087 1804 5158 xu).
1831 5087 1927 5144 llic
1954 5106 2082 5161 ergo

511 5169 666 5240 quasi
696 5169 779 5222 vir
803 5169 1071 5239 perfectus
1111 5173 1177 5226 ad
1208 5175 1289 5226 sui
1318 5175 1624 5229 Conditoris
1653 5179 1844 5231 merito
1882 5177 2086 5232 forn'ra-

513 5272 600 5310 tur
625 5261 932 5310 imaginem.
961 5262 1211 5310 nimirum
1237 5265 1324 5310 {IIII
1349 5275 1548 5310 tantam
1575 5267 1931 5310 gnirinmlinm
1954 5271 2082 5310 nim...

2110 4310 2160 4369 D

2184 3090 2308 3145 licet
2338 3091 2448 3161 ipsa
2479 3093 2599 3146 boni
2635 3095 2813 3163 operis
2853 3104 2934 3150 est
2974 3095 3250 3165 perfectio,
3303 3112 3460 3152 mane
3505 3114 3639 3154 vero
3680 3099 3778 3156 lux

2185 3181 2398 3236 mentis.
2427 3181 2557 3235 Nam
2581 3199 2701 3236 cum
2730 3183 2926 3238 bonum
2955 3201 3089 3255 opus
3113 3187 3357 3256 pervenit
3385 3187 3452 3242 ad
3478 3187 3778 3258 perfectio-

2185 3286 2329 3333 nem,
2364 3279 2489 3325 tunc
2517 3273 2567 3325 in
2607 3276 2882 3340 operantis
2912 3285 3088 3328 mente
3127 3275 3217 3328 lux
3247 3276 3436 3346 gratia:
3466 3277 3776 3345 spiritualis

2184 3363 2463 3428 exoritur;
2499 3372 2556 3416 ut
2583 3363 2705 3418 dum
2736 3381 2871 3434 opus
2899 3365 3028 3420 foris
3055 3367 3388 3436 exsequitur,
3440 3368 3776 3427 intrinsecus

2185 3451 2298 3520 ipse
2322 3452 2494 3520 gratia
2529 3453 2761 3522 Spiritus
2792 3456 3106 3510 illustretur.

2255 3539 2347 3594 Sic
2389 3542 2568 3610 itaque
2597 3545 2907 3612 pervcnitur
2934 3545 3000 3599 ad
3043 3544 3361 3612 Sahhatum,
3391 3547 3446 3602 in
3473 3563 3582 3618 quo
3628 3549 3776 3608 Deus

2185 3639 2238 3683 et
2263 3630 2377 3699 ipse
2400 3635 2785 3687 consummatis
2807 3635 3058 3704 operibus
3079 3637 3388 3704 requiescit,
3413 3647 3468 3692 et
3489 3641 3773 3698 hominem

2187 3722 2526 3787 requiescere
2571 3724 2829 3793 prmcipit.
2871 3723 2985 3779 Iloc
3013 3726 3194 3795 itaque
3235 3726 3394 3782 modo
3422 3737 3479 3782 et
3508 3730 3674 3786 homo
3712 3732 3772 3786 lit

2188 3810 2476 3864 Sabbatum
2509 3811 2623 3877 Dei,
2654 3823 2709 3866 et
2756 3815 2896 3868 Deus
2923 3815 3216 3870 Sabbatum
3249 3818 3525 3885 hominis;
3559 3835 3687 3874 cum
3718 3832 3774 3877 et

2187 3900 2298 3968 ipse
2329 3901 2380 3953 in
2418 3901 2545 3966 Deo,
2576 3911 2630 3956 et
2660 3905 2800 3958 Deus
2824 3906 3115 3974 requiescit
3144 3908 3197 3961 in
3223 3924 3308 3964 eo.
3351 3927 3370 3961 ι
3423 3909 3662 3978 Manele,
3691 3913 3774 3968 in-

2185 3991 2318 4058 quit,
2346 3991 2396 4043 in
2428 4007 2512 4045 me
2540 4000 2592 4045 et
2615 4007 2712 4062 ego
2750 3993 2804 4047 in
2833 3996 2982 4050 vobis
3005 3997 3185 4068 (Joan.
3212 4000 3323 4070 xv).
3365 4018 3384 4050 ι
3416 4000 3535 4070 lpse
3562 4004 3770 4074 quippe

2185 4080 2340 4134 nobis
2368 4091 2422 4134 et
2452 4081 2799 4150 intemporale
2824 4094 3049 4154 tempus,
3093 4097 3146 4142 et
3192 4088 3417 4144 illocalis
3458 4100 3547 4146 est
3593 4093 3772 4149 locus'

2185 4169 2410 4225 lllocalis
2432 4172 2655 4236 scilicet,
2685 4173 2808 4241 quia
2833 4191 2938 4230 non
2966 4178 3428 4233 circumscribitur
3451 4197 3465 4246 ;
3497 4181 3773 4254 intempo-

2188 4261 2335 4326 ralis,
2358 4262 2481 4331 quia
2505 4278 2776 4332 nunquam
2800 4266 3000 4320 linitur.
3026 4268 3258 4338 Tempus
3280 4271 3459 4339 itaque
3481 4273 3642 4328 nobis
3661 4285 3769 4341 est,

2186 4353 2312 4406 dum
2341 4354 2468 4409 dicit
2493 4373 2504 4407 :
2527 4372 2544 4404 ‹
2566 4354 2750 4411 Nonne
2775 4358 3050 4413 duodecim
3066 4361 3214 4414 horre
3241 4361 3518 4415 suutdiei?
3538 4381 3558 4415 ι
3580 4364 3765 4433 (Joan.

2185 4445 2288 4514 xt.)
2316 4445 2386 4499 Se
2413 4445 2616 4501 scilicet
2642 4447 2803 4514 diem,
2825 4449 3103 4504 duodecim
3140 4461 3321 4506 autem
3354 4454 3516 4509 horas
3541 4457 3768 4513 totidem

2184 4535 2315 4590 dicit
2344 4537 2632 4604 apostolos.
2653 4537 2824 4593 Locus
2845 4556 2972 4594 vero
2999 4540 3106 4594 illic
3126 4541 3492 4597 indubitanter
3505 4548 3768 4615 exprimi-

2186 4637 2289 4692 tur,
2309 4629 2396 4682 ubi
2418 4628 2681 4698 PrOphcta
2705 4646 2825 4685 cum
2847 4631 3191 4699 praemisisset
3219 4649 3232 4686 :
3260 4652 3280 4685 ι
3314 4633 3392 4688 Tu
3413 4643 3600 4690 autem
3623 4637 3766 4693 idem

2183 4719 2295 4786 ipse
2320 4734 2396 4783 es,
2423 4729 2476 4774 et
2499 4722 2622 4774 anni
2648 4721 2718 4773 tui
2743 4735 2844 4775 non
2877 4721 3160 4788 deficient;
3197 4742 3216 4773 ι
3243 4725 3488 4793 protinus
3521 4727 3762 4782 addidit:

2192 4829 2208 4858 ι
2233 4808 2352 4863 Filii
2388 4825 2664 4864 servorum
2706 4820 2916 4864 tuorum
2963 4811 3276 4867 habitabunt
3317 4813 3390 4868 ibi
3414 4811 3588 4883 (Psal.
3617 4816 3716 4887 ει),
3740 4835 3758 4868 ι

2185 4898 2326 4953 haud
2347 4898 2566 4958 dubium
2587 4900 2716 4970 quin
2747 4901 2799 4954 in
2833 4909 2900 4954 te.
2924 4900 3074 4956 Fecit
3105 4903 3284 4972 itaque
3315 4903 3453 4956 Deus
3479 4903 3682 4959 caelum
3711 4914 3764 4960 et

2187 4997 2405 5050 terram.
2435 4999 2489 5043 et
2516 4991 2839 5058 requievisse
2859 5006 2965 5046 non
2991 4993 3223 5046 dicitur:
3251 4993 3376 5048 fecit
3398 4995 3764 5063 germinantia

2186 5089 2342 5133 terra:
2370 5087 2424 5133 et
2450 5079 2732 5135 luminaria
2759 5082 2901 5146 caeli,
2931 5092 2983 5138 et
3019 5086 3345 5154 requievisse
3381 5103 3489 5143 non
3518 5087 3756 5144 dicitur:

2183 5170 2310 5225 fecit
2329 5171 2508 5225 omnia
2535 5187 2653 5242 qua!
2674 5182 2966 5242 pascuntur
2990 5175 3042 5229 in
3067 5177 3248 5240 terris,
3283 5179 3360 5232 vel
3395 5194 3516 5248 qum
3537 5195 3762 5236 moven-

2181 5271 2268 5310 tur
2297 5264 2351 5310 in
2382 5263 2556 5310 annis-
2587 5271 2642 5310 et
2671 5263 2723 5310 in
2757 5263 3003 5310 (ninnihns
3029 5265 3113 5310 his
3142 5283 3403 5310 nitentium
3432 5267 3634 5310 Ιρηίιιιι·
3677 5284 3762 5310 rp-
