3964 5310
1435 379 1636 440 LIBER
1675 384 2054 458 SECUNDUS,
2093 391 2310 454 EPIST.
2343 397 2406 453 ν.

3349 420 3448 478 26(-

183 493 318 542 cat:
355 503 374 537 ι
409 486 620 544 letun
665 490 796 545 mihi
835 499 992 548 sedes
1020 501 1124 558 est,
1171 501 1314 550 terra
1351 505 1530 554 autem
1569 501 1774 558 scabel-
1797 507 1852 568 Α
1875 502 2146 564 Creatoris
2189 511 2272 565 sui
2301 509 2422 568 luce
2449 514 2764 584 perfruitur,
2789 533 2910 589 qua:
2957 527 3308 586 vernantibus
3335 513 3449 588 vir-

183 575 304 630 lum
331 575 532 644 pedum
561 591 804 634 meorum
835 579 970 650 (Ira.
1007 584 1190 653 LXVI);
1231 604 1252 638 ι
1285 587 1430 656 quod
1473 587 1528 642 in
1561 588 1774 648 illorum

183 667 506 722 cotiditione
546 683 654 723 non
698 670 914 738 dicitur,
956 673 1010 728 in
1040 674 1154 730 sola
1189 675 1424 733 hominis
1451 681 1776 746 conditione

181 754 462 824 quievisse
481 757 802 828 perhibetur
826 779 842 828 ;
873 771 929 818 et
947 772 1007 819 ut
1025 767 1198 836 magis
1224 783 1290 824 ac
1309 771 1482 841 magis
1507 772 1774 845 insignem

179 847 348 916 hujus
369 850 728 927 dieistupeas
745 854 1084 926 dignitatem,
1101 858 1232 916 dicit
1249 859 1530 932 Scriptura
1554 882 1568 920 :
1599 885 1616 918 ι
1636 865 1772 934 Quia

179 938 472 996 benedixit
499 939 650 998 Deus
675 943 780 998 diei
798 945 1052 1015 septimo,
1093 956 1152 1003 et
1195 951 1554 1010 sanctiﬁcavit
1598 954 1768 1024 illum,

181 1028 313 1098 quia
343 1029 402 1084 in
428 1030 552 1100 ipso
575 1044 882 1090 cessaverat
919 1037 990 1092 ah
1017 1038 1270 1096 universo
1297 1055 1460 1112 opere
1483 1059 1584 1101 suo
1609 1044 1767 1118 (Gen.

177 1119 276 1192 n):
315 1139 334 1174 ι
369 1124 522 1192 quod
547 1125 604 1180 in
633 1127 838 1184 caeteris
859 1128 1052 1186 diebus
1101 1130 1296 1190 fecisse
1319 1135 1470 1192 nullo
1493 1138 1652 1196 modo
1678 1155 1768 1196 re-

179 1213 416 1282 peritur.
445 1215 590 1284 Quid
625 1227 712 1274 est
755 1218 900 1276 enim
945 1221 1054 1278 Deo
1081 1223 1378 1282 Sabbatum
1405 1230 1766 1300 sanctiﬁcare,

175 1303 284 1360 nisi
329 1307 592 1375 templum
619 1307 839 1366 sibimet
879 1311 937 1366 in
981 1315 1154 1370 sancti
1197 1323 1360 1386 atque
1405 1317 1630 1387 perfecti
1663 1322 1767 1380 viri

179 1405 362 1452 mente
409 1407 752 1458 construere.
799 1401 952 1460 Sicut
979 1414 1034 1460 et
1059 1406 1344 1475 Apostolus
1369 1427 1380 1462 :
1407 1427 1428 1462 ‹
1461 1410 1764 1482 Templum,

173 1489 276 1554 ait,
311 1490 428 1555 Dei,
463 1492 610 1562 quod
633 1494 764 1550 estis
789 1509 906 1562 vos,
932 1505 987 1552 et
1031 1497 1264 1568 Spiritus
1305 1509 1526 1558 sanctus
1553 1504 1766 1560 habitat

173 1579 229 1638 in
255 1583 418 1638 vobis
445 1583 500 1655 (Ι
527 1584 650 1640 Cor.
679 1587 783 1656 ιιι).
822 1607 842 1640 ι

237 1672 412 1730 Porro
437 1686 620 1732 autem
645 1679 788 1734 sicut
811 1680 878 1736 de
897 1680 1134 1740 Sabbato
1159 1685 1412 1754 diximus,
1449 1689 1524 1744 ita
1551 1705 1762 1762 quoque

171 1764 312 1819 ratio
363 1766 538 1836 exigit
585 1781 645 1824 ut
697 1769 764 1824 de
797 1772 994 1843 templo
1029 1775 1272 1832 dicamus
1297 1819 1312 1842 ,
1355 1779 1484 1848 quia
1515 1789 1572 1836 et
1615 1781 1760 1838 Deus

181 1854 442 1923 templum
469 1855 726 1926 hominis,
751 1869 808 1916 et
843 1863 1004 1920 homo
1030 1873 1114 1920 est
1161 1868 1416 1938 templum
1451 1869 1576 1936 Dei;
1623 1873 1764 1928 sicut
1789 1867 1838 1928 Β
1865 1873 2010 1943 ejus;
2041 1854 2223 1936 vivent
2270 1884 2473 1954 tritico,
2508 1897 2564 1944 et

171 1943 228 1998 in
255 1943 584 2020 Apocalypsi
628 1949 856 2008 Joannis
877 1954 1112 2010 dicitur:
1142 1976 1160 2010 ι
1193 1957 1476 2030 Templum
1503 1978 1610 2018 non
1648 1965 1756 2022 vidi

165 2034 220 2090 in
247 2051 334 2091 ea.
373 2039 636 2098 Dominus
665 2044 810 2100 enim
839 2047 980 2104 Deus
1022 2049 1360 2120 omnipotens
1394 2055 1648 2124 templum
1691 2056 1758 2110 il-

163 2123 266 2180 lius
305 2135 418 2191 est,
461 2137 518 2183 et
555 2144 729 2202 agnus
771 2133 954 2204 (Apoc.
1002 2138 1137 2208 ut).
1173 2157 1192 2190 ι
1245 2123 1526 2210 Templum
1573 2144 1758 2216 itaque

161 2215 404 2272 hominis
434 2219 610 2286 Deus,
641 2224 896 2295 templum
923 2228 1020 2282 Dei
1047 2228 1108 2284 ﬁt
1135 2229 1311 2289 homo.
1357 2232 1472 2290 Hoc
1521 2215 1756 2296 hominis

163 2308 426 2378 templum
475 2312 776 2382 spiritualis
823 2325 906 2372 est
962 2320 1244 2388 paradisus
1264 2363 1281 2389 ,
1335 2339 1510 2382 mens'
1549 2328 1755 2386 scilicet

159 2406 372 2463 uncta,
421 2413 578 2458 mens
623 2403 886 2472 perfecta,
937 2421 1090 2464 mens
1117 2411 1334 2478 munda,
1379 2423 1544 2486 atque
1569 2417 1638 2474 ad
1667 2419 1752 2476 sui

157 2486 472 2546 Conditoris
501 2492 790 2564 imaginem
833 2498 1110 2569 signanter
1153 2517 1427 2572 expressa.
1475 2507 1620 2574 Haec,
1663 2510 1750 2566 in-

155 2593 340 2648 quam,
371 2597 548 2650 meus,
575 2586 692 2640 sive
713 2589 996 2648 rationalis
1030 2595 1228 2660 anima,
1253 2597 1378 2666 jure
1407 2599 1606 2656 dicitur
1647 2617 1748 2672 pa-

155 2671 394 2738 radisus,
425 2691 548 2745 qua:
570 2685 626 2732 et
651 2679 948 2738 caelestium
975 2685 1362 2744 charismatum
1401 2701 1486 2747 est
1529 2671 1750 2752 liuentis

153 2759 380 2833 irrigua,
413 2774 472 2820 et
519 2776 774 2840 tanquam
825 2772 1082 2832 fertilium
1121 2779 1375 2836 arborum
1414 2782 1498 2838 vel
1545 2785 1748 2842 herba-

151 2864 294 2918 rum,
325 2852 410 2909 sic
437 2854 740 2915 virentibus
767 2872 1078 2920 sanctarum
1113 2867 1372 2924 virtutum
1413 2882 1598 2928 vernat
1626 2889 1748 2944 ger-

151 2938 390 2997 minibus
413 2943 700 3002 adornata.
729 2948 874 3006 Fons
907 2954 1051 3009 enim
1087 2955 1194 3022 ille,
1235 2958 1348 3014 sive
1376 2958 1603 3028 ﬁuvius,
1629 2938 1746 3034 —qui

151 3028 258 3086 illic
283 3033 490 3090 dicitur
511 3040 696 3108 egredi
733 3042 800 3096 de
835 3042 955 3100 loco
982 3045 1274 3118 voluptatis
1299 3051 1368 3106 ad
1411 3028 1744 3124 irrigandum

1853 603 2052 674 .tutum
2087 600 2444 670 spiritualium
2479 608 2812 676 germinibus
2841 612 3146 682 decoratur,
3175 635 3336 690 quam
3362 627 3450 684 de-

1877 683 2040 756 nique
2065 686 2184 744 fons
2205 692 2478 760 sapientiae
2498 696 2884 765 proﬁuentibus
2908 718 2973 757 ex
2997 721 3058 762 se
3077 683 3309 778 quatuor
3329 731 3450 786 gur-

1875 776 2074 847 gitibus
2113 780 2318 854 irrigat,
2350 795 2512 856 atque
2533 789 2600 844 ad
2639 791 2994 872 proferendos
3027 776 3288 860 honorum
3325 776 3450 876 ope-

1873 883 1992 924 rum
2033 869 2242 928 fructus
2273 875 2508 932 caelestis
2549 880 2736 950 gratia:
2765 869 2986 942 madore
3011 887 3266 948 fecundat
3296 915 3308 948 :
3335 869 3450 956 hare

1871 959 2054 1028 procul
2081 962 2240 1018 dubio
2277 968 2580 1035 paradisus,
2609 973 2723 1030 haec
2761 984 2842 1031 est
2885 979 3076 1036 hortus
3107 984 3446 1058 deliciarum,

1869 1049 1940 1106 de
1955 1067 2062 1122 qua
2073 1055 2332 1116 Dominus
2351 1063 2654 1131 perlsaiam
2668 1068 2826 1124 dicit:
2851 1090 2870 1124 α
2889 1073 3170 1134 Eliundam
3195 1049 3448 1152 spiritum

1869 1154 2048 1198 meum
2074 1159 2234 1216 super
2257 1161 2446 1206 semen
2493 1163 2660 1222 tuum,
2704 1168 2758 1214 et
2795 1160 3222 1226 benedictionem
3268 1189 3446 1232 meam

1839 1246 2032 1303 ~super
2079 1238 2302 1309 stirpem
2355 1251 2520 1310 tuam,
2549 1257 2604 1303 et
2643 1253 3024 1321 germinabunt
3060 1261 3202 1318 inter
3249 1266 3450 1324 herbas

1867 1325 2020 1394 quasi
2035 1326 2402 1400 salicesjuxta
2434 1339 2854 1404 praeterﬂuentes
2885 1361 3052 1418 aquas
3074 1349 3207 1422 (Isa.
3239 1357 3438 1430 xuv).s

1867 1416 2018 1474 Tunc
2045 1420 2143 1486 illi,
2175 1427 2316 1494 quod
2345 1441 2444 1496 per
2465 1429 2602 1488 Osee
2627 1416 2946 1506 prophetam
2969 1416 3324 1514 promittitur,
3359 1416 3444 1508 ἐει-

1863 1509 2500 1588 ﬁcaciteradimpleturu
2534 1525 2640 1582 Ero
2668 1531 2822 1598 quasi
2849 1509 3146 1600 ros,_lsrael
3169 1546 3444 1612 germina-

1861 1602 1943 1697 bit
1977 1607 2130 1674 quasi
2181 1609 2374 1678 lilium,
2403 1623 2458 1670 et
2483 1631 2730 1688 erumpet
2766 1626 2916 1680 radix
2947 1627 3062 1697 ejus
3091 1602 3442 1696 utvLibaniv:

1861 1691 2014 1748 ibunt
2043 1698 2180 1752 rami
2203 1698 2340 1768 ejus,
2369 1711 2424 1758 et
2465 1706 2571 1762 erit
2615 1711 2771 1778 quasi
2819 1691 3178 1789 oliva'gloria
3225 1691 3448 1795 ejus.ﬂct

1862 1783 1996 1839 odor
2024 1787 2139 1856 ejus
2165 1800 2226 1845 ut
2249 1792 2461 1850 Libani.
2489 1797 2882 1860 Convertuntur
2907 1783 3152 1870 sedentes
3169 1817 3222 1871 in
3249 1783 3442 1880 umbra

2613 1896 2990 1962 germinabunt
3040 1907 3194 1972 quasi
3237 1911 3438 1980 vinea;

1859 1974 2172 2030 memoriale
2225 1976 2344 2046 ejus
2397 1982 2542 2039 sicut
2595 1987 2776 2044 vinum
2827 1991 3014 2051 Libani
3045 1999 3190 2067 (Ose.
3237 2007 3371 2076 xrv).

1858 2060 2010 2118 Hanc
2039 2064 2202 2134 igitur
2237 2070 2492 2138 animam,
2519 2075 2657 2130 sicut
2698 2079 2764 2134 de
2789 2081 3026 2142 Sabbato
3051 2060 3267 2162 legitur,

1855 2151 2200 2222 omnipotens
2225 2159 2526 2216 sanctiﬁcat
2553 2173 2608 2219 et
2631 2166 2919 2236 benedicit,
2951 2184 3002 2230 et
3027 2177 3081 2231 in
3105 2151 3171 2234 ca
3201 2151 3438 2242 delecta-

1853 2239 2034 2298 biliter
2057 2247 2366 2315 requiescit.
2393 2250 2518 2308 llaec
2545 2257 2809 2327 siquidem
2837 2279 2964 2320 vere
2985 2266 3296 2343 Sabbatum,
3327 2239 3440 2336 haec

1855 2334 2133 2404 templum,
2163 2338 2276 2395 haec
2303 2344 2386 2398 sui
2413 2344 2686 2406 Creatoris
2713 2362 2797 2408 est
2816 2363 3202 2421 sanctuarium.

1923 2421 2093 2482 Porro
2108 2437 2300 2528 autem
2340 2432 2480 2490 sicut
2506 2437 2799 2510 Egyptum
2833 2452 3102 2516 percussit
3139 2455 3293 2528 plaga
3321 2476 3438 2518 mu-

1851 2529 2070 2572 scarum
2099 2515 2298 2586 (Exod.
2329 2524 2414 2594 ιι),
2446 2525 2772 2590 lsraeliticus
2799 2515 2980 2595 autem
3031 2515 3260 2615 populus
3282 2515 3438 2611 acce-

1851 2604 1931 2674 pit
1951 2605 2004 2659 in
2029 2622 2254 2668 munere
2277 2612 2594 2685 Sabhatum,
2621 2622 2696 2678 ita
2717 2640 2932 2696 semper
2951 2641 3006 2685 et
3029 2604 3255 2704 reproba
3281 2604 3436 2702 mens

1851 2693 2006 2749 avide
2027 2709 2124 2766 per
2151 2701 2339 2756 mundi
2393 2703 2554 2774 hujus
2577 2711 2789 2780 negotia
2821 2693 3060 2784 inquieta

1851 2792 1906 2839 et
1927 2785 2106 2840 anima
2131 2799 2317 2846 sancta
2374 2793 2428 2847 in
2455 2795 2568 2850 sola
2594 2799 2675 2853 sui
2707 2800 3084 2876 Redemptoris
3119 2785 3434 2883 quietudine

1851 2875 2166 2967 delectatur.
2195 2881 2331 2938 Hinc
2357 2895 2462 2952 est,
2485 2892 2624 2956 quod
2652 2907 2760 2948 non
2793 2875 2940 2962 alibi,
2963 2901 3058 2956 sed
3087 2875 3432 2967 iri-Reblatba

1850 2979 1945 3022 rex
1978 2965 2266 3038 Babylonis
2289 2972 2528 3031 Sedecite
2555 2979 2693 3036 ﬁlios
2717 2985 3028 3055 trucidavit,
3060 3000 3114 3047 et
3137 3005 3258 3065 post
3287 2965 3432 3068 ejus:

1849 3057 1972 3112 dem
2017 3061 2204 3118 oculos
2247 3066 2388 3120 eruit
2416 3067 2522 3138 (ιγ
2553 3071 2683 3142 Reg.
2719 3077 2890 3147 xxiv).
2918 3078 3082 3138 Plane
3115 3057 3240 3144 dum
3280 3057 3429 3148 seri-

1521 3122 1532 3124 _
2419 3122 2434 3138 ‘
2489 3122 2494 3124 .
2555 3122 2683 3142 νην-
2719 3122 2890 3147 --κ--ι-
2918 3122 2940 3134 ο
2961 3122 3082 3138 ιιιυυ
3115 3122 3240 3144 υιιιιι
3280 3122 3429 3148 101411-

151 3122 490 3190 paradisum,
517 3129 718 3198 quique
741 3131 998 3188 dividitur
1025 3136 1076 3190 in
1120 3147 1352 3206 quatuor
1379 3142 1575 3210 capita,
1605 3145 1744 3200 ratio
1772 3223 1815 3240 ⁸
1845 3154 2006 3215 plura
2048 3164 2204 3206 sacra
2250 3154 2488 3212 Sedeciie
2541 3164 2910 3230 captivitatem
2944 3183 3147 3239 narrat,
3183 3179 3432 3240 ordinem

153 3214 354 3269 mentis
379 3225 497 3282 est,
528 3233 598 3290 ex
644 3234 771 3290 qua,
814 3223 958 3278 velut
1005 3227 1250 3296 originali
1289 3227 1456 3296 fonte,
1515 3223 1816 3301 quatuorC
1849 3242 2175 3310 captivitatis
2226 3247 2456 3306 interna:
2507 3214 2806 3312 denuntiat.
2863 3259 2979 3317 Rex

149 3304 402 3372 virtutes,
427 3307 640 3377 justitia
679 3313 957 3382 videlicet,
1007 3317 1266 3376 fortitudo
1291 3361 1306 3387 ,
1363 3325 1650 3392 prudentia
1687 3337 1744 3384 et

149 3398 540 3464 temperantia,
590 3403 746 3472 quasi
789 3406 1012 3462 totidem
1055 3409 1318 3466 salutiferi
1365 3413 1472 3485 63
1507 3416 1744 3488 gurgites

149 3486 450 3556 proﬂuunt,
477 3492 570 3561 qui
601 3500 802 3550 terram
825 3499 994 3554 nostri
1023 3501 1203 3557 cordis
1223 3501 1454 3558 fertilem
1489 3486 1739 3564 reddunt.

147 3573 386 3646 Lignum
430 3595 562 3636 vero
589 3581 712 3638 vitae
757 3585 874 3654 ipsa
911 3587 1177 3646 bonorum
1220 3599 1304 3646 est
1349 3594 1636 3664 sapientia,
1673 3597 1740 3654 de

145 3659 258 3736 qua
307 3675 362 3720 et
407 3667 660 3726 Salomon
713 3673 830 3728 ait:
863 3693 882 3726 ι
917 3675 1143 3756 Lignum
1191 3679 1312 3733 vitae
1363 3659 1448 3736 est
1492 3683 1592 3752 his,
1622 3659 1738 3758 qui

145 3755 628 3824 apprehenderunt
671 3775 789 3816 eam
817 3802 832 3828 ,
873 3771 928 3820 et
966 3753 1057 3835 qui
1105 3769 1338 3824 tenuerit
1389 3784 1509 3826 eam
1550 3753 1739 3832 beatus

143 3839 336 3912 (Prov.
372 3849 484 3920 ιιι).
521 3870 540 3903 ι
593 3851 820 3924 Lignum
865 3871 996 3912 vero
1037 3859 1277 3915 scientiae
1321 3861 1448 3916 boni
1495 3873 1548 3918 et
1587 3868 1738 3936 mali,

143 3927 510 4010 transgressio
532 3953 616 4000 est
639 3945 774 4016 legis
804 3947 1035 4014 indictaa,
1066 3952 1604 4026 experimentumque
1631 3959 1735 4012 mi-

141 4027 318 4084 seriae.
347 4029 458 4088 Sed
488 4035 614 4102 quia
637 4037 793 4093 nobis
836 4041 1172 4110 propositum
1218 4058 1324 4098 non
1352 4054 1434 4100 est
1461 4062 1734 4116 exponere

141 4129 333 4174 cuncta
379 4137 480 4192 per
525 4125 797 4192 ordinem,
841 4129 1078 4210 sulliciat'
1111 4132 1225 4188 lucc
1268 4135 1562 4204 succincte,
1612 4153 1733 4208 qua:

143 4205 268 4262 huic
297 4211 517 4280 negotio
549 4224 882 4282 competunt,
909 4205 1236 4286 praelibasse.

207 4297 522 4357 Notandum
554 4319 680 4360 vero
707 4306 832 4376 quia
861 4318 915 4362 et
963 4311 1190 4380 reproba
1219 4305 1512 4382 cujuslibet
1551 4318 1732 4374 anima

137 4389 198 4443 ﬁt
219 4391 470 4448 confusio
498 4395 686 4450 tartari
712 4413 726 4449 :
754 4406 810 4451 et
836 4409 1041 4464 sancta,
1066 4405 1262 4458 munda
1306 4413 1467 4474 atquc
1495 4409 1730 4478 perfecta

139 4482 346 4550 species
373 4483 636 4554 paradisi.
677 4483 828 4542 Mens
875 4489 1020 4544 enim
1070 4492 1276 4554 odiosa,
1323 4496 1536 4564 cupida,
1587 4501 1732 4555 curis

139 4576 513 4630 tantummodo
543 4577 898 4634 saecularibus
943 4581 1144 4649 dedita,
1177 4583 1413 4641 libidinis
1455 4588 1577 4658 igne
1604 4607 1728 4648 suc-
1754 4577 1808 4654 D
1833 4576 2096 4660 Βοωριῆιει

137 4675 316 4732 censa,
348 4680 532 4721 nonne
563 4667 659 4722 tibi
691 4667 902 4724 videtur
930 4671 1175 4746 infernus
1195 4714 1210 4742 ,
1259 4673 1312 4728 in
1349 4691 1454 4745 quo
1482 4678 1732 4738 videlicet

135 4753 440 4812 etdiabulus
452 4757 686 4824 habitat,
701 4769 756 4815 et
767 4764 1324 4833 concupiscentiarum
1341 4768 1490 4836 ignes
1501 4783 1732 4830 aestuare

135 4859 238 4901 non
286 4849 549 4920 cessant?
593 4849 706 4907 Illic
754 4853 901 4908 enim
946 4855 1013 4909 de
1047 4853 1258 4912 luxuria
1285 4859 1606 4928 sulphureus
1629 4861 1730 4919 foe-

137 4946 220 4994 tor
241 4941 512 5010 oboritur,
544 4953 599 4999 et
626 4943 695 5002 de
721 4947 1104 5017 cogitationum
1146 4951 1602 5012 crebrescentium
1653 4967 1731 5014 te-
1786 4973 1801 4988 ο

135 5033 366 5089 nebrusa
407 5035 660 5106 caligine,
697 5047 956 5107 tanquam
1005 5044 1265 5097 teterrimi
1293 5041 1424 5100 fumi
1455 5045 1720 5105 volumina

137 5135 482 5192 generantur.
509 5127 642 5184 Nam
669 5129 802 5183 dum
825 5130 926 5185 hoc
950 5140 1116 5197 amat,
1139 5133 1266 5188 illud
1297 5136 1481 5204 timet;
1517 5139 1572 5194 in
1603 5139 1722 5198 aliis

135 5217 346 5278 zaudet.
377 5221 480 5274 hoc
518 5221 668 5278 odit;
717 5217 851 5273 illud
880 5219 1032 5276 avide
1078 5224 1448 5278 concupiscit:
1487 5227 1546 5278 ﬁt
1581 5227 1718 5278 infe-

3026 3267 3222 3338 quippe
3258 3272 3431 3344 Baby-

1848 3329 1986 3388 lonis
2057 3343 2141 3390 est
2225 3339 2480 3410 antiquus
2557 3345 2729 3402 hostis
2760 3389 2774 3415 ,
2863 3367 3144 3420 possessor
3221 3329 3427 3422 intima:

1845 3419 2216 3490 confusionis,
2274 3429 2365 3498 qui
2423 3432 2572 3500 prius
2634 3436 2772 3494 ﬁlios
2817 3419 2943 3498 ante
2991 3445 3249 3508 intuentis
3302 3471 3427 3512 ocu-

1842 3507 1922 3566 los
1952 3514 2184 3571 trucidat
2215 3557 2229 3582 ,
2262 3520 2388 3588 quia
2431 3537 2574 3592 srepe
2607 3527 2686 3582 sic
2709 3529 2848 3586 bona
2880 3547 3042 3603 opera
3067 3538 3338 3612 interﬁcit,
3367 3557 3432 3604 ut

1843 3599 1959 3656 haec
1989 3619 2046 3658 se
2068 3606 2318 3664 amittere
2345 3611 2484 3680 ipse,
2517 3616 2608 3682 qui
2635 3626 2821 3686 raptus
2865 3599 2966 3685 est.
3002 3625 3186 3684 dolens
3215 3599 3422 3692 cernat.

1839 3689 1949 3762 64
1971 3691 2103 3746 Nam
2125 3697 2290 3764 gemit
2314 3699 2630 3771 plerumque
2676 3709 2909 3775 animus,
2939 3721 2995 3768 et
3027 3724 3204 3774 tamen
3236 3725 3422 3781 carnis

1840 3794 1950 3834 sua:
1975 3782 2424 3844 delectationibus
2452 3792 2824 3874 victus,_bona
2850 3817 2968 3870 qua:
3000 3809 3202 3874 genuit,
3231 3826 3421 3874 amans

1838 3872 2032 3940 perdit,
2055 3888 2137 3936 ea,
2164 3891 2281 3946 quia
2303 3879 2529 3948 patitur,
2552 3872 2746 3940 damna
2769 3872 3094 3960 considerat,
3118 3872 3217 3954 nec
3240 3872 3422 3959 tamen

1837 3961 2054 4017 virtutis
2076 3965 2358 4022 brachium
2386 3981 2570 4027 contra
2595 3991 2776 4048 regem
2812 3979 3098 4056 Babylonis
3121 3987 3292 4058 levat;
3321 3994 3418 4052 sed

1837 4053 1965 4110 dum
2002 4057 2187 4113 videns
2243 4064 2495 4132 nequitiae
2544 4053 2938 4140 perpetratione
2981 4053 3298 4152 percutitur,
3346 4091 3420 4146 ad

1837 4145 1940 4202 hoc
1967 4150 2288 4221 quandoque
2319 4159 2595 4224 peccando
2615 4165 2946 4234 perducitur,
2974 4145 3031 4226 ut
3056 4173 3172 4244 ipse
3203 4145 3420 4252 quoque

1836 4239 2062 4293 rationis
2093 4241 2298 4299 lumine
2321 4247 2582 4314 privetur.
2619 4251 2770 4310 Unde
2823 4239 3112 4330 Babylonis
3169 4239 3263 4326 rex
3315 4239 3416 4329 ex-

1835 4327 2052 4386 stinctis
2079 4333 2230 4400 prius
2253 4335 2399 4404 liliis,
2427 4337 2664 4400 Sedccize
2693 4347 2878 4405 oculos
2908 4327 3070 4420 eruit,
3097 4361 3221 4427 quia
3251 4365 3410 4438 mali-

1831 4433 1969 4488 gnus
2004 4423 2225 4510 spiritus
2255 4429 2530 4487 subductis
2559 4436 2708 4503 prius
2753 4439 2908 4495 bonis
2969 4423 3235 4516 operibus,
3292 4423 3416 4524 post

1834 4511 2200 4586 intelligentia:
2239 4517 2416 4574 lumen
2473 4525 2627 4580 tollit.
2666 4527 2816 4593 Quod
2866 4511 3018 4590 recte
3057 4511 3312 4600 Sedeeias

2141 4610 2358 4676 patitur.
2394 4613 2654 4672 Reblatha
2691 4622 2886 4694 quippe
2913 4629 3078 4684 multa
3101 4633 3212 4688 haec
3239 4635 3412 4693 inter-

1832 4703 2094 4764 pretatur.
2112 4697 2174 4751 Ei
2202 4716 2431 4770 namque
2452 4709 2679 4764 rationis
2703 4711 2882 4770 lumen
2899 4719 3092 4775 merito
3117 4723 3413 4796 clauditur,

1832 4783 1942 4852 qui,
1993 4795 2192 4840 sanctae
2243 4791 2440 4860 quietis
2486 4795 2666 4868 rigore
2715 4806 3035 4874 postposito,
3066 4824 3165 4879 per
3198 4783 3415 4886 negotia

1832 4875 2102 4931 mundana
2146 4887 2412 4948 raptatur.
2433 4879 2564 4940 Jure
2592 4888 2645 4942 in
2671 4888 2938 4948 Reblatha
2965 4875 3139 4956 caecus
3161 4875 3412 4976 eﬁicitur,

1832 4979 1975 5031 cum,
2002 4977 2307 5040 contempto
2331 4987 2456 5037 uno,
2491 4991 2587 5046 per
2609 4979 2775 5034 multa
2820 5000 3006 5058 vagus,
3034 5000 3090 5044 et
3125 4993 3414 5064 impatiens

1833 5055 2044 5113 animus
2069 5061 2378 5132 dissipatur.
2420 5063 2714 5126 Israelitica
2746 5055 2914 5144 igitur
2962 5081 3140 5138 anima
3169 5055 3412 5144 sabbati-

1831 5154 1940 5212 zat,
1967 5147 2092 5204 dum
2127 5160 2330 5206 remota
2366 5165 2398 5203 a
2423 5160 2761 5227 negotiorum
2789 5167 3129 5228 sazcularium
3164 5177 3413 5247 strepitu,

1830 5233 2148 5278 Inplinnihna
2203 5252 2255 5278 at
2308 5241 2643 5278 nrolinnuwm
2691 5265 2874 5278 μανι-.-
2939 5261 2981 5278 π
3098 5263 3129 5278 ,ι
