3964 5310
1439 404 1640 462 LIBER
1677 404 2056 466 SECUNDUS.
2090 404 2305 463 EPIST.
2344 405 2433 464 Vl.

3397 417 3498 476 270

259 541 358 580 non
390 525 460 578 oh
493 520 636 575 aliud
670 528 864 575 terra-tn
900 516 1172 587 propheta
1211 515 1563 587 poposcisset,
1630 517 1735 571 nisr
1775 524 1836 570 ut
1863 521 1910 580 Α
1940 515 2189 587 ignobilis
2212 516 2332 583 otii,
2353 519 2446 574 sed
2467 516 2752 577 laboriosae
2770 515 3277 592 quiethSabbatum
3298 527 3496 602 colere;

258 631 317 668 cx
349 629 411 667 ea
457 611 690 664 Domino
711 609 878 662 altare
901 615 1256 672 construeret,
1288 607 1340 661 in
1369 607 1482 661 suis
1509 607 1624 676 ipse
1651 603 1834 662 verbis

256 703 511 763 ostendit,
539 713 660 755 cum
692 699 799 753 iliic
838 705 1041 768 przesto
1089 698 1364 768 subiungit
1398 713 1412 750 :
1469 696 1640 767 «Non
1685 697 1834 752 enim

256 793 410 850 faciet
436 795 581 848 ultra
606 805 795 848 servus
843 803 967 848 tuus
1015 785 1392 848 holocaustum
1433 799 1490 850 et
1552 793 1832 850 victimam

254 883 354 940 diis
379 885 602 948 alienis,
629 883 731 938 nisi
763 879 994 937 Domino
1017 880 1120 953 (ιγ
1148 882 1272 955 Reg.
1297 885 1374 954 v).
1418 902 1440 937 ι

319 975 374 1032 in
393 980 499 1031 hac
517 987 649 1049 ergo
661 980 806 1031 terra
831 981 886 1030 et
904 987 1004 1030 nos
1017 975 1258 1032 colamus
1285 977 1474 1044 Deum,
1499 993 1605 1034 non
1635 989 1829 1035 seeun~

253 1067 376 1123 dum
392 1073 660 1129 nostram,
685 1069 780 1122 sed
799 1068 1094 1123 sectmdum
1121 1065 1291 1140 legem
1307 1081 1480 1135 suam,
1504 1084 1572 1124 ne
1597 1069 1738 1125 sicut
1763 1069 1834 1126 de

251 1156 668 1218 illladicebatur.
685 1157 818 1213 etde
837 1157 992 1211 nobis
1013 1155 1193 1211 valeat
1219 1157 1354 1211 dici:
1383 1177 1400 1209 ι
1430 1157 1680 1230 ignorant
1702 1158 1834 1228 legi.

254 1248 378 1303 lima
397 1247 492 1303 Dei
516 1245 740 1319 terra!"
757 1245 792 1300 ν
812 1247 934 1319 Iicg.
964 1249 1120 1319 xvii).
1169 1265 1188 1300 ι
1223 1248 1532 1305 Secundum
1553 1251 1848 1320 propriam

248 1341 442 1411 quippe
463 1340 640 1410 regem
677 1340 844 1395 Deum
871 1341 1048 1396 colere
1077 1342 1318 1397 cernitur
1353 1342 1448 1411 qui
1475 1342 1654 1412 specie
1675 1353 1830 1400 tenus

246 1432 460 1501 quidem
479 1427 600 1500 ejus
617 1431 886 1486 mandatis
900 1433 1270 1503 obtemperat;
1299 1433 1394 1488 sed
1415 1434 1468 1488 in
1501 1434 1568 1488 iis
1615 1449 1736 1504 quae
1757 1434 1832 1488 fa-

249 1525 342 1588 cit,
360 1526 426 1577 ad
450 1525 685 1594 propriae
704 1523 955 1579 utilitatis
973 1529 1312 1580 eotnmodum
1337 1526 1832 1597 principaliterspeo

246 1625 373 1676 crat.
399 1623 477 1680 et,
510 1616 976 1686 dutnesteriorem
1003 1614 1828 1684 Christianitatisexhibetregu-

243 1707 348 1761 iam
360 1748 374 1772 ,
392 1708 494 1761 sub
507 1707 812 1764 honestatis
827 1709 1040 1778 quidem
1057 1709 1234 1764 colore
1245 1725 1305 1764 se
1322 1707 1524 1779 pallisl,
1539 1711 1630 1764 sed
1645 1710 1710 1762 ad
1726 1711 1829 1764 hoc

245 1801 572 1856 intrinsecus
603 1811 663 1855 ut
694 1801 746 1854 in
775 1801 878 1855 hac
897 1800 1006 1855 vita
1032 1811 1382 1871 prosperetur
1403 1783 1640 1856 atthelai.
1675 1800 1826 1855 Tunc

1939 617 1997 662 ut
2026 624 2094 663 ex
2116 610 2218 664 hoc
2245 612 2618 666 mereamurin
2643 612 2785 669 diem
2820 613 3178 680 Dominieurn,
3209 618 3308 688 qui

1933 698 2203 754 clauditur
2227 699 2356 764 line,-
2387 703 2640 758 transire.

2002 789 2144 846 Deus
2168 793 2527 864 omnipotens,
2557 793 2910 859 dilectissimi,
2940 798 3040 867 qui
3065 814 3158 853 vos
3186 807 3376 857 centu
3397 802 3510 862 han

1933 883 2164 939 minibus
2200 882 2326 940 fecit
2351 885 2610 956 insignes,
2642 888 2836 942 tribuat
2869 889 3032 943 etiam
3083 890 3138 944 in
3163 891 3278 953 suis
3295 893 3500 952 diuitii-

1930 976 2032 1033 bus
2067 976 2199 1050 legis
2218 991 2331 1033 sua:
2359 979 2628 1034 veraciter
2651 993 2776 1034 esse
2799 980 3052 1036 cultores.

2489 1067 2821 1124 EPISTOLA
2842 1069 2928 1124 Vi.

2306 1171 2715 1214 IILDBDIANDUI
2777 1175 2848 1214 ιτ
2904 1175 3212 1216 ετενιυικυι
3280 1178 3326 1217 5.
3352 1179 3402 1219 Ι.
3435 1180 3494 1224 ι.

2553 1244 2899 1288 ωειωιιιιιεει.

1931 1169 1998 1210 ΑΒ
2051 1165 2256 1213 ιοςηι

1928 1333 2318 1417 Accusamus.
2345 1367 2414 1382 --
2437 1343 2652 1417 Librum
2683 1345 2806 1417 sibi.
2827 1359 2987 1417 quem
3012 1347 3193 1403 multis
3221 1349 3508 1406 laboribus

1997 1411 2303 1482 vigiliisque
2331 1414 2575 1482 proxime
2623 1411 2932 1473 confecerat
2961 1457 2977 1480 ,
3018 1419 3086 1470 ab
3107 1418 3416 1476 Alexandro
3447 1422 3496 1478 Il

1997 1479 2512 1554 RomanOponliﬁcc
2540 1486 2848 1554 subreptum
2914 1479 3100 1540 fraude
3152 1489 3506 1545 vehemente!“

1998 1551 2241 1624 queritur
2279 1564 2352 1615 et,
2383 1564 2442 1624 ut
2470 1554 2568 1606 sibi
2604 1551 2806 1608 restitui
2855 1570 3074 1624 operam
3120 1558 3266 1620 dent,
3317 1558 3502 1614 illiue-

1997 1619 2260 1674 brandum
2292 1631 2344 1675 et
2377 1621 2710 1692 Stephanum
2742 1619 3052 1680 cardinales
3077 1619 3352 1698 emugiunt;

1995 1711 2498 1785 inexpugnabiiibus
2524 1713 2779 1770 Romanae
2800 1716 3054 1772 Ecclesiae
3076 1719 3511 1790 clypeisdolnnor

1927 1813 2025 1858 suo
2057 1802 2456 1870 "ILDEBRANDO,
2501 1814 2556 1860 et
2617 1806 2929 1861 dulcissimo
2983 1808 3138 1863 fratri
3186 1809 3505 1880 Surum”

243 1904 422 1949 autem
447 1894 614 1950 Deum
633 1895 924 1950 secundum
945 1895 1060 1965 ejus
1081 1894 1250 1966 legem
1277 1909 1342 1949 ac
1359 1895 1711 1949 cmremonias
1727 1907 1823 1950 ce-
1851 1901 1900 1962 Β
1926 1892 2140 1951 Penus
2163 1905 2413 1965 peccator
2436 1899 2736 1952 monachus
2765 1899 3102 1952 servitutem.

245 1981 424 2047 liuurs,
453 1983 498 2040 si
525 1984 788 2055 quidquid
833 1999 956 2040 eum
982 1983 1119 2039 veiie
1143 1986 1534 2055 cognoscimus,
1570 1983 1825 2054 neglectis

243 2076 466 2131 omnino
479 2091 600 2148 quae
619 2087 805 2130 nostra
831 2085 974 2140 sunt,
1001 2078 1138 2131 votis
1165 2077 1414 2132 omnibus
1432 2076 1819 2144 adimpletum;

244 2166 290 2221 si
321 2182 430 2220 non
462 2180 788 2237 magnopere
807 2167 1223 2236 perpendamus,
1273 2181 1433 2236 quam
1463 2168 1606 2221 circa
1629 2181 1729 2220 nos
1753 2168 1824 2220 sit

242 2256 420 2326 ampla
443 2255 763 2323 substantia,
791 2258 882 2312 sed
907 2271 1072 2328 quam
1091 2260 1317 2329 simplex
1338 2299 1352 2323 ,
1384 2275 1545 2329 quam
1596 2261 1819 2325 munda,

241 2361 401 2416 quam
433 2349 666 2418 denique
689 2349 898 2402 sincera
930 2351 998 2403 sit
1031 2351 1355 2405 intrinsecus
1391 2351 1715 2406 conscientia
1737 2367 1752 2417 ;
1773 2351 1820 2410 si

241 2451 348 2492 non
377 2453 635 2493 curamus
660 2440 932 2509 quomodo
955 2441 1212 2496 sublimes
1247 2443 1369 2512 equi
1400 2443 1558 2498 nobis
1585 2445 1819 2498 insiden-

237 2530 388 2586 tibus
416 2531 712 2602 glomerent
749 2547 984 2602 gressus,
1012 2535 1282 2603 quomodo
1312 2548 1410 2602 per
1459 2545 1702 2589 auratam
1735 2537 1816 2590 vi-

241 2621 471 2677 deantur
511 2623 752 2680 insanire
787 2627 1078 2692 cervicem,
1123 2627 1217 2682 sed
1251 2629 1518 2696 quomodo
1575 2645 1670 2682 nos
1715 2629 1816 2697 ipsi

237 2711 407 2768 Deum
436 2728 740 2769 mereamur
761 2715 960 2771 habere
983 2729 1284 2784 sessorem;
1317 2719 1361 2771 si
1391 2731 1495 2772 non
1527 2719 1816 2788 amplecta~

237 2817 363 2858 mur
389 2811 664 2860 morttmm
696 2807 1053 2877 quodcunque
1079 2809 1375 2872 metallum,
1412 2811 1506 2863 sed
1556 2811 1610 2863 in
1641 2813 1816 2880 capsi-

235 2893 329 2949 dili
360 2895 529 2950 nostri
557 2898 792 2966 pectoris
832 2899 1186 2954 recondamus
1235 2898 1465 2968 lapidem
1513 2901 1730 2965 vivum;
1766 2903 1812 2958 si

238 2999 342 3041 non
370 2988 422 3041 in
447 2985 686 3044 vestibus
704 2999 1020 3046 ornamenta
1064 3005 1416 3063 gemma-rum,
1460 2994 1552 3048 sed
1582 2995 1632 3048 iu
1659 3009 1813 3049 men-

237 3076 382 3131 tibus
427 3078 651 3133 rutileut
689 3081 997 3151 margarita:
1042 3082 1407 3146 virtutum;si
1457 3083 1511 3137 in
1557 3087 1811 3143 cordibus

231 3168 436 3221 nostris
461 3175 520 3223 et
565 3171 818 3239 puritatis
849 3174 1069 3235 vitrum,
1121 3182 1177 3228 et
1237 3174 1515 3244 sapientiae
1557 3178 1810 3234 salutaris

2000 1987 2282 2054 Querelam
2337 1991 2689 2059 omnipotenti
2741 1990 2870 2055 Deo,
2913 2001 2968 2046 et
3006 1990 3177 2056 vobis,
3227 1993 3336 2063 qui
3376 1993 3502 2062 eiut

1925 2077 2056 2132 estis
2077 2079 2338 2143 membra,
2359 2079 2569 2147 depono
2598 2080 2665 2134 de
2693 2080 2916 2135 domino
2945 2089 3135 2136 nostro
3195 2095 3360 2153 papa,
3396 2083 3490 2152 Qui

1924 2179 2020 2222 cor
2047 2182 2224 2224 meum
2251 2177 2359 2223 tam
2387 2172 2582 2224 crebro
2627 2185 2866 2227 interere
2892 2173 3183 2228 conturbat
3224 2182 3281 2229 et
3329 2188 3498 2244 gran-

1923 2263 2064 2317 dtevi
2083 2262 2194 2332 jam
2222 2265 2369 2318 senis
2390 2264 2624 2318 animam
2648 2266 2714 2318 ad
2742 2265 3162 2320 amaritudinem
3210 2277 3490 2335 provocat.

1921 2351 2066 2410 Tulit
2090 2357 2232 2411 enim
2259 2356 2453 2411 librum
2478 2367 2740 2423 nostrum,
2775 2371 2936 2426 quem
2962 2358 3216 2414 videlicet
3244 2359 3312 2414 de
3356 2375 3499 2430 pau-

1920 2446 2185 2516 pertatuia
2211 2447 2384 2516 inepis
2415 2447 2664 2517 iugenioli
2690 2462 2812 2503 cum
2840 2463 3037 2519 magno
3086 2448 3272 2504 labore
3298 2450 3492 2505 decer-

1920 2545 2158 2606 pseratn,
2189 2547 2242 2591 et
2262 2538 2406 2593 velut
2435 2539 2650 2593 unicum
2675 2539 2844 2593 illium
2873 2539 3020 2594 ulnis
3044 2540 3272 2596 uterinte
3313 2541 3496 2598 dulce-

1919 2630 2060 2684 diuis
2081 2631 2470 2700 amplectehar;
2514 2639 2569 2685 et
2609 2632 2755 2687 hunc
2799 2632 3034 2702 qualiter
3089 2633 3271 2689 tulerit
3313 2649 3496 2702 operte

1917 2721 2146 2789 pretium
2177 2731 2257 2774 cst.
2303 2723 2623 2791 agnoscatis.
2658 2723 2874 2778 Sciebat
2903 2725 3046 2778 enim
3096 2724 3200 2780 hoc
3252 2741 3310 2780 se
3343 2742 3373 2778 a
3405 2741 3495 2782 me

1915 2809 2072 2862 aliter
2097 2811 2384 2877 impetrare
2412 2825 2516 2864 mm
2547 2825 2737 2879 posse;
2766 2814 2962 2866 domno
2991 2812 3170 2868 abbati
3204 2813 3263 2869 S.
3295 2812 3493 2869 Salva-

1917 2900 2047 2955 toris
2085 2915 2172 2954 me
2190 2912 2456 2968 priesente
2478 2902 2698 2956 tradidit
2724 2939 2739 2965 ,
2770 2902 3084 2972 praecipiens
3129 2913 3189 2958 ut
3236 2907 3492 2961 transcri-

1914 2991 2088 3046 beret.
2121 2990 2286 3046 Nocte
2317 3008 2464 3056 vero.
2497 3007 2581 3047 me
2622 2991 2920 3058 nesciente,
2947 2997 3068 3049 tulit
3092 2996 3317 3066 suisque
3355 2997 3492 3052 scri—

1916 3083 2020 3138 niis
2041 3084 2335 3138 iusarcivit.
2363 3083 2427 3138 Et
2452 3099 2636 3138 revera
2667 3085 2772 3142 hoc
2811 3094 2894 3141 est
2934 3086 3212 3142 munditia
3241 3087 3492 3143 sacerdo-

1915 3176 2038 3231 talis
2070 3175 2366 3246 ingenium,
2389 3177 2499 3231 imo
2521 3177 2622 3230 hoc
2668 3176 2875 3246 papalis
2908 3177 3161 3246 puritatis
3211 3185 3296 3232 est
3325 3192 3487 3247 argu-

233 3261 577 3330 respiendeat
599 3275 812 3332 aurum,
842 3275 902 3318 ut
931 3265 1076 3320 illam
1087 3265 1202 3334 jam
1233 3267 1474 3321 imitetur
1515 3270 1808 3337 civitatem;
1839 3264 1884 3325 C
1919 3280 2180 3324 mentum.
2223 3269 2297 3323 Es
2331 3269 2414 3323 his
2455 3275 2634 3324 tamen
2691 3282 2814 3322 cum
2869 3267 3238 3337 expostulatur
3284 3269 3492 3326 arridet

234 3351 300 3405 de
324 3365 430 3420 qua
463 3353 517 3406 in
545 3354 864 3425 Apocalypsi
900 3371 998 3425 per
1029 3355 1288 3412 Joannem
1325 3359 1559 3413 dicitur:
1596 3377 1615 3412 ο
1652 3361 1810 3416 Stru-

231 3454 384 3497 etura
418 3445 558 3498 muri
583 3445 699 3513 ejus
721 3457 784 3500 ex
817 3447 991 3517 lapide
1015 3448 1256 3518 jaspide;
1295 3450 1406 3518 ipsa
1439 3465 1569 3506 vero
1611 3451 1809 3510 civitas

232 3547 298 3587 ex
327 3550 462 3589 auro
499 3537 718 3598 mundo,
752 3539 909 3594 simul
950 3549 1004 3594 et
1033 3541 1176 3594 vitro
1197 3541 1430 3606 mundo;
1467 3541 1813 3601 fundamenta

235 3627 375 3679 muri
403 3627 637 3682 civitatis
667 3630 811 3683 omni
840 3630 1014 3699 lapide
1056 3632 1293 3701 pretioso
1322 3634 1580 3688 adornata
1625 3637 1810 3706 (Apoc.

230 3725 367 3794 ml.
394 3743 412 3778 ο
449 3725 573 3781 ηερε
611 3728 774 3798 igitur
800 3727 994 3787 anima,
1024 3738 1142 3796 quae
1165 3727 1288 3782 talis
1311 3736 1414 3793 est,
1437 3729 1621 3799 procul
1655 3732 1813 3786 dubio

227 3818 516 3886 paradisus
544 3828 657 3881 est;
685 3819 817 3880 haec,
847 3809 934 3872 ille
955 3813 1267 3872 deliciarum
1300 3820 1488 3873 hortus
1523 3830 1627 3883 est,
1661 3821 1814 3889 cujus

223 3909 560 3962 inhabitari)!“
586 3917 668 3964 εει
692 3907 850 3964 Deus.
877 3909 1007 3976 Quae
1038 3909 1162 3963 dum
1213 3911 1294 3964 sui
1351 3909 1659 3966 Conditoris
1685 3929 1814 3966 con-

221 4001 576 4070 templatione
607 3999 915 4070 perfruitur,
947 4001 1014 4055 ad
1047 4000 1200 4056 illam
1223 4001 1537 4070 dignitatem
1558 4045 1570 4066 ,
1621 4004 1673 4055 in
1704 4018 1812 4072 qua

222 4093 434 4162 primus
482 4092 644 4146 homo
689 4091 939 4164 conditus
997 4090 1196 4154 fuerat,
1263 4087 1606 4146 reformatur.
1663 4090 1814 4146 Unde

224 4181 492 4234 Dominus
522 4181 576 4234 itt
616 4179 855 4234 Levitico
905 4195 1026 4236 eum
1063 4180 1303 4234 dicturus
1328 4187 1470 4233 esset
1505 4197 1516 4231 :
1555 4199 1573 4230 ‹
1610 4179 1813 4235 Ponam

224 4272 637 4329 tabernaculum
661 4287 839 4328 meum
871 4272 923 4327 in
954 4273 1130 4327 medio
1160 4272 1344 4336 vestri,
1373 4281 1428 4328 et
1458 4287 1561 4326 non
1597 4271 1814 4341 abjiciet

223 4379 315 4418 vos
345 4365 491 4418 ultra
533 4363 716 4418 anima
745 4377 880 4427 mea,
921 4371 975 4419 et
1001 4363 1288 4418 ambulabo
1336 4362 1473 4418 inter
1493 4378 1588 4418 vos
1613 4372 1676 4418 et
1718 4371 1813 4418 ero

222 4467 403 4512 vester
427 4456 611 4523 Deus,
651 4469 852 4526 vosque
909 4456 1061 4512 eritis
1115 4455 1346 4524 populus
1407 4469 1558 4509 meus
1619 4453 1806 4525 (Leuit.

223 4547 394 4616 xm),
443 4566 461 4598 ι
493 4545 755 4616 praemisit
777 4545 962 4601 dicens
995 4560 1008 4598 :
1049 4559 1068 4594 ι
1100 4543 1405 4598 Comedetis
1442 4543 1807 4598 vetustissima

1913 3372 2177 3431 caputque
2223 3373 2400 3416 meum
2457 3371 2710 3430 tanquam
2760 3359 2880 3414 oleo
2915 3359 3117 3430 iocosae
3167 3357 3491 3415 urbanitatis

1914 3453 2180 3506 suavitate
2227 3451 2530 3511 demulcet;
2597 3449 2932 3504 sacerdotem
2984 3447 3194 3504 scilicet
3262 3449 3490 3516 deputat

1915 3537 2264 3606 histrionem;
2299 3543 2425 3595 dum
2457 3555 2542 3594 me
2571 3539 2734 3594 rebus
2755 3539 3054 3608 impugnat,
3082 3537 3262 3592 verbis
3300 3535 3489 3592 obdul-

1915 3637 2033 3694 cat;
2065 3645 2258 3685 manus
2279 3631 2472 3684 incutit
2497 3628 2824 3696 colaphum;
2877 3642 2940 3682 os
2966 3627 3238 3681 excitatur
3289 3626 3356 3680 ad
3415 3626 3490 3681 ri-

1918 3733 2054 3775 Sum.
2088 3721 2183 3775 (lui
2239 3721 2414 3774 simile
2473 3719 2725 3773 Salomon
2778 3719 2834 3771 in
2877 3717 3230 3772 Proverbiis:
3276 3733 3297 3768 ‹
3335 3713 3491 3772 Sicut

1915 3811 2106 3864 noxius
2135 3821 2235 3873 est,
2277 3811 2470 3878 inquit,
2499 3809 2589 3878 qui
2621 3808 2786 3862 mittit
2818 3807 3035 3862 lanceas
3084 3815 3140 3861 et
3175 3806 3402 3878 sagittas
3422 3807 3482 3864 in

1916 3907 2176 3960 inertem;
2204 3900 2281 3950 sic
2301 3899 2414 3969 σε
2440 3897 2539 3959 vir,
2583 3898 2673 3966 qui
2705 3895 3073 3952 fraudulenter
3116 3904 3278 3950 nocet
3303 3895 3484 3956 amico

1915 3999 2030 4050 suo,
2063 3997 2116 4042 et
2137 4003 2255 4042 cum
2289 3988 2453 4042 fuerit
2473 3987 2841 4057 deprehensus
2877 3986 3050 4042 dicit:
3111 3985 3326 4043 Ludens
3375 3985 3483 4048 feci

1915 4077 2096 4149 (Prov.
2136 4080 2302 4148 xxvi).
2342 4098 2360 4130 ι
2397 4078 2638 4132 Romana
2661 4093 2824 4147 porro
2861 4077 3027 4133 tradit
3051 4077 3275 4133 historia
3300 4077 3480 4148 (Suet.
3583 4123 3589 4131 .

1907 4181 1962 4224 'c.
1986 4169 2076 4240 48)
2102 4187 2113 4221 ε
2140 4170 2275 4238 quia
2293 4169 2510 4224 Tiberio
2535 4168 2757 4231 Caesari,
2780 4168 3038 4238 quoniam
3065 4167 3235 4225 multo
3273 4183 3338 4225 se
3359 4161 3487 4228 vino

1913 4264 2107 4332 stemus
2143 4263 2526 4333 ingurgitabat,
2555 4263 2679 4316 dum
2709 4267 2994 4317 vocaretur
3043 4260 3302 4317 Claudius
3326 4259 3489 4319 Tibe-

1911 4355 2026 4408 rius
2065 4353 2224 4419 [Ἴθι-ο,
2264 4355 2513 4410 dicebant
2565 4354 2856 4410 histriones
2896 4370 2909 4406 :
2959 4351 3180 4408 Caldius
3235 4352 3486 4412 Biberius

1913 4441 2072 4496 Nero.
2105 4443 2218 4510 Ego
2246 4457 2460 4513 quoque
2487 4443 2612 4512 quia
2639 4442 2822 4497 nescio
2845 4440 3182 4506 saltare,sed
3215 4440 3480 4510 scribere,

1914 4533 2148 4589 scribam
2190 4533 2436 4588 fortassis
2463 4533 2753 4602 aliquando
2785 4540 2894 4586 non
2945 4530 3090 4601 quod
3127 4528 3484 4599 sacerdotem,

222 4647 492 4703 veterum,
517 4637 628 4708 37
658 4645 714 4690 et
741 4644 918 4691 vetera
953 4633 1106 4689 novis
1143 4631 1649 4702 supervenientibus
1677 4641 1806 4701 pro-

1929 4625 2010 4678 sed
2039 4624 2182 4692 quod
2205 4626 2396 4678 deceat
2435 4624 2774 4678 histrionem.
2828 4620 2964 4677 Nam
3022 4631 3079 4679 et
3131 4637 3232 4694 ego
3281 4623 3487 4680 domini

219 4728 664 4802 licietis(fbid.).
711 4748 731 4781 ι
763 4727 1199 4782 Vetustissimum
1255 4724 1452 4795 quippe
1508 4725 1668 4780 nobis
1721 4732 1807 4781 est

223 4821 426 4892 primos
453 4819 703 4875 homines
760 4815 928 4872 Deum
973 4817 1027 4871 in
1056 4815 1310 4886 paradiso
1333 4815 1647 4884 conspicere
1675 4831 1690 4881 ;
1717 4828 1806 4868 ve-

222 4919 312 4966 tus
331 4919 540 4973 autem,
566 4906 919 4964 israeliticum
942 4904 1195 4978 populum
1231 4903 1688 4969 circumcisionis,
1739 4918 1806 4959 ac

224 5001 620 5060 sacriﬁciorum
652 5001 819 5054 ritum
867 4999 1312 5065 diversarumque
1357 5000 1803 5053 carremoniarum

227 5097 480 5151 mandata
506 5106 752 5149 servare.
779 5089 934 5144 Tunc
967 5090 1146 5160 itaque
1180 5088 1546 5144 vetustissima
1571 5100 1817 5146 veterum

283 5187 418 5208 -..ΑΒΔ
447 5197 538 5208 Δμᾼ
569 5181 904 5208 ΔΔ-κλεσσύι.-
959 5195 1079 5208 Δια-Α
1113 5182 1178 5208 ιιι,
1616 5192 1786 5208 *κηλῇ

225 5187 418 5208 ...ε-...ΔΞΔ
447 5197 538 5208 Δμᾼ
569 5182 904 5208 ΔΔ-κλὲσσύι.-
959 5195 1079 5208 Δια-Α
1113 5182 1178 5208 ιιι,

1916 4717 2018 4770 mei
2042 4729 2237 4771 nomen
2258 4714 2414 4770 facile
2437 4729 2651 4784 possem
2697 4715 2882 4783 iocoso
2941 4714 3056 4770 sale
3109 4728 3487 4786 conspargere,

1915 4806 2017 4860 nisi
2048 4808 2151 4861 hoc
2173 4807 2306 4860 mihi
2323 4815 2486 4859 tantae
2509 4805 2786 4878 dignitatis
2812 4803 3128 4861 excellwtia
3150 4804 3484 4875 prohiberet.

1913 4895 2220 4951 Alexander
2248 4897 2464 4966 quippe,
2497 4894 2678 4950 levans
2716 4895 2988 4962 angustias
3032 4893 3360 4949 tenebrarum
3400 4893 3487 4950 in.-

1917 4997 2262 5057 terpretatur,
2288 4989 2426 5042 sicut
2462 4986 2516 5040 in
2562 4984 2952 5043 Hebraicorum
3017 4984 3295 5042 nominum
3331 4985 3495 5043 inter-

1914 5080 2304 5149 pretationibus
2349 5080 2639 5136 invenitur.
2698 5075 2904 5142 Quibus
2945 5079 3203 5135 nimirum
3243 5076 3494 5134 tenebra-

1916 5183 2035 5208 s‘mm
2069 5173 2334 5208 eamad“:
2363 5171 2494 5208 nusirl
2521 5171 2666 5208 ,ιὶιυι
2693 5168 3008 5208 ὼιὶοηαιιιιι
3057 5184 3218 5208 nnnm
3248 5175 3326 5208 lnt
3351 5167 3500 5208 laba.
