3964 5310
488 470 594 530 271

1023 464 1081 519 S.
1123 460 1326 518 PETRI
1355 457 1638 516 DAMIANI
1672 457 1822 514 OPP.
1859 455 2036 512 PARS
2064 451 2199 510 SEU
2232 451 2470 510 TOMUS
2508 407 2648 505 l.;—
2683 448 2900 505 EPIST.
2935 447 3059 505 LIB.
3090 444 3222 502 Vill.

491 583 852 660 Quamobrem
881 595 986 637 n00
1006 576 1448 637 m0d0.d0minus
1513 582 1696 628 "05‘9"
1749 586 1884 643 Papa
1914 610 1928 636 ν
1973 570 2071 625 sed
2095 585 2468 662 Ahilominus
2511 599 2709 656 genera
2739 582 2995 640 describit
3041 597 3160 638 esse
3201 596 3506 653 plenarum.
3536 582 3604 638 Et
3630 588 3755 655 quia

491 694 684 739 omnes
708 691 806 732 nos
835 674 891 729 in
952 678 1239 740 conspectu
1280 666 1539 732 Cadaloi,
1613 665 1718 720 dici
1775 678 2071 735 possumus

489 768 786 832 Alexandri
811 784 824 834 ;
858 765 986 836 quia
1010 764 1139 818 dum
1166 761 1256 817 ille
1280 760 1623 816 tenebrarum
1653 757 1809 813 nobis
1839 755 2069 826 imponit

494 861 796 934 angustias,
833 856 987 926 cujus
1019 868 1206 910 sumus
1244 851 1534 923 participes
1555 850 1610 904 in
1641 849 1846 912 labore,
1871 845 2067 900 merito

489 967 779 1012 censemur
799 959 851 1005 et
882 948 1118 1003 nomine.
1154 945 1260 1000 Sed
1287 959 1409 1000 cum
1449 944 1553 998 hoc
1602 955 1796 996 nomen
1849 937 2065 1001 habeat,

487 1043 694 1108 levare,
723 1039 852 1096 illud
883 1039 1172 1108 exprimat,
1199 1036 1410 1099 cadere,
1437 1047 1533 1103 per
1561 1032 1683 1096 hoc,
1711 1029 1852 1084 inter
1879 1027 2032 1081 levan
2050 1055 2068 1068 -

487 1146 600 1195 tem
624 1144 679 1192 et
729 1134 1013 1189 cadentem
1069 1129 1357 1200 prmlium,
1407 1126 1556 1180 illum
1611 1137 1770 1193 quem
1822 1120 2062 1176 Joannes

397 1220 401 1223 ’
486 1237 695 1294 narrat,
723 1227 792 1282 ad
814 1224 1132 1281 memoriam
1177 1220 1417 1291 cogimur
1443 1230 1702 1272 revocare
1731 1211 2058 1270 conﬂictum.

388 1308 391 1310 ’
493 1341 514 1376 ε
550 1321 776 1378 Factum
799 1327 900 1384 est,
926 1316 1123 1386 inquit,
1151 1313 1392 1386 praelium
1422 1311 1475 1364 in
1532 1309 1670 1364 caelo
1701 1323 1715 1362 :
1745 1305 1972 1362 Michael
2011 1312 2068 1359 et

488 1413 663 1486 angeli
695 1413 810 1483 ejus
835 1409 1220 1482 praeliabautur
1247 1419 1369 1459 cum
1407 1403 1640 1457 dracone
1661 1398 1850 1469 (Apoc.
1873 1396 1997 1466 xu).
2037 1411 2056 1445 ι

481 1509 566 1566 De
587 1520 694 1578 quo
715 1505 876 1561 etiam
900 1501 1056 1573 paulo
1094 1506 1213 1570 post
1247 1496 1462 1551 additur
1492 1512 1504 1546 :
1540 1509 1558 1543 ‹
1588 1491 1655 1545 Ει
1682 1489 1955 1560 projectus
1983 1493 2067 1578 est

480 1601 543 1657 in
584 1575 786 1654 terram
810 1596 973 1665 draco
1003 1592 1093 1647 ille
1125 1602 1372 1659 magnus,
1400 1598 1623 1654 serpens
1649 1580 1928 1649 antiquus,
1968 1575 2063 1646 qui

485 1698 712 1749 vocatur
731 1686 976 1744 diabolus
994 1692 1051 1738 et
1071 1681 1303 1738 Satanas
1325 1678 1372 1749 (1
1381 1675 1530 1746 bid).
1561 1694 1578 1728 ι
1605 1673 1687 1729 Ad
1707 1670 1860 1741 cujus
1876 1684 2063 1726 exeru-

483 1783 633 1855 plum
659 1790 713 1836 et
733 1777 998 1835 Cadalous
1021 1774 1084 1829 de
1112 1772 1248 1828 ccelo
1300 1770 1355 1824 in
1388 1777 1649 1822 tartarum
1681 1764 1892 1827 cecidit,
1937 1776 2065 1816 cum

483 1877 553 1931 de
580 1874 722 1930 sedis
744 1869 1052 1942 apostolicae
1079 1863 1333 1927 culmine,
1361 1860 1503 1932 quod
1529 1859 1804 1931 sperabat,
1831 1857 1883 1910 in
1934 1868 2063 1907 ana-

482 1963 740 2020 thematis
758 1948 1072 2029 voraginem
1100 1954 1327 2012 corruit.

556 2055 826 2113 Praeterea
852 2023 1124 2120 nunquam
1153 2046 1312 2116 hujus
1331 2045 1562 2102 nominis
1580 2041 1822 2114 pontifex
1850 2046 2063 2108 aposto-
2090 2023 2140 2083 Β

482 2150 603 2206 licze
631 2148 746 2204 sedi
773 2144 1089 2215 praesedisse
1116 2139 1332 2211 legitur,
1367 2136 1469 2191 nisi
1527 2134 1672 2190 solus
1716 2131 1802 2185 ille
1856 2138 2063 2199 martyr

483 2238 733 2309 insignis,
762 2249 920 2305 quem
943 2233 1132 2302 quinto
1154 2229 1272 2284 loco
1298 2243 1327 2281 a
1359 2227 1418 2280 Β.
1451 2225 1613 2279 Petro
1643 2223 1696 2277 in
1726 2221 1844 2292 ejus
1870 2221 2058 2275 cathe-

484 2333 583 2387 dra
609 2327 984 2388 constitutum,
1017 2335 1112 2392 per
1136 2318 1318 2374 omnia
1343 2315 1593 2371 novimus
1614 2312 1782 2367 fuisse
1813 2309 2060 2365 membra

487 2420 824 2477 transﬁxum.
847 2418 916 2471 Et
939 2415 1063 2485 quia
1087 2409 1378 2482 compellor
1398 2409 1466 2464 ad
1483 2406 1687 2471 ludum,
1719 2403 1898 2459 hocin
1925 2415 2056 2470 apo-

483 2514 677 2570 stolica
703 2513 830 2567 sede
860 2505 1181 2563 vocabulum
1210 2503 1391 2559 omnia
1413 2501 1515 2556 sibi
1565 2497 1805 2554 vindicat
1858 2508 2062 2566 genera

482 2613 898 2664 tormentorum,
928 2607 982 2663 et
1007 2598 1074 2652 ab
1110 2595 1330 2665 antiqua
1367 2607 1474 2646 non
1503 2591 1797 2659 degenerat
1831 2600 2060 2641 consue-

481 2697 690 2761 tudine,
721 2696 846 2750 dum
875 2690 1188 2747 haereditate
1215 2685 1456 2757 possidet
1482 2681 1903 2739 tribulationem.
1947 2678 2060 2733 lmo

478 2792 634 2861 juxta
658 2785 892 2842 nominis
921 2783 1078 2853 hujus
1135 2777 1633 2849 interpretationem
1654 2814 1669 2841 ,
1723 2782 1868 2829 totus
1899 2786 2057 2826 mun-

486 2885 587 2938 dus
609 2882 782 2936 factus
802 2886 886 2932 est
905 2873 1252 2937 Alexandria,
1277 2871 1404 2926 dum
1429 2870 1628 2939 ubique
1652 2875 1920 2921 terrarum
1946 2871 2060 2919 tota

484 2969 813 3029 universalis
835 2964 1084 3022 Ecclesia
1114 2962 1216 3017 sub
1244 2960 1474 3016 diversis
1495 2970 1869 3027 pressurarum
1894 2954 2062 3024 gemit

483 3063 750 3138 angustiis
773 3058 1088 3116 constituta.
1121 3053 1496 3124 Reproborum
1524 3047 1731 3138 scilicet
1778 3044 2062 3138 hominum

483 3132 633 3230 patet
663 3154 790 3209 hinc
817 3149 940 3206 inde
962 3146 1188 3217 rapinis,
1222 3144 1499 3198 laceratur
1545 3137 1779 3209 injuriis,
1842 3132 2063 3230 calami-

484 3225 657 3305 iatum
683 3246 831 3301 fasce
859 3239 1200 3312 deprimitur,
1229 3235 1458 3292 sublatis
1488 3230 1727 3303 quotidie
1767 3225 2062 3299 possessio-

485 3341 646 3397 nibus
663 3341 1005 3407 angustatur,
1035 3339 1090 3386 ct
1117 3329 1244 3385 dum
1285 3325 1541 3395 ambages
1592 3329 1756 3390 atque
1800 3316 2061 3407 tumultus

2175 677 2538 733 beatitudines
2566 676 2670 730 illa:
2693 675 2836 732 sicut
2876 674 3032 729 nobis
3056 681 3186 729 sunt
3217 673 3270 728 in
3313 674 3647 744 cognitione,
3679 675 3757 732 sic

2175 770 2382 824 utinam
2413 769 2744 826 haberentur
2783 768 2839 822 in
2863 779 3055 837 opere;
3103 781 3204 824 nos
3233 767 3345 834 hic,
3366 767 3525 838 juxta
3555 766 3757 824 Tullia-

2176 877 2306 916 num
2346 861 2614 925 ordinem,
2665 859 2781 915 sola
2817 873 3099 930 poenarum
3144 872 3344 929 genera
3385 873 3755 927 numeremus,

2177 953 2435 1010 damnum
2457 951 2729 1018 videlicet,
2758 949 2996 1016 vincula,
3024 949 3275 1016 verbera,
3297 949 3578 1017 talionem,
3605 951 3758 1022 igno-

2175 1044 2423 1110 miniam,
2454 1043 2727 1110 exsilium,
2779 1053 3031 1110 mortem,
3071 1043 3407 1099 servitutem.
3432 1045 3570 1100 Cum
3593 1045 3760 1116 igitur

2173 1135 2290 1191 haec
2317 1135 2497 1191 omnia
2532 1133 2647 1190 fere
2672 1150 2770 1206 pro
2804 1133 2953 1192 sedis
2981 1134 3294 1206 apostolicae
3323 1135 3547 1192 servitio
3574 1146 3757 1208 pertu-

2173 1228 2420 1294 lerimus,
2449 1228 2697 1300 dignum,
2727 1244 2936 1299 qumso,
2963 1239 3047 1284 est
3077 1236 3155 1294 ut,
3191 1228 3345 1298 quasi
3369 1230 3548 1285 soluto
3569 1246 3758 1300 poena-

2173 1335 2295 1376 rum
2320 1321 2522 1387 debito,
2550 1336 2696 1376 nunc
2728 1321 2905 1376 eidem
2930 1320 3043 1376 sedi
3069 1319 3410 1389 potissimum
3447 1321 3613 1376 etiam
3658 1319 3759 1377 fu:-

2172 1427 2275 1467 uus
2297 1412 2508 1484 injuriae
2527 1411 2917 1482 persolvamus,
2933 1427 3258 1483 quanquam
3279 1421 3335 1468 et
3355 1413 3760 1470 beatitudinum

2171 1504 2448 1575 Evangelii
2483 1519 2583 1574 pro
2629 1504 2872 1575 ejusdem
2919 1519 3073 1576 papae
3114 1504 3336 1560 servitio
3377 1521 3487 1560 non
3533 1507 3760 1561 omnino

2170 1595 2452 1651 videamur
2478 1595 2769 1664 expertes?
2806 1594 3080 1652 Habemus
3108 1596 3252 1652 enim
3284 1597 3516 1666 primam
3543 1606 3603 1652 et
3632 1597 3760 1652 ulti-

2170 1702 2340 1754 mam,
2386 1695 2759 1757 paupertatem
2799 1686 3008 1744 scilicet
3051 1695 3108 1742 et
3135 1689 3603 1757 persecutionem;
3657 1690 3758 1744 ha-

2171 1797 2292 1836 rum
2336 1781 2542 1837 scilicet
2590 1781 2985 1838 beatitudinum
3032 1781 3203 1851 copiis
3256 1782 3618 1839 abundamus.
3651 1782 3760 1839 Ro-

2168 1872 2314 1928 mani
2362 1873 2560 1943 quippe
2626 1873 2818 1928 nolunt
2877 1871 3265 1940 Alexandrum,
3329 1875 3426 1930 sed
3479 1876 3756 1931 ararium.

2167 1966 2323 2023 Hunc
2345 1967 2572 2032 scilicet,
2599 1981 2762 2036 quem
2781 1965 3075 2036 Apostolus
3099 1967 3355 2038 reprobat
3373 1965 3462 2037 (ll
3486 1966 3626 2021 Tim.
3644 1970 3752 2040 1v);

2167 2073 2278 2115 non
2323 2074 2467 2123 eum,
2521 2058 2613 2126 qui
2662 2072 2761 2128 per
2813 2057 3179 2128 apostolorum
3225 2057 3757 2130 apostolicorumque

2164 2149 2483 2219 pontiﬁcum
2512 2149 2786 2204 tramitem
2807 2149 3002 2205 currit.
3017 2147 3233 2215 Nolunt,
3262 2149 3506 2219 inquam,
3521 2150 3754 2206 Alexan-

2167 2242 2323 2298 drum
2373 2241 2742 2312 evangelicam
2795 2240 3178 2297 ecclesiastica:
3227 2256 3426 2297 mensae
3465 2244 3755 2313 pecuniam

2165 2344 2582 2404 proponcntem,
2615 2335 2711 2389 sed
2747 2335 3014 2390 sordentis
3043 2333 3288 2389 avaritia:
3315 2335 3494 2404 potius
3540 2353 3652 2392 tera
3691 2337 3760 2393 li-

2165 2425 2435 2480 brantem.
2461 2426 2607 2480 Petri
2657 2437 2920 2497 respuunt
2967 2443 3356 2494 successorem,
3389 2439 3444 2484 et
3474 2430 3752 2486 alumnum

2168 2515 2406 2571 Simonis
2459 2516 2862 2586 amplectuntur
2911 2533 3010 2588 pro
3056 2520 3347 2577 venalitate
3397 2518 3636 2590 Spiritus
3665 2535 3755 2590 pc-

2165 2607 2356 2661 cunias
2387 2605 2703 2663 oiierentem
2742 2608 2881 2678 (Act.
2910 2609 3066 2681 (vni).
3105 2610 3336 2666 Proinde
3366 2609 3629 2665 Dominus
3658 2624 3752 2666 no-

2166 2705 2302 2763 ster,
2330 2697 2455 2767 quia
2495 2713 2592 2753 sua
2624 2699 2780 2754 nobis
2810 2701 3052 2768 przebere
3079 2715 3185 2756 non
3212 2709 3388 2766 vacat,
3415 2715 3525 2755 non
3559 2701 3750 2757 saltem

2167 2803 2287 2857 qua:
2312 2797 2500 2844 nostra
2528 2797 2672 2854 sunt,
2709 2787 2878 2844 tollat.
2922 2791 3235 2861 Apostolica
3265 2790 3462 2861 quippe
3483 2792 3751 2847 sententia

2166 2886 2298 2932 est:
2359 2895 2377 2929 ι
2432 2877 2548 2933 Non
2595 2879 2793 2934 debent
2843 2879 2939 2935 ﬁlii
2993 2881 3365 2937 thesaurizare
3410 2881 3748 2950 parentibus,

2166 2969 2262 3023 sed
2308 2979 2562 3038 parentes
2615 2969 2742 3025 ﬁliis
2784 2969 2869 3040 (II
2902 2969 3026 3025 Cor.
3068 2971 3189 3042 xu).
3225 2991 3244 3021 ι
3278 2969 3384 3028 Sed
3427 2970 3558 3025 dum
3606 2979 3751 3025 tanto

2165 3061 2306 3131 patri
2332 3071 2720 3132 praesumentes
2759 3062 3124 3133 obloquimur,
3159 3064 3285 3133 quia
3313 3077 3631 3119 mensuram
3651 3078 3746 3118 no-

2165 3159 2336 3207 stram
2366 3151 2747 3210 iusimulantes
2771 3153 3128 3220 excessimus,
3150 3169 3183 3209 a
3199 3153 3369 3218 vobis,
3388 3152 3747 3220 dilectissimi,

2165 3244 2488 3313 procacibus
2547 3245 2703 3300 .abiis
2757 3246 3132 3315 paenitentiam
3196 3245 3552 3316 postulamus.
3605 3244 3750 3300 Inter

2175 3335 2324 3390 servi
2356 3335 2568 3391 scilicet
2620 3336 2931 3406 dominique
2977 3337 3210 3407 litigiqu
3245 3337 3474 3393 debetur
3507 3345 3566 3393 et
3595 3336 3747 3394 satis-

481 3387 1100 3501 pervem-aulo‘quentium
1131 3417 1352 3489 patitur,
1379 3387 1630 3469 titionum
1659 3387 2060 3501 quodammodo

2184 3421 2331 3484 Tectio
2356 3424 2690 3496 delinquenti
2718 3435 2774 3481 et
2801 3387 3120 3492 pienitentia
3148 3426 3444 3497 vapulanti.

486 3495 1080 3584 tenebrisdenigratur,
1108 3509 1294 3564 dicens
1316 3519 1412 3575 per
1432 3502 1810 3558 Salomonem:
1843 3515 1861 3548 ι
1894 3495 2059 3565 Nigra

483 3621 625 3676 Sum,
655 3610 748 3666 sed
777 3608 1032 3668 formosa,
1060 3600 1167 3655 ﬁlia
1198 3595 1534 3653 Hierusalem
1569 3611 1583 3648 :
1624 3591 1790 3646 nolite
1816 3605 1902 3643 me
1925 3601 2058 3676 conf

480 3674 724 3756 siderare
746 3695 890 3766 quod
940 3692 1090 3746 fusca
1131 3688 1258 3756 sim,
1313 3685 1440 3756 quia
1497 3679 1828 3740 dccoloravit
1857 3692 1944 3734 me
1977 3674 2060 3734 sol

480 3789 657 3862 (Cant.
677 3787 740 3860 ι).
781 3807 800 3841 ι

487 3905 493 3912 ·
553 3883 660 3939 Sed
687 3896 808 3936 cum
837 3879 952 3933 haec
973 3875 1139 3932 verba
1161 3872 1416 3945 prmfatus
1460 3868 1713 3924 dominus
1746 3873 1930 3920 noster
1957 3878 2058 3918 au-
2154 3933 2172 3940 _

483 3977 667 4039 dicrit,
690 3971 972 4036 fortassis,
1000 3979 1060 4024 ut
1090 3967 1244 4032 solet,
1275 3965 1421 4020 illico
1474 3959 1824 4033 respondebit.
1856 3973 1871 4010 :
1913 3953 2060 4010 Dure
2157 4010 2167 4034 τ

482 4065 738 4135 loqueris,
776 4060 976 4131 etquid
1006 4072 1104 4127 ego
1130 4053 1472 4112 commerui?
1528 4052 1658 4122 quid
1701 4050 1753 4104 in
1803 4057 1856 4103 te
1897 4059 2062 4118 grave
2149 4083 2164 4114 ί

480 4155 763 4214 ‘commisi‘?
783 4153 880 4208 Cui
910 4165 1014 4204 non
1040 4146 1303 4203 dissimile
1341 4145 1441 4198 fuit
1469 4143 1614 4213 quod
1641 4141 1738 4196 ﬁlii
1768 4139 1881 4194 Dan
1911 4138 2059 4193 dice-
2155 4195 2159 4198 ,

482 4247 618 4302 bant
641 4245 708 4300 ad
733 4242 966 4306 Michan,
999 4239 1087 4294 cui
1111 4236 1223 4309 69
1246 4236 1503 4290 nimirum
1524 4275 1540 4299 ,
1568 4248 1689 4302 quae
1746 4229 2061 4302 possidebat

477 4336 677 4391 uincta
699 4338 992 4402 rapuerant
1028 4347 1043 4383 :
1093 4348 1110 4380 ‹
1143 4326 1306 4394 Quid,
1366 4323 1635 4394 inquiunt,
1687 4321 1782 4376 tibi
1820 4321 1938 4375 vis?
1963 4333 2062 4375 cur

481 4425 726 4483 clamas?
748 4443 766 4476 ι
802 4421 953 4492 (Jud.
985 4419 1163 4488 xvnt.)
1188 4415 1392 4483 Quibus
1419 4413 1508 4468 ille
1536 4410 1848 4480 respondit:
1882 4426 1900 4459 ε
1924 4409 2064 4464 Deos

477 4527 658 4581 meos,
687 4527 823 4584 quos
849 4509 974 4576 feci,
1031 4507 1164 4563 mihi
1209 4505 1407 4561 tulistis
1453 4544 1468 4568 ,
1519 4510 1575 4557 et
1629 4499 1962 4557 sacerdotem
2010 4507 2065 4553 et

477 4609 672 4665 'omnia
697 4620 815 4674 quae
844 4603 1039 4668 habeo,
1063 4609 1120 4654 et
1142 4598 1338 4663 dicitis,
1369 4593 1500 4666 quid
1530 4592 1621 4648 tibi
1655 4594 1783 4648 est?
1814 4611 1833 4644 ι
1871 4589 2061 4664 (Ιὺὶίι.)

472 4698 597 4754 Sed
621 4696 873 4766 quoniam
897 4692 1137 4746 sicutvir
1166 4688 1382 4758 sapiens
1403 4687 1480 4740 ait
1505 4702 1518 4738 :
1551 4703 1568 4737 α
1594 4683 1794 4738 Musica
1826 4681 1880 4736 in
1912 4681 2059 4736 luctu

477 4789 796 4858 importuna
829 4781 1067 4839 narratio
1096 4777 1471 4851 (Eccltxxn);
1495 4794 1514 4825 ι
1546 4770 1674 4830 li‘cet
1705 4772 1899 4828 histrio
1935 4771 2060 4838 sim,
2087 4767 2142 4828 D

474 4895 596 4935 non
625 4883 754 4936 libet.
801 4879 1008 4943 ludere,
1036 4877 1161 4932 dum
1201 4872 1495 4943 compellar
1523 4871 1686 4927 corde
1714 4869 1930 4940 lugere;
1964 4882 2066 4922 nec

471 4971 754 5027 "citharam
769 4971 1010 5040 crispare
1023 4969 1251 5024 delectat
1274 4977 1436 5036 quem
1456 4965 1617 5019 amici
1633 4963 1835 5019 codicis
1849 4963 2065 5032 jactura

472 5061 791 5131 'pcrturbat.
833 5060 1044 5116 Reddat
1068 5075 1196 5131 ergo
1224 5059 1448 5122 librum,
1483 5057 1527 5112 si
1556 5055 1670 5110 vult
1698 5054 1974 5125 possidere
2002 5052 2065 5106 li-

467 5150 737 5188 Ἰπιῖἢρηηι
824 5151 880 5188 Ιῖι
933 5161 1156 5188 nrnnlar
1207 5151 1422 5188 lar-nvom
1472 5147 1592 5188 vilic
1625 5145 1832 5188 animi"
1865 5144 2058 5188 ιριιίρηι

2714 3556 3044 3614 EPISTOLA
3085 3556 3194 3613 VII.

2239 3708 2308 3752 ΔΙ)
2346 3708 2755 3752 ιιιιυεθιιωυυι
2792 3709 2838 3751 S.
2880 3711 2936 3750 Β.
2975 3711 3027 3751 ε.
3069 3709 3502 3754 ΔΒΩΗΙΒΙΔΟΟΝῸΙ
3545 3712 3677 3755 CAR-

2831 3781 3084 3822 ῡιΝΔιΕκ.

2399 3877 2662 3949 (Habetur
2688 3887 2815 3935 tom.
2846 3878 2966 3948 ΙΙΙ,
2998 3890 3173 3952 estque
3195 3897 3374 3953 opusc.
3406 3879 3526 3953 52.)

2709 4011 3045 4070 EPISTOLA
3087 4012 3211 4068 Vill.

2239 4131 2308 4173 AD
2345 4131 2563 4172 [UIDEII
2599 4129 3008 4172 HILDBBRANDUI
3043 4131 3090 4170 S.
3132 4132 3184 4170 lt.
3225 4131 3278 4170 Ε.
3319 4131 3676 4175 ARCHIDIACO-

2807 4203 2916 4242 NUII
2953 4202 3112 4245 CABD.

2169 4299 2278 4370 ⁷ο
2305 4299 2700 4355 Ancuusu'ruu.
2728 4328 2800 4339 --
2831 4299 3194 4423 Conqueritur
3230 4315 3352 4374 cum
3379 4299 3748 4358 Hildebrando

2238 4372 2381 4423 quod
2405 4384 2594 4423 narum
2628 4385 2688 4423 se
2720 4371 2788 4423 ab
2811 4383 2878 4423 eo
2905 4370 2956 4423 di
2985 4370 3054 4423 ini
3075 4371 3452 4423 comperisset.
3477 4371 3748 4423 Primum.

2238 4372 2381 4442 quod
2405 4384 2594 4440 parum
2628 4385 2688 4425 se
2720 4371 2878 4442 abeo
2905 4370 3054 4442 diligi
3075 4371 3452 4442 comperisset.
3477 4371 3748 4438 Primum,

2157 4489 2160 4492 .
2237 4439 2380 4508 quod
2406 4439 2682 4508 nunquam
2713 4440 2780 4494 ad
2812 4454 2869 4494 se
2896 4439 3161 4495 scriberet
3179 4439 3217 4507 ζ
3248 4441 3460 4506 deinde,
3489 4442 3658 4510 equod
3697 4443 3748 4497 iu

2241 4510 2581 4564 sermonibus
2624 4510 2901 4564 sinistram
2936 4511 3001 4566 de
3045 4525 3105 4565 se
3143 4511 3472 4567 mentionem
3518 4513 3744 4569 faceret.

2239 4578 2707 4652 Quamimmerito
2751 4580 2804 4634 id
2849 4579 2950 4634 sibi
2987 4581 3196 4636 accidat
3221 4583 3477 4652 ostendit,
3533 4584 3628 4652 qui
3675 4582 3747 4638 illi

2237 4662 2338 4720 pro
2375 4649 2594 4721 viribus
2642 4651 3020 4718 obtemperare
3081 4666 3294 4721 semper
3347 4649 3643 4720 studuerit,
3697 4663 3750 4708 et

2241 4720 2478 4774 maximo
2526 4734 2723 4794 amore
2759 4730 3139 4794 prosequatur.
3171 4720 3254 4776 Ad
3281 4730 3612 4794 extremum,
3637 4723 3749 4794 epi-

2242 4799 2465 4859 scopatu
2505 4804 2564 4843 se
2605 4789 2837 4844 abdicat.
2869 4789 3038 4856 Quam
3102 4806 3216 4846 rem
3269 4791 3479 4846 scilicet
3526 4789 3744 4848 causam

2243 4875 2341 4915 cur
2369 4875 2428 4914 se
2453 4859 2505 4930 ci
2538 4859 2934 4930 Hildebrandus
2958 4861 3256 4915 subiratum
3286 4863 3551 4930 praeberet
3579 4862 3746 4918 fuisse

2243 4929 2499 4984 credibile
2527 4937 2608 4985 est
2627 4945 2651 5000 ;7
2675 4929 2892 4984 nolebat
2915 4932 3058 4985 enim
3095 4934 3149 4985 in
3194 4929 3300 4986 illa
3328 4940 3633 5000 temporum
3659 4948 3747 4988 ne-

2239 5001 2492 5053 cessitate
2539 5006 2595 5072 et
2625 4999 2922 5072 bonorum
2953 5001 3296 5072 sacerdotum
3349 4999 3579 5072 penuria
3635 5013 3743 5059 tam

2241 5078 2429 5124 sancto
2455 5069 2696 5125 antistite
2723 5069 3018 5126 Ecelesiam
3040 5070 3242 5127 orbari.

2241 5159 2446 5188 “Annua
2477 5156 2563 5188 "ll
2583 5173 2856 5188 naming-nun
2882 5159 3261 5188 ﬁtill“:l‘:nnl\nl\
3307 5163 3524 5188 “III—noun
3556 5179 3708 5188 -A---

3635 447 3760 504 7272

3801 4449 3815 4556 ἱ
