3964 5310
223 354 330 412 275
827 358 843 390 -’
1011 353 1019 358 ·
1127 353 1222 402 5:.
1391 359 1588 419 LIBER
1629 347 2418 431 secessus,srtsr.ix.'
2597 352 2874 404 αξη-λε
3365 356 3474 423 ait

227 469 351 524 tatis
379 480 519 524 meae
546 479 740 525 noaren
766 468 1088 542 exploditur,
1122 467 1264 528 fama
1290 479 1624 546 conspuitur,
1660 479 1793 534 levi-
1822 481 1874 542 Λ
1898 486 2097 532 serant.
2127 476 2254 542 Cur,
2283 488 2486 546 quaeso,
2519 473 2660 530 illius
2695 482 2822 532 tunc
2848 477 3131 534 sententia:
3161 482 3476 538 recordatus

230 569 313 615 tas
337 559 624 627 irridetur,
648 576 714 616 ac
738 564 802 618 de
829 578 914 618 me
939 563 1065 618 talia
1093 565 1442 634 proferuntur
1466 585 1584 638 quze
1607 579 1659 625 et
1690 572 1795 626 ini—
1898 585 2003 624 non
2034 585 2092 624 es
2115 609 2131 636 ,
2172 584 2275 638 qua
2308 569 2506 624 dicitur
2538 587 2550 622 :
2595 587 2614 621 ι
2655 568 2869 626 Cibaria
2893 612 2908 636 ,
2958 581 3013 626 et
3058 573 3202 645 virga
3245 582 3300 629 et
3337 589 3477 630 onus

223 649 380 705 micis
409 651 552 706 meis
566 651 800 720 jucunda
825 654 896 709 sit
935 653 1132 720 fabula,
1161 665 1216 712 et
1257 657 1389 712 mihi
1422 659 1666 714 confusio
1712 661 1829 715 ιιι-ο
1898 661 2107 726 asino;'
2137 663 2324 730 panis,
2378 669 2434 714 et
2481 660 2758 730 disciplina
2805 671 2861 717 et
2905 677 3038 733 opus
3079 679 3235 720 servo
3279 665 3473 736 (Eccli.

224 752 430 799 ctuosa.
457 743 624 800 Plane
643 755 924 818 postquam
968 749 1224 804 Romanae
1270 766 1389 806 sum
1418 752 1665 823 alligatus
1699 755 1820 809 Ec-»

221 835 397 893 elesia:
425 839 562 908 (84),
611 842 814 896 utinam
843 850 952 898 tam
999 843 1126 908 Deo,
1169 845 1254 901 vel
1279 845 1457 912 Petro,
1488 863 1648 914 quam
1692 851 1798 905 tuis

219 931 413 1000 emptis
446 932 667 1004 tuisque
703 936 983 990 conatibus
1010 951 1222 1008 semper
1252 939 1626 1010 obtemperare
1669 957 1798 997 con-

223 1022 394 1087 tendi,
418 1030 478 1077 et
504 1023 559 1078 in
589 1027 841 1082 omnibus
867 1028 976 1081 tuis
1023 1030 1409 1086 certaminibus
1440 1041 1601 1100 atque
1627 1033 1798 1088 victo-

220 1113 333 1179 riis,
364 1128 471 1184 ego
502 1130 590 1170 me
633 1131 743 1172 non
777 1118 1219 1187 commilitonem,
1251 1120 1364 1175 sive
1393 1122 1793 1192 pedissequum,

219 1206 308 1260 sed
339 1206 496 1276 quasi
553 1205 753 1264 fulmen
800 1209 980 1278 iujcci.
1006 1210 1158 1278 Quod
1198 1212 1341 1266 enim
1381 1221 1655 1268 certamen
1699 1230 1798 1268 uu-

217 1310 374 1365 quam
392 1296 636 1366 cmpisti,
658 1298 748 1352 ubi
773 1300 1014 1369 protinus
1033 1314 1134 1370 ego
1155 1315 1262 1355 non
1285 1314 1460 1356 essem
1483 1310 1538 1356 et
1556 1302 1799 1373 litigator

217 1397 270 1444 et
300 1387 508 1456 iudex?
551 1388 652 1446 Ubi
689 1391 895 1447 scilicet
943 1406 1050 1446 non
1090 1391 1248 1446 aliam
1290 1395 1666 1450 auctoritatem
1703 1409 1795 1449 ca-

218 1492 438 1544 nonum,
459 1479 563 1536 nisi
585 1481 755 1536 solum
781 1490 883 1538 tuae
898 1482 1192 1538 voluntatis
1213 1485 1478 1553 sequebar
1491 1485 1794 1552 arbitrium,

217 1576 270 1622 et
303 1583 458 1624 mera
486 1578 577 1624 tua
604 1571 851 1628 voluntas
881 1573 1012 1628 mihi
1038 1587 1304 1629 canonum
1330 1584 1448 1630 erat
1479 1577 1793 1632 auctoritas.

215 1657 321 1714 Nec
339 1674 587 1730 unquam
612 1660 845 1731 iudicavi
877 1663 1021 1732 quod
1049 1663 1224 1718 visum
1251 1670 1334 1719 est
1359 1665 1511 1730 mihi,
1535 1665 1630 1722 sed
1653 1665 1795 1736 quod

216 1748 413 1819 placuit
451 1747 572 1804 tibi.
604 1749 896 1816 Praeterea,
927 1768 1121 1809 nomen
1152 1762 1303 1808 tuum
1329 1754 1382 1809 in
1409 1763 1609 1824 quanta
1636 1756 1797 1811 bene-

1901 756 2130 821 sum);
2173 770 2192 803 ι
2227 753 2315 807 ubi
2347 766 2468 807 mox
2495 754 2738 822 sequitur
2769 771 2781 807 :
2821 771 2841 805 ι
2875 753 3020 810 Laxa
3047 771 3240 812 manus
3269 755 3376 824 illi,
3417 766 3476 813 et

1897 844 2092 912 quaerit
2121 843 2423 898 libertatem
2445 842 2655 914 (lbid.).
2693 864 2710 896 ι
2737 845 2848 900 Cur
2869 855 2925 899 et
2946 846 3032 900 ille
3056 848 3150 902 tibi
3171 848 3476 904 versiculus

1897 936 2099 990 excidit
2130 953 2143 988 :
2181 953 2200 986 ‹
2235 934 2429 1006 Iugum
2469 943 2526 990 et
2566 935 2739 990 lorum
2767 947 2996 992 curvaut
3023 937 3216 993 collum
3251 940 3473 1008 durum,

1896 1035 1952 1080 et
1980 1041 2192 1080 servum
2225 1025 2483 1104 inclinant
2526 1026 2868 1095 operationes
2913 1028 3186 1082 assidua}?
3223 1048 3240 1080 ι
3279 1027 3474 1100 (Ιὺὶά.)

1897 1114 2006 1170 Cur
2033 1116 2194 1170 etiam
2227 1115 2356 1171 illud
2390 1125 2479 1172 tua
2516 1117 2774 1172 memoria
2806 1133 2911 1173 non
2939 1120 3168 1175 recoluit
3195 1138 3208 1174 :
3247 1138 3266 1172 ι
3301 1120 3478 1177 Servo

1897 1205 2163 1262 malevolo
2191 1214 2416 1272 tortura,
2446 1217 2501 1261 et
2523 1209 2827 1277 compedes.
2859 1209 3006 1264 Mitte
3031 1210 3178 1265 illum
3206 1211 3260 1266 in
3287 1226 3478 1282 opera-

1897 1295 2121 1363 tionem,
2151 1311 2219 1352 ne
2245 1298 2434 1352 vacet?
2468 1316 2486 1350 ι
2526 1297 2715 1369 (Ibid.)
2748 1298 2852 1353 Sed
2898 1300 3028 1368 quid
3070 1301 3303 1366 mirttm,
3346 1301 3392 1357 si
3421 1310 3481 1357 te

1896 1386 2022 1442 licet
2046 1387 2363 1457 prudentem
2391 1397 2447 1443 et
2473 1396 2714 1443 sanctum
2742 1389 2916 1443 virum
2942 1389 3116 1458 potuit
3137 1389 3332 1445 artifex
3357 1405 3480 1445 ser-

1895 1480 2040 1534 vitus
2071 1488 2127 1535 et
2152 1490 2338 1536 vesuta
2367 1480 2613 1550 decipere
2632 1522 2646 1545 ,
2679 1496 2799 1536 cum
2831 1489 2886 1535 et
2912 1481 3228 1552 prophetico
3256 1481 3480 1552 plenum

1896 1569 2088 1640 spiritu
2116 1569 2307 1636 David,
2355 1569 2480 1626 Siba
2528 1585 2716 1627 servus
2765 1572 2893 1626 Saul
2942 1572 3136 1628 callide
3184 1574 3480 1640 mentiens,
3546 1627 3550 1634 .

1896 1657 2156 1728 compulit
2207 1673 2237 1713 a
2283 1658 2492 1727 iustitia
2547 1660 2861 1716 declinare?
2908 1679 2927 1712 ι
2978 1660 3094 1729 Tu,
3146 1663 3363 1732 inquit,
3422 1671 3481 1718 et

1898 1746 2044 1812 Siba,
2074 1747 2296 1804 dividite
2315 1751 2686 1819 possessiones
2707 1750 2796 1822 (Η
2825 1749 2950 1822 Reg.
2971 1751 3106 1823 xu).
3143 1751 3286 1823 [Ille
3307 1754 3483 1822 siqui-

217 1837 451 1892 dictione
484 1839 651 1896 fuerit
680 1841 820 1912 apud
845 1841 984 1897 labia
1009 1857 1127 1898 mea
1159 1844 1348 1899 saltem
1377 1845 1633 1900 domuum
1664 1844 1791 1901 Clu-
1823 1835 1871 1896 Β
1896 1841 2018 1896 dem
2067 1841 2408 1897 innocentem
2451 1842 2811 1914 Miphiboseth
2853 1844 3110 1900 mentitus
3156 1852 3241 1900 est
3286 1852 3478 1900 contra

216 1929 523 1985 niacensem
549 1970 566 1996 ,
605 1931 698 2001 qui
733 1933 833 1988 tibi
876 1948 982 1990 non
1011 1942 1096 1989 est
1122 1933 1357 2005 ignotus,
1396 1937 1626 2008 inquire.
1658 1936 1795 1992 Nam

217 2019 334 2074 dum
354 2036 525 2091 super
551 2032 602 2078 to
629 2023 920 2094 aliquando
965 2023 1296 2097 disputarem
1330 2041 1346 2080 :
1394 2045 1412 2078 ι
1447 2025 1661 2094 Nescit,
1717 2029 1798 2085 iu-

217 2112 326 2182 quit
353 2112 473 2178 ille,
506 2122 710 2169 tantam
736 2116 833 2170 tibi
874 2116 955 2171 sui
995 2117 1196 2172 amoris
1242 2118 1418 2172 inesse
1437 2117 1794 2185 dulcedinem,

216 2220 370 2274 quam
402 2205 652 2274 profecto
675 2246 690 2271 ,
746 2207 789 2260 si
838 2215 1062 2273 nosset,
1101 2207 1508 2279 incomparabili
1539 2223 1703 2280 penes
1741 2219 1797 2264 te

216 2310 397 2350 amore
420 2295 698 2367 ﬂagraret.
738 2318 756 2350 ι
795 2297 901 2354 Sed
927 2315 1026 2355 cur
1057 2314 1156 2371 ego
1183 2301 1492 2371 scriptionis
1521 2303 1680 2374 hujus
1710 2319 1796 2357 ar-

218 2387 436 2444 ticulum
468 2391 748 2459 protraho,
781 2406 941 2460 quam
968 2400 1018 2446 te
1040 2392 1303 2448 lecturum
1327 2409 1446 2450 esse
1466 2410 1570 2449 non
1597 2396 1797 2465 spero?

217 2475 370 2533 Certe
400 2493 566 2535 nemo
596 2480 729 2534 vivit
759 2481 812 2534 in
846 2496 1031 2546 carne,
1065 2483 1150 2537 cui
1182 2482 1437 2538 libentius
1476 2485 1792 2552 scriberem,

216 2570 258 2624 si
284 2578 339 2625 tu
371 2571 678 2641 dignareris
695 2573 908 2628 oculum
934 2574 1212 2632 adhibere.
1243 2575 1349 2631 Sed
1377 2577 1501 2646 quia
1529 2592 1654 2647 spes
1687 2578 1793 2634 ista

216 2676 316 2716 non
351 2672 459 2728 est,
497 2664 617 2719 vide
645 2680 805 2734 quam
835 2673 1122 2721 accuratus
1161 2676 1215 2721 et
1263 2666 1478 2721 limatus
1506 2668 1576 2723 sit
1603 2668 1794 2740 stylus,

216 2753 300 2821 qui
327 2752 491 2808 ﬂores
521 2753 746 2824 eloquii,
773 2771 892 2826 quae
917 2755 1260 2826 resplendeat
1286 2757 1566 2812 urbanitas
1603 2758 1795 2814 dictio-

217 2843 311 2898 nis.
345 2843 455 2898 Sed
477 2844 594 2898 sive
621 2845 824 2909 videas,
851 2845 963 2901 sive
992 2861 1095 2902 non
1122 2847 1327 2912 videas,
1351 2862 1451 2917 ego
1474 2848 1567 2903 tibi
1589 2849 1797 2918 episco-

217 2943 396 3002 patum
425 2950 590 3004 quem
623 2935 844 3002 dedisti,
873 2952 971 3005 per
998 2938 1097 2993 bas
1122 2937 1332 2994 litteras
1370 2940 1555 3004 reddo,
1604 2955 1794 2998 omne-

217 3039 312 3092 que
336 3024 450 3093 jus,
480 3034 536 3080 et
569 3035 887 3097 potestatem
936 3043 965 3082 a
1009 3044 1096 3084 me
1143 3045 1262 3100 quae
1311 3030 1443 3085 mihi
1477 3044 1641 3102 super
1669 3048 1793 3089 eum

217 3126 526 3188 competere
556 3119 860 3185 videbatur,
892 3121 1168 3176 abscindo.

703 3225 804 3302 71
851 3230 1183 3289 EPISTOLA
1222 3231 1314 3288 ιχ.

217 3332 937 3379 ADEUIDEIBILDEBRANDUI
967 3339 1014 3379 S.
1034 3340 1086 3378 Β.
1117 3339 1169 3381 Ε.
1183 3340 1613 3383 ARCHIDIACONUH
1636 3343 1793 3384 CABD.

218 3411 616 3470 Λιυςιιιιειιτῠιι.
646 3445 718 3455 --
759 3415 956 3470 Iterum
1015 3432 1136 3472 cum
1191 3421 1377 3475 eodem
1437 3420 1798 3478 Hildebrando

282 3485 594 3554 expostulat
647 3486 886 3541 habitam
936 3487 1004 3541 ab
1052 3503 1118 3543 eo
1171 3504 1292 3546 esse
1329 3490 1486 3546 fidem
1521 3493 1799 3548 malevolis

289 3557 646 3629 quorumdam
699 3558 1076 3624 sermonibus,
1123 3560 1216 3629 qui
1254 3559 1472 3615 beatum
1513 3563 1689 3618 virum
1742 3564 1798 3618 in

293 3623 463 3700 alieno
511 3625 628 3681 solo
686 3629 1072 3700 monasterium
1119 3623 1416 3686 aediﬁcasse
1458 3647 1555 3700 per
1602 3632 1801 3688 calum-

287 3695 878 3821 niamdasseverabant.
916 3698 1068 3764 Quod
1112 3712 1232 3756 esse
1274 3695 1475 3755 falsum
1517 3701 1800 3760 manifeste

287 3779 344 3820 os
369 3780 436 3820 en
483 3784 496 3820 ι
529 3805 544 3820 .
1027 3801 1032 3804 -

283 3779 544 3820 οειεηαιῑ.
1027 3801 1032 3804 -

282 3854 555 3913 Immobili
591 3857 858 3915 columna:
881 3858 1025 3915 sedis
1049 3860 1356 3930 apostolica:
1386 3861 1586 3917 domno
1609 3862 1803 3918 HILDE-

216 3963 423 4004 ιιωιυο
460 3951 845 4008 archidiacono
868 3994 884 4020 ,
930 3951 1147 4009 PITRUS
1189 3961 1445 4025 peccator
1480 3956 1797 4023 monachus,

215 4039 470 4096 salutem.

285 4132 498 4190 Uberes
531 4146 632 4204 ago
673 4133 908 4204 gratias,
947 4134 1251 4191 venerande
1295 4134 1485 4202 frater,
1524 4137 1649 4206 quia
1677 4151 1802 4192 cum

219 4225 282 4280 ad
329 4226 533 4298 regalis
583 4226 721 4282 aula:
785 4229 1142 4284 contenderes
1191 4227 1396 4298 apicem
1425 4269 1442 4295 ,
1481 4236 1801 4284 aestuantem

219 4315 362 4372 circa
392 4332 482 4372 me
510 4332 774 4388 vaporare
803 4319 1045 4388 persensi
1071 4319 1137 4374 de
1165 4318 1408 4373 sacrario
1455 4318 1530 4372 tui
1571 4316 1802 4389 pectoris

221 4409 568 4466 charitatem.
593 4408 706 4466 Nec
726 4411 944 4477 mirum,
973 4427 1094 4468 cum
1121 4411 1263 4468 Deus
1290 4411 1431 4482 ignis
1452 4409 1664 4466 dicatur
1681 4423 1804 4466 esse

218 4515 544 4558 consumens
598 4501 778 4573 (Deut.
804 4518 889 4568 1V;
921 4502 1084 4558 Hebr.
1113 4502 1249 4574 xu),
1281 4503 1325 4558 si
1365 4502 1537 4557 sancti
1570 4500 1803 4572 Spiritus

1896 1929 2103 2001 regiam
2125 1946 2288 2002 agere
2314 1931 2686 2002 maiestatem;
2717 1933 2805 1988 isti
2832 1947 2919 1988 me
2956 1933 3320 1989 conditionem
3354 1948 3481 2004 pero

1895 2022 2082 2078 bibent
2107 2025 2491 2095 proscripsisse
2541 2024 2808 2082 servilem.
2861 2024 2990 2091 Sed,
3018 2039 3232 2096 quaeso,
3281 2024 3477 2090 frater,

1896 2114 2137 2184 nunquid
2182 2115 2526 2186 Tethgrimus
2573 2116 2837 2172 Guidonis
2883 2115 3042 2186 hujus
3097 2126 3343 2188 patruus,
3383 2116 3480 2188 qui

1896 2207 2014 2261 sine
2062 2205 2248 2262 liberis
2291 2207 2460 2272 obiit,
2513 2207 2579 2262 de
2615 2214 2693 2261 tot
2724 2207 2868 2278 agris
2915 2221 2979 2262 ac
3021 2206 3160 2263 villis
3187 2207 3480 2278 perexigua

1897 2297 2109 2364 saltem,
2141 2313 2261 2368 qua:
2288 2298 2609 2353 videbantur
2636 2312 2755 2353 esse
2787 2297 3122 2353 contermina
3149 2299 3484 2353 monasterio

1897 2388 2076 2460 legare
2103 2404 2211 2444 non
2238 2389 2450 2458 potuit?
2477 2404 2543 2443 an
2577 2388 2752 2444 adhuc
2780 2389 3129 2459 obsequentis
3156 2389 3312 2446 cunei
3332 2387 3478 2458 judi-

1896 2479 2108 2534 cabitur
2139 2479 2410 2550 indignus,
2441 2480 2527 2534 cui
2556 2495 2680 2534 cum
2710 2494 2776 2535 ex
2807 2480 2908 2564 hac
2937 2480 3053 2551 ipse
3087 2480 3196 2535 vita
3225 2481 3481 2534 decesse-

1897 2572 1986 2635 rit,
2008 2572 2296 2642 posteritas
2315 2573 2364 2627 ei
2387 2571 2531 2626 nulla
2552 2571 2830 2627 succedit?
2845 2571 2980 2627 Huic
2994 2572 3179 2636 etiam,
3205 2570 3296 2641 qui
3322 2570 3479 2641 adju-

1896 2663 1989 2725 vit,
2019 2662 2146 2730 quia
2173 2662 2400 2717 clientes
2423 2662 2604 2716 omnia
2628 2661 2936 2731 possident,
2967 2661 3167 2730 aliquid
3201 2661 3311 2715 Deo
3338 2673 3474 2714 con-

1895 2748 2054 2814 ferre,
2089 2751 2156 2807 de
2183 2751 2266 2807 sui
2307 2752 2446 2822 juris
2485 2751 2680 2807 allodio
2708 2766 2816 2807 non
2846 2750 3062 2806 licebit?
3092 2749 3384 2813 Censebis,
3414 2757 3480 2808 ut

1895 2843 1954 2908 ii,
1981 2844 2073 2914 qui
2105 2845 2346 2899 rotaudis
2373 2844 2575 2916 72xad
2603 2845 2779 2914 ignem
2805 2845 3056 2909 verubus,
3081 2843 3168 2899 vel
3192 2843 3481 2898 abluendis

1895 2946 2022 2992 sunt
2042 2937 2308 2993 lebetibus
2329 2938 2640 3007 deputandi,
2664 2938 2743 2993 sic
2765 2937 2956 2992 berilia
2978 2939 3118 2992 bona
3140 2936 3496 3008 possideant,

1895 3036 1955 3082 ut
1984 3042 2169 3082 eorum
2200 3027 2403 3082 domini
2452 3028 2764 3083 recedentes
2794 3043 2824 3083 e
2850 3026 3046 3083 sacculo
3066 3067 3081 3094 ,
3131 3026 3331 3081 sanctis
3371 3024 3483 3080 Ec-

1894 3117 2072 3172 clesiis
2100 3118 2182 3172 sui
2213 3118 2351 3188 juris
2392 3118 2663 3188 impendia
2705 3135 2812 3175 non
2856 3117 3196 3188 relinquant?
3220 3103 3520 3186 Dignumi'

1825 3213 1870 3277 C
1901 3226 1970 3266 ne
1993 3211 2248 3282 perhibes
2275 3219 2334 3265 ut
2359 3212 2624 3282 mancipia
2655 3221 2839 3267 nostra
2866 3218 3056 3282 gerant
3081 3225 3175 3265 ora
3197 3208 3477 3264 ﬂamman-

1901 3304 2000 3370 tia,
2018 3314 2078 3360 ut
2097 3305 2318 3374 pretiosi
2336 3290 2512 3362 cultus
2533 3304 2755 3360 induant
2773 3313 3111 3370 ornamenta,
3128 3317 3225 3357 nos
3240 3311 3480 3356 aestuan-

1900 3397 1970 3451 tis
2020 3391 2203 3451 averni
2248 3395 2480 3452 tolerare
2525 3395 2829 3465 supplicia?
2858 3393 2998 3449 Proh
3038 3393 3236 3464 pudor!
3291 3399 3351 3447 ut
3396 3389 3485 3448 illi

1900 3487 2100 3553 ﬂuant,
2131 3497 2186 3543 et
2214 3503 2312 3544 nos
2358 3487 2534 3558 inopia
2569 3487 2940 3542 coarctemur!
2994 3483 3071 3538 llli
3115 3491 3326 3539 ructent
3369 3481 3480 3551 pri-

1901 3582 2059 3637 diana
2083 3581 2348 3645 convivia,
2379 3596 2478 3636 nos
2501 3595 2804 3650 quaeramus
2846 3578 2982 3649 apud
3015 3577 3216 3632 inferos
3241 3577 3478 3631 micamt

1903 3672 2095 3728 Merito
2129 3671 2305 3742 perdit
2329 3671 2716 3735 haereditatem,
2739 3670 2830 3740 qui
2856 3683 3070 3724 servum
3092 3666 3345 3736 relinquit
3365 3667 3485 3721 bae—
3511 3669 3513 3672 ‘

1901 3764 2106 3820 redem.
2136 3763 2357 3817 Excludi
2391 3772 2628 3818 meretur
2650 3778 2678 3816 a
2704 3775 2928 3816 numero
2957 3759 3212 3824 filiorum,
3239 3759 3330 3828 qui
3353 3771 3484 3826 pro-

1902 3858 2016 3927 pria
2048 3856 2222 3911 salute
2255 3863 2587 3924 contempta,
2618 3853 2718 3908 sibi
2746 3851 3022 3907 substituit
3050 3849 3244 3905 servile
3272 3848 3482 3903 manci-

1901 3947 2070 4018 pium.
2101 3945 2421 4001 Obstruatur
2472 3943 2634 4014 igitur
2678 3957 2740 3997 os
2790 3940 2973 4011 iniqua
3013 3939 3350 4011 loquentium
3379 3958 3396 3996 :
3425 3948 3483 3995 et

1895 4038 2050 4109 juxta
2083 4039 2425 4110 prophetam,
2458 4037 2734 4106 sepiantur
2759 4049 2918 4090 aures
2959 4034 3126 4104 spinis
3156 4050 3186 4088 a
3216 4032 3482 4103 versipel-

1902 4131 2034 4187 lium
2062 4130 2358 4186 mendaciis
2387 4130 2752 4184 detractorum
2781 4125 2970 4199 (Eecli.
3000 4127 3214 4197 xxviii).
3262 4125 3364 4192 Qui
3413 4125 3481 4179 ad

1904 4222 2098 4280 faciem
2123 4221 2341 4294 quidem
2367 4220 2560 4278 blanda
2587 4220 2926 4292 praetendunt
2951 4260 2966 4285 ,
3015 4218 3112 4274 sed
3155 4218 3483 4274 intrinsecus

1903 4315 2053 4371 virus
2099 4314 2317 4370 malitiae
2361 4321 2683 4384 contegunt,
2726 4321 2782 4370 et
2808 4311 2953 4366 velut
3000 4325 3128 4376 apes
3175 4325 3270 4365 ore
3324 4309 3484 4364 mella

1903 4405 2107 4472 ferunt,
2139 4404 2233 4461 sed
2262 4404 2464 4461 aculeis
2491 4412 2753 4475 pungunt.
2780 4403 2850 4458 Et
2872 4403 3000 4472 quid
3029 4402 3248 4466 mirum,
3274 4400 3320 4454 si
3355 4414 3480 4464 nos,

1905 4501 1999 4572 qui
2027 4498 2095 4554 ad
2125 4507 2324 4554 terram
2353 4496 2510 4553 melle
2539 4504 2846 4552 manantem
2874 4493 3269 4557 contendimus,
3318 4505 3483 4560 apum

223 4592 593 4648 habitaculum
630 4593 954 4664 quibusdam
995 4594 1243 4651 scintillis
1275 4595 1679 4665 erumpentibus
1721 4595 1802 4650 vi-
1825 4594 1878 4656 D
1904 4589 2403 4645 circumvolantium
2433 4587 2668 4643 stimulis
2691 4586 3032 4640 laceramur?
3057 4583 3136 4639 Ad
3165 4598 3327 4654 quam
3354 4595 3486 4650 pro-

224 4681 411 4738 deatur
441 4683 697 4755 ignitum.
724 4681 868 4738 Nam
895 4684 1201 4755 ubicunque
1231 4683 1373 4739 illius
1405 4683 1615 4740 itineris
1644 4699 1797 4740 men-

223 4771 293 4827 tio
325 4774 433 4829 mei
481 4773 728 4830 nominis
773 4773 983 4842 incidit,
1025 4775 1288 4832 memoria
1324 4789 1442 4830 mea
1479 4787 1644 4846 penes
1668 4783 1720 4831 te
1745 4775 1802 4830 in

224 4863 593 4923 benedictione
613 4867 740 4922 fuit.
765 4865 918 4934 Quod
941 4866 1139 4924 factum
1159 4878 1214 4925 et
1237 4869 1536 4924 amicorum
1556 4883 1801 4926 meorum

228 4971 424 5017 mentes
448 4962 642 5026 erexit,
679 4969 737 5016 et
767 4960 1160 5017 detrahentium
1202 4961 1344 5019 labia
1383 4962 1554 5034 digna:
1580 4977 1806 5034 respon-

232 5049 386 5106 sionis
433 5054 688 5110 obicibus
735 5052 1016 5123 oppilavit.
1068 5053 1450 5111 Verumtamen
1521 5055 1585 5128 [f.
1631 5055 1806 5112 fertur

231 5142 298 5194 re!
318 5144 515 5216 aliquid
543 5144 743 5217 simile]
775 5144 1058 5202 Florentiae
1103 5162 1254 5206 mens
1288 5157 1378 5203 tua
1402 5189 1416 5215 ,
1463 5163 1582 5217 qua:
1612 5157 1803 5208 contra

231 5234 526 5268 Inﬂant-nona
557 5253 621 5268 nn
651 5235 947 5268 mana-anno
970 5247 1119 5268 nas-On
1145 5239 1562 5268 nAnnIIA'v:O'A.~s-.A
1589 5253 1807 5268 AaM-sn-

1905 4681 2047 4738 fecto
2071 4688 2271 4735 terram
2301 4679 2594 4735 festinabat
2622 4678 2708 4733 ille
2729 4677 2820 4747 qui
2843 4677 3056 4732 dicebat
3080 4693 3093 4730 :
3123 4694 3141 4726 ι
3171 4672 3486 4729 Circumde—

1907 4775 2105 4831 derunt
2132 4788 2218 4829 me
2257 4773 2399 4829 sicut
2443 4785 2604 4842 apes,
2635 4780 2686 4826 et
2718 4779 3039 4826 exarserunt
3080 4767 3220 4824 sicut
3248 4765 3389 4836 ignis
3428 4762 3487 4816 in

1905 4864 2075 4936 spinis
2104 4860 2275 4934 (Paul.
2297 4862 2486 4932 cxvn).
2529 4879 2550 4913 ι

1979 4955 2096 5012 Huc
2131 4955 2342 5010 accedit
2383 4951 2544 5022 quia,
2597 4967 2718 5014 eum
2748 4951 2814 5006 ad
2854 4950 2962 5006 mel
3011 4961 3173 5010 terra:
3198 4945 3494 5002 viventium

1908 5064 2198 5124 properare
2225 5045 2631 5114 contendimus,
2679 5043 2844 5099 divini
2874 5057 3092 5116 quoque
3118 5038 3268 5094 verbi
3314 5035 3494 5091 dulce-

1910 5144 2089 5199 dinem
2119 5140 2465 5212 propinantes
2491 5142 2662 5196 etiam
2696 5136 2846 5192 favos
2874 5137 3056 5196 mellis
3101 5137 3155 5191 in
3196 5147 3288 5187 ore
3317 5136 3496 5200 porta-

1910 5247 2027 5268 mlta
2083 5230 2354 5268 Qm-intnm
2383 5235 2460 5268 pet
2493 5233 2643 5268 anim
2671 5246 2684 5258 -
2718 5246 2735 5268 ι
2765 5226 2841 5268 Da
2863 5241 2962 5268 nn-
2990 5222 3272 5268 m-ndnnlis
3311 5229 3499 5268 nroce.
