3964 5310
1348 128 1552 189 LIBER
1587 131 1969 207 SECUNDUS,
1999 138 2213 198 EPIST.
2242 144 2356 202 XI].

147 407 246 459 sed
280 410 405 477 quia
433 410 639 467 nullam
681 412 784 470 fert
806 416 1009 475 laboris
1033 420 1312 495 injuriam,
1341 426 1483 484 inter
1507 407 1749 503 quisqui;

152 497 355 553 liarum
385 502 616 570 stipulas
649 506 957 579 deputatur.

108 592 125 673 Ξ
214 587 399 646 Porro
452 603 636 653 autem
698 600 825 670 quia
882 605 1055 660 sancti
1113 617 1411 666 conventus
1454 621 1633 668 rector
1687 629 1747 673 es

105 662 504 769 lconstitutus,
553 689 663 748 noli
713 689 1057 753 dissimulare
1098 698 1342 771 culpam;
1373 704 1465 758 sed
1510 721 1656 771 mox,
1690 715 1749 762 ut

106 806 109 807 ν
148 779 460 846 emerserit,
507 780 704 839 adhibe
735 786 1095 858 disciplinam,
1147 802 1205 847 ut
1258 809 1377 848 cum
1422 794 1656 853 Phinees
1693 807 1745 855 te

152 867 301 924 zelus
346 871 415 925 ad
450 874 641 930 aiterni
692 878 986 934 sacerdotii
1025 882 1149 952 jura
1190 897 1505 954 promoveat
1532 894 1548 957 (
1575 889 1742 947 Num.

150 959 303 1031 xxv),
330 978 442 1018 non
483 979 606 1021 cum
654 968 770 1024 Heli
819 971 919 1027 sub
949 983 1163 1044 torpore
1192 977 1409 1033 desidiae
1437 980 1744 1050 ignobiliter

150 1049 474 1106 oscitantem
539 1054 672 1111 ultio
735 1062 1012 1129 repentina
1075 1065 1333 1134 percellat
1379 1067 1433 1138 (Ι
1465 1049 1594 1141 Reg.
1641 1071 1741 1143 tv).

151 1138 305 1196 Unde
330 1158 428 1211 per
476 1143 822 1219 Salomonem
867 1154 1092 1209 dicitur:
1136 1175 1153 1207 ι
1191 1157 1306 1213 Noli
1354 1138 1674 1219 subtrahere
1699 1138 1743 1220 Ia

150 1249 316 1303 puero
357 1236 719 1310 disciplinam.
769 1243 827 1299 Si
860 1247 1002 1301 enim
1045 1253 1376 1318 percusseris
1417 1268 1537 1309 eum
1564 1256 1739 1328 virga,

152 1341 255 1381 non
284 1330 569 1387 morietur.
618 1331 695 1388 Tu
728 1336 877 1409 virga
927 1343 1168 1409 percutis
1220 1359 1365 1409 eum,
1413 1355 1468 1402 et
1502 1349 1739 1405 animam

151 1417 262 1485 ejus
309 1419 377 1476 de
417 1422 635 1480 inferno
660 1426 920 1485 liberabis
968 1430 1167 1502 (Prov.
1212 1438 1355 1508 xm).
1393 1457 1412 1491 ι
1454 1440 1739 1499 Verumta-

151 1524 268 1563 men
296 1525 430 1566 cave
458 1530 527 1569 ne
560 1517 759 1573 nimius
786 1520 1083 1592 disciplinae
1128 1528 1272 1599 rigor
1299 1528 1558 1585 duritiam
1604 1547 1734 1589 con-

1850 439 2152 509 captivatus
2181 454 2263 499 est
2304 448 2525 517 propius
2558 454 2816 507 accedere
2863 468 2966 508 non
2993 464 3301 527 praesumat.
3336 455 3428 511 Sic

1847 524 2020 586 effetis
2077 534 2334 592 continuo
2370 537 2575 594 viribus
2623 550 2860 608 corruat,
2904 552 2959 598 et
2996 524 3055 598 in
3100 546 3288 600 scrobe
3315 562 3427 602 suae

1848 621 2066 679 malitia:
2096 636 2355 695 quantum
2381 630 2447 685 ad
2474 640 2527 686 te
2552 644 2812 707 perpetuo
2834 637 3079 692 conditus
3125 638 3425 703 delitescat,

1849 712 1953 770 Sed
1981 715 2092 784 jam
2125 718 2331 776 calamo
2361 721 2629 781 silentium
2681 726 2905 796 impero,
2937 729 3061 796 quia
3100 729 3211 798 ips'e
3247 746 3330 784 me
3370 731 3423 784 in

1847 804 2005 875 hujus
2036 813 2468 881 prmsumptionis
2511 817 2737 873 audacia
2792 822 3146 889 reprehendo,
3180 831 3231 876 et
3269 823 3425 891 quasi

1846 898 2011 955 misso
2043 900 2093 955 in
2122 917 2355 959 messem
2395 904 2517 976 igne
2544 910 2789 976 protinus
2830 909 2993 979 fugio,
3021 927 3087 965 ne
3118 912 3419 981 deprehen-

1845 987 1944 1045 dar
1971 989 2153 1045 uberis
2192 992 2305 1063 agri
2351 1003 2644 1063 proventus
2673 1013 2922 1064 exurere,
2954 1000 3043 1069 qui
3085 1000 3268 1069 spinas
3301 1009 3422 1055 tan-

1847 1088 1960 1134 tum
1986 1090 2039 1136 et
2064 1083 2283 1138 arbusta
2313 1084 2603 1141 debueram
2638 1088 2909 1145 silvestria
2939 1088 3291 1161 conﬂagrare.

2381 1194 2717 1255 EPISTOLA
2759 1198 2871 1254 ΧΠ.

1924 1295 1994 1337 ΑΒ
2032 1296 2250 1338 ιυιωει
2303 1297 2626 1344 »ιδωειιιωι
2682 1304 2961 1356 ΔΒΒΑΤΕΙ,
3008 1306 3077 1348 ΕΤ
3138 1310 3327 1352 CAEDI-

2534 1374 2730 1415 ΚΑΙ-ΕΙ.

1838 1461 2236 1550 Διιᾳιιιμειιτυιι.
2266 1468 2489 1550 τ-τιηεεα
2525 1472 2772 1550 epistola,
2805 1484 2864 1529 ut
2908 1477 3085 1550 prior,
3124 1486 3229 1533 tota
3256 1494 3428 1550 paras-

1909 1535 2087 1616 netica
2117 1544 2219 1591 est.
2252 1535 2588 1616 adhortatur
2623 1535 2768 1616 enim
2791 1535 3037 1601 eum-dem
3062 1535 3422 1616 Desidel‘ium,

151 1600 328 1655 trahat
370 1613 425 1658 et
466 1604 857 1667 immoderatus
880 1613 978 1669 zeli
1006 1616 1189 1673 fervor
1210 1628 1452 1677 vertatur
1487 1622 1541 1677 in
1578 1624 1725 1692 iram,

1912 1612 1972 1657 ut
1997 1608 2307 1689 monasterii
2328 1610 2427 1692 sibi
2452 1615 2724 1692 commissi
2750 1630 2933 1692 curam
2961 1600 3420 1692 indcrcééc'cciati

150 1707 211 1745 tie
262 1694 547 1762 videlicet,
601 1700 726 1755 dum
788 1705 957 1774 culpae
1006 1710 1197 1783 rubigo
1257 1713 1583 1784 detergitur,
1642 1732 1739 1772 vas

147 1792 390 1841 tenerum
428 1788 825 1863 confringatur.
857 1796 1009 1853 Unde
1036 1808 1091 1854 et
1124 1799 1378 1858 Salomon
1406 1804 1520 1858 ait:
1571 1824 1588 1856 ι
1617 1805 1735 1863 Noli

150 1887 261 1929 esse
306 1876 517 1935 amicus
558 1881 761 1938 homini
811 1884 1093 1955 iracundo,
1121 1907 1299 1961 neque
1338 1895 1581 1952 ambules
1611 1913 1734 1953 cum

151 1968 257 2023 viro
285 1967 516 2036 furioso.
544 1989 610 2029 ne
646 1974 784 2033 forte
812 1977 992 2035 discas
1026 1984 1249 2040 semitas
1279 1985 1429 2055 ejus,
1461 1996 1517 2042 et
1547 2004 1736 2047 sumas

148 2061 452 2117 scandalum
478 2065 674 2127 animae
705 2077 807 2124 tuae
838 2069 1021 2138 (Prov.
1052 2075 1247 2146 ιιιι).›
1273 2078 1477 2134 Aliter:
1502 2100 1518 2132 t
1544 2080 1733 2139 Melius

151 2159 223 2203 est
273 2151 523 2210 habitare
574 2156 627 2217 in
661 2168 803 2215 terra
850 2161 1086 2233 deserta,
1130 2182 1289 2237 quam
1328 2185 1452 2225 cum
1504 2174 1732 2233 muliere

148 2243 313 2299 rixosa
337 2254 394 2301 et
425 2248 682 2316 iracunda
711 2250 891 2320 (Prov.
920 2257 1054 2328 ut).
1085 2277 1103 2310 ι
1140 2259 1245 2331 75
1272 2260 1523 2319 Nonnulli
1550 2266 1729 2336 plane,

149 2347 256 2387 cum
306 2351 407 2406 per
438 2338 792 2409 impatientia:
815 2343 1057 2403 fomitem
1104 2364 1132 2406 a
1181 2347 1413 2409 fratrum
1464 2356 1731 2414 charitate

150 2423 413 2518 resiliunt,
462 2430 565 2487 hoc
616 2434 758 2501 quod
806 2434 1005 2500 Paulus
1051 2449 1108 2497 et
1164 2441 1448 2503 Barnabas
1500 2456 1730 2518 propter

150 2517 373 2577 Marcum
418 2526 738 2599 discipulum
786 2531 856 2586 ab
898 2534 1131 2592 invicem
1165 2517 1529 2598 discesserunt
1576 2542 1725 2612 (Act.

148 2612 258 2681 ιν),
292 2613 348 2669 in
386 2614 715 2676 defensionis
738 2636 850 2678 suae
888 2625 1265 2684 testimonium
1292 2638 1530 2687 vertunt.
1563 2632 1720 2702 Quod

147 2701 317 2771 utique
365 2714 575 2765 constat
618 2725 725 2767 non
779 2712 1063 2773 discordiae
1096 2718 1252 2785 vitio,
1292 2721 1388 2775 sed
1426 2701 1727 2780 divinatdi-

150 2795 493 2858 spensationis
519 2796 722 2856 factum
766 2818 885 2862 esse
909 2806 1135 2875 judicio,
1166 2818 1225 2865 ut
1253 2810 1510 2867 nimirum
1547 2816 1723 2871 sancti

150 2884 358 2951 apostoli
398 2898 657 2959 tanquam
706 2909 877 2965 grana
912 2898 1078 2955 tritici
1108 2916 1175 2957 eo
1225 2905 1541 2975 spargenda:
1596 2904 1722 2962 ﬁdei

1913 1677 2309 1767 agsentationes
2358 1679 2646 1767 fugiatxtle
2672 1699 2729 1739 se
2750 1684 2958 1767 abjecote
2988 1689 3202 1767 sentiat,
3237 1677 3427 1744 [nona-'-

1908 1745 2062 1826 chos,
2089 1761 2305 1826 eosque
2352 1745 2683 1826 praesertim,
2732 1745 2832 1824 qui
2867 1745 3224 1826 simpliciores
3273 1770 3421 1825 sunt,

1908 1817 1973 1899 ad
2001 1817 2143 1899 viam
2182 1817 2531 1899 perfectionis
2560 1817 2775 1899 dirigat,
2813 1836 2874 1899 _et
2918 1817 3149 1897 denique
3185 1817 3421 1899 seipsum

1907 1885 1972 1939 ad
2006 1885 2481 1957 contemplationis
2510 1885 2724 1950 culmen
2748 1885 2946 1967 erigat.

1909 1976 2018 2047 76
2042 1976 2249 2034 Domno
2282 1981 2575 2037 Dssmsalo
2620 1986 2911 2042 venerabili
2955 1988 3170 2054 abbati,
3202 1986 3419 2044 Parens

1834 2075 2092 2134 peccator
2116 2070 2413 2127 monachus
2440 2073 2775 2130 servitutem.

1904 2152 2057 2212 Licet
2104 2157 2245 2229 ignis
2300 2159 2686 2231 circumposita
2746 2179 2972 2236 quaeque
3021 2168 3303 2238 corripiat,
3360 2184 3417 2222 se

1832 2251 2013 2302 tamen
2043 2263 2205 2321 super
2255 2265 2315 2307 se
2344 2253 2666 2308 naturaliter
2703 2256 2861 2328 erigit
2903 2271 2964 2311 ac
2988 2272 3199 2329 semper
3244 2258 3294 2312 in
3331 2274 3420 2313 su-

1832 2338 2045 2407 periora
2095 2343 2393 2411 contendit,
2448 2353 2503 2399 et
2550 2344 2825 2402 fraternus
2864 2364 3036 2413 amor,
3073 2349 3241 2420 quiin
3285 2351 3421 2406 meis

1831 2430 1977 2484 circa
2031 2439 2083 2487 te
2112 2432 2412 2490 visceribus
2458 2443 2669 2503 aestuat,
2705 2453 3045 2511 nequaquam
3076 2449 3126 2495 te
3147 2440 3261 2497 solo
3291 2458 3421 2497 con-

1832 2525 2013 2574 tentus
2038 2520 2091 2573 in
2138 2528 2191 2576 te
2219 2523 2503 2580 constituit
2546 2524 2728 2590 finem,
2774 2528 2867 2582 sed
2907 2543 3003 2598 per
3030 2536 3079 2584 te
3120 2546 3336 2600 quoque
3362 2531 3419 2586 in

1829 2624 2174 2666 communem
2225 2613 2548 2670 transfertur
2586 2614 2897 2673 Auctorem.
2928 2617 3023 2674 Est
3068 2620 3211 2674 enim
3264 2636 3419 2676 amor

1827 2698 2055 2769 inutilis,
2084 2703 2269 2760 aridus
2291 2714 2348 2761 et
2392 2681 2652 2774 inslilsus,
2684 2709 2773 2780 qui
2796 2710 2875 2785 sic
2905 2725 2965 2765 se
3009 2720 3241 2781 occupat
3268 2710 3416 2767 circa

1825 2793 2155 2863 proximum,
2183 2806 2244 2851 ut
2291 2810 2396 2851 non
2437 2799 2602 2853 etiam
2650 2801 2958 2872 porrigatur
3018 2801 3069 2855 in
3123 2801 3315 2856 Deum.
3347 2800 3417 2858 Et

1826 2902 2135 2958 quanquam
2165 2890 2477 2963 principalis
2531 2895 2603 2949 sit
2654 2910 2807 2951 amor
2853 2895 2970 2962 Dei,
3025 2912 3124 2967 per
3172 2912 3414 2953 amorem

153 2977 441 3036 uberiorem
494 2997 728 3041 mm
757 2989 1064 3058 redderem,
1110 3010 1218 3063 quo
1255 2966 1450 3064 'pmgul
1503 3013 1601 3054 eos
1652 2998 1721 3055 ab
1749 2966 1797 3031 C
1830 2984 2010 3033 tamen
2054 2981 2313 3047 proximi,
2343 2996 2502 3050 quem
2547 2985 2930 3054 conspicimus,
2968 2966 3312 3056 pervenimus
3344 2987 3414 3042 ad

150 3065 361 3125 invicem
431 3072 787 3135 dissensionis
858 3096 989 3137 aura
1056 3085 1330 3152 perﬂaret.
1394 3088 1722 3148 Absentibua

150 3172 409 3248 nunquam
461 3162 741 3236 detrahas,
782 3170 877 3225 sed
907 3187 1006 3231 eos
1053 3173 1108 3229 in
1156 3175 1373 3244 faciem,
1423 3190 1585 3248 prout
1634 3197 1722 3239 res

147 3246 448 3339 dictaverit,
475 3267 850 3328 competenter
892 3250 1139 3336 olijnrga.
1175 3265 1308 3323 Hinc
1335 3246 1440 3324 est
1471 3270 1615 3339 quod
1666 3271 1719 3327 in

149 3333 442 3428 Proverbiis
489 3345 729 3418 legitur:
782 3369 799 3403 ι
826 3333 1075 3410 Remove
1109 3370 1143 3410 a
1193 3365 1245 3410 te
1272 3372 1335 3413 os
1373 3333 1620 3428 pravum,
1665 3369 1723 3417 et

155 3426 481 3521 detrahentis
511 3435 653 3491 labia
674 3439 784 3495 sint
824 3443 1071 3511 procula
1108 3453 1162 3503 te
1182 3426 1531 3521 (Pramus
1562 3451 1627 3505 Et
1663 3452 1716 3507 in

148 3515 459 3611 Ecclesiaste
479 3524 680 3596 (Ecca.
709 3531 767 3600 ι)
800 3549 811 3584 :
843 3551 862 3584 ι
885 3531 944 3587 Si
975 3534 1240 3606 mordeat,
1275 3515 1470 3607 inquit,
1496 3555 1719 3611 serpens

150 3605 195 3698 in
215 3608 443 3679 silentio,
470 3614 609 3672 nihil
652 3633 717 3697 eo
758 3621 933 3677 minus
964 3605 1148 3692 habet,
1181 3627 1271 3698 qui
1300 3605 1512 3686 occulte
1539 3605 1717 3687 detra-

147 3696 233 3757 hit.
268 3721 287 3755 ι
319 3704 415 3761 Vir
444 3708 611 3763 etiam
642 3696 858 3781 sapiens
905 3715 1018 3771 ait:
1068 3735 1087 3769 t
1119 3696 1355 3773 Susurro
1383 3731 1437 3775 et
1464 3718 1718 3792 bilinguis

150 3791 453 3854 maledictns
476 3807 587 3865 est,
617 3802 817 3859 multos
861 3806 1208 3864 conturbavit
1237 3825 1427 3879 pacem
1450 3791 1716 3871 habentes
1740 3884 1741 3887 η

149 3879 312 3948 (Eccli.
348 3890 583 3962 xxvm);
614 3911 635 3945 t
675 3893 912 3951 audienti
956 3912 1087 3953 vero
1139 3898 1301 3955 dicit:
1335 3920 1353 3953 ι
1380 3900 1506 3972 Sepi
1555 3920 1716 3961 aures

149 3980 251 4032 tuas
266 3982 465 4051 Spinis,
490 3994 547 4038 et
584 3985 692 4041 noli
739 3989 927 4046 audire
955 3989 1195 4063 linguam
1233 4009 1507 4067 nequam:
1541 4004 1592 4051 et
1628 3996 1714 4053 ori

148 4073 226 4122 tuo
244 4069 403 4129 facito
425 4076 594 4142 ostia,
614 4086 668 4133 et
690 4094 840 4136 seras
870 4085 1092 4147 auribus
1114 4086 1481 4159 ejus(lbid.).t
1504 4090 1714 4147 Adver-

151 4170 224 4218 SllS
250 4161 492 4234 linguam
536 4183 774 4239 nequam
836 4188 997 4230 aures
1041 4186 1260 4233 nostras
1296 4179 1483 4248 spinis
1537 4180 1714 4251 sepire

149 4252 491 4338 praecipimur,
514 4264 577 4310 ut
606 4258 953 4318 detrahentes
973 4279 1214 4334 quosque
1233 4267 1467 4336 spinosas
1491 4282 1715 4338 respuo».

150 4336 291 4397 tionis
320 4344 515 4401 aculeo
528 4349 901 4409 retundamus.

207 4431 328 4487 Ama
370 4434 663 4507 jejunium,
714 4451 773 4496 ut
811 4443 937 4500 dum
977 4442 1154 4503 inedia
1197 4462 1395 4520 corpus
1435 4449 1707 4516 atteritur.

150 4525 303 4580 anima
354 4531 600 4589 etelestis
654 4538 847 4606 gratiae
898 4540 1222 4611 pinguedine
1280 4543 1576 4613 saginetur.
1644 4544 1711 4602 Et

150 4626 346 4687 serpens
392 4622 516 4689 ille,
566 4629 658 4697 qui
710 4631 1081 4689 oomedeutem
1124 4634 1398 4690 hominem
1439 4634 1548 4691 cibi
1602 4636 1708 4695 telo

150 4713 493 4769 prostraverat
520 4712 679 4785 (Gen.
711 4720 854 4789 vui),
890 4719 1155 4791 jejunanti
1194 4739 1338 4779 nunc
1373 4738 1470 4794 per
1496 4726 1706 4784 sobrie-

154 4795 259 4886 tatis
301 4815 453 4857 arma
495 4808 834 4864 succumbat.
890 4809 1128 4881 Serpens
1167 4814 1335 4877 enim,
1362 4815 1500 4870 sicut
1524 4817 1708 4886 perhi-

152 4877 257 4939 bent
278 4890 368 4959 qui
404 4896 712 4952 scrutandis
738 4914 921 4957 rerum
942 4877 1153 4955 naturis
1182 4901 1453 4959 subtiliter
1479 4877 1703 4971 ill-sudar

154 4985 255 5033 Tum
302 4978 473 5049 (Pun.
534 4983 572 5040 Ι.
617 5002 809 5057 xxviii,
862 5005 977 5060 up.
1034 4991 1113 5060 ι),
1156 4993 1203 5046 si
1250 4992 1425 5064 jejuni
1472 4995 1706 5063 hominis

154 5077 340 5159 sputum
379 5086 575 5145 gustet,
614 5082 862 5148 protinus
901 5085 1146 5141 moritur.
1195 5088 1331 5149 Cum
1386 5104 1514 5159 ergo
1558 5101 1707 5157 tanta

154 5157 407 5231 titjejunii
431 5170 620 5227 ’virtus
656 5174 708 5227 in
749 5176 890 5229 hanc
919 5177 1169 5241 bestiam.
1210 5196 1331 5249 quae
1354 5157 1708 5250 corporaliter

155 5254 291 5310 ιωὶι.
318 5272 520 5310 auantn
542 5266 915 5310 Yﬁhemnnlinr
945 5269 997 5310 in
1031 5268 1177 5310 illum
1200 5273 1489 5310 ,Ιναριιηρπι
1520 5274 1703 5310 uiam

1827 3078 2069 3122 amorem
2101 3066 2221 3134 Dei,
2252 3083 2411 3139 quem
2442 3086 2547 3125 non
2576 3072 2821 3127 videmus
2854 3071 2904 3141 (1
2934 3070 3095 3127 Joan.
3125 3074 3231 3144 ιν).
3272 3073 3418 3130 Inte-

1825 3155 1930 3211 rim
1962 3156 2144 3228 itaque
2171 3158 2298 3214 dum
2331 3169 2383 3214 te
2409 3162 2655 3219 cominus
2683 3164 2904 3219 attendo
2934 3180 3094 3235 quem
3123 3165 3306 3236 diligo,
3341 3167 3411 3221 ad

1825 3246 1975 3306 illum
2019 3265 2234 3323 semper
2286 3253 2473 3310 oculos
2514 3256 2632 3311 levo
2695 3257 2761 3312 ad
2828 3273 2988 3330 quem
3029 3267 3206 3315 tecum
3251 3258 3415 3315 simul

1825 3343 2093 3413 attingere
2148 3347 2495 3417 concupisco.
2566 3348 2805 3406 Consere
2860 3350 3023 3422 igitur
3083 3361 3138 3406 et
3199 3352 3412 3406 innecte

1822 3444 2035 3496 manus,
2061 3441 2245 3504 atque,
2274 3445 2331 3489 ut
2354 3435 2589 3491 laborem
2611 3437 2924 3493 alleviemus
2950 3440 3181 3505 itineris,
3211 3424 3411 3493 mutuis

1822 3536 1923 3578 nos
1960 3523 2432 3581 adhortationibus
2463 3527 2768 3583 incitemus.
2800 3526 2879 3582 Tu
2914 3540 3115 3594 autem,
3141 3529 3268 3600 quia
3316 3544 3404 3583 re-

1822 3613 1981 3683 gendi
2020 3616 2454 3684 praestantissimi
2510 3618 2822 3674 monasterii
2860 3620 3088 3675 nexibus
3127 3618 3405 3688 obligaris,

1821 3718 1952 3760 cave
1982 3722 2049 3760 ne
2081 3706 2133 3759 in
2186 3704 2345 3775 hujus
2375 3708 2475 3764 viai
2523 3707 2820 3773 laboribus,
2853 3709 2936 3765 vel
2969 3708 3326 3779 pusillanimis
3354 3718 3407 3765 te

1820 3794 2084 3852 lassitudo
2115 3797 2373 3865 retardet,
2414 3797 2499 3852 vel
2529 3800 2925 3854 assentantium
2963 3797 3240 3854 delenifica
3283 3814 3401 3852 ver-

1819 3889 1888 3943 ba
1925 3889 2091 3945 robur
2133 3890 2296 3946 animi
2329 3890 2469 3947 male
2522 3892 2916 3948 consentientis
2967 3900 3245 3947 enervent.
3274 3890 3408 3946 Illud

1820 3982 2003 4051 itaque
2053 3984 2118 4039 ad
2177 3985 2491 4039 memoriam
2532 3998 2749 4048 revoco,
2807 3984 2952 4053 quod
2983 3980 3049 4039 de
3073 3982 3243 4039 Tobia
3288 3983 3406 4038 viro

1813 4074 1961 4144 justo
1999 4071 2283 4145 Scriptura
2327 4084 2595 4132 testatur:
2660 4093 2678 4127 ι
2707 4073 2965 4146 Contigit,
3018 4075 3294 4145 inquiens,
3349 4083 3407 4129 nt

1819 4165 2051 4233 quadam
2085 4164 2171 4219 die
2220 4163 2477 4237 fatigatus
2505 4182 2535 4220 a
2566 4166 2867 4236 sepultura,
2913 4165 3138 4221 veniens
3162 4164 3402 4229 domum,

1813 4255 2079 4326 jactasset
2125 4270 2184 4312 se
2220 4256 2375 4327 juxta
2408 4257 2671 4329 parietem
2714 4268 2768 4313 et
2814 4256 3210 4322 obdormisset,
3241 4265 3402 4326 atque

1738 4329 1795 4391 D
1819 4363 1885 4402 ex
1921 4349 2048 4404 nido
2074 4349 2425 4404 hirundinum
2466 4349 2755 4405 dormienti
2794 4348 2870 4403 illi
2920 4347 3113 4404 callida
3163 4357 3402 4404 stercora

1818 4438 2131 4495 insisterent
2191 4453 2354 4509 super
2425 4440 2615 4497 oculos
2678 4439 2831 4508 eius,
2889 4439 3152 4509 ﬁeretque
3224 4452 3401 4491 circus

1818 4532 1971 4604 (Tob.
2000 4534 2100 4603 lx).
2136 4553 2156 4591 ›
2188 4520 2472 4607 Fatigatus
2503 4550 2531 4587 a
2565 4534 2864 4605 sepultura,
2898 4534 3032 4592 dum
3061 4548 3118 4593 se
3144 4528 3405 4585 velell‘ra-

1816 4606 1921 4686 ctis
1940 4625 2145 4681 viribus
2168 4624 2405 4695 projicit,
2430 4624 2615 4681 lumen
2663 4624 2882 4680 amittit.
2933 4623 3173 4683 illaesum
3215 4620 3410 4688 quippe

1817 4720 1998 4787 cordis
2042 4719 2255 4775 oculum
2302 4727 2506 4783 servat,
2558 4717 2806 4792 quisquis
2836 4717 2890 4771 in
2952 4716 3129 4782 bonis
3175 4708 3419 4801 operibus

1816 4808 2171 4885 infatigabilis
2228 4821 2577 4879 perseverat,
2631 4823 2753 4865 cum
2796 4822 2929 4861 vero
3012 4799 3428 4894 pusillaniiiiitcr

1816 4880 2102 4975 {tangi-tur,
2137 4919 2242 4961 non
2292 4902 2565 4959 immerito
2611 4902 2731 4957 luce
2775 4880 3095 4967 privatu},
3141 4888 3280 4985 “inc
3303 4884 3442 4985 enim

1818 4996 2083 5066 δαίνιιηη
2132 5006 2246 5052 eSt:
2284 5014 2302 5046 ι
2337 4994 2428 5049 Va:
2471 4995 2539 5052 iis
2577 4995 2669 5066 qui
2709 4989 3133 5064 perdiderunt

1818 5086 1981 5147 tiam!
2007 5087 2198 5161 (Eccli.
2220 5084 2361 5155 iiut.)
2384 5106 2401 5139 ι
2428 5087 2570 5144 Hinc
2595 5085 2791 5141 Paulus
2812 5081 2887 5135 ait
2912 5100 2932 5137 ε
2996 5116 3034 5151 π
3070 5069 3319 5148 Vigilate,
3337 5066 3466 5161 stato

1816 5180 1871 5245 in
1902 5150 2031 5249 ﬁde,
2062 5181 2291 5239 viriliter
2315 5150 2459 5246 agite
2483 5180 2539 5251 (ι
2572 5180 2691 5235 Cor.
2726 5174 2860 5243 ινι).
2901 5193 2929 5227 .
2998 5168 3189 5257 Quid
3216 5150 3471 5257 verolevi:

1816 5242 1901 5310 Imp
1928 5240 2219 5310 vnlisonloc
2249 5240 2566 5310 hirlinrlirinc
2635 5267 2736 5310 nici
2782 5265 2942 5310 leves
3018 5240 3392 5310 Ἷιὶιιὶθθίὶυω
3431 5240 3484 5290 e‘
