3964 5310
504 180 611 239 279

1038 182 1097 236 S.
1135 179 1342 236 PETRI
1382 175 1661 234 DAMIANI
1698 174 1849 233 OPP.
1885 173 2067 231 PARS
2102 138 2247 233 SEUV
2275 172 2509 234 TOMUS
2536 173 2579 232 ῐ.
2733 172 2948 231 EPIST.
2989 172 3118 230 LIB.
3155 171 3289 232 VIII.

3655 163 3765 222 280

506 300 713 359 oculos,
743 308 811 351 ne
838 293 994 351 solita
1022 293 1140 350 luce
1166 298 1533 365 perfruantur,
1570 302 1874 348 exczecant:
1905 310 1923 343 ι
1943 293 2081 345 Cor-
2106 297 2156 354 Α
2183 290 2337 348 duxit
2363 294 2430 348 ad
2459 293 2714 356 medium,
2740 291 2843 346 nisi
2864 299 2924 345 ut
2948 300 3001 344 tu
3026 289 3292 361 intelligas
3321 290 3469 359 quia,
3496 288 3769 358 quantum

509 389 670 459 ripiet
701 402 787 442 me
832 387 1028 457 justus,
1055 387 1250 457 inquit,
1293 387 1345 441 in
1375 385 1768 451 misericordia,
1820 394 1875 439 et
1905 384 2078 439 incre-

508 483 656 550 pabit
686 496 802 546 me;
841 480 1017 537 oleum
1072 489 1249 535 autem
1288 480 1589 551 peccatoris
1628 494 1736 534 non
1785 476 2083 548 impinguet

509 581 666 642 caput
695 587 874 628 meum
925 568 1097 643 (Psal.
1146 572 1390 639 csum).
1426 591 1446 624 ι
1479 571 1546 626 Et
1573 578 1826 640 tanquam
1874 576 2084 623 stercus
2118 552 2123 565 ’

515 661 691 715 cculis
721 660 993 732 ingerunt,
1031 662 1155 715 dum
1182 661 1537 716 lenocinantis
1566 659 1762 728 eloquii
1792 656 2087 727 quemlibet

516 748 714 803 blanda
776 750 1105 805 verbositate
1152 759 1482 819 perungunt.
1534 749 1582 803 Α
1638 748 1833 819 quibus
1880 745 2087 802 scilicet

508 837 625 891 hare
653 850 794 905 saepe
821 838 1115 893 dicuntur:
1154 856 1174 889 ι
1206 837 1337 893 Vive
1366 839 1493 892 dum
1535 835 1694 900 vivis,
1732 848 1915 890 recrea
1964 844 2086 888 cor-

506 928 610 997 pus
638 927 865 992 eduliis;
895 944 965 984 ne
992 930 1036 986 si
1067 943 1126 984 se
1153 929 1452 987 districtius
1476 937 1695 991 atterat,
1726 935 1804 983 tot
1830 939 2087 995 oppressa

511 1017 787 1075 laboribus
820 1033 950 1074 caro
991 1017 1198 1090 fragilis
1227 1033 1349 1076 mox
1389 1018 1727 1073 succumbat.
1760 1032 1779 1067 ι
1844 1015 2086 1070 Persona

510 1116 601 1162 tua
626 1109 1065 1165 clementioribus
1089 1110 1371 1165 excolatur
1390 1107 1654 1172 induviis,
1684 1115 1742 1161 ut
1771 1107 1888 1178 ejus
1926 1120 2087 1179 quam

513 1207 667 1255 tenes
697 1209 941 1256 servetur
966 1201 1182 1272 genium
1222 1201 1517 1271 dignitatis.
1552 1199 1964 1269 Agglomeretur
2006 1196 2091 1251 la-

2182 382 2346 437 distat
2382 382 2523 438 inter
2559 381 2743 437 oculos
2776 390 2832 435 et
2864 379 3103 452 capillos,
3145 389 3353 436 tantum
3392 378 3505 436 fere
3541 379 3595 434 in
3625 386 3769 434 con-

2185 470 2544 542 templationis
2570 470 2748 526 studio
2777 469 2922 525 inter
2947 468 3195 540 praelatos
3219 467 3423 524 distare
3461 467 3677 533 debeat,
3707 469 3770 522 et

2183 560 2486 632 subjectos?
2530 570 2796 633 quatenus
2840 568 2897 615 tu
2947 574 3154 626 eorum,
3202 559 3295 629 qui
3344 559 3439 615 tibi
3485 558 3765 615 commissi

2184 661 2329 718 sunt,
2359 652 2568 719 oculus,
2603 660 2657 707 tu
2684 650 3055 723 spiritualibus
3082 649 3272 706 studiis
3302 649 3380 707 sis
3409 649 3672 716 intentus,
3709 657 3767 705 et

2185 743 2370 798 videas
2406 756 2513 798 non
2552 743 2712 798 modo
2740 742 2855 804 tibi,
2895 741 2990 798 sed
3026 749 3081 796 et
3120 738 3243 797 sibi.
3282 738 3419 797 Hinc
3452 739 3770 811 frequenter

2185 837 2427 892 exoritur
2464 836 2745 892 inundatio
2768 834 3018 902 ﬂetuum,
3049 833 3281 889 salubris
3308 832 3655 903 compunctio
3682 831 3767 885 la-

2187 941 2519 999 crymarum.
2550 924 2689 980 Hinc
2713 933 2797 980 est
2834 925 2978 995 quod
3009 923 3063 978 in
3092 921 3291 978 Genesi
3329 920 3569 993 legitur:
3605 938 3627 973 ι
3664 919 3771 976 Iste

2187 1029 2272 1075 est
2294 1058 2309 1084 ,
2360 1017 2575 1087 inquit,
2625 1014 2739 1071 Ona
2759 1055 2775 1081 ,
2807 1015 2899 1086 qui
2924 1013 3131 1070 invenit
3154 1027 3323 1084 aquas
3366 1012 3572 1068 calidas
3594 1012 3652 1066 in
3676 1025 3772 1067 so-
3802 1074 3814 1087 ,

2190 1106 2450 1173 liludiue,
2504 1107 2630 1161 dum
2676 1114 2924 1177 pasceret
2970 1104 3152 1161 asinos
3197 1102 3409 1160 Sebeon
3463 1103 3638 1174 patris
3685 1101 3774 1161 sui

2193 1195 2345 1271 (Gen.
2376 1199 2585 1265 xxxvn).
2618 1218 2636 1251 ι
2668 1196 2782 1252 Hoc
2818 1196 2978 1267 plane
3003 1206 3262 1266 quantum
3301 1197 3368 1252 ad
3397 1194 3637 1252 litteram
3677 1209 3776 1249 va-

513 1291 721 1346 teribus
764 1291 868 1346 tuis
920 1290 973 1346 in
1028 1292 1251 1346 modum
1303 1291 1458 1345 cunei
1514 1290 1668 1344 turba
1696 1288 2001 1352 clientium,
2032 1293 2095 1341 ut
2192 1303 2321 1343 num
2347 1289 2558 1343 videtur
2579 1299 2636 1344 et
2657 1287 2925 1344 frivolum.
2953 1286 3090 1355 Quid
3117 1288 3261 1343 enim
3287 1287 3355 1347 ad
3384 1302 3599 1344 sacram
3626 1285 3777 1343 Scri-

511 1386 638 1440 dum
683 1392 734 1438 te
768 1383 1191 1438 commeantium
1248 1382 1533 1437 multitudo
1580 1382 1929 1444 condecorat,
1974 1387 2083 1432 tam
2192 1387 2406 1450 pturam
2453 1380 2716 1449 pertinet,
2754 1386 2816 1433 ut
2859 1378 3059 1433 referat
3107 1378 3234 1449 quia
3271 1388 3455 1435 custos
3496 1378 3777 1435 asinorum

514 1472 759 1528 sublimis
782 1472 957 1527 honor
981 1471 1141 1528 cilicii
1165 1487 1269 1527 non
1309 1470 1549 1528 vilescat.
1583 1467 1689 1524 Sed
1717 1470 1762 1524 si
1796 1469 1950 1523 nobis
1977 1468 2095 1523 hanc
2195 1486 2365 1539 aquas
2393 1470 2595 1540 reperit
2635 1469 2688 1525 in
2735 1470 2986 1525 deserto?
3020 1468 3129 1525 Sed
3173 1470 3262 1525 ubi
3301 1471 3356 1525 in
3393 1469 3592 1525 litteris
3625 1470 3777 1526 nulla

516 1563 795 1618 diabolica:
846 1562 1202 1632 malignitatis
1250 1563 1554 1617 amaritudo
1583 1561 1873 1631 detegitur,
1917 1568 2096 1614 tenta-
2195 1562 2408 1617 videtur
2449 1561 2675 1627 utilitas,
2728 1562 2797 1617 ad
2842 1562 3179 1632 spiritualem
3221 1561 3631 1635 intelligentiam
3681 1578 3779 1620 ne-

513 1653 676 1709 tionis
717 1654 939 1723 ingesta:
966 1654 1225 1723 caligines
1267 1645 1510 1707 funditus
1558 1658 1903 1707 evanescunt.
1936 1649 2092 1704 Unde
2122 1637 2172 1697 Β
2199 1665 2350 1707 cesso
2378 1658 2461 1706 est
2482 1666 2635 1706 mens
2658 1661 2918 1706 recurrat.
2950 1650 3090 1719 Quid
3115 1658 3199 1706 est
3228 1651 3371 1708 enim
3399 1666 3496 1721 per
3519 1651 3777 1723 figuram,

512 1752 566 1796 ct
619 1742 726 1797 illic
772 1743 1000 1798 dicitur:
1067 1760 1086 1792 ι
1123 1740 1274 1795 Tunc
1318 1732 1539 1796 sumens
1588 1739 1785 1794 Tobias
1847 1738 1913 1793 de
1971 1736 2093 1793 felle
2195 1743 2311 1798 Ona‘
2334 1742 2388 1797 in
2417 1741 2704 1798 solitudine
2736 1742 2906 1812 patris
2935 1742 3017 1797 sui
3045 1742 3227 1798 asinos
3253 1755 3497 1813 pascere,
3526 1743 3634 1798 nisi
3668 1743 3779 1814 spi-

514 1834 702 1903 piscis,
727 1832 904 1887 linivit
924 1833 1110 1887 oculos
1146 1833 1287 1903 patri
1314 1847 1441 1898 suo;
1485 1843 1716 1899 moxque
1743 1829 1908 1899 coepit
1937 1827 2091 1883 albu-
2192 1832 2443 1887 ritualem
2474 1830 2780 1901 quempiam
2806 1832 3003 1897 virum,
3030 1832 3116 1886 cui
3163 1831 3305 1888 Deus
3331 1839 3487 1902 pater
3514 1840 3620 1899 est,
3649 1833 3779 1888 sim-

518 1940 586 1997 go
631 1942 695 1980 ex
737 1925 908 1980 oculis
957 1924 1094 1995 ejus,
1146 1925 1299 1993 quasi
1357 1924 1721 1978 membranam
1762 1921 1849 1975 ovi
1888 1919 2091 1990 egredi.

521 2019 811 2086 statimque
839 2017 1012 2071 visum
1055 2017 1259 2084 recepit
1304 2013 1452 2083 (Τοῦ.
1485 2014 1584 2085 xi).
1622 2032 1639 2064 ι
1671 2010 1764 2066 Fel
1790 2011 1989 2066 etenim
2013 2009 2095 2080 pi-

514 2109 623 2162 scis
658 2116 742 2160 est
783 2105 987 2159 malitia
1031 2104 1373 2170 Beelhmoth,
1415 2103 1504 2172 qui
1554 2110 1715 2170 caput
1760 2110 1846 2155 est
1899 2108 1955 2154 et
1993 2098 2121 2153 ini--

521 2199 655 2254 tium
686 2198 849 2252 totius
868 2195 1188 2266 iniquitatis.
1215 2195 1321 2265 77
1349 2194 1537 2248 Caecus
1564 2194 1743 2262 itaque
1773 2190 1895 2246 felle
1926 2188 2092 2259 piscis
2117 2256 2124 2263 _

523 2291 800 2355 oblinitur,
828 2298 881 2343 et
933 2289 1178 2358 protinus
1226 2287 1439 2343 carcitas
1466 2285 1751 2355 effugatur,
1783 2284 1930 2353 quia,
1970 2284 2119 2337 cum'

522 2379 824 2435 amaritudo
848 2378 1126 2433 diabolica:
1152 2377 1404 2432 versutia:
1435 2377 1637 2431 nostris
1674 2374 1846 2430 oculis
1872 2383 2094 2429 ostensa

522 2472 859 2542 proponitur,
913 2469 1258 2524 tenebrarum
1285 2482 1410 2522 mox
1457 2467 1629 2537 caligo
1660 2463 1992 2536 propellitur,
2037 2470 2123 2537 et.

522 2562 616 2617 lux
645 2561 887 2627 interior,
911 2574 1031 2630 qua:
1058 2558 1205 2614 velut
1243 2557 1483 2629 eclipsim
1510 2570 1666 2628 passa
1695 2554 1893 2633 fuerat,
1924 2552 2096 2607 refor-

521 2671 605 2709 tua
614 2663 665 2710 tu
675 2671 716 2709 I‘.
1431 2679 1463 2711 ο
2122 2638 2126 2645 ῃ

592 2745 660 2799 Et
702 2746 991 2799 notandum
1032 2743 1175 2813 quod
1211 2742 1406 2814 dicitur
1433 2741 1558 2812 quia
1601 2740 1751 2809 prius
1792 2735 1985 2809 albugo
2030 2735 2096 2791 de

519 2834 689 2889 oculis
712 2845 798 2890 est
826 2835 970 2889 illius
1013 2848 1254 2905 egressa,
1295 2845 1350 2890 et
1376 2833 1454 2887 sic
1496 2831 1588 2885 lux
1634 2830 1776 2885 illico
1819 2836 2092 2899 reparata.

525 2922 618 2977 llle
644 2922 839 2992 quippe
878 2923 930 2976 in
965 2922 1137 2977 oculis
1159 2922 1297 2992 gerit
1332 2921 1656 2989 albuginem,
1683 2919 1773 2989 qui
1801 2919 1866 2973 de
1888 2933 1945 2973 se
1972 2932 2097 2973 san—

2193 1921 2360 1992 plices
2388 1922 2583 1976 fratres
2608 1922 2708 1977 sub
2735 1921 3030 1992 disciplina:
3056 1923 3362 1980 remotioris
3387 1924 3568 1981 studio
3594 1911 3775 1981 custo-
3806 1994 3811 1997 Α

2194 2014 2349 2069 dire?
2397 2014 2463 2069 Et
2502 2013 2630 2084 quid
2676 2022 2761 2069 est
2801 2029 2970 2083 aquas
3012 2013 3217 2070 calidas
3259 2015 3523 2083 invenire,
3572 2016 3679 2071 nisi
3723 2015 3776 2072 iu

2194 2105 2624 2178 compunctionis
2658 2106 2948 2178 lacrymas,
2974 2121 3094 2177 qua':
3116 2107 3184 2163 de
3213 2105 3423 2165 fervore
3453 2110 3626 2166 sancti
3657 2106 3781 2178 Spi-

2196 2199 2337 2254 ritus
2362 2198 2672 2264 eliciuntur,
2698 2198 3022 2271 erumpere?
3048 2198 3183 2254 Nam
3210 2207 3265 2255 et
3308 2200 3422 2269 ipsa
3452 2199 3779 2270 interpreta-

2197 2292 2272 2346 tio
2327 2290 2600 2344 nominum
2668 2288 2827 2358 hujus
2886 2290 3069 2361 figura:
3132 2303 3241 2344 nou
3277 2288 3499 2360 (refugit
3562 2288 3776 2345 intelle-

2194 2388 2361 2436 ctum.
2418 2380 2589 2436 Onam
2644 2378 2908 2449 siquidem
2945 2378 3115 2445 dolor,
3168 2377 3251 2434 vel
3308 2379 3524 2433 tristitia
3570 2396 3777 2446 eorum,

2195 2472 2309 2528 sive
2362 2472 2525 2527 etiam
2580 2471 2915 2537 mussitatio,
2971 2469 3057 2526 vel
3109 2470 3455 2524 murmuratio
3511 2470 3773 2541 interpre-

2198 2572 2359 2618 tatur.
2434 2562 2688 2634 Quisquis
2746 2563 2856 2634 78
2914 2561 3060 2618 enim
3116 2560 3549 2631 compunctionis
3600 2560 3783 2617 dolore

2198 2656 2460 2720 tristatur,
2509 2654 2663 2724 quasi
2709 2652 2810 2709 sub
2858 2652 3088 2723 (madam
3136 2650 3358 2722 querula
3401 2651 3780 2706 mussitatione

2199 2748 2483 2802 adversum
2510 2745 2833 2816 pravitatem
2862 2744 2987 2799 vitae
3023 2757 3135 2799 sum
3169 2757 3511 2797 murmurare
3539 2740 3779 2812 compel-

2186 2841 2347 2896 ‘litur.
2399 2838 2612 2895 Sebeon
2654 2847 2831 2892 autem
2866 2836 3276 2908 interpretatur,
3328 2844 3478 2890 stans
3520 2835 3574 2889 in
3617 2834 3780 2903 tequi-

2198 2938 2340 2994 tate,
2395 2929 2537 2998 quod
2586 2926 2699 2982 Deo
2734 2939 3032 2997 congruere
3069 2938 3228 2980 nemo
3282 2937 3507 2994 prorsus
3548 2923 3778 2996 ignorat.

524 3013 728 3068 ctitatis
759 3012 923 3068 habet
957 3013 1281 3083 opinionem.
1323 3012 1574 3082 Quisquis
1607 3026 1737 3081 ergo
1773 3023 2095 3079 recuperare
2121 2995 2170 3059 C
2200 3020 2318 3089 [pse
2345 2995 2541 3088 quippe
2568 3015 2621 3070 in
2645 2995 2900 3085 aequitate
2917 3012 3285 3083 principaliter
3310 3022 3419 3069 stat
3449 3012 3543 3084 qui
3568 3028 3598 3066 a
3623 3012 3784 3081 justi-

521 3105 636 3161 vult
661 3105 857 3171 lucem,
890 3114 1132 3175 amputet
1154 3120 1185 3159 a
1224 3119 1281 3159 se
1308 3106 1456 3175 prius
1483 3104 1743 3160 affectata:
1780 3101 2097 3158 aestimatio-

522 3198 609 3254 nis
638 3197 966 3267 albugiuem,
996 3205 1057 3252 ut
1096 3212 1155 3256 se
1184 3210 1291 3253 non
1338 3198 1565 3271 abneget
1603 3203 1966 3266 peccatorem,
2006 3191 2099 3262 qui

524 3291 729 3358 peccati
752 3289 866 3345 vult
885 3288 1113 3345 evadere
1133 3291 1453 3345 caecitatem.
1477 3287 1667 3344 «Beati
1693 3286 1893 3343 mundo
1914 3283 2096 3350 corde,
2117 3290 2122 3295 ’

524 3384 779 3453 quoniam
810 3382 911 3452 ipsi
958 3380 1124 3436 Deum
1157 3381 1413 3437 videbunt
1442 3379 1655 3452 (Matth.
1684 3379 1761 3448 v).
1801 3398 1818 3431 ο
1851 3376 1944 3433 Isti
1973 3383 2102 3432 sunt

524 3475 699 3542 oculi,
732 3475 797 3529 de
821 3474 1018 3544 quibus
1046 3473 1099 3527 iu
1129 3471 1366 3528 Canticis
1392 3471 1624 3527 dicitur:
1664 3488 1683 3521 ι
1721 3468 1878 3526 Oculi
1907 3467 1981 3523 tui
2008 3480 2101 3523 co—

523 3568 849 3630 lumbarum,
887 3566 1089 3635 absque
1122 3577 1187 3619 eo
1225 3563 1367 3633 quod
1406 3562 1729 3618 intrinsecus
1762 3561 1892 3614 latet
1919 3558 2096 3629 (Cant.

527 3661 626 3731 tv).
667 3679 685 3710 ι
726 3657 863 3726 Quia
902 3656 1028 3712 licet
1065 3655 1239 3710 sancti
1281 3670 1423 3710 nunc
1459 3653 1769 3709 Creatorem
1808 3666 1963 3706 suum
2002 3665 2101 3720 per

524 3748 752 3818 gratiam
777 3744 1241 3813 contemplationis
1266 3743 1547 3814 aSpiciant.
1573 3743 1703 3798 latet
1726 3752 1902 3797 tamen
1924 3740 2101 3795 adhuc

523 3854 777 3908 magnum
810 3837 1038 3907 aliquid.
1071 3835 1138 3891 ad
1172 3836 1316 3907 quod
1357 3836 1407 3889 in
1448 3837 1550 3891 hac
1574 3834 1907 3905 corruptibili
1937 3848 2101 3890 carne

527 3929 774 3982 humana:
801 3926 998 3982 mentis
1021 3925 1165 3980 acies
1205 3940 1311 3980 non
1349 3927 1570 3995 aspirat.
1619 3924 1719 3980 Ubi
1759 3939 1883 3979 mox
1921 3923 2104 3994 sequi;

526 4027 652 4071 tur:
685 4036 704 4068 ι
738 4015 927 4086 Capilli
954 4017 1030 4070 tui
1054 4016 1194 4070 sicut
1219 4030 1407 4087 greges
1431 4030 1735 4085 caprarum,
1759 4030 1876 4086 quae
1910 4027 2125 4081 ascen-7

529 4108 723 4161 derunt
765 4106 831 4159 de
871 4103 1074 4160 Galaad
1105 4103 1314 4176 (Ibid.).
1349 4122 1367 4155 ι
1405 4104 1560 4159 Sicut
1599 4105 1742 4159 enim
1787 4119 1885 4174 per
1916 4104 2101 4161 oculos

528 4195 785 4252 Ecclesia:
806 4195 1055 4251 doctores
1077 4193 1469 4265 intelliguntur,
1492 4195 1582 4264 qui
1609 4193 1673 4249 ad
1701 4195 1929 4251 videnda
1968 4193 2103 4249 infe-

532 4285 763 4341 rioribus
786 4284 1041 4342 membris
1064 4301 1272 4341 summa
1298 4300 1362 4341 ac
1383 4284 1683 4355 spiritualia
1713 4294 1837 4340 sunt
1867 4285 2095 4355 praelati,

2202 3111 2288 3164 tiae
2324 3106 2645 3164 rectitudine
2682 3103 2828 3159 nulla
2867 3103 3193 3159 necessitate
3228 3111 3448 3160 coactus
3485 3104 3783 3160 exorbitat.

2200 3199 2371 3257 Onam
2399 3211 2530 3267 ergo
2556 3194 2682 3250 dum
2708 3194 2882 3266 patris
2905 3193 2988 3250 sui
3014 3194 3225 3251 Sebeon
3270 3194 3452 3248 asinos
3495 3194 3550 3248 in
3595 3193 3782 3249 solitu-

2202 3292 2326 3349 dine
2360 3288 2552 3362 pascit,
2594 3301 2763 3358 aquas
2794 3285 2997 3341 calidas
3033 3284 3256 3356 reperit,
3286 3282 3412 3354 quia
3448 3282 3704 3353 quisquis
3728 3297 3786 3338 se

2200 3402 2297 3458 per
2321 3385 2446 3440 vitae
2476 3380 2853 3439 rectitudinem
2883 3379 2993 3433 Deo
3019 3377 3189 3432 filium
3218 3376 3440 3432 exhibet
3468 3390 3533 3431 ac
3564 3376 3632 3430 de
3660 3388 3785 3445 pec-

2202 3478 2342 3533 catis
2366 3475 2478 3532 suis
2503 3470 2811 3530 medullitus
2835 3467 2999 3535 dolet,
3024 3467 3151 3523 dum
3175 3481 3236 3522 se
3260 3465 3437 3521 reddit
3460 3466 3514 3521 in
3541 3462 3785 3536 pervigili

2202 3568 2427 3623 fratrum
2458 3578 2587 3620 cura
2616 3560 2929 3625 sollicitum,
2953 3557 3136 3613 divino
3157 3569 3379 3612 munere
3405 3555 3644 3626 percipit
3668 3568 3786 3626 gra-

2204 3658 2333 3712 tiam
2358 3656 2717 3727 lacrymarum
2746 3667 2761 3705 :
2791 3665 2917 3705 nam
2949 3658 3007 3704 et
3028 3647 3188 3704 beata
3218 3646 3306 3701 illa
3333 3646 3611 3717 peccatrix
3640 3645 3787 3716 prius

2201 3748 2368 3821 pedes
2394 3745 2605 3801 Domini
2630 3752 2905 3815 unguento
2935 3742 3221 3814 perunxit,
3255 3740 3600 3811 postmodum
3626 3740 3786 3795 etiam

2204 3838 2532 3896 alabastrum
2558 3835 2817 3905 unguenti
2846 3833 3070 3904 pretiosi
3093 3846 3255 3905 super
3278 3839 3440 3902 caput
3466 3831 3788 3887 recumbet}.

2204 3932 2274 3987 tis
2289 3927 2477 3986 eﬂudit
2495 3925 2712 4001 (Matth.
2735 3934 2899 3993 xxvt’;
2924 3924 3094 3981 Marc.
3122 3940 3242 3991 xw;
3272 3923 3433 3979 Joan.
3458 3916 3591 3996 xu).
3613 3923 3787 3995 Caput

2204 4018 2427 4085 Christi,
2466 4018 2638 4084 Deus;
2679 4016 2844 4086 pedes
2865 4013 3092 4081 Christi,
3131 4012 3273 4070 servi
3302 4012 3419 4070 Dei.
3461 4011 3617 4068 Sicut
3641 4012 3785 4068 enim

2204 4106 2315 4173 illa,
2341 4106 2468 4160 dum
2493 4104 2814 4160 humanitati
2844 4102 3044 4159 Christi
3073 4101 3327 4173 dependit
3351 4101 3698 4172 obsequium,
3719 4099 3788 4156 ad

2205 4196 2501 4253 divinitatis
2545 4196 2812 4266 attingere
2856 4194 3062 4250 meruit
3104 4193 3460 4259 intellectum,
3503 4193 3586 4250 sic
3628 4191 3789 4248 nimi-

2205 4301 2344 4351 rum,
2381 4286 2460 4343 sic
2487 4286 2676 4342 doctor
2701 4285 2977 4352 Ecclesiae,
3011 4284 3137 4340 dum
3175 4283 3378 4341 Christi
3402 4285 3659 4363 membra
3697 4298 3789 4338 cu-

529 4378 607 4434 sic
629 4377 790 4431 etiam
811 4391 911 4447 per
939 4376 1178 4448 capillos,
1202 4390 1494 4447 gregesque
1516 4389 1797 4447 caprarum
1818 4376 2101 4448 designam
2128 4369 2181 4427 D
2206 4376 2371 4433 stodit
2390 4417 2406 4440 ,
2455 4374 2881 4445 contemplanda
2925 4373 3223 4431 divinitatis
3264 4373 3499 4446 gratiam
3537 4373 3786 4445 percipit.

528 4478 618 4522 tur
653 4465 924 4538 simplices
960 4477 1016 4521 et
1051 4465 1294 4536 subjecti.
1337 4464 1438 4533 Qui
1478 4466 1763 4531 nimirum,
1804 4473 1860 4521 et
1908 4465 1954 4522 si
1990 4479 2103 4536 pra:

528 4551 875 4629 simplicitate
903 4558 1159 4630 mysteria
1192 4572 1416 4628 quaeque
1457 4572 1522 4612 ac
1558 4573 1767 4612 summa
1798 4564 2102 4627 penetrant,

531 4647 876 4704 multitudine
909 4656 1088 4703 tamen
1117 4656 1173 4703 et
1200 4646 1586 4718 compositione
1610 4662 1708 4702 sua
1730 4656 1971 4703 sanctam
1997 4647 2102 4703 Ec-

532 4739 775 4805 clesiam,
806 4739 954 4795 velut
982 4740 1158 4811 capilli
1201 4748 1380 4810 caput,
1418 4748 1703 4794 exornant.
1749 4738 1942 4809 Capra,
1975 4738 2103 4809 quia

531 4829 846 4900 plerumque
901 4845 1024 4887 cum
1076 4840 1299 4901 peccato
1349 4828 1592 4895 offertur,
1646 4830 1817 4900 figura
1861 4829 2100 4899 peccati;

530 4918 736 4977 Galaad
776 4938 794 4971 ι
839 4932 1064 4976 acervus
1108 4940 1127 4972 ι
1168 4929 1255 4976 est
1292 4938 1311 4972 ‹
1358 4921 1671 4977 testimonii.
1707 4940 1723 4974 ι
1766 4919 1869 4976 Per
1904 4919 2110 4978 Galaad

532 5026 686 5085 ergo,
725 5009 1020 5076 Christum,
1062 5012 1147 5066 cui
1191 5022 1499 5068 sanctorum
1542 5013 1784 5069 omnium
1821 5011 2110 5068 multitudo

532 5104 786 5179 perhibet
814 5101 1215 5167 testimonium;
1252 5118 1348 5171 per
1375 5104 1595 5174 capillos
1625 5119 1773 5167 vero,
1807 5104 1891 5159 vel
1919 5116 2103 5175 capra-

532 5212 656 5253 rum
686 5207 898 5265 greges,
922 5191 1318 5247 multitudinem
1348 5193 1691 5265 intelligimus
1719 5192 2103 5263 subiectorum.

534 5287 737 5310 η..--,-
770 5299 895 5310 ,ι-ι-,ι
937 5296 1214 5310 Αλιι-ιηκη-ιι
1248 5286 1536 5310 ,ιιιηΑ-..Ιηηι
1573 5287 1632 5310 J-
1672 5295 1847 5310 ...Α-ι-
1880 5285 2081 5310 Π-1-Α,Ι

1101 5299 1214 5310 “η““
1248 5286 1536 5310 ΛΑΑΑ-ιιιΙ--ιιι

2204 4467 2474 4523 Praeterea
2510 4465 2759 4523 nonnulli
2799 4474 2926 4522 sunt
2956 4464 3230 4536 simplices
3269 4464 3487 4531 fratres,
3526 4465 3619 4536 qui
3658 4463 3787 4535 quid

2207 4556 2279 4612 sit
2308 4556 2691 4627 contemplatio
2713 4556 2982 4622 nesciunt,
3011 4565 3174 4627 atque
3197 4557 3317 4612 ideo
3338 4557 3392 4611 in
3419 4554 3788 4626 spiritualibus

2207 4644 2402 4700 studiis
2434 4658 2493 4699 se
2522 4657 2779 4699 exercere
2809 4643 3115 4701 nullatenus
3149 4654 3395 4715 possunt,
3436 4642 3532 4699 sed
3560 4645 3688 4699 dum
3732 4654 3790 4697 se

2207 4734 2451 4791 funditus
2480 4736 2548 4789 ab
2578 4735 2681 4791 hoc
2706 4735 2908 4792 mundo
2934 4735 3284 4802 mortificant,
3317 4735 3444 4790 dum
3473 4733 3705 4805 fatigare
3731 4746 3789 4789 se

2214 4828 2442 4884 diversis
2477 4842 2575 4898 per
2615 4828 2975 4884 obedientiam
3013 4828 3286 4885 laboribus
3327 4835 3582 4898 satagunt
3625 4841 3691 4881 ac
3734 4825 3788 4881 in

2212 4918 2463 4973 omnibus
2508 4918 2884 4989 obtemperare
2929 4918 3043 4975 suis
3084 4918 3357 4989 prioribus
3404 4916 3788 4981 inardescunt,

2212 5010 2355 5082 apud
2382 5010 2802 5081 omnipotentem
2835 5009 3004 5067 Deum
3028 5011 3203 5068 locum
3232 5009 3623 5067 familiaritatis
3645 5008 3784 5065 obti-

2210 5108 2361 5245 gent,
2392 5099 2469 5155 ita
2494 5107 2556 5155 ut
2584 5113 2682 5170 per
2716 5114 2813 5157 eos
2838 5098 3128 5172 aliquando
3150 5100 3315 5157 etiam
3346 5100 3500 5172 signa
3525 5100 3786 5156 virtutum

2251 5200 2363 5245 ant.
2404 5200 2409 5204 ‘

2251 5200 2363 5246 ant.
2404 5200 2409 5204 ’

2282 5279 2463 5310 ‘D.:.l:.‘
2499 5291 2643 5310 ΛΔ-ΙΑ
2693 5283 2813 5310 1...“-
2840 5283 2946 5310 X-..
2987 5285 3065 5310 ..-1
3105 5299 3227 5310 ΑΛ.--

3679 5282 3758 5310 ε...

3234 5299 3351 5310 -.ι-Α
3377 5292 3626 5310 ..-ιαμ-..Α
