  <div class='ocr_page' id='page_1' title='image "/cluster/home/n/w/nwhite01/storage/ocr_20150623/144/hvd.32044010574010/146.png"; bbox 0 0 3964 5310; ppageno 0'>
   <div class='ocr_carea' id='block_1_1' title="bbox 213 400 321 462">
    <p class='ocr_par' dir='ltr' id='par_1_1' title="bbox 213 400 321 462">
     <span class='ocr_line' id='line_1_1' title="bbox 213 400 321 462; baseline -0.028 0"><span class='ocrx_word' id='word_1_1' title='bbox 213 400 321 462; x_wconf 74' lang='lat'><strong>28!</strong></span> 
     </span>
    </p>
   </div>
   <div class='ocr_carea' id='block_1_2' title="bbox 1275 371 2334 462">
    <p class='ocr_par' dir='ltr' id='par_1_2' title="bbox 1275 371 2334 462">
     <span class='ocr_line' id='line_1_2' title="bbox 1275 371 2334 462; baseline -0.006 -10"><span class='ocrx_word' id='word_1_2' title='bbox 1275 377 2174 462; x_wconf 36' lang='lat' dir='ltr'><strong>&#39;LIBE‘R&#39;SEEﬁNﬁﬁ&#39;STEI‘lS‘T.‘</strong></span> <span class='ocrx_word' id='word_1_3' title='bbox 2184 371 2334 448; x_wconf 61' lang='lat' dir='ltr'><strong>Ilii:</strong></span> 
     </span>
    </p>
   </div>
   <div class='ocr_carea' id='block_1_3' title="bbox 3374 381 3481 444">
    <p class='ocr_par' dir='ltr' id='par_1_3' title="bbox 3374 381 3481 444">
     <span class='ocr_line' id='line_1_3' title="bbox 3374 381 3481 444; baseline 0.037 -3"><span class='ocrx_word' id='word_1_4' title='bbox 3374 381 3481 444; x_wconf 71' lang='lat'><strong>28‘2</strong></span> 
     </span>
    </p>
   </div>
   <div class='ocr_carea' id='block_1_4' title="bbox 214 498 3479 584">
    <p class='ocr_par' dir='ltr' id='par_1_4' title="bbox 214 498 3479 584">
     <span class='ocr_line' id='line_1_4' title="bbox 214 498 3479 584; baseline -0.004 -14"><span class='ocrx_word' id='word_1_5' title='bbox 214 515 302 570; x_wconf 87' lang='lat' dir='ltr'><strong>rio</strong></span> <span class='ocrx_word' id='word_1_6' title='bbox 329 511 608 584; x_wconf 76' lang='lat' dir='ltr'><strong>degerem,</strong></span> <span class='ocrx_word' id='word_1_7' title='bbox 634 516 688 567; x_wconf 92' lang='lat' dir='ltr'><strong>et</strong></span> <span class='ocrx_word' id='word_1_8' title='bbox 714 507 1054 565; x_wconf 83' lang='lat' dir='ltr'><strong>commissam</strong></span> <span class='ocrx_word' id='word_1_9' title='bbox 1081 506 1216 564; x_wconf 91' lang='lat' dir='ltr'><strong>mihi</strong></span> <span class='ocrx_word' id='word_1_10' title='bbox 1246 522 1522 565; x_wconf 90' lang='lat' dir='ltr'><strong>sacrorum</strong></span> <span class='ocrx_word' id='word_1_11' title='bbox 1543 511 1800 566; x_wconf 84' lang='lat' dir='ltr'><strong>exedram</strong></span> <span class='ocrx_word' id='word_1_12' title='bbox 1820 505 1876 570; x_wconf 76' lang='grc' dir='ltr'><strong>Δ</strong></span> <span class='ocrx_word' id='word_1_13' title='bbox 1897 520 2006 561; x_wconf 90' lang='lat' dir='ltr'><strong>non</strong></span> <span class='ocrx_word' id='word_1_14' title='bbox 2048 507 2298 562; x_wconf 89' lang='lat' dir='ltr'><strong>deficient</strong></span> <span class='ocrx_word' id='word_1_15' title='bbox 2337 514 2490 576; x_wconf 70' lang='lat' dir='ltr'><strong>aquae</strong></span> <span class='ocrx_word' id='word_1_16' title='bbox 2529 498 2684 575; x_wconf 79' lang='lat' dir='ltr'><strong>(Isai.</strong></span> <span class='ocrx_word' id='word_1_17' title='bbox 2713 503 2887 573; x_wconf 75' lang='lat' dir='ltr'><strong>LVIII).</strong></span> <span class='ocrx_word' id='word_1_18' title='bbox 2919 517 2938 554; x_wconf 71' lang='grc' dir='ltr'>ι</span> <span class='ocrx_word' id='word_1_19' title='bbox 2971 499 3108 558; x_wconf 87' lang='lat' dir='ltr'><strong>Cum</strong></span> <span class='ocrx_word' id='word_1_20' title='bbox 3151 501 3254 557; x_wconf 92' lang='lat' dir='ltr'><strong>hoc</strong></span> <span class='ocrx_word' id='word_1_21' title='bbox 3296 501 3479 572; x_wconf 78' lang='lat' dir='ltr'><strong>itaque</strong></span> 
     </span>
    </p>
   </div>
   <div class='ocr_carea' id='block_1_5' title="bbox 213 601 1803 673">
    <p class='ocr_par' dir='ltr' id='par_1_5' title="bbox 213 601 1803 673">
     <span class='ocr_line' id='line_1_5' title="bbox 213 601 1803 673; baseline -0.002 -12"><span class='ocrx_word' id='word_1_22' title='bbox 213 604 583 667; x_wconf 72' lang='lat' dir='ltr'><strong>custodirem,</strong></span> <span class='ocrx_word' id='word_1_23' title='bbox 631 603 858 673; x_wconf 88' lang='lat' dir='ltr'><strong>quadam</strong></span> <span class='ocrx_word' id='word_1_24' title='bbox 897 601 982 658; x_wconf 90' lang='lat' dir='ltr'><strong>die</strong></span> <span class='ocrx_word' id='word_1_25' title='bbox 1025 609 1147 673; x_wconf 90' lang='lat' dir='ltr'><strong>post</strong></span> <span class='ocrx_word' id='word_1_26' title='bbox 1185 602 1594 672; x_wconf 90' lang='lat' dir='ltr'><strong>completorium</strong></span> <span class='ocrx_word' id='word_1_27' title='bbox 1635 601 1803 658; x_wconf 87' lang='lat' dir='ltr'><strong>libros</strong></span> 
     </span>
    </p>
   </div>
   <div class='ocr_carea' id='block_1_6' title="bbox 214 693 1804 764">
    <p class='ocr_par' dir='ltr' id='par_1_6' title="bbox 214 693 1804 764">
     <span class='ocr_line' id='line_1_6' title="bbox 214 693 1804 764; baseline 0 -14"><span class='ocrx_word' id='word_1_28' title='bbox 214 693 465 750; x_wconf 68' lang='lat' dir='ltr'><strong>ecclesia:</strong></span> <span class='ocrx_word' id='word_1_29' title='bbox 497 693 551 748; x_wconf 90' lang='lat' dir='ltr'><strong>in</strong></span> <span class='ocrx_word' id='word_1_30' title='bbox 592 693 815 748; x_wconf 87' lang='lat' dir='ltr'><strong>archivo</strong></span> <span class='ocrx_word' id='word_1_31' title='bbox 855 693 1124 764; x_wconf 93' lang='lat' dir='ltr'><strong>congessi,</strong></span> <span class='ocrx_word' id='word_1_32' title='bbox 1165 693 1358 748; x_wconf 88' lang='lat' dir='ltr'><strong>deinde</strong></span> <span class='ocrx_word' id='word_1_33' title='bbox 1385 694 1588 750; x_wconf 82' lang='lat' dir='ltr'><strong>clavem</strong></span> <span class='ocrx_word' id='word_1_34' title='bbox 1618 694 1804 764; x_wconf 86' lang='lat' dir='ltr'><strong>impri-</strong></span> 
     </span>
    </p>
   </div>
   <div class='ocr_carea' id='block_1_7' title="bbox 215 783 1806 854">
    <p class='ocr_par' dir='ltr' id='par_1_7' title="bbox 215 783 1806 854">
     <span class='ocr_line' id='line_1_7' title="bbox 215 783 1806 854; baseline 0 -14"><span class='ocrx_word' id='word_1_35' title='bbox 215 801 392 851; x_wconf 88' lang='lat' dir='ltr'><strong>mens,</strong></span> <span class='ocrx_word' id='word_1_36' title='bbox 434 793 496 838; x_wconf 89' lang='lat' dir='ltr'><strong>ut</strong></span> <span class='ocrx_word' id='word_1_37' title='bbox 533 783 776 854; x_wconf 90' lang='lat' dir='ltr'><strong>quotidie</strong></span> <span class='ocrx_word' id='word_1_38' title='bbox 815 797 1232 849; x_wconf 87' lang='lat' dir='ltr'><strong>consueveram,</strong></span> <span class='ocrx_word' id='word_1_39' title='bbox 1271 783 1557 840; x_wconf 89' lang='lat' dir='ltr'><strong>obseravi:</strong></span> <span class='ocrx_word' id='word_1_40' title='bbox 1597 785 1714 850; x_wconf 89' lang='lat' dir='ltr'><strong>sed,</strong></span> <span class='ocrx_word' id='word_1_41' title='bbox 1745 792 1806 840; x_wconf 89' lang='lat' dir='ltr'><strong>ut</strong></span> 
     </span>
    </p>
   </div>
   <div class='ocr_carea' id='block_1_8' title="bbox 215 871 1804 944">
    <p class='ocr_par' dir='ltr' id='par_1_8' title="bbox 215 871 1804 944">
     <span class='ocr_line' id='line_1_8' title="bbox 215 871 1804 944; baseline -0.001 -14"><span class='ocrx_word' id='word_1_42' title='bbox 215 883 340 944; x_wconf 89' lang='lat' dir='ltr'><strong>post</strong></span> <span class='ocrx_word' id='word_1_43' title='bbox 382 873 590 944; x_wconf 89' lang='lat' dir='ltr'><strong>liquido</strong></span> <span class='ocrx_word' id='word_1_44' title='bbox 637 871 831 944; x_wconf 90' lang='lat' dir='ltr'><strong>patuit,</strong></span> <span class='ocrx_word' id='word_1_45' title='bbox 877 871 944 928; x_wconf 93' lang='lat' dir='ltr'><strong>de</strong></span> <span class='ocrx_word' id='word_1_46' title='bbox 992 887 1150 928; x_wconf 89' lang='lat' dir='ltr'><strong>cereo</strong></span> <span class='ocrx_word' id='word_1_47' title='bbox 1193 888 1352 944; x_wconf 87' lang='lat' dir='ltr'><strong>quem</strong></span> <span class='ocrx_word' id='word_1_48' title='bbox 1398 872 1672 942; x_wconf 80' lang='lat' dir='ltr'><strong>ferebam,</strong></span> <span class='ocrx_word' id='word_1_49' title='bbox 1711 888 1804 929; x_wconf 84' lang='lat' dir='ltr'><strong>ne-</strong></span> 
     </span>
    </p>
   </div>
   <div class='ocr_carea' id='block_1_9' title="bbox 217 961 1804 1034">
    <p class='ocr_par' dir='ltr' id='par_1_9' title="bbox 217 961 1804 1034">
     <span class='ocr_line' id='line_1_9' title="bbox 217 961 1804 1034; baseline -0.001 -15"><span class='ocrx_word' id='word_1_50' title='bbox 217 965 428 1020; x_wconf 90' lang='lat' dir='ltr'><strong>sciente</strong></span> <span class='ocrx_word' id='word_1_51' title='bbox 477 978 597 1029; x_wconf 89' lang='lat' dir='ltr'><strong>me,</strong></span> <span class='ocrx_word' id='word_1_52' title='bbox 647 978 813 1034; x_wconf 83' lang='lat' dir='ltr'><strong>vapor</strong></span> <span class='ocrx_word' id='word_1_53' title='bbox 855 961 1108 1030; x_wconf 84' lang='lat' dir='ltr'><strong>emicuit,</strong></span> <span class='ocrx_word' id='word_1_54' title='bbox 1149 969 1205 1018; x_wconf 94' lang='lat' dir='ltr'><strong>et</strong></span> <span class='ocrx_word' id='word_1_55' title='bbox 1251 962 1474 1018; x_wconf 91' lang='lat' dir='ltr'><strong>linteum</strong></span> <span class='ocrx_word' id='word_1_56' title='bbox 1515 977 1623 1033; x_wconf 91' lang='lat' dir='ltr'><strong>quo</strong></span> <span class='ocrx_word' id='word_1_57' title='bbox 1667 961 1804 1018; x_wconf 89' lang='lat' dir='ltr'><strong>liber</strong></span> 
     </span>
    </p>
   </div>
   <div class='ocr_carea' id='block_1_10' title="bbox 216 1051 1801 1127">
    <p class='ocr_par' dir='ltr' id='par_1_10' title="bbox 216 1051 1801 1127">
     <span class='ocr_line' id='line_1_10' title="bbox 216 1051 1801 1127; baseline -0.001 -15"><span class='ocrx_word' id='word_1_58' title='bbox 216 1054 571 1127; x_wconf 87' lang='lat' dir='ltr'><strong>operiebatur</strong></span> <span class='ocrx_word' id='word_1_59' title='bbox 613 1053 831 1109; x_wconf 78' lang='lat' dir='ltr'><strong>amavit.</strong></span> <span class='ocrx_word' id='word_1_60' title='bbox 869 1051 1027 1109; x_wconf 82' lang='lat' dir='ltr'><strong>Mane</strong></span> <span class='ocrx_word' id='word_1_61' title='bbox 1056 1061 1236 1109; x_wconf 89' lang='lat' dir='ltr'><strong>autem</strong></span> <span class='ocrx_word' id='word_1_62' title='bbox 1282 1055 1424 1111; x_wconf 91' lang='lat' dir='ltr'><strong>facto</strong></span> <span class='ocrx_word' id='word_1_63' title='bbox 1461 1070 1580 1109; x_wconf 91' lang='lat' dir='ltr'><strong>cum</strong></span> <span class='ocrx_word' id='word_1_64' title='bbox 1619 1069 1801 1110; x_wconf 89' lang='lat' dir='ltr'><strong>arcam</strong></span> 
     </span>
    </p>
   </div>
   <div class='ocr_carea' id='block_1_11' title="bbox 217 1144 1801 1216">
    <p class='ocr_par' dir='ltr' id='par_1_11' title="bbox 217 1144 1801 1216">
     <span class='ocr_line' id='line_1_11' title="bbox 217 1144 1801 1216; baseline 0 -16"><span class='ocrx_word' id='word_1_65' title='bbox 217 1145 517 1216; x_wconf 81' lang='lat' dir='ltr'><strong>aperirem,</strong></span> <span class='ocrx_word' id='word_1_66' title='bbox 545 1151 606 1199; x_wconf 92' lang='lat' dir='ltr'><strong>ut</strong></span> <span class='ocrx_word' id='word_1_67' title='bbox 630 1144 796 1200; x_wconf 91' lang='lat' dir='ltr'><strong>libros</strong></span> <span class='ocrx_word' id='word_1_68' title='bbox 825 1144 1088 1211; x_wconf 86' lang='lat' dir='ltr'><strong>tollerem,</strong></span> <span class='ocrx_word' id='word_1_69' title='bbox 1116 1156 1334 1216; x_wconf 90' lang='lat' dir='ltr'><strong>repente</strong></span> <span class='ocrx_word' id='word_1_70' title='bbox 1358 1146 1490 1201; x_wconf 89' lang='lat' dir='ltr'><strong>mihi</strong></span> <span class='ocrx_word' id='word_1_71' title='bbox 1520 1147 1573 1202; x_wconf 94' lang='lat' dir='ltr'><strong>in</strong></span> <span class='ocrx_word' id='word_1_72' title='bbox 1597 1147 1801 1201; x_wconf 84' lang='lat' dir='ltr'><strong>vultum</strong></span> 
     </span>
    </p>
   </div>
   <div class='ocr_carea' id='block_1_12' title="bbox 216 1235 1803 1310">
    <p class='ocr_par' dir='ltr' id='par_1_12' title="bbox 216 1235 1803 1310">
     <span class='ocr_line' id='line_1_12' title="bbox 216 1235 1803 1310; baseline 0.004 -20"><span class='ocrx_word' id='word_1_73' title='bbox 216 1235 402 1293; x_wconf 90' lang='lat' dir='ltr'><strong>fumus</strong></span> <span class='ocrx_word' id='word_1_74' title='bbox 437 1245 495 1293; x_wconf 92' lang='lat' dir='ltr'><strong>et</strong></span> <span class='ocrx_word' id='word_1_75' title='bbox 531 1238 721 1309; x_wconf 89' lang='lat' dir='ltr'><strong>igneus</strong></span> <span class='ocrx_word' id='word_1_76' title='bbox 766 1252 933 1309; x_wconf 83' lang='lat' dir='ltr'><strong>vapor</strong></span> <span class='ocrx_word' id='word_1_77' title='bbox 974 1238 1231 1295; x_wconf 91' lang='lat' dir='ltr'><strong>occurrit.</strong></span> <span class='ocrx_word' id='word_1_78' title='bbox 1281 1238 1622 1310; x_wconf 87' lang='lat' dir='ltr'><strong>Stupefactus</strong></span> <span class='ocrx_word' id='word_1_79' title='bbox 1660 1240 1803 1297; x_wconf 93' lang='lat' dir='ltr'><strong>illico</strong></span> 
     </span>
    </p>
   </div>
   <div class='ocr_carea' id='block_1_13' title="bbox 217 1329 1808 1406">
    <p class='ocr_par' dir='ltr' id='par_1_13' title="bbox 217 1329 1808 1406">
     <span class='ocr_line' id='line_1_13' title="bbox 217 1329 1808 1406; baseline 0.005 -23"><span class='ocrx_word' id='word_1_80' title='bbox 217 1337 382 1398; x_wconf 85' lang='lat' dir='ltr'><strong>atque</strong></span> <span class='ocrx_word' id='word_1_81' title='bbox 410 1329 752 1400; x_wconf 89' lang='lat' dir='ltr'><strong>perterritus,</strong></span> <span class='ocrx_word' id='word_1_82' title='bbox 778 1330 822 1385; x_wconf 88' lang='lat' dir='ltr'><strong>si</strong></span> <span class='ocrx_word' id='word_1_83' title='bbox 851 1329 988 1388; x_wconf 91' lang='lat' dir='ltr'><strong>forte</strong></span> <span class='ocrx_word' id='word_1_84' title='bbox 1015 1333 1081 1387; x_wconf 89' lang='lat' dir='ltr'><strong>de</strong></span> <span class='ocrx_word' id='word_1_85' title='bbox 1107 1331 1260 1388; x_wconf 86' lang='lat' dir='ltr'><strong>libris</strong></span> <span class='ocrx_word' id='word_1_86' title='bbox 1289 1334 1463 1389; x_wconf 90' lang='lat' dir='ltr'><strong>adhuc</strong></span> <span class='ocrx_word' id='word_1_87' title='bbox 1488 1334 1688 1406; x_wconf 89' lang='lat' dir='ltr'><strong>aliquid</strong></span> <span class='ocrx_word' id='word_1_88' title='bbox 1715 1352 1808 1391; x_wconf 86' lang='lat' dir='ltr'><strong>su-</strong></span> 
     </span>
    </p>
   </div>
   <div class='ocr_carea' id='block_1_14' title="bbox 213 1422 1802 1494">
    <p class='ocr_par' dir='ltr' id='par_1_14' title="bbox 213 1422 1802 1494">
     <span class='ocr_line' id='line_1_14' title="bbox 213 1422 1802 1494; baseline 0.006 -21"><span class='ocrx_word' id='word_1_89' title='bbox 213 1428 463 1490; x_wconf 87' lang='lat' dir='ltr'><strong>peresset</strong></span> <span class='ocrx_word' id='word_1_90' title='bbox 483 1461 500 1488; x_wconf 94' lang='lat'><strong>,</strong></span> <span class='ocrx_word' id='word_1_91' title='bbox 543 1423 684 1492; x_wconf 86' lang='lat' dir='ltr'><strong>coepi</strong></span> <span class='ocrx_word' id='word_1_92' title='bbox 714 1422 923 1478; x_wconf 89' lang='lat' dir='ltr'><strong>curiose</strong></span> <span class='ocrx_word' id='word_1_93' title='bbox 966 1424 1281 1494; x_wconf 86' lang='lat' dir='ltr'><strong>perquirere</strong></span> <span class='ocrx_word' id='word_1_94' title='bbox 1314 1443 1326 1478; x_wconf 90' lang='lat'><strong>:</strong></span> <span class='ocrx_word' id='word_1_95' title='bbox 1373 1426 1497 1490; x_wconf 85' lang='lat' dir='ltr'><strong>sed,</strong></span> <span class='ocrx_word' id='word_1_96' title='bbox 1531 1441 1564 1480; x_wconf 90' lang='grc' dir='ltr'><strong>ο</strong></span> <span class='ocrx_word' id='word_1_97' title='bbox 1594 1428 1802 1483; x_wconf 87' lang='lat' dir='ltr'><strong>incom-</strong></span> 
     </span>
    </p>
   </div>
   <div class='ocr_carea' id='block_1_15' title="bbox 213 1509 1805 1579">
    <p class='ocr_par' dir='ltr' id='par_1_15' title="bbox 213 1509 1805 1579">
     <span class='ocr_line' id='line_1_15' title="bbox 213 1509 1805 1579; baseline 0.006 -15"><span class='ocrx_word' id='word_1_98' title='bbox 213 1509 600 1579; x_wconf 88' lang='lat' dir='ltr'><strong>prehensibilis</strong></span> <span class='ocrx_word' id='word_1_99' title='bbox 643 1509 836 1566; x_wconf 81' lang='lat' dir='ltr'><strong>divinae</strong></span> <span class='ocrx_word' id='word_1_100' title='bbox 873 1511 1089 1568; x_wconf 88' lang='lat' dir='ltr'><strong>virtutis</strong></span> <span class='ocrx_word' id='word_1_101' title='bbox 1135 1511 1390 1568; x_wconf 87' lang='lat' dir='ltr'><strong>effectus!</strong></span> <span class='ocrx_word' id='word_1_102' title='bbox 1448 1531 1572 1570; x_wconf 92' lang='lat' dir='ltr'><strong>cum</strong></span> <span class='ocrx_word' id='word_1_103' title='bbox 1615 1531 1805 1574; x_wconf 87' lang='lat' dir='ltr'><strong>omnes</strong></span> 
     </span>
    </p>
   </div>
   <div class='ocr_carea' id='block_1_16' title="bbox 215 1600 1806 1678">
    <p class='ocr_par' dir='ltr' id='par_1_16' title="bbox 215 1600 1806 1678">
     <span class='ocr_line' id='line_1_16' title="bbox 215 1600 1806 1678; baseline 0.005 -23"><span class='ocrx_word' id='word_1_104' title='bbox 215 1600 366 1656; x_wconf 88' lang='lat' dir='ltr'><strong>lintei</strong></span> <span class='ocrx_word' id='word_1_105' title='bbox 392 1602 581 1672; x_wconf 79' lang='lat' dir='ltr'><strong>viginti</strong></span> <span class='ocrx_word' id='word_1_106' title='bbox 612 1603 832 1658; x_wconf 85' lang='lat' dir='ltr'><strong>circiter</strong></span> <span class='ocrx_word' id='word_1_107' title='bbox 853 1605 1026 1659; x_wconf 83' lang='lat' dir='ltr'><strong>exusti</strong></span> <span class='ocrx_word' id='word_1_108' title='bbox 1054 1612 1234 1660; x_wconf 89' lang='lat' dir='ltr'><strong>essent</strong></span> <span class='ocrx_word' id='word_1_109' title='bbox 1262 1605 1314 1660; x_wconf 94' lang='lat' dir='ltr'><strong>in</strong></span> <span class='ocrx_word' id='word_1_110' title='bbox 1345 1606 1688 1678; x_wconf 89' lang='lat' dir='ltr'><strong>cineremque</strong></span> <span class='ocrx_word' id='word_1_111' title='bbox 1719 1623 1806 1664; x_wconf 85' lang='lat' dir='ltr'><strong>re-</strong></span> 
     </span>
    </p>
   </div>
   <div class='ocr_carea' id='block_1_17' title="bbox 216 1693 1803 1768">
    <p class='ocr_par' dir='ltr' id='par_1_17' title="bbox 216 1693 1803 1768">
     <span class='ocr_line' id='line_1_17' title="bbox 216 1693 1803 1768; baseline 0.005 -22"><span class='ocrx_word' id='word_1_112' title='bbox 216 1693 380 1757; x_wconf 90' lang='lat' dir='ltr'><strong>dacti,</strong></span> <span class='ocrx_word' id='word_1_113' title='bbox 418 1693 617 1764; x_wconf 86' lang='lat' dir='ltr'><strong>quibus</strong></span> <span class='ocrx_word' id='word_1_114' title='bbox 648 1694 902 1749; x_wconf 75' lang='lat' dir='ltr'><strong>nimirum</strong></span> <span class='ocrx_word' id='word_1_115' title='bbox 931 1695 1147 1751; x_wconf 91' lang='lat' dir='ltr'><strong>codices</strong></span> <span class='ocrx_word' id='word_1_116' title='bbox 1177 1695 1392 1752; x_wconf 78' lang='lat' dir='ltr'><strong>fuerant</strong></span> <span class='ocrx_word' id='word_1_117' title='bbox 1423 1698 1669 1763; x_wconf 88' lang='lat' dir='ltr'><strong>involuti,</strong></span> <span class='ocrx_word' id='word_1_118' title='bbox 1703 1699 1803 1768; x_wconf 91' lang='lat' dir='ltr'><strong>ipsi</strong></span> 
     </span>
    </p>
   </div>
   <div class='ocr_carea' id='block_1_18' title="bbox 217 1785 1804 1860">
    <p class='ocr_par' dir='ltr' id='par_1_18' title="bbox 217 1785 1804 1860">
     <span class='ocr_line' id='line_1_18' title="bbox 217 1785 1804 1860; baseline 0.004 -20"><span class='ocrx_word' id='word_1_119' title='bbox 217 1785 431 1841; x_wconf 87' lang='lat' dir='ltr'><strong>codices</strong></span> <span class='ocrx_word' id='word_1_120' title='bbox 452 1787 676 1840; x_wconf 89' lang='lat' dir='ltr'><strong>omnino</strong></span> <span class='ocrx_word' id='word_1_121' title='bbox 695 1787 1051 1842; x_wconf 86' lang='lat' dir='ltr'><strong>servabantur</strong></span> <span class='ocrx_word' id='word_1_122' title='bbox 1072 1787 1244 1844; x_wconf 83' lang='lat' dir='ltr'><strong>illaesi.</strong></span> <span class='ocrx_word' id='word_1_123' title='bbox 1264 1789 1434 1845; x_wconf 89' lang='lat' dir='ltr'><strong>Porro</strong></span> <span class='ocrx_word' id='word_1_124' title='bbox 1457 1807 1640 1846; x_wconf 90' lang='lat' dir='ltr'><strong>arcam</strong></span> <span class='ocrx_word' id='word_1_125' title='bbox 1665 1791 1804 1860; x_wconf 85' lang='lat' dir='ltr'><strong>ignis</strong></span> 
     </span>
    </p>
   </div>
   <div class='ocr_carea' id='block_1_19' title="bbox 216 1877 1803 1954">
    <p class='ocr_par' dir='ltr' id='par_1_19' title="bbox 216 1877 1803 1954">
     <span class='ocr_line' id='line_1_19' title="bbox 216 1877 1803 1954; baseline 0.006 -25"><span class='ocrx_word' id='word_1_126' title='bbox 216 1884 620 1944; x_wconf 84' lang='lat' dir='ltr'><strong>penetraverat,</strong></span> <span class='ocrx_word' id='word_1_127' title='bbox 650 1884 705 1930; x_wconf 88' lang='lat' dir='ltr'><strong>et</strong></span> <span class='ocrx_word' id='word_1_128' title='bbox 734 1877 939 1948; x_wconf 84' lang='lat' dir='ltr'><strong>largum</strong></span> <span class='ocrx_word' id='word_1_129' title='bbox 975 1879 1362 1936; x_wconf 87' lang='lat' dir='ltr'><strong>combustionis</strong></span> <span class='ocrx_word' id='word_1_130' title='bbox 1391 1881 1576 1937; x_wconf 85' lang='lat' dir='ltr'><strong>orbem</strong></span> <span class='ocrx_word' id='word_1_131' title='bbox 1606 1883 1658 1938; x_wconf 90' lang='lat' dir='ltr'><strong>in</strong></span> <span class='ocrx_word' id='word_1_132' title='bbox 1686 1884 1803 1954; x_wconf 89' lang='lat' dir='ltr'><strong>ejus</strong></span> 
     </span>
    </p>
   </div>
   <div class='ocr_carea' id='block_1_20' title="bbox 217 1964 1803 2043">
    <p class='ocr_par' dir='ltr' id='par_1_20' title="bbox 217 1964 1803 2043">
     <span class='ocr_line' id='line_1_20' title="bbox 217 1964 1803 2043; baseline 0.008 -25"><span class='ocrx_word' id='word_1_133' title='bbox 217 1964 381 2022; x_wconf 92' lang='lat' dir='ltr'><strong>fundo</strong></span> <span class='ocrx_word' id='word_1_134' title='bbox 411 1965 723 2038; x_wconf 86' lang='lat' dir='ltr'><strong>reliquerat.</strong></span> <span class='ocrx_word' id='word_1_135' title='bbox 762 1969 875 2024; x_wconf 84' lang='lat' dir='ltr'><strong>Hoc</strong></span> <span class='ocrx_word' id='word_1_136' title='bbox 920 1969 1098 2040; x_wconf 87' lang='lat' dir='ltr'><strong>itaque</strong></span> <span class='ocrx_word' id='word_1_137' title='bbox 1133 1983 1410 2043; x_wconf 89' lang='lat' dir='ltr'><strong>comperto</strong></span> <span class='ocrx_word' id='word_1_138' title='bbox 1446 1974 1642 2030; x_wconf 88' lang='lat' dir='ltr'><strong>fratres</strong></span> <span class='ocrx_word' id='word_1_139' title='bbox 1669 1975 1803 2030; x_wconf 80' lang='lat' dir='ltr'><strong>divi-</strong></span> 
     </span>
    </p>
   </div>
   <div class='ocr_carea' id='block_1_21' title="bbox 219 2057 1804 2130">
    <p class='ocr_par' dir='ltr' id='par_1_21' title="bbox 219 2057 1804 2130">
     <span class='ocr_line' id='line_1_21' title="bbox 219 2057 1804 2130; baseline 0.007 -21"><span class='ocrx_word' id='word_1_140' title='bbox 219 2071 341 2111; x_wconf 90' lang='lat' dir='ltr'><strong>nam</strong></span> <span class='ocrx_word' id='word_1_141' title='bbox 373 2057 662 2114; x_wconf 84' lang='lat' dir='ltr'><strong>laudavere</strong></span> <span class='ocrx_word' id='word_1_142' title='bbox 692 2059 1007 2129; x_wconf 89' lang='lat' dir='ltr'><strong>potentiam,</strong></span> <span class='ocrx_word' id='word_1_143' title='bbox 1033 2061 1285 2130; x_wconf 90' lang='lat' dir='ltr'><strong>quoniam</strong></span> <span class='ocrx_word' id='word_1_144' title='bbox 1315 2062 1366 2116; x_wconf 91' lang='lat' dir='ltr'><strong>in</strong></span> <span class='ocrx_word' id='word_1_145' title='bbox 1392 2061 1686 2119; x_wconf 89' lang='lat' dir='ltr'><strong>Chaldaico</strong></span> <span class='ocrx_word' id='word_1_146' title='bbox 1714 2076 1804 2120; x_wconf 87' lang='lat' dir='ltr'><strong>ca-</strong></span> 
     </span>
    </p>
   </div>
   <div class='ocr_carea' id='block_1_22' title="bbox 216 2147 1800 2224">
    <p class='ocr_par' dir='ltr' id='par_1_22' title="bbox 216 2147 1800 2224">
     <span class='ocr_line' id='line_1_22' title="bbox 216 2147 1800 2224; baseline 0.005 -22"><span class='ocrx_word' id='word_1_147' title='bbox 216 2148 363 2202; x_wconf 90' lang='lat' dir='ltr'><strong>mino</strong></span> <span class='ocrx_word' id='word_1_148' title='bbox 389 2147 646 2205; x_wconf 68' lang='lat' dir='ltr'><strong>Hebrteos</strong></span> <span class='ocrx_word' id='word_1_149' title='bbox 670 2150 1000 2204; x_wconf 89' lang='lat' dir='ltr'><strong>custodierat</strong></span> <span class='ocrx_word' id='word_1_150' title='bbox 1025 2167 1220 2220; x_wconf 91' lang='lat' dir='ltr'><strong>pueros</strong></span> <span class='ocrx_word' id='word_1_151' title='bbox 1251 2152 1420 2223; x_wconf 75' lang='lat' dir='ltr'><strong>(Dan.</strong></span> <span class='ocrx_word' id='word_1_152' title='bbox 1443 2154 1546 2224; x_wconf 88' lang='lat' dir='ltr'><strong>Ill),</strong></span> <span class='ocrx_word' id='word_1_153' title='bbox 1575 2170 1718 2210; x_wconf 91' lang='lat' dir='ltr'><strong>nunc</strong></span> <span class='ocrx_word' id='word_1_154' title='bbox 1746 2155 1800 2210; x_wconf 90' lang='lat' dir='ltr'><strong>in</strong></span> 
     </span>
    </p>
   </div>
   <div class='ocr_carea' id='block_1_23' title="bbox 217 2240 1804 2310">
    <p class='ocr_par' dir='ltr' id='par_1_23' title="bbox 217 2240 1804 2310">
     <span class='ocr_line' id='line_1_23' title="bbox 217 2240 1804 2310; baseline 0.007 -20"><span class='ocrx_word' id='word_1_155' title='bbox 217 2252 356 2292; x_wconf 76' lang='lat' dir='ltr'><strong>arca:</strong></span> <span class='ocrx_word' id='word_1_156' title='bbox 395 2240 676 2310; x_wconf 82' lang='lat' dir='ltr'><strong>flagrantis</strong></span> <span class='ocrx_word' id='word_1_157' title='bbox 721 2241 969 2296; x_wconf 89' lang='lat' dir='ltr'><strong>incendio</strong></span> <span class='ocrx_word' id='word_1_158' title='bbox 1013 2257 1138 2297; x_wconf 90' lang='lat' dir='ltr'><strong>suos</strong></span> <span class='ocrx_word' id='word_1_159' title='bbox 1167 2243 1331 2298; x_wconf 91' lang='lat' dir='ltr'><strong>etiam</strong></span> <span class='ocrx_word' id='word_1_160' title='bbox 1382 2255 1693 2301; x_wconf 89' lang='lat' dir='ltr'><strong>servaverat</strong></span> <span class='ocrx_word' id='word_1_161' title='bbox 1739 2246 1804 2301; x_wconf 88' lang='lat' dir='ltr'><strong>li-</strong></span> 
     </span>
    </p>
   </div>
   <div class='ocr_carea' id='block_1_24' title="bbox 216 2330 1800 2405">
    <p class='ocr_par' dir='ltr' id='par_1_24' title="bbox 216 2330 1800 2405">
     <span class='ocr_line' id='line_1_24' title="bbox 216 2330 1800 2405; baseline 0.004 -20"><span class='ocrx_word' id='word_1_162' title='bbox 216 2330 361 2403; x_wconf 82' lang='lat' dir='ltr'><strong>bros.</strong></span> <span class='ocrx_word' id='word_1_163' title='bbox 394 2331 493 2386; x_wconf 86' lang='lat' dir='ltr'><strong>Est</strong></span> <span class='ocrx_word' id='word_1_164' title='bbox 533 2341 717 2386; x_wconf 91' lang='lat' dir='ltr'><strong>autem</strong></span> <span class='ocrx_word' id='word_1_165' title='bbox 762 2331 929 2388; x_wconf 86' lang='lat' dir='ltr'><strong>frater</strong></span> <span class='ocrx_word' id='word_1_166' title='bbox 969 2333 1056 2389; x_wconf 92' lang='lat' dir='ltr'><strong>ille</strong></span> <span class='ocrx_word' id='word_1_167' title='bbox 1093 2335 1184 2404; x_wconf 90' lang='lat' dir='ltr'><strong>qui</strong></span> <span class='ocrx_word' id='word_1_168' title='bbox 1216 2336 1346 2389; x_wconf 91' lang='lat' dir='ltr'><strong>mihi</strong></span> <span class='ocrx_word' id='word_1_169' title='bbox 1394 2336 1494 2390; x_wconf 85' lang='lat' dir='ltr'><strong>ista</strong></span> <span class='ocrx_word' id='word_1_170' title='bbox 1537 2336 1800 2405; x_wconf 89' lang='lat' dir='ltr'><strong>narravit,</strong></span> 
     </span>
    </p>
   </div>
   <div class='ocr_carea' id='block_1_25' title="bbox 216 2423 1799 2494">
    <p class='ocr_par' dir='ltr' id='par_1_25' title="bbox 216 2423 1799 2494">
     <span class='ocr_line' id='line_1_25' title="bbox 216 2423 1799 2494; baseline 0.005 -18"><span class='ocrx_word' id='word_1_171' title='bbox 216 2423 380 2478; x_wconf 87' lang='lat' dir='ltr'><strong>idiota</strong></span> <span class='ocrx_word' id='word_1_172' title='bbox 417 2424 673 2493; x_wconf 90' lang='lat' dir='ltr'><strong>quidem,</strong></span> <span class='ocrx_word' id='word_1_173' title='bbox 720 2425 811 2480; x_wconf 91' lang='lat' dir='ltr'><strong>sed</strong></span> <span class='ocrx_word' id='word_1_174' title='bbox 849 2435 956 2480; x_wconf 91' lang='lat' dir='ltr'><strong>tam</strong></span> <span class='ocrx_word' id='word_1_175' title='bbox 999 2424 1256 2482; x_wconf 85' lang='lat' dir='ltr'><strong>ferventis</strong></span> <span class='ocrx_word' id='word_1_176' title='bbox 1297 2428 1648 2494; x_wconf 67' lang='lat' dir='ltr'><strong>obedientiaz,</strong></span> <span class='ocrx_word' id='word_1_177' title='bbox 1694 2439 1799 2484; x_wconf 87' lang='lat' dir='ltr'><strong>tam</strong></span> 
     </span>
    </p>
   </div>
   <div class='ocr_carea' id='block_1_26' title="bbox 214 2515 1800 2593">
    <p class='ocr_par' dir='ltr' id='par_1_26' title="bbox 214 2515 1800 2593">
     <span class='ocr_line' id='line_1_26' title="bbox 214 2515 1800 2593; baseline 0.008 -26"><span class='ocrx_word' id='word_1_178' title='bbox 214 2515 314 2585; x_wconf 82' lang='lat' dir='ltr'><strong>piae</strong></span> <span class='ocrx_word' id='word_1_179' title='bbox 351 2515 499 2581; x_wconf 74' lang='lat' dir='ltr'><strong>vitae,</strong></span> <span class='ocrx_word' id='word_1_180' title='bbox 545 2523 602 2572; x_wconf 92' lang='lat' dir='ltr'><strong>ut</strong></span> <span class='ocrx_word' id='word_1_181' title='bbox 647 2531 984 2586; x_wconf 87' lang='lat' dir='ltr'><strong>nequaquam</strong></span> <span class='ocrx_word' id='word_1_182' title='bbox 1031 2519 1273 2574; x_wconf 89' lang='lat' dir='ltr'><strong>videatur</strong></span> <span class='ocrx_word' id='word_1_183' title='bbox 1319 2520 1614 2591; x_wconf 86' lang='lat' dir='ltr'><strong>indignum,</strong></span> <span class='ocrx_word' id='word_1_184' title='bbox 1659 2523 1800 2593; x_wconf 82' lang='lat' dir='ltr'><strong>quod</strong></span> 
     </span>
    </p>
   </div>
   <div class='ocr_carea' id='block_1_27' title="bbox 218 2605 1610 2681">
    <p class='ocr_par' dir='ltr' id='par_1_27' title="bbox 218 2605 1610 2681">
     <span class='ocr_line' id='line_1_27' title="bbox 218 2605 1610 2681; baseline 0.004 -22"><span class='ocrx_word' id='word_1_185' title='bbox 218 2605 354 2660; x_wconf 90' lang='lat' dir='ltr'><strong>Deus</strong></span> <span class='ocrx_word' id='word_1_186' title='bbox 382 2621 481 2676; x_wconf 90' lang='lat' dir='ltr'><strong>per</strong></span> <span class='ocrx_word' id='word_1_187' title='bbox 512 2621 635 2660; x_wconf 90' lang='lat' dir='ltr'><strong>eum</strong></span> <span class='ocrx_word' id='word_1_188' title='bbox 664 2606 976 2678; x_wconf 81' lang='lat' dir='ltr'><strong>dignaretur</strong></span> <span class='ocrx_word' id='word_1_189' title='bbox 1004 2609 1261 2663; x_wconf 81' lang='lat' dir='ltr'><strong>exhibere</strong></span> <span class='ocrx_word' id='word_1_190' title='bbox 1291 2611 1610 2681; x_wconf 81' lang='lat' dir='ltr'><strong>prodigium.</strong></span> 
     </span>
    </p>
   </div>
   <div class='ocr_carea' id='block_1_28' title="bbox 283 2695 1800 2762">
    <p class='ocr_par' dir='ltr' id='par_1_28' title="bbox 283 2695 1800 2762">
     <span class='ocr_line' id='line_1_28' title="bbox 283 2695 1800 2762; baseline 0.004 -12"><span class='ocrx_word' id='word_1_191' title='bbox 283 2695 363 2750; x_wconf 85' lang='lat' dir='ltr'><strong>Tu</strong></span> <span class='ocrx_word' id='word_1_192' title='bbox 395 2705 603 2761; x_wconf 91' lang='lat' dir='ltr'><strong>autem,</strong></span> <span class='ocrx_word' id='word_1_193' title='bbox 628 2697 950 2753; x_wconf 87' lang='lat' dir='ltr'><strong>venerabilis</strong></span> <span class='ocrx_word' id='word_1_194' title='bbox 975 2696 1166 2762; x_wconf 90' lang='lat' dir='ltr'><strong>frater,</strong></span> <span class='ocrx_word' id='word_1_195' title='bbox 1198 2699 1276 2754; x_wconf 91' lang='lat' dir='ltr'><strong>sic</strong></span> <span class='ocrx_word' id='word_1_196' title='bbox 1306 2701 1522 2755; x_wconf 92' lang='lat' dir='ltr'><strong>domum</strong></span> <span class='ocrx_word' id='word_1_197' title='bbox 1557 2700 1648 2756; x_wconf 84' lang='lat' dir='ltr'><strong>Dei</strong></span> <span class='ocrx_word' id='word_1_198' title='bbox 1678 2716 1800 2756; x_wconf 91' lang='lat' dir='ltr'><strong>cum</strong></span> 
     </span>
    </p>
   </div>
   <div class='ocr_carea' id='block_1_29' title="bbox 217 2788 1799 2862">
    <p class='ocr_par' dir='ltr' id='par_1_29' title="bbox 217 2788 1799 2862">
     <span class='ocr_line' id='line_1_29' title="bbox 217 2788 1799 2862; baseline 0.004 -20"><span class='ocrx_word' id='word_1_199' title='bbox 217 2788 505 2843; x_wconf 90' lang='lat' dir='ltr'><strong>commisso</strong></span> <span class='ocrx_word' id='word_1_200' title='bbox 533 2803 696 2859; x_wconf 82' lang='lat' dir='ltr'><strong>grege</strong></span> <span class='ocrx_word' id='word_1_201' title='bbox 722 2789 1012 2854; x_wconf 84' lang='lat' dir='ltr'><strong>custodias,</strong></span> <span class='ocrx_word' id='word_1_202' title='bbox 1042 2799 1102 2844; x_wconf 91' lang='lat' dir='ltr'><strong>ut</strong></span> <span class='ocrx_word' id='word_1_203' title='bbox 1129 2798 1180 2846; x_wconf 91' lang='lat' dir='ltr'><strong>te</strong></span> <span class='ocrx_word' id='word_1_204' title='bbox 1204 2801 1382 2846; x_wconf 88' lang='lat' dir='ltr'><strong>tamen</strong></span> <span class='ocrx_word' id='word_1_205' title='bbox 1412 2807 1507 2862; x_wconf 91' lang='lat' dir='ltr'><strong>per</strong></span> <span class='ocrx_word' id='word_1_206' title='bbox 1536 2793 1799 2849; x_wconf 89' lang='lat' dir='ltr'><strong>incuriam</strong></span> 
     </span>
    </p>
   </div>
   <div class='ocr_carea' id='block_1_30' title="bbox 216 2877 1802 2952">
    <p class='ocr_par' dir='ltr' id='par_1_30' title="bbox 216 2877 1802 2952">
     <span class='ocr_line' id='line_1_30' title="bbox 216 2877 1802 2952; baseline 0.003 -20"><span class='ocrx_word' id='word_1_207' title='bbox 216 2895 318 2932; x_wconf 90' lang='lat' dir='ltr'><strong>non</strong></span> <span class='ocrx_word' id='word_1_208' title='bbox 355 2878 668 2948; x_wconf 84' lang='lat' dir='ltr'><strong>relinquas;</strong></span> <span class='ocrx_word' id='word_1_209' title='bbox 701 2881 778 2934; x_wconf 89' lang='lat' dir='ltr'><strong>sic</strong></span> <span class='ocrx_word' id='word_1_210' title='bbox 814 2877 1197 2935; x_wconf 85' lang='lat' dir='ltr'><strong>fecunditatem</strong></span> <span class='ocrx_word' id='word_1_211' title='bbox 1239 2879 1348 2935; x_wconf 64' lang='lat' dir='ltr'><strong>Liaa</strong></span> <span class='ocrx_word' id='word_1_212' title='bbox 1374 2882 1655 2952; x_wconf 83' lang='lat' dir='ltr'><strong>gignendis</strong></span> <span class='ocrx_word' id='word_1_213' title='bbox 1680 2882 1802 2937; x_wconf 86' lang='lat' dir='ltr'><strong>feti-</strong></span> 
     </span>
    </p>
   </div>
   <div class='ocr_carea' id='block_1_31' title="bbox 218 2968 1798 3039">
    <p class='ocr_par' dir='ltr' id='par_1_31' title="bbox 218 2968 1798 3039">
     <span class='ocr_line' id='line_1_31' title="bbox 218 2968 1798 3039; baseline 0.002 -16"><span class='ocrx_word' id='word_1_214' title='bbox 218 2969 310 3023; x_wconf 88' lang='lat' dir='ltr'><strong>bus</strong></span> <span class='ocrx_word' id='word_1_215' title='bbox 347 2968 590 3033; x_wconf 87' lang='lat' dir='ltr'><strong>excolas,</strong></span> <span class='ocrx_word' id='word_1_216' title='bbox 633 2977 691 3023; x_wconf 90' lang='lat' dir='ltr'><strong>ut</strong></span> <span class='ocrx_word' id='word_1_217' title='bbox 734 2984 764 3023; x_wconf 93' lang='lat' dir='ltr'><strong>a</strong></span> <span class='ocrx_word' id='word_1_218' title='bbox 794 2978 1028 3025; x_wconf 67' lang='lat' dir='ltr'><strong>venustae</strong></span> <span class='ocrx_word' id='word_1_219' title='bbox 1075 2968 1276 3024; x_wconf 79' lang='lat' dir='ltr'><strong>Rachel</strong></span> <span class='ocrx_word' id='word_1_220' title='bbox 1307 2969 1641 3039; x_wconf 84' lang='lat' dir='ltr'><strong>amplexibus</strong></span> <span class='ocrx_word' id='word_1_221' title='bbox 1689 2985 1798 3026; x_wconf 89' lang='lat' dir='ltr'><strong>non</strong></span> 
     </span>
    </p>
   </div>
   <div class='ocr_carea' id='block_1_32' title="bbox 217 3055 1800 3132">
    <p class='ocr_par' dir='ltr' id='par_1_32' title="bbox 217 3055 1800 3132">
     <span class='ocr_line' id='line_1_32' title="bbox 217 3055 1800 3132; baseline 0.001 -19"><span class='ocrx_word' id='word_1_222' title='bbox 217 3060 438 3113; x_wconf 85' lang='lat' dir='ltr'><strong>recedas</strong></span> <span class='ocrx_word' id='word_1_223' title='bbox 485 3055 640 3128; x_wconf 84' lang='lat' dir='ltr'><strong>(Gen.</strong></span> <span class='ocrx_word' id='word_1_224' title='bbox 675 3058 847 3128; x_wconf 65' lang='grc' dir='ltr'><strong>χχιχ).</strong></span> <span class='ocrx_word' id='word_1_225' title='bbox 895 3057 1012 3112; x_wconf 83' lang='lat' dir='ltr'><strong>Noli</strong></span> <span class='ocrx_word' id='word_1_226' title='bbox 1060 3067 1112 3113; x_wconf 91' lang='lat' dir='ltr'><strong>te</strong></span> <span class='ocrx_word' id='word_1_227' title='bbox 1158 3059 1210 3114; x_wconf 93' lang='lat' dir='ltr'><strong>in</strong></span> <span class='ocrx_word' id='word_1_228' title='bbox 1256 3060 1642 3114; x_wconf 84' lang='lat' dir='ltr'><strong>assentantinm</strong></span> <span class='ocrx_word' id='word_1_229' title='bbox 1691 3060 1800 3132; x_wconf 80' lang='lat'><strong>79</strong></span> 
     </span>
    </p>
   </div>
   <div class='ocr_carea' id='block_1_33' title="bbox 216 3149 1796 3220">
    <p class='ocr_par' dir='ltr' id='par_1_33' title="bbox 216 3149 1796 3220">
     <span class='ocr_line' id='line_1_33' title="bbox 216 3149 1796 3220; baseline 0.002 -16"><span class='ocrx_word' id='word_1_230' title='bbox 216 3149 580 3205; x_wconf 84' lang='lat' dir='ltr'><strong>blandimenta</strong></span> <span class='ocrx_word' id='word_1_231' title='bbox 613 3149 899 3220; x_wconf 86' lang='lat' dir='ltr'><strong>projicere,</strong></span> <span class='ocrx_word' id='word_1_232' title='bbox 931 3166 998 3205; x_wconf 91' lang='lat' dir='ltr'><strong>ne</strong></span> <span class='ocrx_word' id='word_1_233' title='bbox 1028 3151 1155 3205; x_wconf 91' lang='lat' dir='ltr'><strong>dum</strong></span> <span class='ocrx_word' id='word_1_234' title='bbox 1199 3160 1252 3206; x_wconf 91' lang='lat' dir='ltr'><strong>te</strong></span> <span class='ocrx_word' id='word_1_235' title='bbox 1292 3151 1487 3206; x_wconf 81' lang='lat' dir='ltr'><strong>levium</strong></span> <span class='ocrx_word' id='word_1_236' title='bbox 1518 3153 1796 3207; x_wconf 89' lang='lat' dir='ltr'><strong>hominum</strong></span> 
     </span>
    </p>
   </div>
   <div class='ocr_carea' id='block_1_34' title="bbox 1906 594 3481 665">
    <p class='ocr_par' dir='ltr' id='par_1_34' title="bbox 1906 594 3481 665">
     <span class='ocr_line' id='line_1_34' title="bbox 1906 594 3481 665; baseline -0.002 -14"><span class='ocrx_word' id='word_1_237' title='bbox 1906 596 1995 662; x_wconf 89' lang='lat' dir='ltr'><strong>sit,</strong></span> <span class='ocrx_word' id='word_1_238' title='bbox 2029 605 2154 652; x_wconf 91' lang='lat' dir='ltr'><strong>tunc</strong></span> <span class='ocrx_word' id='word_1_239' title='bbox 2184 595 2419 653; x_wconf 90' lang='lat' dir='ltr'><strong>hominis</strong></span> <span class='ocrx_word' id='word_1_240' title='bbox 2443 595 2622 650; x_wconf 87' lang='lat' dir='ltr'><strong>anima</strong></span> <span class='ocrx_word' id='word_1_241' title='bbox 2647 594 2786 650; x_wconf 88' lang='lat' dir='ltr'><strong>facta</strong></span> <span class='ocrx_word' id='word_1_242' title='bbox 2814 603 2899 651; x_wconf 89' lang='lat' dir='ltr'><strong>est</strong></span> <span class='ocrx_word' id='word_1_243' title='bbox 2921 594 3224 665; x_wconf 88' lang='lat' dir='ltr'><strong>paradisus,</strong></span> <span class='ocrx_word' id='word_1_244' title='bbox 3248 602 3304 648; x_wconf 91' lang='lat' dir='ltr'><strong>et</strong></span> <span class='ocrx_word' id='word_1_245' title='bbox 3327 594 3481 662; x_wconf 89' lang='lat' dir='ltr'><strong>quasi</strong></span> 
     </span>
    </p>
   </div>
   <div class='ocr_carea' id='block_1_35' title="bbox 1903 685 3484 755">
    <p class='ocr_par' dir='ltr' id='par_1_35' title="bbox 1903 685 3484 755">
     <span class='ocr_line' id='line_1_35' title="bbox 1903 685 3484 755; baseline -0.001 -13"><span class='ocrx_word' id='word_1_246' title='bbox 1903 703 2031 744; x_wconf 89' lang='lat' dir='ltr'><strong>vere</strong></span> <span class='ocrx_word' id='word_1_247' title='bbox 2055 688 2116 742; x_wconf 87' lang='lat' dir='ltr'><strong>fit</strong></span> <span class='ocrx_word' id='word_1_248' title='bbox 2145 690 2336 745; x_wconf 91' lang='lat' dir='ltr'><strong>hortus</strong></span> <span class='ocrx_word' id='word_1_249' title='bbox 2359 688 2696 743; x_wconf 90' lang='lat' dir='ltr'><strong>deliciarum.</strong></span> <span class='ocrx_word' id='word_1_250' title='bbox 2733 686 2885 743; x_wconf 87' lang='lat' dir='ltr'><strong>Tunc</strong></span> <span class='ocrx_word' id='word_1_251' title='bbox 2911 700 3063 741; x_wconf 91' lang='lat' dir='ltr'><strong>amor</strong></span> <span class='ocrx_word' id='word_1_252' title='bbox 3100 685 3282 740; x_wconf 91' lang='lat' dir='ltr'><strong>mundi</strong></span> <span class='ocrx_word' id='word_1_253' title='bbox 3322 686 3484 755; x_wconf 84' lang='lat' dir='ltr'><strong>hujus</strong></span> 
     </span>
    </p>
   </div>
   <div class='ocr_carea' id='block_1_36' title="bbox 1906 775 3484 844">
    <p class='ocr_par' dir='ltr' id='par_1_36' title="bbox 1906 775 3484 844">
     <span class='ocr_line' id='line_1_36' title="bbox 1906 775 3484 844; baseline -0.003 -9"><span class='ocrx_word' id='word_1_254' title='bbox 1906 779 1963 835; x_wconf 87' lang='lat' dir='ltr'><strong>in</strong></span> <span class='ocrx_word' id='word_1_255' title='bbox 2017 779 2430 835; x_wconf 88' lang='lat' dir='ltr'><strong>amaritudinem</strong></span> <span class='ocrx_word' id='word_1_256' title='bbox 2481 779 2730 844; x_wconf 91' lang='lat' dir='ltr'><strong>vertitur,</strong></span> <span class='ocrx_word' id='word_1_257' title='bbox 2781 793 2934 832; x_wconf 91' lang='lat' dir='ltr'><strong>mens</strong></span> <span class='ocrx_word' id='word_1_258' title='bbox 2985 776 3217 832; x_wconf 88' lang='lat' dir='ltr'><strong>carnalis</strong></span> <span class='ocrx_word' id='word_1_259' title='bbox 3260 775 3484 832; x_wconf 73' lang='lat' dir='ltr'><strong>allectus</strong></span> 
     </span>
    </p>
   </div>
   <div class='ocr_carea' id='block_1_37' title="bbox 1903 868 3482 939">
    <p class='ocr_par' dir='ltr' id='par_1_37' title="bbox 1903 868 3482 939">
     <span class='ocr_line' id='line_1_37' title="bbox 1903 868 3482 939; baseline 0.001 -17"><span class='ocrx_word' id='word_1_260' title='bbox 1903 868 2131 924; x_wconf 90' lang='lat' dir='ltr'><strong>vinculis</strong></span> <span class='ocrx_word' id='word_1_261' title='bbox 2161 869 2409 939; x_wconf 80' lang='lat' dir='ltr'><strong>expedita</strong></span> <span class='ocrx_word' id='word_1_262' title='bbox 2455 868 2510 923; x_wconf 92' lang='lat' dir='ltr'><strong>in</strong></span> <span class='ocrx_word' id='word_1_263' title='bbox 2540 868 2646 923; x_wconf 92' lang='lat' dir='ltr'><strong>alta</strong></span> <span class='ocrx_word' id='word_1_264' title='bbox 2691 868 3011 934; x_wconf 89' lang='lat' dir='ltr'><strong>sustollitur,</strong></span> <span class='ocrx_word' id='word_1_265' title='bbox 3053 876 3106 924; x_wconf 91' lang='lat' dir='ltr'><strong>et</strong></span> <span class='ocrx_word' id='word_1_266' title='bbox 3143 868 3196 922; x_wconf 94' lang='lat' dir='ltr'><strong>in</strong></span> <span class='ocrx_word' id='word_1_267' title='bbox 3243 868 3358 923; x_wconf 91' lang='lat' dir='ltr'><strong>solo</strong></span> <span class='ocrx_word' id='word_1_268' title='bbox 3397 869 3482 924; x_wconf 90' lang='lat' dir='ltr'><strong>sui</strong></span> 
     </span>
    </p>
   </div>
   <div class='ocr_carea' id='block_1_38' title="bbox 1902 957 3484 1029">
    <p class='ocr_par' dir='ltr' id='par_1_38' title="bbox 1902 957 3484 1029">
     <span class='ocr_line' id='line_1_38' title="bbox 1902 957 3484 1029; baseline 0.001 -14"><span class='ocrx_word' id='word_1_269' title='bbox 1902 957 2175 1015; x_wconf 87' lang='lat' dir='ltr'><strong>Creatoris</strong></span> <span class='ocrx_word' id='word_1_270' title='bbox 2204 957 2463 1015; x_wconf 72' lang='lat' dir='ltr'><strong>ineﬂabili</strong></span> <span class='ocrx_word' id='word_1_271' title='bbox 2489 959 2842 1014; x_wconf 88' lang='lat' dir='ltr'><strong>contubernio</strong></span> <span class='ocrx_word' id='word_1_272' title='bbox 2869 958 3186 1025; x_wconf 90' lang='lat' dir='ltr'><strong>delectatur,</strong></span> <span class='ocrx_word' id='word_1_273' title='bbox 3217 960 3352 1015; x_wconf 89' lang='lat' dir='ltr'><strong>sicut</strong></span> <span class='ocrx_word' id='word_1_274' title='bbox 3385 975 3484 1029; x_wconf 89' lang='lat' dir='ltr'><strong>per</strong></span> 
     </span>
    </p>
   </div>
   <div class='ocr_carea' id='block_1_39' title="bbox 1902 1051 3482 1120">
    <p class='ocr_par' dir='ltr' id='par_1_39' title="bbox 1902 1051 3482 1120">
     <span class='ocr_line' id='line_1_39' title="bbox 1902 1051 3482 1120; baseline 0.001 -15"><span class='ocrx_word' id='word_1_275' title='bbox 1902 1051 2149 1106; x_wconf 90' lang='lat' dir='ltr'><strong>eumdem</strong></span> <span class='ocrx_word' id='word_1_276' title='bbox 2176 1052 2492 1120; x_wconf 89' lang='lat' dir='ltr'><strong>prophetam</strong></span> <span class='ocrx_word' id='word_1_277' title='bbox 2520 1051 2716 1106; x_wconf 90' lang='lat' dir='ltr'><strong>dicitur</strong></span> <span class='ocrx_word' id='word_1_278' title='bbox 2745 1070 2758 1105; x_wconf 88' lang='lat'><strong>:</strong></span> <span class='ocrx_word' id='word_1_279' title='bbox 2797 1071 2816 1103; x_wconf 85' lang='grc'><em>‹</em></span> <span class='ocrx_word' id='word_1_280' title='bbox 2845 1051 2981 1107; x_wconf 89' lang='lat' dir='ltr'><strong>Tum</strong></span> <span class='ocrx_word' id='word_1_281' title='bbox 3012 1052 3364 1108; x_wconf 90' lang='lat' dir='ltr'><strong>delectaberis</strong></span> <span class='ocrx_word' id='word_1_282' title='bbox 3392 1067 3482 1108; x_wconf 87' lang='lat' dir='ltr'><strong>su-</strong></span> 
     </span>
    </p>
   </div>
   <div class='ocr_carea' id='block_1_40' title="bbox 1903 1144 3480 1216">
    <p class='ocr_par' dir='ltr' id='par_1_40' title="bbox 1903 1144 3480 1216">
     <span class='ocr_line' id='line_1_40' title="bbox 1903 1144 3480 1216; baseline 0.001 -17"><span class='ocrx_word' id='word_1_283' title='bbox 1903 1159 2001 1216; x_wconf 87' lang='lat' dir='ltr'><strong>per</strong></span> <span class='ocrx_word' id='word_1_284' title='bbox 2027 1144 2278 1210; x_wconf 90' lang='lat' dir='ltr'><strong>Domino,</strong></span> <span class='ocrx_word' id='word_1_285' title='bbox 2303 1152 2357 1198; x_wconf 91' lang='lat' dir='ltr'><strong>et</strong></span> <span class='ocrx_word' id='word_1_286' title='bbox 2388 1144 2664 1199; x_wconf 88' lang='lat' dir='ltr'><strong>sustollam</strong></span> <span class='ocrx_word' id='word_1_287' title='bbox 2696 1153 2747 1198; x_wconf 81' lang='lat' dir='ltr'><strong>te</strong></span> <span class='ocrx_word' id='word_1_288' title='bbox 2773 1159 2933 1215; x_wconf 87' lang='lat' dir='ltr'><strong>super</strong></span> <span class='ocrx_word' id='word_1_289' title='bbox 2959 1145 3293 1201; x_wconf 89' lang='lat' dir='ltr'><strong>altitudinem</strong></span> <span class='ocrx_word' id='word_1_290' title='bbox 3322 1153 3480 1201; x_wconf 77' lang='lat' dir='ltr'><strong>terra:</strong></span> 
     </span>
    </p>
   </div>
   <div class='ocr_carea' id='block_1_41' title="bbox 1903 1235 3481 1310">
    <p class='ocr_par' dir='ltr' id='par_1_41' title="bbox 1903 1235 3481 1310">
     <span class='ocr_line' id='line_1_41' title="bbox 1903 1235 3481 1310; baseline 0.001 -18"><span class='ocrx_word' id='word_1_291' title='bbox 1903 1244 1959 1292; x_wconf 92' lang='lat' dir='ltr'><strong>et</strong></span> <span class='ocrx_word' id='word_1_292' title='bbox 1979 1237 2170 1293; x_wconf 88' lang='lat' dir='ltr'><strong>cibabo</strong></span> <span class='ocrx_word' id='word_1_293' title='bbox 2197 1245 2250 1292; x_wconf 90' lang='lat' dir='ltr'><strong>te</strong></span> <span class='ocrx_word' id='word_1_294' title='bbox 2277 1237 2593 1292; x_wconf 63' lang='lat' dir='ltr'><strong>haereditate</strong></span> <span class='ocrx_word' id='word_1_295' title='bbox 2617 1235 2783 1291; x_wconf 83' lang='lat' dir='ltr'><strong>Jacob</strong></span> <span class='ocrx_word' id='word_1_296' title='bbox 2807 1238 2976 1307; x_wconf 88' lang='lat' dir='ltr'><strong>patris</strong></span> <span class='ocrx_word' id='word_1_297' title='bbox 3000 1237 3075 1292; x_wconf 90' lang='lat' dir='ltr'><strong>tui</strong></span> <span class='ocrx_word' id='word_1_298' title='bbox 3105 1237 3313 1310; x_wconf 83' lang='lat' dir='ltr'><strong>(lbid.).</strong></span> <span class='ocrx_word' id='word_1_299' title='bbox 3349 1257 3369 1289; x_wconf 66' lang='grc' dir='ltr'><strong><em>ι</em></strong></span> <span class='ocrx_word' id='word_1_300' title='bbox 3399 1237 3481 1293; x_wconf 83' lang='lat' dir='ltr'><strong>Ad</strong></span> 
     </span>
    </p>
   </div>
   <div class='ocr_carea' id='block_1_42' title="bbox 1905 1327 3484 1396">
    <p class='ocr_par' dir='ltr' id='par_1_42' title="bbox 1905 1327 3484 1396">
     <span class='ocr_line' id='line_1_42' title="bbox 1905 1327 3484 1396; baseline 0.001 -12"><span class='ocrx_word' id='word_1_301' title='bbox 1905 1328 2007 1384; x_wconf 91' lang='lat' dir='ltr'><strong>hoc</strong></span> <span class='ocrx_word' id='word_1_302' title='bbox 2044 1329 2333 1396; x_wconf 89' lang='lat' dir='ltr'><strong>enitamur,</strong></span> <span class='ocrx_word' id='word_1_303' title='bbox 2373 1327 2681 1384; x_wconf 87' lang='lat' dir='ltr'><strong>dulcissime</strong></span> <span class='ocrx_word' id='word_1_304' title='bbox 2715 1328 2903 1395; x_wconf 89' lang='lat' dir='ltr'><strong>frater,</strong></span> <span class='ocrx_word' id='word_1_305' title='bbox 2940 1329 3141 1385; x_wconf 72' lang='lat' dir='ltr'><strong>intima:</strong></span> <span class='ocrx_word' id='word_1_306' title='bbox 3175 1329 3484 1386; x_wconf 82' lang='lat' dir='ltr'><strong>refectionis</strong></span> 
     </span>
    </p>
   </div>
   <div class='ocr_carea' id='block_1_43' title="bbox 1904 1422 3482 1494">
    <p class='ocr_par' dir='ltr' id='par_1_43' title="bbox 1904 1422 3482 1494">
     <span class='ocr_line' id='line_1_43' title="bbox 1904 1422 3482 1494; baseline 0.001 -18"><span class='ocrx_word' id='word_1_307' title='bbox 1904 1422 2118 1493; x_wconf 90' lang='lat' dir='ltr'><strong>epulum</strong></span> <span class='ocrx_word' id='word_1_308' title='bbox 2171 1423 2420 1490; x_wconf 88' lang='lat' dir='ltr'><strong>tendere;</strong></span> <span class='ocrx_word' id='word_1_309' title='bbox 2470 1424 2568 1478; x_wconf 90' lang='lat' dir='ltr'><strong>has</strong></span> <span class='ocrx_word' id='word_1_310' title='bbox 2611 1438 2885 1494; x_wconf 90' lang='lat' dir='ltr'><strong>nunquam</strong></span> <span class='ocrx_word' id='word_1_311' title='bbox 2933 1423 3241 1478; x_wconf 86' lang='lat' dir='ltr'><strong>desinamus</strong></span> <span class='ocrx_word' id='word_1_312' title='bbox 3287 1423 3482 1492; x_wconf 86' lang='lat' dir='ltr'><strong>dapum</strong></span> 
     </span>
    </p>
   </div>
   <div class='ocr_carea' id='block_1_44' title="bbox 1905 1512 3483 1584">
    <p class='ocr_par' dir='ltr' id='par_1_44' title="bbox 1905 1512 3483 1584">
     <span class='ocr_line' id='line_1_44' title="bbox 1905 1512 3483 1584; baseline 0 -16"><span class='ocrx_word' id='word_1_313' title='bbox 1905 1513 2208 1568; x_wconf 77' lang='lat' dir='ltr'><strong>ccelestium</strong></span> <span class='ocrx_word' id='word_1_314' title='bbox 2242 1514 2461 1569; x_wconf 89' lang='lat' dir='ltr'><strong>delicias</strong></span> <span class='ocrx_word' id='word_1_315' title='bbox 2489 1514 2717 1579; x_wconf 78' lang='lat' dir='ltr'><strong>esurire,</strong></span> <span class='ocrx_word' id='word_1_316' title='bbox 2749 1522 3014 1584; x_wconf 90' lang='lat' dir='ltr'><strong>quatenus</strong></span> <span class='ocrx_word' id='word_1_317' title='bbox 3040 1513 3167 1569; x_wconf 92' lang='lat' dir='ltr'><strong>dum</strong></span> <span class='ocrx_word' id='word_1_318' title='bbox 3202 1514 3303 1568; x_wconf 91' lang='lat' dir='ltr'><strong>hoc</strong></span> <span class='ocrx_word' id='word_1_319' title='bbox 3327 1512 3483 1583; x_wconf 89' lang='lat' dir='ltr'><strong>quasi</strong></span> 
     </span>
    </p>
   </div>
   <div class='ocr_carea' id='block_1_45' title="bbox 1903 1599 3484 1672">
    <p class='ocr_par' dir='ltr' id='par_1_45' title="bbox 1903 1599 3484 1672">
     <span class='ocr_line' id='line_1_45' title="bbox 1903 1599 3484 1672; baseline 0 -17"><span class='ocrx_word' id='word_1_320' title='bbox 1903 1615 2071 1672; x_wconf 90' lang='lat' dir='ltr'><strong>parvo</strong></span> <span class='ocrx_word' id='word_1_321' title='bbox 2095 1600 2386 1670; x_wconf 73' lang='lat' dir='ltr'><strong>ientaculo,</strong></span> <span class='ocrx_word' id='word_1_322' title='bbox 2415 1617 2484 1658; x_wconf 92' lang='lat' dir='ltr'><strong>ne</strong></span> <span class='ocrx_word' id='word_1_323' title='bbox 2527 1601 2840 1658; x_wconf 88' lang='lat' dir='ltr'><strong>deficiamus</strong></span> <span class='ocrx_word' id='word_1_324' title='bbox 2867 1601 2921 1656; x_wconf 91' lang='lat' dir='ltr'><strong>in</strong></span> <span class='ocrx_word' id='word_1_325' title='bbox 2948 1601 3056 1666; x_wconf 88' lang='lat' dir='ltr'><strong>via,</strong></span> <span class='ocrx_word' id='word_1_326' title='bbox 3085 1599 3382 1666; x_wconf 80' lang='lat' dir='ltr'><strong>deficimus,</strong></span> <span class='ocrx_word' id='word_1_327' title='bbox 3414 1599 3484 1655; x_wconf 90' lang='lat' dir='ltr'><strong>ad</strong></span> 
     </span>
    </p>
   </div>
   <div class='ocr_carea' id='block_1_46' title="bbox 1906 1692 3484 1766">
    <p class='ocr_par' dir='ltr' id='par_1_46' title="bbox 1906 1692 3484 1766">
     <span class='ocr_line' id='line_1_46' title="bbox 1906 1692 3484 1766; baseline 0.001 -18"><span class='ocrx_word' id='word_1_328' title='bbox 1906 1693 2036 1748; x_wconf 87' lang='lat' dir='ltr'><strong>illud</strong></span> <span class='ocrx_word' id='word_1_329' title='bbox 2082 1693 2319 1764; x_wconf 92' lang='lat' dir='ltr'><strong>plenum,</strong></span> <span class='ocrx_word' id='word_1_330' title='bbox 2364 1694 2591 1766; x_wconf 90' lang='lat' dir='ltr'><strong>quodin</strong></span> <span class='ocrx_word' id='word_1_331' title='bbox 2637 1694 2775 1748; x_wconf 71' lang='lat' dir='ltr'><strong>cmlo</strong></span> <span class='ocrx_word' id='word_1_332' title='bbox 2819 1702 2922 1758; x_wconf 89' lang='lat' dir='ltr'><strong>est,</strong></span> <span class='ocrx_word' id='word_1_333' title='bbox 2954 1693 3208 1763; x_wconf 87' lang='lat' dir='ltr'><strong>nuptialis</strong></span> <span class='ocrx_word' id='word_1_334' title='bbox 3253 1692 3484 1750; x_wconf 82' lang='lat' dir='ltr'><strong>convivii</strong></span> 
     </span>
    </p>
   </div>
   <div class='ocr_carea' id='block_1_47' title="bbox 1907 1785 3484 1856">
    <p class='ocr_par' dir='ltr' id='par_1_47' title="bbox 1907 1785 3484 1856">
     <span class='ocr_line' id='line_1_47' title="bbox 1907 1785 3484 1856; baseline 0.001 -18"><span class='ocrx_word' id='word_1_335' title='bbox 1907 1785 2172 1841; x_wconf 88' lang='lat' dir='ltr'><strong>ferculum</strong></span> <span class='ocrx_word' id='word_1_336' title='bbox 2198 1787 2524 1842; x_wconf 89' lang='lat' dir='ltr'><strong>nutriamur.</strong></span> <span class='ocrx_word' id='word_1_337' title='bbox 2567 1787 2634 1840; x_wconf 88' lang='lat' dir='ltr'><strong>Et</strong></span> <span class='ocrx_word' id='word_1_338' title='bbox 2662 1800 2970 1856; x_wconf 89' lang='lat' dir='ltr'><strong>quanquam</strong></span> <span class='ocrx_word' id='word_1_339' title='bbox 2996 1785 3221 1840; x_wconf 88' lang='lat' dir='ltr'><strong>diversis</strong></span> <span class='ocrx_word' id='word_1_340' title='bbox 3244 1795 3296 1840; x_wconf 91' lang='lat' dir='ltr'><strong>te</strong></span> <span class='ocrx_word' id='word_1_341' title='bbox 3321 1798 3484 1854; x_wconf 90' lang='lat' dir='ltr'><strong>nego-</strong></span> 
     </span>
    </p>
   </div>
   <div class='ocr_carea' id='block_1_48' title="bbox 1831 1859 3484 1947">
    <p class='ocr_par' dir='ltr' id='par_1_48' title="bbox 1831 1859 3484 1947">
     <span class='ocr_line' id='line_1_48' title="bbox 1831 1859 3484 1947; baseline 0 -17"><span class='ocrx_word' id='word_1_342' title='bbox 1831 1859 1879 1920; x_wconf 84' lang='grc' dir='ltr'><strong>Β</strong></span> <span class='ocrx_word' id='word_1_343' title='bbox 1908 1875 1997 1931; x_wconf 91' lang='lat' dir='ltr'><strong>tiis</strong></span> <span class='ocrx_word' id='word_1_344' title='bbox 2019 1891 2147 1931; x_wconf 92' lang='lat' dir='ltr'><strong>cura</strong></span> <span class='ocrx_word' id='word_1_345' title='bbox 2175 1875 2454 1947; x_wconf 87' lang='lat' dir='ltr'><strong>regiminis</strong></span> <span class='ocrx_word' id='word_1_346' title='bbox 2473 1875 2762 1946; x_wconf 86' lang='lat' dir='ltr'><strong>opprimat,</strong></span> <span class='ocrx_word' id='word_1_347' title='bbox 2791 1875 2859 1929; x_wconf 91' lang='lat' dir='ltr'><strong>ad</strong></span> <span class='ocrx_word' id='word_1_348' title='bbox 2888 1874 3064 1929; x_wconf 92' lang='lat' dir='ltr'><strong>sinum</strong></span> <span class='ocrx_word' id='word_1_349' title='bbox 3087 1882 3265 1928; x_wconf 90' lang='lat' dir='ltr'><strong>tamen</strong></span> <span class='ocrx_word' id='word_1_350' title='bbox 3288 1874 3484 1942; x_wconf 83' lang='lat' dir='ltr'><strong>quietis</strong></span> 
     </span>
    </p>
   </div>
   <div class='ocr_carea' id='block_1_49' title="bbox 1907 1955 3483 2037">
    <p class='ocr_par' dir='ltr' id='par_1_49' title="bbox 1907 1955 3483 2037">
     <span class='ocr_line' id='line_1_49' title="bbox 1907 1955 3483 2037; baseline -0.001 -17"><span class='ocrx_word' id='word_1_351' title='bbox 1907 1966 2129 2031; x_wconf 64' lang='lat' dir='ltr'><strong>intimae,</strong></span> <span class='ocrx_word' id='word_1_352' title='bbox 2171 1982 2293 2021; x_wconf 90' lang='lat' dir='ltr'><strong>cum</strong></span> <span class='ocrx_word' id='word_1_353' title='bbox 2324 1955 2542 2037; x_wconf 84' lang='lat' dir='ltr'><strong>poterit,</strong></span> <span class='ocrx_word' id='word_1_354' title='bbox 2572 1979 2724 2020; x_wconf 90' lang='lat' dir='ltr'><strong>mens</strong></span> <span class='ocrx_word' id='word_1_355' title='bbox 2763 1972 3026 2020; x_wconf 85' lang='lat' dir='ltr'><strong>recurrat.</strong></span> <span class='ocrx_word' id='word_1_356' title='bbox 3060 1963 3305 2018; x_wconf 86' lang='lat' dir='ltr'><strong>Imitatus</strong></span> <span class='ocrx_word' id='word_1_357' title='bbox 3333 1963 3483 2018; x_wconf 81' lang='lat' dir='ltr'><strong>scili-</strong></span> 
     </span>
    </p>
   </div>
   <div class='ocr_carea' id='block_1_50' title="bbox 1902 2054 3485 2130">
    <p class='ocr_par' dir='ltr' id='par_1_50' title="bbox 1902 2054 3485 2130">
     <span class='ocr_line' id='line_1_50' title="bbox 1902 2054 3485 2130; baseline -0.003 -16"><span class='ocrx_word' id='word_1_358' title='bbox 1902 2068 1988 2114; x_wconf 91' lang='lat' dir='ltr'><strong>cet</strong></span> <span class='ocrx_word' id='word_1_359' title='bbox 2023 2059 2264 2130; x_wconf 84' lang='lat' dir='ltr'><strong>Moysen,</strong></span> <span class='ocrx_word' id='word_1_360' title='bbox 2310 2059 2402 2129; x_wconf 89' lang='lat' dir='ltr'><strong>qui</strong></span> <span class='ocrx_word' id='word_1_361' title='bbox 2452 2057 2859 2113; x_wconf 90' lang='lat' dir='ltr'><strong>tabernaculum</strong></span> <span class='ocrx_word' id='word_1_362' title='bbox 2904 2055 3124 2112; x_wconf 73' lang='lat' dir='ltr'><strong>foederis</strong></span> <span class='ocrx_word' id='word_1_363' title='bbox 3172 2054 3485 2124; x_wconf 88' lang='lat' dir='ltr'><strong>frequenter</strong></span> 
     </span>
    </p>
   </div>
   <div class='ocr_carea' id='block_1_51' title="bbox 1904 2145 3483 2219">
    <p class='ocr_par' dir='ltr' id='par_1_51' title="bbox 1904 2145 3483 2219">
     <span class='ocr_line' id='line_1_51' title="bbox 1904 2145 3483 2219; baseline -0.001 -16"><span class='ocrx_word' id='word_1_364' title='bbox 1904 2150 2139 2204; x_wconf 88' lang='lat' dir='ltr'><strong>intrabat</strong></span> <span class='ocrx_word' id='word_1_365' title='bbox 2161 2158 2216 2205; x_wconf 91' lang='lat' dir='ltr'><strong>et</strong></span> <span class='ocrx_word' id='word_1_366' title='bbox 2237 2149 2421 2204; x_wconf 80' lang='lat' dir='ltr'><strong>exibat</strong></span> <span class='ocrx_word' id='word_1_367' title='bbox 2445 2148 2640 2219; x_wconf 79' lang='lat' dir='ltr'><strong>(Exod.</strong></span> <span class='ocrx_word' id='word_1_368' title='bbox 2665 2148 2881 2217; x_wconf 80' lang='lat' dir='ltr'><strong>xxxm).</strong></span> <span class='ocrx_word' id='word_1_369' title='bbox 2912 2146 3050 2214; x_wconf 85' lang='lat' dir='ltr'><strong>Quid</strong></span> <span class='ocrx_word' id='word_1_370' title='bbox 3069 2153 3151 2202; x_wconf 92' lang='lat' dir='ltr'><strong>est</strong></span> <span class='ocrx_word' id='word_1_371' title='bbox 3174 2146 3315 2201; x_wconf 89' lang='lat' dir='ltr'><strong>enim</strong></span> <span class='ocrx_word' id='word_1_372' title='bbox 3337 2145 3483 2216; x_wconf 87' lang='lat' dir='ltr'><strong>quod</strong></span> 
     </span>
    </p>
   </div>
   <div class='ocr_carea' id='block_1_52' title="bbox 1902 2233 3482 2307">
    <p class='ocr_par' dir='ltr' id='par_1_52' title="bbox 1902 2233 3482 2307">
     <span class='ocr_line' id='line_1_52' title="bbox 1902 2233 3482 2307; baseline -0.003 -13"><span class='ocrx_word' id='word_1_373' title='bbox 1902 2239 1990 2294; x_wconf 92' lang='lat' dir='ltr'><strong>ille</strong></span> <span class='ocrx_word' id='word_1_374' title='bbox 2013 2240 2205 2294; x_wconf 90' lang='lat' dir='ltr'><strong>crebro</strong></span> <span class='ocrx_word' id='word_1_375' title='bbox 2230 2237 2630 2292; x_wconf 88' lang='lat' dir='ltr'><strong>tabernaculum</strong></span> <span class='ocrx_word' id='word_1_376' title='bbox 2661 2237 2964 2307; x_wconf 83' lang='lat' dir='ltr'><strong>ingreditur</strong></span> <span class='ocrx_word' id='word_1_377' title='bbox 2983 2243 3038 2290; x_wconf 92' lang='lat' dir='ltr'><strong>et</strong></span> <span class='ocrx_word' id='word_1_378' title='bbox 3057 2235 3345 2306; x_wconf 80' lang='lat' dir='ltr'><strong>egreditur,</strong></span> <span class='ocrx_word' id='word_1_379' title='bbox 3375 2233 3482 2290; x_wconf 80' lang='lat' dir='ltr'><strong>nisi</strong></span> 
     </span>
    </p>
   </div>
   <div class='ocr_carea' id='block_1_53' title="bbox 1903 2325 3487 2397">
    <p class='ocr_par' dir='ltr' id='par_1_53' title="bbox 1903 2325 3487 2397">
     <span class='ocr_line' id='line_1_53' title="bbox 1903 2325 3487 2397; baseline -0.003 -14"><span class='ocrx_word' id='word_1_380' title='bbox 1903 2338 1963 2383; x_wconf 92' lang='lat' dir='ltr'><strong>ut</strong></span> <span class='ocrx_word' id='word_1_381' title='bbox 1988 2327 2289 2397; x_wconf 76' lang='lat' dir='ltr'><strong>exemplum</strong></span> <span class='ocrx_word' id='word_1_382' title='bbox 2320 2328 2576 2397; x_wconf 82' lang='lat' dir='ltr'><strong>praebeat,</strong></span> <span class='ocrx_word' id='word_1_383' title='bbox 2601 2327 2743 2396; x_wconf 91' lang='lat' dir='ltr'><strong>quod</strong></span> <span class='ocrx_word' id='word_1_384' title='bbox 2776 2325 2841 2392; x_wconf 88' lang='lat' dir='ltr'><strong>is,</strong></span> <span class='ocrx_word' id='word_1_385' title='bbox 2869 2325 2960 2395; x_wconf 91' lang='lat' dir='ltr'><strong>qui</strong></span> <span class='ocrx_word' id='word_1_386' title='bbox 2991 2325 3136 2379; x_wconf 88' lang='lat' dir='ltr'><strong>intus</strong></span> <span class='ocrx_word' id='word_1_387' title='bbox 3159 2325 3212 2378; x_wconf 92' lang='lat' dir='ltr'><strong>in</strong></span> <span class='ocrx_word' id='word_1_388' title='bbox 3245 2334 3487 2380; x_wconf 88' lang='lat' dir='ltr'><strong>contem-</strong></span> 
     </span>
    </p>
   </div>
   <div class='ocr_carea' id='block_1_54' title="bbox 1900 2415 3486 2492">
    <p class='ocr_par' dir='ltr' id='par_1_54' title="bbox 1900 2415 3486 2492">
     <span class='ocr_line' id='line_1_54' title="bbox 1900 2415 3486 2492; baseline -0.002 -17"><span class='ocrx_word' id='word_1_389' title='bbox 1900 2421 2191 2492; x_wconf 86' lang='lat' dir='ltr'><strong>plationem</strong></span> <span class='ocrx_word' id='word_1_390' title='bbox 2238 2421 2468 2490; x_wconf 88' lang='lat' dir='ltr'><strong>rapitur,</strong></span> <span class='ocrx_word' id='word_1_391' title='bbox 2498 2419 2631 2475; x_wconf 86' lang='lat' dir='ltr'><strong>foris</strong></span> <span class='ocrx_word' id='word_1_392' title='bbox 2670 2415 3058 2473; x_wconf 79' lang='lat' dir='ltr'><strong>infirmantium</strong></span> <span class='ocrx_word' id='word_1_393' title='bbox 3103 2416 3332 2486; x_wconf 88' lang='lat' dir='ltr'><strong>negotiis</strong></span> <span class='ocrx_word' id='word_1_394' title='bbox 3378 2415 3486 2472; x_wconf 78' lang='lat' dir='ltr'><strong>fre-</strong></span> 
     </span>
    </p>
   </div>
   <div class='ocr_carea' id='block_1_55' title="bbox 1901 2505 3485 2580">
    <p class='ocr_par' dir='ltr' id='par_1_55' title="bbox 1901 2505 3485 2580">
     <span class='ocr_line' id='line_1_55' title="bbox 1901 2505 3485 2580; baseline -0.001 -16"><span class='ocrx_word' id='word_1_395' title='bbox 1901 2519 2130 2580; x_wconf 88' lang='lat' dir='ltr'><strong>quenter</strong></span> <span class='ocrx_word' id='word_1_396' title='bbox 2160 2518 2405 2580; x_wconf 85' lang='lat' dir='ltr'><strong>urgetur,</strong></span> <span class='ocrx_word' id='word_1_397' title='bbox 2449 2508 2594 2563; x_wconf 91' lang='lat' dir='ltr'><strong>intus</strong></span> <span class='ocrx_word' id='word_1_398' title='bbox 2636 2507 2731 2562; x_wconf 89' lang='lat' dir='ltr'><strong>Dei</strong></span> <span class='ocrx_word' id='word_1_399' title='bbox 2765 2521 2964 2561; x_wconf 89' lang='lat' dir='ltr'><strong>arcana</strong></span> <span class='ocrx_word' id='word_1_400' title='bbox 2995 2506 3319 2572; x_wconf 88' lang='lat' dir='ltr'><strong>considerat,</strong></span> <span class='ocrx_word' id='word_1_401' title='bbox 3352 2505 3485 2562; x_wconf 80' lang='lat' dir='ltr'><strong>foris</strong></span> 
     </span>
    </p>
   </div>
   <div class='ocr_carea' id='block_1_56' title="bbox 1901 2594 3485 2669">
    <p class='ocr_par' dir='ltr' id='par_1_56' title="bbox 1901 2594 3485 2669">
     <span class='ocr_line' id='line_1_56' title="bbox 1901 2594 3485 2669; baseline -0.003 -13"><span class='ocrx_word' id='word_1_402' title='bbox 1901 2616 2066 2656; x_wconf 89' lang='lat' dir='ltr'><strong>onera</strong></span> <span class='ocrx_word' id='word_1_403' title='bbox 2097 2599 2393 2655; x_wconf 90' lang='lat' dir='ltr'><strong>carnalium</strong></span> <span class='ocrx_word' id='word_1_404' title='bbox 2425 2607 2622 2669; x_wconf 91' lang='lat' dir='ltr'><strong>portat.</strong></span> <span class='ocrx_word' id='word_1_405' title='bbox 2654 2597 2755 2665; x_wconf 87' lang='lat' dir='ltr'><strong>Qui</strong></span> <span class='ocrx_word' id='word_1_406' title='bbox 2785 2597 2850 2652; x_wconf 92' lang='lat' dir='ltr'><strong>de</strong></span> <span class='ocrx_word' id='word_1_407' title='bbox 2880 2597 3041 2652; x_wconf 90' lang='lat' dir='ltr'><strong>rebus</strong></span> <span class='ocrx_word' id='word_1_408' title='bbox 3069 2611 3281 2666; x_wconf 89' lang='lat' dir='ltr'><strong>quoque</strong></span> <span class='ocrx_word' id='word_1_409' title='bbox 3308 2594 3485 2651; x_wconf 85' lang='lat' dir='ltr'><strong>dubiis</strong></span> 
     </span>
    </p>
   </div>
   <div class='ocr_carea' id='block_1_57' title="bbox 1900 2686 3484 2759">
    <p class='ocr_par' dir='ltr' id='par_1_57' title="bbox 1900 2686 3484 2759">
     <span class='ocr_line' id='line_1_57' title="bbox 1900 2686 3484 2759; baseline -0.003 -14"><span class='ocrx_word' id='word_1_410' title='bbox 1900 2704 2115 2759; x_wconf 91' lang='lat' dir='ltr'><strong>semper</strong></span> <span class='ocrx_word' id='word_1_411' title='bbox 2149 2689 2216 2744; x_wconf 89' lang='lat' dir='ltr'><strong>ad</strong></span> <span class='ocrx_word' id='word_1_412' title='bbox 2245 2687 2654 2744; x_wconf 89' lang='lat' dir='ltr'><strong>tabernaculum</strong></span> <span class='ocrx_word' id='word_1_413' title='bbox 2696 2686 2946 2751; x_wconf 89' lang='lat' dir='ltr'><strong>recurrit,</strong></span> <span class='ocrx_word' id='word_1_414' title='bbox 2991 2700 3054 2741; x_wconf 90' lang='lat' dir='ltr'><strong>ac</strong></span> <span class='ocrx_word' id='word_1_415' title='bbox 3090 2700 3274 2742; x_wconf 90' lang='lat' dir='ltr'><strong>coram</strong></span> <span class='ocrx_word' id='word_1_416' title='bbox 3315 2693 3484 2740; x_wconf 85' lang='lat' dir='ltr'><strong>testa-</strong></span> 
     </span>
    </p>
   </div>
   <div class='ocr_carea' id='block_1_58' title="bbox 1900 2773 3485 2846">
    <p class='ocr_par' dir='ltr' id='par_1_58' title="bbox 1900 2773 3485 2846">
     <span class='ocr_line' id='line_1_58' title="bbox 1900 2773 3485 2846; baseline -0.005 -9"><span class='ocrx_word' id='word_1_417' title='bbox 1900 2780 2066 2836; x_wconf 89' lang='lat' dir='ltr'><strong>menti</strong></span> <span class='ocrx_word' id='word_1_418' title='bbox 2094 2795 2216 2834; x_wconf 88' lang='lat' dir='ltr'><strong>arca</strong></span> <span class='ocrx_word' id='word_1_419' title='bbox 2247 2779 2534 2834; x_wconf 89' lang='lat' dir='ltr'><strong>Dominum</strong></span> <span class='ocrx_word' id='word_1_420' title='bbox 2565 2775 2816 2841; x_wconf 90' lang='lat' dir='ltr'><strong>consulit,</strong></span> <span class='ocrx_word' id='word_1_421' title='bbox 2847 2774 3074 2830; x_wconf 91' lang='lat' dir='ltr'><strong>formam</strong></span> <span class='ocrx_word' id='word_1_422' title='bbox 3104 2774 3289 2846; x_wconf 89' lang='lat' dir='ltr'><strong>procul</strong></span> <span class='ocrx_word' id='word_1_423' title='bbox 3318 2773 3485 2830; x_wconf 88' lang='lat' dir='ltr'><strong>dubio</strong></span> 
     </span>
    </p>
   </div>
   <div class='ocr_carea' id='block_1_59' title="bbox 1900 2866 3482 2941">
    <p class='ocr_par' dir='ltr' id='par_1_59' title="bbox 1900 2866 3482 2941">
     <span class='ocr_line' id='line_1_59' title="bbox 1900 2866 3482 2941; baseline -0.003 -15"><span class='ocrx_word' id='word_1_424' title='bbox 1900 2873 2200 2927; x_wconf 90' lang='lat' dir='ltr'><strong>rectoribus</strong></span> <span class='ocrx_word' id='word_1_425' title='bbox 2223 2869 2573 2941; x_wconf 82' lang='lat' dir='ltr'><strong>praebens,&#39;ut</strong></span> <span class='ocrx_word' id='word_1_426' title='bbox 2601 2884 2724 2924; x_wconf 89' lang='lat' dir='ltr'><strong>cum</strong></span> <span class='ocrx_word' id='word_1_427' title='bbox 2751 2867 2883 2924; x_wconf 89' lang='lat' dir='ltr'><strong>foris</strong></span> <span class='ocrx_word' id='word_1_428' title='bbox 2910 2868 3187 2938; x_wconf 89' lang='lat' dir='ltr'><strong>ambigunt</strong></span> <span class='ocrx_word' id='word_1_429' title='bbox 3212 2867 3339 2936; x_wconf 90' lang='lat' dir='ltr'><strong>quid</strong></span> <span class='ocrx_word' id='word_1_430' title='bbox 3367 2866 3482 2922; x_wconf 87' lang='lat' dir='ltr'><strong>dis-</strong></span> 
     </span>
    </p>
   </div>
   <div class='ocr_carea' id='block_1_60' title="bbox 1899 2958 3480 3034">
    <p class='ocr_par' dir='ltr' id='par_1_60' title="bbox 1899 2958 3480 3034">
     <span class='ocr_line' id='line_1_60' title="bbox 1899 2958 3480 3034; baseline -0.001 -15"><span class='ocrx_word' id='word_1_431' title='bbox 1899 2971 2142 3034; x_wconf 88' lang='lat' dir='ltr'><strong>ponant,</strong></span> <span class='ocrx_word' id='word_1_432' title='bbox 2176 2963 2244 3017; x_wconf 89' lang='lat' dir='ltr'><strong>ad</strong></span> <span class='ocrx_word' id='word_1_433' title='bbox 2273 2970 2508 3016; x_wconf 90' lang='lat' dir='ltr'><strong>mentem</strong></span> <span class='ocrx_word' id='word_1_434' title='bbox 2551 2974 2765 3031; x_wconf 90' lang='lat' dir='ltr'><strong>semper</strong></span> <span class='ocrx_word' id='word_1_435' title='bbox 2789 2959 2943 3029; x_wconf 87' lang='lat' dir='ltr'><strong>quasi</strong></span> <span class='ocrx_word' id='word_1_436' title='bbox 2973 2959 3040 3014; x_wconf 90' lang='lat' dir='ltr'><strong>ad</strong></span> <span class='ocrx_word' id='word_1_437' title='bbox 3075 2958 3480 3017; x_wconf 84' lang='lat' dir='ltr'><strong>tabernaculum</strong></span> 
     </span>
    </p>
   </div>
   <div class='ocr_carea' id='block_1_61' title="bbox 1898 3048 3482 3120">
    <p class='ocr_par' dir='ltr' id='par_1_61' title="bbox 1898 3048 3482 3120">
     <span class='ocr_line' id='line_1_61' title="bbox 1898 3048 3482 3120; baseline -0.004 -10"><span class='ocrx_word' id='word_1_438' title='bbox 1898 3053 2139 3120; x_wconf 88' lang='lat' dir='ltr'><strong>redeant,</strong></span> <span class='ocrx_word' id='word_1_439' title='bbox 2184 3062 2240 3108; x_wconf 90' lang='lat' dir='ltr'><strong>et</strong></span> <span class='ocrx_word' id='word_1_440' title='bbox 2265 3052 2409 3107; x_wconf 90' lang='lat' dir='ltr'><strong>velut</strong></span> <span class='ocrx_word' id='word_1_441' title='bbox 2446 3066 2628 3107; x_wconf 88' lang='lat' dir='ltr'><strong>coram</strong></span> <span class='ocrx_word' id='word_1_442' title='bbox 2670 3049 2974 3106; x_wconf 86' lang='lat' dir='ltr'><strong>testamenti</strong></span> <span class='ocrx_word' id='word_1_443' title='bbox 3021 3063 3148 3104; x_wconf 87' lang='lat' dir='ltr'><strong>arca</strong></span> <span class='ocrx_word' id='word_1_444' title='bbox 3193 3048 3482 3110; x_wconf 73' lang='lat' dir='ltr'><strong>Dominum</strong></span> 
     </span>
    </p>
   </div>
   <div class='ocr_carea' id='block_1_62' title="bbox 1900 3142 3484 3214">
    <p class='ocr_par' dir='ltr' id='par_1_62' title="bbox 1900 3142 3484 3214">
     <span class='ocr_line' id='line_1_62' title="bbox 1900 3142 3484 3214; baseline -0.003 -12"><span class='ocrx_word' id='word_1_445' title='bbox 1900 3147 2204 3213; x_wconf 89' lang='lat' dir='ltr'><strong>consulant,</strong></span> <span class='ocrx_word' id='word_1_446' title='bbox 2235 3146 2281 3201; x_wconf 92' lang='lat' dir='ltr'><strong>si</strong></span> <span class='ocrx_word' id='word_1_447' title='bbox 2321 3147 2389 3201; x_wconf 93' lang='lat' dir='ltr'><strong>de</strong></span> <span class='ocrx_word' id='word_1_448' title='bbox 2422 3145 2510 3210; x_wconf 89' lang='lat' dir='ltr'><strong>iis,</strong></span> <span class='ocrx_word' id='word_1_449' title='bbox 2536 3145 2590 3199; x_wconf 90' lang='lat' dir='ltr'><strong>in</strong></span> <span class='ocrx_word' id='word_1_450' title='bbox 2618 3143 2813 3214; x_wconf 91' lang='lat' dir='ltr'><strong>quibus</strong></span> <span class='ocrx_word' id='word_1_451' title='bbox 2839 3142 3088 3198; x_wconf 91' lang='lat' dir='ltr'><strong>dubitant</strong></span> <span class='ocrx_word' id='word_1_452' title='bbox 3116 3142 3254 3212; x_wconf 90' lang='lat' dir='ltr'><strong>apud</strong></span> <span class='ocrx_word' id='word_1_453' title='bbox 3285 3149 3484 3197; x_wconf 84' lang='lat' dir='ltr'><strong>semet-</strong></span> 
     </span>
    </p>
   </div>
   <div class='ocr_carea' id='block_1_63' title="bbox 213 3232 3484 3311">
    <p class='ocr_par' dir='ltr' id='par_1_63' title="bbox 213 3232 3484 3311">
     <span class='ocr_line' id='line_1_63' title="bbox 213 3232 3484 3311; baseline -0.001 -17"><span class='ocrx_word' id='word_1_454' title='bbox 213 3254 347 3294; x_wconf 89' lang='lat' dir='ltr'><strong>vaua</strong></span> <span class='ocrx_word' id='word_1_455' title='bbox 373 3238 543 3295; x_wconf 88' lang='lat' dir='ltr'><strong>verba</strong></span> <span class='ocrx_word' id='word_1_456' title='bbox 570 3239 858 3305; x_wconf 91' lang='lat' dir='ltr'><strong>delectant,</strong></span> <span class='ocrx_word' id='word_1_457' title='bbox 889 3240 955 3294; x_wconf 91' lang='lat' dir='ltr'><strong>ad</strong></span> <span class='ocrx_word' id='word_1_458' title='bbox 987 3239 1158 3295; x_wconf 90' lang='lat' dir='ltr'><strong>instar</strong></span> <span class='ocrx_word' id='word_1_459' title='bbox 1186 3239 1366 3296; x_wconf 75' lang='lat' dir='ltr'><strong>Tobize</strong></span> <span class='ocrx_word' id='word_1_460' title='bbox 1391 3241 1589 3298; x_wconf 90' lang='lat' dir='ltr'><strong>mentis</strong></span> <span class='ocrx_word' id='word_1_461' title='bbox 1613 3243 1798 3298; x_wconf 91' lang='lat' dir='ltr'><strong>oculos</strong></span> <span class='ocrx_word' id='word_1_462' title='bbox 1824 3232 1869 3296; x_wconf 92' lang='lat' dir='ltr'><strong>C</strong></span> <span class='ocrx_word' id='word_1_463' title='bbox 1900 3239 2045 3311; x_wconf 90' lang='lat' dir='ltr'><strong>ipsos</strong></span> <span class='ocrx_word' id='word_1_464' title='bbox 2073 3239 2219 3293; x_wconf 91' lang='lat' dir='ltr'><strong>intus</strong></span> <span class='ocrx_word' id='word_1_465' title='bbox 2249 3238 2389 3293; x_wconf 87' lang='lat' dir='ltr'><strong>sacri</strong></span> <span class='ocrx_word' id='word_1_466' title='bbox 2418 3237 2614 3307; x_wconf 90' lang='lat' dir='ltr'><strong>eloquii</strong></span> <span class='ocrx_word' id='word_1_467' title='bbox 2643 3235 2866 3306; x_wconf 89' lang='lat' dir='ltr'><strong>paginas</strong></span> <span class='ocrx_word' id='word_1_468' title='bbox 2893 3235 3194 3305; x_wconf 89' lang='lat' dir='ltr'><strong>requirunt.</strong></span> <span class='ocrx_word' id='word_1_469' title='bbox 3245 3233 3398 3290; x_wconf 87' lang='lat' dir='ltr'><strong>Unde</strong></span> <span class='ocrx_word' id='word_1_470' title='bbox 3425 3241 3484 3291; x_wconf 76' lang='lat' dir='ltr'><strong>et</strong></span> 
     </span>
    </p>
   </div>
   <div class='ocr_carea' id='block_1_64' title="bbox 214 3332 1799 3407">
    <p class='ocr_par' dir='ltr' id='par_1_64' title="bbox 214 3332 1799 3407">
     <span class='ocr_line' id='line_1_64' title="bbox 214 3332 1799 3407; baseline 0.002 -18"><span class='ocrx_word' id='word_1_471' title='bbox 214 3332 564 3389; x_wconf 87' lang='lat' dir='ltr'><strong>hirundinum</strong></span> <span class='ocrx_word' id='word_1_472' title='bbox 595 3341 805 3390; x_wconf 89' lang='lat' dir='ltr'><strong>stercus</strong></span> <span class='ocrx_word' id='word_1_473' title='bbox 832 3335 1065 3390; x_wconf 90' lang='lat' dir='ltr'><strong>obducat</strong></span> <span class='ocrx_word' id='word_1_474' title='bbox 1086 3333 1237 3407; x_wconf 84' lang='lat' dir='ltr'><strong>(Tob.</strong></span> <span class='ocrx_word' id='word_1_475' title='bbox 1262 3336 1346 3406; x_wconf 84' lang='grc' dir='ltr'><strong>ιι).</strong></span> <span class='ocrx_word' id='word_1_476' title='bbox 1377 3335 1433 3391; x_wconf 91' lang='lat' dir='ltr'><strong>Si</strong></span> <span class='ocrx_word' id='word_1_477' title='bbox 1455 3336 1576 3406; x_wconf 89' lang='lat' dir='ltr'><strong>quis</strong></span> <span class='ocrx_word' id='word_1_478' title='bbox 1599 3343 1684 3391; x_wconf 88' lang='lat' dir='ltr'><strong>est</strong></span> <span class='ocrx_word' id='word_1_479' title='bbox 1707 3336 1799 3407; x_wconf 90' lang='lat' dir='ltr'><strong>qui</strong></span> 
     </span>
    </p>
   </div>
   <div class='ocr_carea' id='block_1_65' title="bbox 214 3425 1802 3499">
    <p class='ocr_par' dir='ltr' id='par_1_65' title="bbox 214 3425 1802 3499">
     <span class='ocr_line' id='line_1_65' title="bbox 214 3425 1802 3499; baseline 0.001 -18"><span class='ocrx_word' id='word_1_480' title='bbox 214 3435 266 3482; x_wconf 92' lang='lat' dir='ltr'><strong>te</strong></span> <span class='ocrx_word' id='word_1_481' title='bbox 291 3425 656 3482; x_wconf 90' lang='lat' dir='ltr'><strong>amicabiliter</strong></span> <span class='ocrx_word' id='word_1_482' title='bbox 684 3427 930 3496; x_wconf 86' lang='lat' dir='ltr'><strong>corripit,</strong></span> <span class='ocrx_word' id='word_1_483' title='bbox 961 3426 1087 3482; x_wconf 91' lang='lat' dir='ltr'><strong>huic</strong></span> <span class='ocrx_word' id='word_1_484' title='bbox 1118 3441 1278 3483; x_wconf 90' lang='lat' dir='ltr'><strong>aures</strong></span> <span class='ocrx_word' id='word_1_485' title='bbox 1304 3427 1681 3499; x_wconf 86' lang='lat' dir='ltr'><strong>aequanimiter</strong></span> <span class='ocrx_word' id='word_1_486' title='bbox 1706 3427 1802 3483; x_wconf 90' lang='lat' dir='ltr'><strong>ad-</strong></span> 
     </span>
    </p>
   </div>
   <div class='ocr_carea' id='block_1_66' title="bbox 215 3515 1802 3583">
    <p class='ocr_par' dir='ltr' id='par_1_66' title="bbox 215 3515 1802 3583">
     <span class='ocr_line' id='line_1_66' title="bbox 215 3515 1802 3583; baseline 0.003 -12"><span class='ocrx_word' id='word_1_487' title='bbox 215 3517 372 3583; x_wconf 85' lang='lat' dir='ltr'><strong>hibe;</strong></span> <span class='ocrx_word' id='word_1_488' title='bbox 429 3515 498 3570; x_wconf 90' lang='lat' dir='ltr'><strong>ab</strong></span> <span class='ocrx_word' id='word_1_489' title='bbox 544 3515 650 3571; x_wconf 91' lang='lat' dir='ltr'><strong>illis</strong></span> <span class='ocrx_word' id='word_1_490' title='bbox 693 3525 871 3570; x_wconf 89' lang='lat' dir='ltr'><strong>autem</strong></span> <span class='ocrx_word' id='word_1_491' title='bbox 915 3516 1062 3571; x_wconf 92' lang='lat' dir='ltr'><strong>velut</strong></span> <span class='ocrx_word' id='word_1_492' title='bbox 1101 3531 1363 3574; x_wconf 86' lang='lat' dir='ltr'><strong>excreans</strong></span> <span class='ocrx_word' id='word_1_493' title='bbox 1405 3526 1461 3573; x_wconf 93' lang='lat' dir='ltr'><strong>et</strong></span> <span class='ocrx_word' id='word_1_494' title='bbox 1510 3527 1802 3576; x_wconf 74' lang='lat' dir='ltr'><strong>nauseatus</strong></span> 
     </span>
    </p>
   </div>
   <div class='ocr_carea' id='block_1_67' title="bbox 223 3596 1798 3678">
    <p class='ocr_par' dir='ltr' id='par_1_67' title="bbox 223 3596 1798 3678">
     <span class='ocr_line' id='line_1_67' title="bbox 223 3596 1798 3678; baseline 0.003 -19"><span class='ocrx_word' id='word_1_495' title='bbox 223 3596 424 3668; x_wconf 82' lang='lat' dir='ltr'><strong>averte,</strong></span> <span class='ocrx_word' id='word_1_496' title='bbox 449 3621 520 3661; x_wconf 91' lang='lat' dir='ltr'><strong>ne</strong></span> <span class='ocrx_word' id='word_1_497' title='bbox 553 3606 647 3662; x_wconf 92' lang='lat' dir='ltr'><strong>tibi</strong></span> <span class='ocrx_word' id='word_1_498' title='bbox 676 3615 935 3677; x_wconf 89' lang='lat' dir='ltr'><strong>congruat</strong></span> <span class='ocrx_word' id='word_1_499' title='bbox 969 3607 1112 3678; x_wconf 89' lang='lat' dir='ltr'><strong>quod</strong></span> <span class='ocrx_word' id='word_1_500' title='bbox 1155 3605 1408 3664; x_wconf 90' lang='lat' dir='ltr'><strong>Salomon</strong></span> <span class='ocrx_word' id='word_1_501' title='bbox 1436 3609 1513 3664; x_wconf 89' lang='lat' dir='ltr'><strong>ait</strong></span> <span class='ocrx_word' id='word_1_502' title='bbox 1543 3627 1556 3664; x_wconf 91' lang='lat'><strong>:</strong></span> <span class='ocrx_word' id='word_1_503' title='bbox 1592 3627 1613 3661; x_wconf 86' lang='grc'><em>‹</em></span> <span class='ocrx_word' id='word_1_504' title='bbox 1649 3607 1798 3676; x_wconf 78' lang='lat' dir='ltr'><strong>Viro,</strong></span> 
     </span>
    </p>
   </div>
   <div class='ocr_carea' id='block_1_68' title="bbox 220 3694 1803 3768">
    <p class='ocr_par' dir='ltr' id='par_1_68' title="bbox 220 3694 1803 3768">
     <span class='ocr_line' id='line_1_68' title="bbox 220 3694 1803 3768; baseline 0.006 -24"><span class='ocrx_word' id='word_1_505' title='bbox 220 3694 313 3763; x_wconf 84' lang='lat' dir='ltr'><strong>qui</strong></span> <span class='ocrx_word' id='word_1_506' title='bbox 339 3695 721 3765; x_wconf 89' lang='lat' dir='ltr'><strong>corripientcm</strong></span> <span class='ocrx_word' id='word_1_507' title='bbox 743 3697 877 3752; x_wconf 90' lang='lat' dir='ltr'><strong>dura</strong></span> <span class='ocrx_word' id='word_1_508' title='bbox 906 3697 1118 3752; x_wconf 90' lang='lat' dir='ltr'><strong>cervice</strong></span> <span class='ocrx_word' id='word_1_509' title='bbox 1146 3698 1464 3764; x_wconf 90' lang='lat' dir='ltr'><strong>contemnit,</strong></span> <span class='ocrx_word' id='word_1_510' title='bbox 1489 3698 1803 3768; x_wconf 88' lang='lat' dir='ltr'><strong>repentinus</strong></span> 
     </span>
    </p>
   </div>
   <div class='ocr_carea' id='block_1_69' title="bbox 217 3786 1804 3859">
    <p class='ocr_par' dir='ltr' id='par_1_69' title="bbox 217 3786 1804 3859">
     <span class='ocr_line' id='line_1_69' title="bbox 217 3786 1804 3859; baseline 0.003 -20"><span class='ocrx_word' id='word_1_511' title='bbox 217 3786 566 3854; x_wconf 88' lang='lat' dir='ltr'><strong>superveniet</strong></span> <span class='ocrx_word' id='word_1_512' title='bbox 606 3786 880 3852; x_wconf 89' lang='lat' dir='ltr'><strong>interitus,</strong></span> <span class='ocrx_word' id='word_1_513' title='bbox 909 3794 964 3842; x_wconf 89' lang='lat' dir='ltr'><strong>et</strong></span> <span class='ocrx_word' id='word_1_514' title='bbox 991 3802 1114 3843; x_wconf 92' lang='lat' dir='ltr'><strong>eum</strong></span> <span class='ocrx_word' id='word_1_515' title='bbox 1155 3787 1358 3843; x_wconf 89' lang='lat' dir='ltr'><strong>sanitas</strong></span> <span class='ocrx_word' id='word_1_516' title='bbox 1402 3803 1508 3844; x_wconf 91' lang='lat' dir='ltr'><strong>non</strong></span> <span class='ocrx_word' id='word_1_517' title='bbox 1547 3798 1804 3859; x_wconf 82' lang='lat' dir='ltr'><strong>sequetur</strong></span> 
     </span>
    </p>
   </div>
   <div class='ocr_carea' id='block_1_70' title="bbox 217 3875 1800 3951">
    <p class='ocr_par' dir='ltr' id='par_1_70' title="bbox 217 3875 1800 3951">
     <span class='ocr_line' id='line_1_70' title="bbox 217 3875 1800 3951; baseline 0.003 -20"><span class='ocrx_word' id='word_1_518' title='bbox 217 3875 401 3948; x_wconf 86' lang='lat' dir='ltr'><strong>(Prov.</strong></span> <span class='ocrx_word' id='word_1_519' title='bbox 439 3881 616 3948; x_wconf 78' lang='lat' dir='ltr'><strong>xxix).</strong></span> <span class='ocrx_word' id='word_1_520' title='bbox 652 3899 670 3932; x_wconf 72' lang='grc' dir='ltr'>ι</span> <span class='ocrx_word' id='word_1_521' title='bbox 721 3880 796 3935; x_wconf 92' lang='lat' dir='ltr'><strong>De</strong></span> <span class='ocrx_word' id='word_1_522' title='bbox 845 3879 1041 3935; x_wconf 88' lang='lat' dir='ltr'><strong>talibus</strong></span> <span class='ocrx_word' id='word_1_523' title='bbox 1088 3887 1143 3937; x_wconf 88' lang='lat' dir='ltr'><strong>et</strong></span> <span class='ocrx_word' id='word_1_524' title='bbox 1188 3895 1286 3951; x_wconf 88' lang='lat' dir='ltr'><strong>per</strong></span> <span class='ocrx_word' id='word_1_525' title='bbox 1327 3881 1518 3936; x_wconf 75' lang='lat' dir='ltr'><strong>leniam</strong></span> <span class='ocrx_word' id='word_1_526' title='bbox 1558 3882 1800 3937; x_wconf 88' lang='lat' dir='ltr'><strong>dicitur:</strong></span> 
     </span>
    </p>
   </div>
   <div class='ocr_carea' id='block_1_71' title="bbox 223 3967 1801 4042">
    <p class='ocr_par' dir='ltr' id='par_1_71' title="bbox 223 3967 1801 4042">
     <span class='ocr_line' id='line_1_71' title="bbox 223 3967 1801 4042; baseline 0.003 -21"><span class='ocrx_word' id='word_1_527' title='bbox 223 3989 239 4021; x_wconf 83' lang='grc' dir='ltr'>ι</span> <span class='ocrx_word' id='word_1_528' title='bbox 267 3967 508 4039; x_wconf 85' lang='lat' dir='ltr'><strong>Populus</strong></span> <span class='ocrx_word' id='word_1_529' title='bbox 534 3970 675 4024; x_wconf 90' lang='lat' dir='ltr'><strong>enim</strong></span> <span class='ocrx_word' id='word_1_530' title='bbox 706 3970 772 4024; x_wconf 90' lang='lat' dir='ltr'><strong>ad</strong></span> <span class='ocrx_word' id='word_1_531' title='bbox 802 3970 1133 4025; x_wconf 88' lang='lat' dir='ltr'><strong>iracundiam</strong></span> <span class='ocrx_word' id='word_1_532' title='bbox 1156 3985 1456 4042; x_wconf 89' lang='lat' dir='ltr'><strong>provocans</strong></span> <span class='ocrx_word' id='word_1_533' title='bbox 1481 3979 1594 4038; x_wconf 89' lang='lat' dir='ltr'><strong>est,</strong></span> <span class='ocrx_word' id='word_1_534' title='bbox 1625 3979 1689 4026; x_wconf 87' lang='lat' dir='ltr'><strong>et’</strong></span> <span class='ocrx_word' id='word_1_535' title='bbox 1705 3969 1801 4025; x_wconf 82' lang='lat' dir='ltr'><strong>ﬁlii</strong></span> 
     </span>
    </p>
   </div>
   <div class='ocr_carea' id='block_1_72' title="bbox 219 4063 1806 4136">
    <p class='ocr_par' dir='ltr' id='par_1_72' title="bbox 219 4063 1806 4136">
     <span class='ocr_line' id='line_1_72' title="bbox 219 4063 1806 4136; baseline -0.001 -18"><span class='ocrx_word' id='word_1_536' title='bbox 219 4065 533 4132; x_wconf 90' lang='lat' dir='ltr'><strong>mendaces,</strong></span> <span class='ocrx_word' id='word_1_537' title='bbox 561 4063 654 4118; x_wconf 91' lang='lat' dir='ltr'><strong>filii</strong></span> <span class='ocrx_word' id='word_1_538' title='bbox 680 4063 922 4119; x_wconf 89' lang='lat' dir='ltr'><strong>nolentes</strong></span> <span class='ocrx_word' id='word_1_539' title='bbox 944 4064 1131 4120; x_wconf 90' lang='lat' dir='ltr'><strong>audire</strong></span> <span class='ocrx_word' id='word_1_540' title='bbox 1161 4065 1331 4136; x_wconf 81' lang='lat' dir='ltr'><strong>legem</strong></span> <span class='ocrx_word' id='word_1_541' title='bbox 1358 4065 1482 4130; x_wconf 88' lang='lat' dir='ltr'><strong>Dei;</strong></span> <span class='ocrx_word' id='word_1_542' title='bbox 1505 4064 1598 4135; x_wconf 89' lang='lat' dir='ltr'><strong>qui</strong></span> <span class='ocrx_word' id='word_1_543' title='bbox 1621 4063 1806 4118; x_wconf 90' lang='lat' dir='ltr'><strong>dicunt</strong></span> 
     </span>
    </p>
   </div>
   <div class='ocr_carea' id='block_1_73' title="bbox 218 4154 1803 4226">
    <p class='ocr_par' dir='ltr' id='par_1_73' title="bbox 218 4154 1803 4226">
     <span class='ocr_line' id='line_1_73' title="bbox 218 4154 1803 4226; baseline 0.001 -18"><span class='ocrx_word' id='word_1_544' title='bbox 218 4156 530 4212; x_wconf 88' lang='lat' dir='ltr'><strong>videntibus</strong></span> <span class='ocrx_word' id='word_1_545' title='bbox 571 4173 584 4210; x_wconf 91' lang='lat'>:</span> <span class='ocrx_word' id='word_1_546' title='bbox 624 4154 801 4211; x_wconf 82' lang='lat' dir='ltr'><strong>Nolite</strong></span> <span class='ocrx_word' id='word_1_547' title='bbox 825 4157 1039 4222; x_wconf 87' lang='lat' dir='ltr'><strong>videre;</strong></span> <span class='ocrx_word' id='word_1_548' title='bbox 1083 4167 1137 4212; x_wconf 92' lang='lat' dir='ltr'><strong>et</strong></span> <span class='ocrx_word' id='word_1_549' title='bbox 1167 4157 1592 4226; x_wconf 81' lang='lat' dir='ltr'><strong>aSpicientibus:</strong></span> <span class='ocrx_word' id='word_1_550' title='bbox 1626 4154 1803 4211; x_wconf 86' lang='lat' dir='ltr'><strong>Nolite</strong></span> 
     </span>
    </p>
   </div>
   <div class='ocr_carea' id='block_1_74' title="bbox 220 4244 1806 4316">
    <p class='ocr_par' dir='ltr' id='par_1_74' title="bbox 220 4244 1806 4316">
     <span class='ocr_line' id='line_1_74' title="bbox 220 4244 1806 4316; baseline 0.003 -18"><span class='ocrx_word' id='word_1_551' title='bbox 220 4246 466 4314; x_wconf 89' lang='lat' dir='ltr'><strong>aspicere</strong></span> <span class='ocrx_word' id='word_1_552' title='bbox 497 4245 654 4301; x_wconf 91' lang='lat' dir='ltr'><strong>nobis</strong></span> <span class='ocrx_word' id='word_1_553' title='bbox 688 4259 751 4300; x_wconf 90' lang='lat' dir='ltr'><strong>ea</strong></span> <span class='ocrx_word' id='word_1_554' title='bbox 783 4261 902 4316; x_wconf 65' lang='lat' dir='ltr'><strong>quae</strong></span> <span class='ocrx_word' id='word_1_555' title='bbox 945 4255 1091 4301; x_wconf 90' lang='lat' dir='ltr'><strong>recta</strong></span> <span class='ocrx_word' id='word_1_556' title='bbox 1137 4255 1280 4301; x_wconf 90' lang='lat' dir='ltr'><strong>sunt.</strong></span> <span class='ocrx_word' id='word_1_557' title='bbox 1313 4245 1618 4316; x_wconf 91' lang='lat' dir='ltr'><strong>Loquimini</strong></span> <span class='ocrx_word' id='word_1_558' title='bbox 1648 4244 1806 4302; x_wconf 73' lang='lat' dir='ltr'><strong>nobis</strong></span> 
     </span>
    </p>
   </div>
   <div class='ocr_carea' id='block_1_75' title="bbox 220 4337 1801 4406">
    <p class='ocr_par' dir='ltr' id='par_1_75' title="bbox 220 4337 1801 4406">
     <span class='ocr_line' id='line_1_75' title="bbox 220 4337 1801 4406; baseline 0.003 -16"><span class='ocrx_word' id='word_1_559' title='bbox 220 4337 511 4406; x_wconf 87' lang='lat' dir='ltr'><strong>placentia,</strong></span> <span class='ocrx_word' id='word_1_560' title='bbox 545 4338 726 4393; x_wconf 90' lang='lat' dir='ltr'><strong>videte</strong></span> <span class='ocrx_word' id='word_1_561' title='bbox 767 4338 922 4394; x_wconf 87' lang='lat' dir='ltr'><strong>nobis</strong></span> <span class='ocrx_word' id='word_1_562' title='bbox 948 4352 1180 4404; x_wconf 88' lang='lat' dir='ltr'><strong>errores,</strong></span> <span class='ocrx_word' id='word_1_563' title='bbox 1225 4338 1432 4393; x_wconf 89' lang='lat' dir='ltr'><strong>auferte</strong></span> <span class='ocrx_word' id='word_1_564' title='bbox 1462 4353 1490 4392; x_wconf 87' lang='lat' dir='ltr'><strong>a</strong></span> <span class='ocrx_word' id='word_1_565' title='bbox 1521 4353 1608 4394; x_wconf 94' lang='lat' dir='ltr'><strong>me</strong></span> <span class='ocrx_word' id='word_1_566' title='bbox 1637 4338 1801 4406; x_wconf 90' lang='lat' dir='ltr'><strong>viam,</strong></span> 
     </span>
    </p>
   </div>
   <div class='ocr_carea' id='block_1_76' title="bbox 222 4427 1806 4496">
    <p class='ocr_par' dir='ltr' id='par_1_76' title="bbox 222 4427 1806 4496">
     <span class='ocr_line' id='line_1_76' title="bbox 222 4427 1806 4496; baseline 0.004 -16"><span class='ocrx_word' id='word_1_567' title='bbox 222 4427 486 4484; x_wconf 88' lang='lat' dir='ltr'><strong>declinate</strong></span> <span class='ocrx_word' id='word_1_568' title='bbox 514 4445 545 4484; x_wconf 91' lang='lat' dir='ltr'><strong>a</strong></span> <span class='ocrx_word' id='word_1_569' title='bbox 575 4445 662 4484; x_wconf 93' lang='lat' dir='ltr'><strong>me</strong></span> <span class='ocrx_word' id='word_1_570' title='bbox 697 4431 962 4496; x_wconf 88' lang='lat' dir='ltr'><strong>semitam,</strong></span> <span class='ocrx_word' id='word_1_571' title='bbox 1004 4439 1180 4487; x_wconf 84' lang='lat' dir='ltr'><strong>cesset</strong></span> <span class='ocrx_word' id='word_1_572' title='bbox 1209 4447 1239 4485; x_wconf 91' lang='lat' dir='ltr'><strong>a</strong></span> <span class='ocrx_word' id='word_1_573' title='bbox 1272 4430 1410 4486; x_wconf 90' lang='lat' dir='ltr'><strong>facie</strong></span> <span class='ocrx_word' id='word_1_574' title='bbox 1437 4446 1554 4486; x_wconf 91' lang='lat' dir='ltr'><strong>mea</strong></span> <span class='ocrx_word' id='word_1_575' title='bbox 1584 4439 1806 4487; x_wconf 88' lang='lat' dir='ltr'><strong>sanctus</strong></span> 
     </span>
    </p>
   </div>
   <div class='ocr_carea' id='block_1_77' title="bbox 221 4514 1805 4593">
    <p class='ocr_par' dir='ltr' id='par_1_77' title="bbox 221 4514 1805 4593">
     <span class='ocr_line' id='line_1_77' title="bbox 221 4514 1805 4593; baseline 0.003 -20"><span class='ocrx_word' id='word_1_576' title='bbox 221 4514 379 4576; x_wconf 82' lang='lat' dir='ltr'><strong>Israel</strong></span> <span class='ocrx_word' id='word_1_577' title='bbox 412 4519 550 4591; x_wconf 78' lang='lat' dir='ltr'><strong>(Isa.</strong></span> <span class='ocrx_word' id='word_1_578' title='bbox 579 4522 734 4593; x_wconf 86' lang='lat' dir='ltr'><strong>xxx).</strong></span> <span class='ocrx_word' id='word_1_579' title='bbox 773 4541 792 4574; x_wconf 76' lang='grc' dir='ltr'><strong><em>ι</em></strong></span> <span class='ocrx_word' id='word_1_580' title='bbox 830 4522 1017 4592; x_wconf 83' lang='lat' dir='ltr'><strong>Igitur,</strong></span> <span class='ocrx_word' id='word_1_581' title='bbox 1061 4524 1200 4578; x_wconf 91' lang='lat' dir='ltr'><strong>sicut</strong></span> <span class='ocrx_word' id='word_1_582' title='bbox 1225 4521 1338 4592; x_wconf 88' lang='lat' dir='ltr'><strong>jam</strong></span> <span class='ocrx_word' id='word_1_583' title='bbox 1380 4523 1627 4591; x_wconf 91' lang='lat' dir='ltr'><strong>superius</strong></span> <span class='ocrx_word' id='word_1_584' title='bbox 1665 4522 1805 4578; x_wconf 82' lang='lat' dir='ltr'><strong>dixi-</strong></span> 
     </span>
    </p>
   </div>
   <div class='ocr_carea' id='block_1_78' title="bbox 223 4581 1882 4684">
    <p class='ocr_par' dir='ltr' id='par_1_78' title="bbox 223 4581 1882 4684">
     <span class='ocr_line' id='line_1_78' title="bbox 223 4581 1882 4684; baseline 0.002 -21"><span class='ocrx_word' id='word_1_585' title='bbox 223 4603 357 4677; x_wconf 87' lang='lat' dir='ltr'><strong>mus,</strong></span> <span class='ocrx_word' id='word_1_586' title='bbox 384 4581 647 4667; x_wconf 79' lang='lat' dir='ltr'><strong>adeamus</strong></span> <span class='ocrx_word' id='word_1_587' title='bbox 670 4581 792 4668; x_wconf 78' lang='lat' dir='ltr'><strong>cum</strong></span> <span class='ocrx_word' id='word_1_588' title='bbox 819 4581 1015 4668; x_wconf 69' lang='lat' dir='ltr'><strong>fiducia</strong></span> <span class='ocrx_word' id='word_1_589' title='bbox 1034 4613 1100 4668; x_wconf 91' lang='lat' dir='ltr'><strong>ad</strong></span> <span class='ocrx_word' id='word_1_590' title='bbox 1124 4581 1374 4668; x_wconf 74' lang='lat' dir='ltr'><strong>thronum</strong></span> <span class='ocrx_word' id='word_1_591' title='bbox 1398 4581 1586 4684; x_wconf 62' lang='lat' dir='ltr'><strong>gratia;</strong></span> <span class='ocrx_word' id='word_1_592' title='bbox 1610 4611 1798 4684; x_wconf 77' lang='lat' dir='ltr'><strong>(Hebr.</strong></span> <span class='ocrx_word' id='word_1_593' title='bbox 1826 4581 1882 4646; x_wconf 79' lang='lat' dir='ltr'><strong>D</strong></span> 
     </span>
    </p>
   </div>
   <div class='ocr_carea' id='block_1_79' title="bbox 224 4701 1800 4773">
    <p class='ocr_par' dir='ltr' id='par_1_79' title="bbox 224 4701 1800 4773">
     <span class='ocr_line' id='line_1_79' title="bbox 224 4701 1800 4773; baseline 0.001 -18"><span class='ocrx_word' id='word_1_594' title='bbox 224 4701 293 4773; x_wconf 89' lang='lat' dir='ltr'><strong>tv)</strong></span> <span class='ocrx_word' id='word_1_595' title='bbox 325 4720 338 4756; x_wconf 92' lang='lat'><strong>:</strong></span> <span class='ocrx_word' id='word_1_596' title='bbox 371 4702 691 4759; x_wconf 87' lang='lat' dir='ltr'><strong>deseramus</strong></span> <span class='ocrx_word' id='word_1_597' title='bbox 731 4705 985 4759; x_wconf 88' lang='lat' dir='ltr'><strong>tenebras</strong></span> <span class='ocrx_word' id='word_1_598' title='bbox 1032 4704 1236 4770; x_wconf 67' lang='lat' dir='ltr'><strong>saeculi,</strong></span> <span class='ocrx_word' id='word_1_599' title='bbox 1285 4704 1352 4758; x_wconf 89' lang='lat' dir='ltr'><strong>ab</strong></span> <span class='ocrx_word' id='word_1_600' title='bbox 1386 4702 1554 4758; x_wconf 90' lang='lat' dir='ltr'><strong>oculis</strong></span> <span class='ocrx_word' id='word_1_601' title='bbox 1598 4701 1800 4758; x_wconf 86' lang='lat' dir='ltr'><strong>nostris</strong></span> 
     </span>
    </p>
   </div>
   <div class='ocr_carea' id='block_1_80' title="bbox 225 4792 1801 4867">
    <p class='ocr_par' dir='ltr' id='par_1_80' title="bbox 225 4792 1801 4867">
     <span class='ocr_line' id='line_1_80' title="bbox 225 4792 1801 4867; baseline -0.001 -19"><span class='ocrx_word' id='word_1_602' title='bbox 225 4800 448 4851; x_wconf 63' lang='lat' dir='ltr'><strong>terrenae</strong></span> <span class='ocrx_word' id='word_1_603' title='bbox 493 4796 948 4867; x_wconf 77' lang='lat' dir='ltr'><strong>concupiscentia:</strong></span> <span class='ocrx_word' id='word_1_604' title='bbox 994 4810 1052 4850; x_wconf 90' lang='lat' dir='ltr'><strong>se</strong></span> <span class='ocrx_word' id='word_1_605' title='bbox 1081 4795 1252 4866; x_wconf 84' lang='lat' dir='ltr'><strong>caligo</strong></span> <span class='ocrx_word' id='word_1_606' title='bbox 1279 4795 1568 4859; x_wconf 91' lang='lat' dir='ltr'><strong>dimoveat,</strong></span> <span class='ocrx_word' id='word_1_607' title='bbox 1604 4805 1664 4849; x_wconf 91' lang='lat' dir='ltr'><strong>ut</strong></span> <span class='ocrx_word' id='word_1_608' title='bbox 1691 4792 1801 4849; x_wconf 85' lang='lat' dir='ltr'><strong>ela-</strong></span> 
     </span>
    </p>
   </div>
   <div class='ocr_carea' id='block_1_81' title="bbox 224 4881 1801 4955">
    <p class='ocr_par' dir='ltr' id='par_1_81' title="bbox 224 4881 1801 4955">
     <span class='ocr_line' id='line_1_81' title="bbox 224 4881 1801 4955; baseline -0.001 -17"><span class='ocrx_word' id='word_1_609' title='bbox 224 4884 330 4952; x_wconf 87' lang='lat' dir='ltr'><strong>psis</strong></span> <span class='ocrx_word' id='word_1_610' title='bbox 352 4885 670 4955; x_wconf 89' lang='lat' dir='ltr'><strong>passionum</strong></span> <span class='ocrx_word' id='word_1_611' title='bbox 700 4885 999 4939; x_wconf 88' lang='lat' dir='ltr'><strong>carnalium</strong></span> <span class='ocrx_word' id='word_1_612' title='bbox 1039 4884 1294 4950; x_wconf 88' lang='lat' dir='ltr'><strong>tenebris,</strong></span> <span class='ocrx_word' id='word_1_613' title='bbox 1324 4885 1438 4939; x_wconf 87' lang='lat' dir='ltr'><strong>veri</strong></span> <span class='ocrx_word' id='word_1_614' title='bbox 1467 4882 1609 4939; x_wconf 87' lang='lat' dir='ltr'><strong>Solis</strong></span> <span class='ocrx_word' id='word_1_615' title='bbox 1647 4881 1801 4938; x_wconf 88' lang='lat' dir='ltr'><strong>nobis</strong></span> 
     </span>
    </p>
   </div>
   <div class='ocr_carea' id='block_1_82' title="bbox 226 4975 1800 5050">
    <p class='ocr_par' dir='ltr' id='par_1_82' title="bbox 226 4975 1800 5050">
     <span class='ocr_line' id='line_1_82' title="bbox 226 4975 1800 5050; baseline 0.001 -20"><span class='ocrx_word' id='word_1_616' title='bbox 226 4975 468 5046; x_wconf 85' lang='lat' dir='ltr'><strong>splendor</strong></span> <span class='ocrx_word' id='word_1_617' title='bbox 501 4986 774 5050; x_wconf 90' lang='lat' dir='ltr'><strong>erumpat.</strong></span> <span class='ocrx_word' id='word_1_618' title='bbox 820 4976 1148 5032; x_wconf 89' lang='lat' dir='ltr'><strong>Anhelemus</strong></span> <span class='ocrx_word' id='word_1_619' title='bbox 1191 4979 1258 5034; x_wconf 89' lang='lat' dir='ltr'><strong>ad</strong></span> <span class='ocrx_word' id='word_1_620' title='bbox 1301 4991 1447 5044; x_wconf 91' lang='lat' dir='ltr'><strong>eum,</strong></span> <span class='ocrx_word' id='word_1_621' title='bbox 1491 4977 1581 5049; x_wconf 93' lang='lat' dir='ltr'><strong>qui</strong></span> <span class='ocrx_word' id='word_1_622' title='bbox 1623 4977 1800 5033; x_wconf 91' lang='lat' dir='ltr'><strong>lucem</strong></span> 
     </span>
    </p>
   </div>
   <div class='ocr_carea' id='block_1_83' title="bbox 227 5066 1804 5140">
    <p class='ocr_par' dir='ltr' id='par_1_83' title="bbox 227 5066 1804 5140">
     <span class='ocr_line' id='line_1_83' title="bbox 227 5066 1804 5140; baseline 0.002 -19"><span class='ocrx_word' id='word_1_623' title='bbox 227 5066 425 5124; x_wconf 86' lang='lat' dir='ltr'><strong>habitat</strong></span> <span class='ocrx_word' id='word_1_624' title='bbox 465 5068 902 5128; x_wconf 87' lang='lat' dir='ltr'><strong>inaccessibilem</strong></span> <span class='ocrx_word' id='word_1_625' title='bbox 935 5068 984 5140; x_wconf 92' lang='lat' dir='ltr'><strong>(I</strong></span> <span class='ocrx_word' id='word_1_626' title='bbox 1012 5069 1144 5124; x_wconf 81' lang='lat' dir='ltr'><strong>Tim.</strong></span> <span class='ocrx_word' id='word_1_627' title='bbox 1173 5070 1273 5140; x_wconf 70' lang='lat' dir='ltr'><strong>vn),</strong></span> <span class='ocrx_word' id='word_1_628' title='bbox 1314 5079 1368 5124; x_wconf 93' lang='lat' dir='ltr'><strong>et</strong></span> <span class='ocrx_word' id='word_1_629' title='bbox 1403 5070 1591 5125; x_wconf 93' lang='lat' dir='ltr'><strong>intimo</strong></span> <span class='ocrx_word' id='word_1_630' title='bbox 1622 5068 1804 5128; x_wconf 87' lang='lat' dir='ltr'><strong>cordis</strong></span> 
     </span>
    </p>
   </div>
   <div class='ocr_carea' id='block_1_84' title="bbox 229 5161 1808 5236">
    <p class='ocr_par' dir='ltr' id='par_1_84' title="bbox 229 5161 1808 5236">
     <span class='ocr_line' id='line_1_84' title="bbox 229 5161 1808 5236; baseline 0.003 -25"><span class='ocrx_word' id='word_1_631' title='bbox 229 5173 436 5216; x_wconf 86' lang='lat' dir='ltr'><strong>accessu</strong></span> <span class='ocrx_word' id='word_1_632' title='bbox 465 5176 827 5236; x_wconf 77' lang='lat' dir='ltr'><strong>preperemus</strong></span> <span class='ocrx_word' id='word_1_633' title='bbox 863 5161 929 5214; x_wconf 89' lang='lat' dir='ltr'><strong>ad</strong></span> <span class='ocrx_word' id='word_1_634' title='bbox 967 5177 1088 5216; x_wconf 87' lang='lat' dir='ltr'><strong>eum</strong></span> <span class='ocrx_word' id='word_1_635' title='bbox 1117 5164 1206 5232; x_wconf 91' lang='lat' dir='ltr'><strong>qui</strong></span> <span class='ocrx_word' id='word_1_636' title='bbox 1246 5177 1344 5218; x_wconf 88' lang='lat' dir='ltr'><strong>nos</strong></span> <span class='ocrx_word' id='word_1_637' title='bbox 1380 5172 1625 5235; x_wconf 89' lang='lat' dir='ltr'><strong>expectat</strong></span> <span class='ocrx_word' id='word_1_638' title='bbox 1662 5175 1808 5218; x_wconf 74' lang='lat' dir='ltr'><strong>vera:</strong></span> 
     </span>
    </p>
   </div>
   <div class='ocr_carea' id='block_1_85' title="bbox 231 5249 504 5280">
    <p class='ocr_par' dir='ltr' id='par_1_85' title="bbox 231 5249 504 5280">
     <span class='ocr_line' id='line_1_85' title="bbox 231 5249 504 5280; baseline 0 0"><span class='ocrx_word' id='word_1_639' title='bbox 231 5249 350 5280; x_wconf 62' lang='lat' dir='ltr'><strong>&#39;I‘n:-</strong></span> <span class='ocrx_word' id='word_1_640' title='bbox 389 5266 504 5280; x_wconf 59' lang='grc' dir='ltr'><strong>-..ΑΙ</strong></span> 
     </span>
    </p>
   </div>
   <div class='ocr_carea' id='block_1_86' title="bbox 517 5252 1808 5280">
    <p class='ocr_par' dir='ltr' id='par_1_86' title="bbox 517 5252 1808 5280">
     <span class='ocr_line' id='line_1_86' title="bbox 517 5252 1808 5280; baseline 0 0"><span class='ocrx_word' id='word_1_641' title='bbox 517 5273 659 5280; x_wconf 48' lang='grc' dir='ltr'><strong>---ηδ</strong></span> <span class='ocrx_word' id='word_1_642' title='bbox 838 5253 1043 5280; x_wconf 60' lang='grc' dir='ltr'><strong>ΛιικῖηῆΑ</strong></span> <span class='ocrx_word' id='word_1_643' title='bbox 1089 5254 1371 5280; x_wconf 57' lang='grc' dir='ltr'><strong>ηειδκ-ξ-νιιαη</strong></span> <span class='ocrx_word' id='word_1_644' title='bbox 1415 5255 1464 5280; x_wconf 59' lang='grc' dir='ltr'><strong>ξ...</strong></span> <span class='ocrx_word' id='word_1_645' title='bbox 1516 5254 1808 5280; x_wconf 54' lang='grc' dir='ltr'><strong>αα.ξί--λξ.δ-</strong></span> 
     </span>
    </p>
   </div>
   <div class='ocr_carea' id='block_1_87' title="bbox 1903 3324 3483 3399">
    <p class='ocr_par' dir='ltr' id='par_1_87' title="bbox 1903 3324 3483 3399">
     <span class='ocr_line' id='line_1_87' title="bbox 1903 3324 3483 3399; baseline -0.002 -16"><span class='ocrx_word' id='word_1_646' title='bbox 1903 3329 2018 3399; x_wconf 88' lang='lat' dir='ltr'><strong>ipsa</strong></span> <span class='ocrx_word' id='word_1_647' title='bbox 2047 3325 2282 3394; x_wconf 78' lang='lat' dir='ltr'><strong>Veritas,</strong></span> <span class='ocrx_word' id='word_1_648' title='bbox 2310 3341 2410 3397; x_wconf 90' lang='lat' dir='ltr'><strong>per</strong></span> <span class='ocrx_word' id='word_1_649' title='bbox 2438 3327 2832 3396; x_wconf 90' lang='lat' dir='ltr'><strong>susceptionem</strong></span> <span class='ocrx_word' id='word_1_650' title='bbox 2861 3324 3018 3382; x_wconf 90' lang='lat' dir='ltr'><strong>nobis</strong></span> <span class='ocrx_word' id='word_1_651' title='bbox 3039 3333 3239 3380; x_wconf 70' lang='lat' dir='ltr'><strong>nostra:</strong></span> <span class='ocrx_word' id='word_1_652' title='bbox 3266 3324 3483 3380; x_wconf 82' lang='lat' dir='ltr'><strong>humili-</strong></span> 
     </span>
    </p>
   </div>
   <div class='ocr_carea' id='block_1_88' title="bbox 1903 3417 3482 3484">
    <p class='ocr_par' dir='ltr' id='par_1_88' title="bbox 1903 3417 3482 3484">
     <span class='ocr_line' id='line_1_88' title="bbox 1903 3417 3482 3484; baseline -0.003 -9"><span class='ocrx_word' id='word_1_653' title='bbox 1903 3422 2032 3475; x_wconf 89' lang='lat' dir='ltr'><strong>tatis</strong></span> <span class='ocrx_word' id='word_1_654' title='bbox 2060 3429 2299 3484; x_wconf 90' lang='lat' dir='ltr'><strong>ostensa,</strong></span> <span class='ocrx_word' id='word_1_655' title='bbox 2333 3419 2582 3474; x_wconf 87' lang='lat' dir='ltr'><strong>noctibus</strong></span> <span class='ocrx_word' id='word_1_656' title='bbox 2620 3419 2674 3472; x_wconf 90' lang='lat' dir='ltr'><strong>in</strong></span> <span class='ocrx_word' id='word_1_657' title='bbox 2715 3427 2897 3472; x_wconf 90' lang='lat' dir='ltr'><strong>monte</strong></span> <span class='ocrx_word' id='word_1_658' title='bbox 2932 3417 3266 3472; x_wconf 90' lang='lat' dir='ltr'><strong>orationibus</strong></span> <span class='ocrx_word' id='word_1_659' title='bbox 3300 3423 3482 3484; x_wconf 79' lang='lat' dir='ltr'><strong>vacat,</strong></span> 
     </span>
    </p>
   </div>
   <div class='ocr_carea' id='block_1_89' title="bbox 1899 3507 3485 3586">
    <p class='ocr_par' dir='ltr' id='par_1_89' title="bbox 1899 3507 3485 3586">
     <span class='ocr_line' id='line_1_89' title="bbox 1899 3507 3485 3586; baseline -0.001 -22"><span class='ocrx_word' id='word_1_660' title='bbox 1899 3511 2012 3586; x_wconf 71' lang='lat'><strong>80</strong></span> <span class='ocrx_word' id='word_1_661' title='bbox 2037 3511 2124 3566; x_wconf 90' lang='lat' dir='ltr'><strong>die</strong></span> <span class='ocrx_word' id='word_1_662' title='bbox 2150 3525 2282 3565; x_wconf 88' lang='lat' dir='ltr'><strong>vero</strong></span> <span class='ocrx_word' id='word_1_663' title='bbox 2311 3509 2364 3564; x_wconf 90' lang='lat' dir='ltr'><strong>in</strong></span> <span class='ocrx_word' id='word_1_664' title='bbox 2403 3509 2627 3564; x_wconf 86' lang='lat' dir='ltr'><strong>urbibus</strong></span> <span class='ocrx_word' id='word_1_665' title='bbox 2661 3522 2761 3579; x_wconf 92' lang='lat' dir='ltr'><strong>per</strong></span> <span class='ocrx_word' id='word_1_666' title='bbox 2799 3507 3180 3563; x_wconf 87' lang='lat' dir='ltr'><strong>miraculorum</strong></span> <span class='ocrx_word' id='word_1_667' title='bbox 3210 3507 3362 3579; x_wconf 88' lang='lat' dir='ltr'><strong>signa</strong></span> <span class='ocrx_word' id='word_1_668' title='bbox 3389 3521 3485 3563; x_wconf 83' lang='lat' dir='ltr'><strong>co-</strong></span> 
     </span>
    </p>
   </div>
   <div class='ocr_carea' id='block_1_90' title="bbox 1902 3598 3484 3667">
    <p class='ocr_par' dir='ltr' id='par_1_90' title="bbox 1902 3598 3484 3667">
     <span class='ocr_line' id='line_1_90' title="bbox 1902 3598 3484 3667; baseline -0.001 -11"><span class='ocrx_word' id='word_1_669' title='bbox 1902 3608 2114 3667; x_wconf 88' lang='lat' dir='ltr'><strong>ruscat,</strong></span> <span class='ocrx_word' id='word_1_670' title='bbox 2154 3601 2471 3656; x_wconf 89' lang='lat' dir='ltr'><strong>imitationis</strong></span> <span class='ocrx_word' id='word_1_671' title='bbox 2508 3599 2757 3655; x_wconf 88' lang='lat' dir='ltr'><strong>videlicet</strong></span> <span class='ocrx_word' id='word_1_672' title='bbox 2795 3598 2938 3653; x_wconf 90' lang='lat' dir='ltr'><strong>viam</strong></span> <span class='ocrx_word' id='word_1_673' title='bbox 2979 3598 3136 3654; x_wconf 86' lang='lat' dir='ltr'><strong>bonis</strong></span> <span class='ocrx_word' id='word_1_674' title='bbox 3179 3599 3484 3655; x_wconf 79' lang='lat' dir='ltr'><strong>rectoribus</strong></span> 
     </span>
    </p>
   </div>
   <div class='ocr_carea' id='block_1_91' title="bbox 1901 3689 3482 3760">
    <p class='ocr_par' dir='ltr' id='par_1_91' title="bbox 1901 3689 3482 3760">
     <span class='ocr_line' id='line_1_91' title="bbox 1901 3689 3482 3760; baseline -0.001 -14"><span class='ocrx_word' id='word_1_675' title='bbox 1901 3701 2170 3756; x_wconf 90' lang='lat' dir='ltr'><strong>sternens,</strong></span> <span class='ocrx_word' id='word_1_676' title='bbox 2197 3703 2257 3746; x_wconf 92' lang='lat' dir='ltr'><strong>ut</strong></span> <span class='ocrx_word' id='word_1_677' title='bbox 2285 3692 2333 3746; x_wconf 87' lang='lat' dir='ltr'><strong>si</strong></span> <span class='ocrx_word' id='word_1_678' title='bbox 2363 3690 2476 3760; x_wconf 85' lang='lat' dir='ltr'><strong>jam</strong></span> <span class='ocrx_word' id='word_1_679' title='bbox 2506 3705 2715 3745; x_wconf 89' lang='lat' dir='ltr'><strong>summa</strong></span> <span class='ocrx_word' id='word_1_680' title='bbox 2745 3689 3156 3760; x_wconf 89' lang='lat' dir='ltr'><strong>contemplanda</strong></span> <span class='ocrx_word' id='word_1_681' title='bbox 3199 3696 3482 3760; x_wconf 81' lang='lat' dir='ltr'><strong>appetunt,</strong></span> 
     </span>
    </p>
   </div>
   <div class='ocr_carea' id='block_1_92' title="bbox 1901 3780 3482 3848">
    <p class='ocr_par' dir='ltr' id='par_1_92' title="bbox 1901 3780 3482 3848">
     <span class='ocr_line' id='line_1_92' title="bbox 1901 3780 3482 3848; baseline -0.002 -10"><span class='ocrx_word' id='word_1_682' title='bbox 1901 3782 2313 3838; x_wconf 87' lang='lat' dir='ltr'><strong>necessitatibus</strong></span> <span class='ocrx_word' id='word_1_683' title='bbox 2351 3791 2529 3836; x_wconf 89' lang='lat' dir='ltr'><strong>tamen</strong></span> <span class='ocrx_word' id='word_1_684' title='bbox 2560 3781 2948 3836; x_wconf 85' lang='lat' dir='ltr'><strong>infirmantium</strong></span> <span class='ocrx_word' id='word_1_685' title='bbox 2975 3781 3350 3848; x_wconf 86' lang='lat' dir='ltr'><strong>compatiendo</strong></span> <span class='ocrx_word' id='word_1_686' title='bbox 3378 3780 3482 3836; x_wconf 89' lang='lat' dir='ltr'><strong>mi-</strong></span> 
     </span>
    </p>
   </div>
   <div class='ocr_carea' id='block_1_93' title="bbox 1901 3869 3482 3941">
    <p class='ocr_par' dir='ltr' id='par_1_93' title="bbox 1901 3869 3482 3941">
     <span class='ocr_line' id='line_1_93' title="bbox 1901 3869 3482 3941; baseline -0.002 -13"><span class='ocrx_word' id='word_1_687' title='bbox 1901 3881 2176 3939; x_wconf 86' lang='lat' dir='ltr'><strong>sceantur,</strong></span> <span class='ocrx_word' id='word_1_688' title='bbox 2207 3872 2333 3941; x_wconf 84' lang='lat' dir='ltr'><strong>quia</strong></span> <span class='ocrx_word' id='word_1_689' title='bbox 2365 3881 2490 3926; x_wconf 89' lang='lat' dir='ltr'><strong>tunc</strong></span> <span class='ocrx_word' id='word_1_690' title='bbox 2515 3871 2583 3925; x_wconf 87' lang='lat' dir='ltr'><strong>ad</strong></span> <span class='ocrx_word' id='word_1_691' title='bbox 2611 3869 2719 3924; x_wconf 89' lang='lat' dir='ltr'><strong>alta</strong></span> <span class='ocrx_word' id='word_1_692' title='bbox 2745 3870 2987 3925; x_wconf 89' lang='lat' dir='ltr'><strong>charitas</strong></span> <span class='ocrx_word' id='word_1_693' title='bbox 3013 3869 3332 3925; x_wconf 88' lang='lat' dir='ltr'><strong>mirabiliter</strong></span> <span class='ocrx_word' id='word_1_694' title='bbox 3358 3884 3482 3925; x_wconf 58' lang='lat' dir='ltr'><strong>sur.</strong></span> 
     </span>
    </p>
   </div>
   <div class='ocr_carea' id='block_1_94' title="bbox 1902 3962 3483 4037">
    <p class='ocr_par' dir='ltr' id='par_1_94' title="bbox 1902 3962 3483 4037">
     <span class='ocr_line' id='line_1_94' title="bbox 1902 3962 3483 4037; baseline -0.001 -18"><span class='ocrx_word' id='word_1_695' title='bbox 1902 3965 2003 4037; x_wconf 87' lang='lat' dir='ltr'><strong>git,</strong></span> <span class='ocrx_word' id='word_1_696' title='bbox 2035 3978 2157 4020; x_wconf 91' lang='lat' dir='ltr'><strong>cum</strong></span> <span class='ocrx_word' id='word_1_697' title='bbox 2187 3964 2254 4018; x_wconf 94' lang='lat' dir='ltr'><strong>ad</strong></span> <span class='ocrx_word' id='word_1_698' title='bbox 2299 3963 2408 4018; x_wconf 86' lang='lat' dir='ltr'><strong>ima</strong></span> <span class='ocrx_word' id='word_1_699' title='bbox 2453 3962 2823 4034; x_wconf 86' lang='lat' dir='ltr'><strong>proximorum</strong></span> <span class='ocrx_word' id='word_1_700' title='bbox 2867 3976 2926 4018; x_wconf 88' lang='lat' dir='ltr'><strong>se</strong></span> <span class='ocrx_word' id='word_1_701' title='bbox 2953 3962 3377 4018; x_wconf 85' lang='lat' dir='ltr'><strong>misericorditer</strong></span> <span class='ocrx_word' id='word_1_702' title='bbox 3397 3970 3483 4018; x_wconf 75' lang='lat' dir='ltr'><strong>at-</strong></span> 
     </span>
    </p>
   </div>
   <div class='ocr_carea' id='block_1_95' title="bbox 1901 4054 3482 4127">
    <p class='ocr_par' dir='ltr' id='par_1_95' title="bbox 1901 4054 3482 4127">
     <span class='ocr_line' id='line_1_95' title="bbox 1901 4054 3482 4127; baseline 0 -16"><span class='ocrx_word' id='word_1_703' title='bbox 1901 4057 2072 4112; x_wconf 89' lang='lat' dir='ltr'><strong>trahit</strong></span> <span class='ocrx_word' id='word_1_704' title='bbox 2097 4065 2170 4122; x_wconf 88' lang='lat' dir='ltr'><strong>et,</strong></span> <span class='ocrx_word' id='word_1_705' title='bbox 2206 4071 2313 4127; x_wconf 86' lang='lat' dir='ltr'><strong>quo</strong></span> <span class='ocrx_word' id='word_1_706' title='bbox 2338 4055 2568 4126; x_wconf 83' lang='lat' dir='ltr'><strong>benigne</strong></span> <span class='ocrx_word' id='word_1_707' title='bbox 2595 4054 2875 4111; x_wconf 88' lang='lat' dir='ltr'><strong>descendit</strong></span> <span class='ocrx_word' id='word_1_708' title='bbox 2904 4056 2973 4112; x_wconf 90' lang='lat' dir='ltr'><strong>ad</strong></span> <span class='ocrx_word' id='word_1_709' title='bbox 3003 4055 3210 4122; x_wconf 82' lang='lat' dir='ltr'><strong>inﬁma,</strong></span> <span class='ocrx_word' id='word_1_710' title='bbox 3238 4054 3482 4117; x_wconf 69' lang='lat' dir='ltr'><strong>valenter</strong></span> 
     </span>
    </p>
   </div>
   <div class='ocr_carea' id='block_1_96' title="bbox 1901 4148 2493 4206">
    <p class='ocr_par' dir='ltr' id='par_1_96' title="bbox 1901 4148 2493 4206">
     <span class='ocr_line' id='line_1_96' title="bbox 1901 4148 2493 4206; baseline -0.003 -2"><span class='ocrx_word' id='word_1_711' title='bbox 1901 4149 2134 4206; x_wconf 89' lang='lat' dir='ltr'><strong>recurrit</strong></span> <span class='ocrx_word' id='word_1_712' title='bbox 2168 4148 2234 4204; x_wconf 87' lang='lat' dir='ltr'><strong>ad</strong></span> <span class='ocrx_word' id='word_1_713' title='bbox 2263 4161 2493 4204; x_wconf 90' lang='lat' dir='ltr'><strong>summa.</strong></span> 
     </span>
    </p>
   </div>
   <div class='ocr_carea' id='block_1_97' title="bbox 2432 4281 2935 4339">
    <p class='ocr_par' dir='ltr' id='par_1_97' title="bbox 2432 4281 2935 4339">
     <span class='ocr_line' id='line_1_97' title="bbox 2432 4281 2935 4339; baseline 0 -2"><span class='ocrx_word' id='word_1_714' title='bbox 2432 4281 2765 4339; x_wconf 83' lang='lat' dir='ltr'><strong>EPISTOLA</strong></span> <span class='ocrx_word' id='word_1_715' title='bbox 2802 4281 2935 4338; x_wconf 85' lang='lat' dir='ltr'><strong>Xlll.</strong></span> 
     </span>
    </p>
   </div>
   <div class='ocr_carea' id='block_1_98' title="bbox 1951 4363 3495 4448">
    <p class='ocr_par' dir='ltr' id='par_1_98' title="bbox 1951 4363 3495 4448">
     <span class='ocr_line' id='line_1_98' title="bbox 1951 4363 3495 4448; baseline -0.003 -14"><span class='ocrx_word' id='word_1_716' title='bbox 1951 4394 2021 4434; x_wconf 70' lang='lat' dir='ltr'><strong>an</strong></span> <span class='ocrx_word' id='word_1_717' title='bbox 2057 4391 2276 4434; x_wconf 70' lang='grc' dir='ltr'><strong>ευκυεκ</strong></span> <span class='ocrx_word' id='word_1_718' title='bbox 2313 4391 2636 4433; x_wconf 72' lang='lat' dir='ltr'><strong>nasroemuu</strong></span> <span class='ocrx_word' id='word_1_719' title='bbox 2674 4392 2919 4432; x_wconf 66' lang='lat' dir='ltr'><strong>annnam</strong></span> <span class='ocrx_word' id='word_1_720' title='bbox 2957 4391 3027 4432; x_wconf 73' lang='grc' dir='ltr'><strong>ετ</strong></span> <span class='ocrx_word' id='word_1_721' title='bbox 3065 4390 3422 4433; x_wconf 60' lang='lat' dir='ltr'><strong>cumsuam.</strong></span> <span class='ocrx_word' id='word_1_722' title='bbox 3453 4363 3495 4448; x_wconf 20' lang='lat' dir='ltr'><strong>ll,</strong></span> 
     </span>
    </p>
   </div>
   <div class='ocr_carea' id='block_1_99' title="bbox 1905 4467 3481 4540">
    <p class='ocr_par' dir='ltr' id='par_1_99' title="bbox 1905 4467 3481 4540">
     <span class='ocr_line' id='line_1_99' title="bbox 1905 4467 3481 4540; baseline 0.002 -16"><span class='ocrx_word' id='word_1_723' title='bbox 1905 4469 2299 4526; x_wconf 64' lang='lat' dir='ltr'><strong>Ancuusaruu.</strong></span> <span class='ocrx_word' id='word_1_724' title='bbox 2340 4500 2409 4511; x_wconf 85' lang='lat'><strong>-—</strong></span> <span class='ocrx_word' id='word_1_725' title='bbox 2453 4468 2511 4523; x_wconf 89' lang='lat' dir='ltr'><strong>In</strong></span> <span class='ocrx_word' id='word_1_726' title='bbox 2559 4471 2719 4540; x_wconf 88' lang='lat' dir='ltr'><strong>hujus</strong></span> <span class='ocrx_word' id='word_1_727' title='bbox 2766 4468 3003 4538; x_wconf 75' lang='lat' dir='ltr'><strong>epistola:</strong></span> <span class='ocrx_word' id='word_1_728' title='bbox 3045 4469 3380 4540; x_wconf 83' lang='lat' dir='ltr'><strong>fragmentis,</strong></span> <span class='ocrx_word' id='word_1_729' title='bbox 3418 4467 3481 4540; x_wconf 72' lang='lat' dir='ltr'><strong>in</strong></span> 
     </span>
    </p>
   </div>
   <div class='ocr_carea' id='block_1_100' title="bbox 1977 4539 3480 4624">
    <p class='ocr_par' dir='ltr' id='par_1_100' title="bbox 1977 4539 3480 4624">
     <span class='ocr_line' id='line_1_100' title="bbox 1977 4539 3480 4624; baseline -0.001 -30"><span class='ocrx_word' id='word_1_730' title='bbox 1977 4542 2193 4624; x_wconf 73' lang='lat' dir='ltr'><strong>quibus,</strong></span> <span class='ocrx_word' id='word_1_731' title='bbox 2235 4548 2297 4624; x_wconf 62' lang='lat' dir='ltr'><strong>ut</strong></span> <span class='ocrx_word' id='word_1_732' title='bbox 2323 4540 2603 4624; x_wconf 66' lang='lat' dir='ltr'><strong>inscriptio</strong></span> <span class='ocrx_word' id='word_1_733' title='bbox 2634 4539 2890 4624; x_wconf 47' lang='lat' dir='ltr'><strong>testatur,</strong></span> <span class='ocrx_word' id='word_1_734' title='bbox 2920 4540 2984 4594; x_wconf 90' lang='lat' dir='ltr'><strong>de</strong></span> <span class='ocrx_word' id='word_1_735' title='bbox 3013 4539 3480 4624; x_wconf 42' lang='lat' dir='ltr'><strong>(li&#39;guitatibus‘abj-</strong></span> 
     </span>
    </p>
   </div>
   <div class='ocr_carea' id='block_1_101' title="bbox 1969 4607 3478 4681">
    <p class='ocr_par' dir='ltr' id='par_1_101' title="bbox 1969 4607 3478 4681">
     <span class='ocr_line' id='line_1_101' title="bbox 1969 4607 3478 4681; baseline 0.001 -16"><span class='ocrx_word' id='word_1_736' title='bbox 1969 4607 2222 4681; x_wconf 84' lang='lat' dir='ltr'><strong>jiciendis</strong></span> <span class='ocrx_word' id='word_1_737' title='bbox 2249 4607 2566 4673; x_wconf 86' lang='lat' dir='ltr'><strong>disserebat,</strong></span> <span class='ocrx_word' id='word_1_738' title='bbox 2585 4610 2834 4681; x_wconf 85' lang='lat' dir='ltr'><strong>nonnulla</strong></span> <span class='ocrx_word' id='word_1_739' title='bbox 2862 4623 3028 4664; x_wconf 64' lang='lat' dir='ltr'><strong>sacrae</strong></span> <span class='ocrx_word' id='word_1_740' title='bbox 3058 4607 3478 4678; x_wconf 69' lang='lat' dir='ltr'><strong>Scriptthle</strong></span> 
     </span>
    </p>
   </div>
   <div class='ocr_carea' id='block_1_102' title="bbox 1975 4680 3144 4751">
    <p class='ocr_par' dir='ltr' id='par_1_102' title="bbox 1975 4680 3144 4751">
     <span class='ocr_line' id='line_1_102' title="bbox 1975 4680 3144 4751; baseline -0.002 -15"><span class='ocrx_word' id='word_1_741' title='bbox 1975 4680 2041 4736; x_wconf 81' lang='lat' dir='ltr'><strong>ex</strong></span> <span class='ocrx_word' id='word_1_742' title='bbox 2073 4681 2226 4736; x_wconf 90' lang='lat' dir='ltr'><strong>libris</strong></span> <span class='ocrx_word' id='word_1_743' title='bbox 2255 4681 2461 4751; x_wconf 83' lang='lat' dir='ltr'><strong>Regum</strong></span> <span class='ocrx_word' id='word_1_744' title='bbox 2490 4681 2716 4751; x_wconf 83' lang='lat' dir='ltr'><strong>mystice</strong></span> <span class='ocrx_word' id='word_1_745' title='bbox 2745 4680 3144 4748; x_wconf 85' lang='lat' dir='ltr'><strong>interpretatur.</strong></span> 
     </span>
    </p>
   </div>
   <div class='ocr_carea' id='block_1_103' title="bbox 1978 4789 3478 4860">
    <p class='ocr_par' dir='ltr' id='par_1_103' title="bbox 1978 4789 3478 4860">
     <span class='ocr_line' id='line_1_103' title="bbox 1978 4789 3478 4860; baseline -0.001 -15"><span class='ocrx_word' id='word_1_746' title='bbox 1978 4790 2185 4846; x_wconf 88' lang='lat' dir='ltr'><strong>Domno</strong></span> <span class='ocrx_word' id='word_1_747' title='bbox 2213 4789 2501 4846; x_wconf 78' lang='lat' dir='ltr'><strong>Desmnato</strong></span> <span class='ocrx_word' id='word_1_748' title='bbox 2527 4790 2801 4847; x_wconf 87' lang='lat' dir='ltr'><strong>abbati....</strong></span> <span class='ocrx_word' id='word_1_749' title='bbox 2832 4789 3049 4846; x_wconf 76' lang='lat' dir='ltr'><strong>Pernus</strong></span> <span class='ocrx_word' id='word_1_750' title='bbox 3081 4797 3332 4860; x_wconf 89' lang='lat' dir='ltr'><strong>peccator</strong></span> <span class='ocrx_word' id='word_1_751' title='bbox 3357 4802 3478 4844; x_wconf 88' lang='lat' dir='ltr'><strong>mo-</strong></span> 
     </span>
    </p>
   </div>
   <div class='ocr_carea' id='block_1_104' title="bbox 1906 4885 2138 4940">
    <p class='ocr_par' dir='ltr' id='par_1_104' title="bbox 1906 4885 2138 4940">
     <span class='ocr_line' id='line_1_104' title="bbox 1906 4885 2138 4940; baseline 0 0"><span class='ocrx_word' id='word_1_752' title='bbox 1906 4885 2138 4940; x_wconf 86' lang='lat' dir='ltr'><strong>nachus:</strong></span> 
     </span>
    </p>
   </div>
   <div class='ocr_carea' id='block_1_105' title="bbox 1979 4971 3482 5050">
    <p class='ocr_par' dir='ltr' id='par_1_105' title="bbox 1979 4971 3482 5050">
     <span class='ocr_line' id='line_1_105' title="bbox 1979 4971 3482 5050; baseline -0.004 -18"><span class='ocrx_word' id='word_1_753' title='bbox 1979 4977 2146 5045; x_wconf 85' lang='lat' dir='ltr'><strong>Quem</strong></span> <span class='ocrx_word' id='word_1_754' title='bbox 2174 4993 2278 5033; x_wconf 90' lang='lat' dir='ltr'><strong>non</strong></span> <span class='ocrx_word' id='word_1_755' title='bbox 2306 4979 2535 5032; x_wconf 88' lang='lat' dir='ltr'><strong>aedificet</strong></span> <span class='ocrx_word' id='word_1_756' title='bbox 2558 4987 2720 5050; x_wconf 86' lang='lat' dir='ltr'><strong>atque</strong></span> <span class='ocrx_word' id='word_1_757' title='bbox 2745 4975 2812 5031; x_wconf 88' lang='lat' dir='ltr'><strong>ad</strong></span> <span class='ocrx_word' id='word_1_758' title='bbox 2841 4974 3225 5048; x_wconf 88' lang='lat' dir='ltr'><strong>perfectionem</strong></span> <span class='ocrx_word' id='word_1_759' title='bbox 3248 4971 3482 5027; x_wconf 88' lang='lat' dir='ltr'><strong>charita-</strong></span> 
     </span>
    </p>
   </div>
   <div class='ocr_carea' id='block_1_106' title="bbox 1905 5061 3486 5142">
    <p class='ocr_par' dir='ltr' id='par_1_106' title="bbox 1905 5061 3486 5142">
     <span class='ocr_line' id='line_1_106' title="bbox 1905 5061 3486 5142; baseline -0.005 -16"><span class='ocrx_word' id='word_1_760' title='bbox 1905 5071 1974 5127; x_wconf 90' lang='lat' dir='ltr'><strong>tis</strong></span> <span class='ocrx_word' id='word_1_761' title='bbox 1996 5071 2194 5125; x_wconf 86' lang='lat' dir='ltr'><strong>excitet</strong></span> <span class='ocrx_word' id='word_1_762' title='bbox 2214 5069 2266 5137; x_wconf 92' lang='lat' dir='ltr'><strong>(I</strong></span> <span class='ocrx_word' id='word_1_763' title='bbox 2291 5068 2416 5140; x_wconf 82' lang='lat' dir='ltr'><strong>Reg.</strong></span> <span class='ocrx_word' id='word_1_764' title='bbox 2445 5072 2665 5142; x_wconf 86' lang='lat' dir='ltr'><strong>xxvm),</strong></span> <span class='ocrx_word' id='word_1_765' title='bbox 2697 5083 2877 5138; x_wconf 88' lang='lat' dir='ltr'><strong>quem,</strong></span> <span class='ocrx_word' id='word_1_766' title='bbox 2912 5067 3157 5138; x_wconf 89' lang='lat' dir='ltr'><strong>inquam,</strong></span> <span class='ocrx_word' id='word_1_767' title='bbox 3181 5078 3288 5118; x_wconf 87' lang='lat' dir='ltr'><strong>non</strong></span> <span class='ocrx_word' id='word_1_768' title='bbox 3311 5061 3486 5118; x_wconf 81' lang='lat' dir='ltr'><strong>solum</strong></span> 
     </span>
    </p>
   </div>
   <div class='ocr_carea' id='block_1_107' title="bbox 1910 5151 3485 5230">
    <p class='ocr_par' dir='ltr' id='par_1_107' title="bbox 1910 5151 3485 5230">
     <span class='ocr_line' id='line_1_107' title="bbox 1910 5151 3485 5230; baseline -0.01 -13"><span class='ocrx_word' id='word_1_769' title='bbox 1910 5163 1977 5217; x_wconf 88' lang='lat' dir='ltr'><strong>ad</strong></span> <span class='ocrx_word' id='word_1_770' title='bbox 2000 5160 2294 5216; x_wconf 79' lang='lat' dir='ltr'><strong>officiosum</strong></span> <span class='ocrx_word' id='word_1_771' title='bbox 2328 5161 2430 5230; x_wconf 67' lang='lat' dir='ltr'><strong>piae</strong></span> <span class='ocrx_word' id='word_1_772' title='bbox 2454 5159 2810 5217; x_wconf 89' lang='lat' dir='ltr'><strong>humanitatis</strong></span> <span class='ocrx_word' id='word_1_773' title='bbox 2839 5157 3082 5214; x_wconf 88' lang='lat' dir='ltr'><strong>studium</strong></span> <span class='ocrx_word' id='word_1_774' title='bbox 3107 5151 3485 5216; x_wconf 78' lang='lat' dir='ltr'><strong>exercendum,</strong></span> 
     </span>
    </p>
   </div>
   <div class='ocr_carea' id='block_1_108' title="bbox 1909 5243 3488 5280">
    <p class='ocr_par' dir='ltr' id='par_1_108' title="bbox 1909 5243 3488 5280">
     <span class='ocr_line' id='line_1_108' title="bbox 1909 5243 3488 5280; baseline 0 0"><span class='ocrx_word' id='word_1_775' title='bbox 1909 5267 2090 5280; x_wconf 59' lang='grc' dir='ltr'><strong>..η-η...</strong></span> <span class='ocrx_word' id='word_1_776' title='bbox 2123 5253 2281 5280; x_wconf 56' lang='lat' dir='ltr'><strong>Mn...</strong></span> <span class='ocrx_word' id='word_1_777' title='bbox 2328 5253 2394 5280; x_wconf 64' lang='grc' dir='ltr'><strong>..Α</strong></span> <span class='ocrx_word' id='word_1_778' title='bbox 2425 5252 2564 5280; x_wconf 65' lang='lat'><strong>1.-....</strong></span> <span class='ocrx_word' id='word_1_779' title='bbox 2614 5268 2712 5280; x_wconf 68' lang='grc' dir='ltr'><strong>..-Α</strong></span> <span class='ocrx_word' id='word_1_780' title='bbox 2741 5249 2896 5280; x_wconf 63' lang='grc' dir='ltr'><strong>Μηιῖο</strong></span> <span class='ocrx_word' id='word_1_781' title='bbox 2948 5243 3336 5280; x_wconf 43' lang='lat' dir='ltr'><strong>“uanum-salum</strong></span> <span class='ocrx_word' id='word_1_782' title='bbox 3381 5253 3488 5280; x_wconf 81' lang='lat' dir='ltr'><strong>nnn</strong></span> 
     </span>
    </p>
   </div>
  </div>
