3964 5310
1042 123 1100 180 S.
1127 121 1328 179 PETRI
1357 119 1636 178 DAMIANI
1669 117 1820 178 OPP.
1848 113 2030 176 PARS
2065 110 2201 176 SEU
2241 113 2476 182 TOMIJS
2500 114 2540 178 I.
2581 147 2652 159 —
2689 113 2905 174 EPIST.
2945 116 3075 173 LIB.
3105 116 3237 175 VIII.

3636 116 3743 174 284

489 240 743 312 prtestitit
760 237 1098 301 beneﬁcium.
1130 257 1161 298 ιι
1181 253 1288 309 quo
1316 237 1519 296 nullum
1542 253 1600 296 se
1623 235 1876 304 consequi
1901 243 2060 303 posse
2168 234 2248 282 ter
2277 230 2470 302 populo
2501 246 2595 300 per
2620 230 2788 302 legem
2819 233 2998 284 datam
3016 272 3030 296 ,
3059 248 3156 301 per
3187 238 3527 286 victimarum
3570 233 3744 286 sacri-

489 334 743 404 sperabat
761 333 1198 389 emolumentum.
1223 330 1315 386 Ille
1335 343 1613 401 praeterea,
1639 330 1776 384 sicut
1801 328 1912 398 ipsa
1935 343 2064 384 con-

487 424 754 492 queritur,
776 437 963 478 omnes
984 421 1182 479 ariolus
1203 424 1270 477 de
1303 430 1441 478 terra
1465 420 1628 474 Israel
1659 431 1711 475 et
1738 435 1922 487 magos
1947 435 2066 473 era-

487 517 576 580 sit,
611 531 674 572 ac
719 533 816 586 per
843 516 946 572 boc
975 517 1150 572 eidem
1194 515 1520 572 muliercula:
1559 529 1771 570 onmem
1801 522 2063 582 quzestum

485 607 656 664 solita:
700 606 1048 664 divinationis
1092 607 1312 663 ademit.
1357 606 1448 662 Illa
1480 605 1700 660 vitulum
1731 605 2062 677 pascualem,

487 699 578 768 qui
604 699 702 754 sibi
730 698 797 754 de
827 710 1140 770 consumpta
1173 700 1256 754 vix
1287 708 1604 769 paupertate
1634 708 1934 770 supererat,
1967 713 2060 754 co-

485 791 586 856 xit,
616 801 670 846 et
714 807 934 864 azymos
978 807 1144 863 panes
1185 793 1250 847 dc
1293 793 1581 863 perexigua
1628 792 1800 848 farina
1832 793 2059 848 commi-

481 899 662 947 scens,
702 884 798 949 illi,
840 896 899 940 ut
932 895 1263 948 vesceretur,
1305 886 1572 956 apposuit.
1622 885 1772 953 Quod
1813 901 1934 940 cum
1975 884 2063 941 ille

481 973 722 1044 lugubris
751 984 806 1030 et
827 977 1080 1048 contigua
1107 986 1280 1032 morte
1309 978 1626 1046 perterritus
1658 986 1958 1046 sperneret,
1997 991 2061 1034 ac

481 1065 661 1126 cibum
715 1081 910 1137 capere
960 1065 1198 1124 funditus
1249 1077 1558 1134 recusaret;
1612 1069 1917 1123 econtrario
1971 1067 2061 1126 illa

478 1156 729 1234 precibus
754 1158 988 1222 obnixis,
1016 1168 1070 1216 et
1108 1160 1425 1228 quibusdam
1465 1160 1606 1218 velm
1641 1161 2060 1230 argumentatio-

479 1246 638 1302 nibus
682 1247 1070 1305 incessabiliter
1116 1251 1418 1317 insistebat,
1468 1259 1528 1306 ut
1559 1251 1766 1319 roganti
1805 1250 2056 1306 talionem

478 1337 748 1406 redderet,
778 1349 852 1405 et,
880 1341 1018 1396 sicut
1049 1342 1139 1396 illa
1163 1341 1370 1411 jubenti
1396 1353 1669 1413 paruerat,
1702 1343 1780 1398 sic
1807 1343 1906 1397 iste
1935 1359 2058 1414 sup-

475 1425 724 1504 plicantis
773 1432 1023 1500 precibus
1077 1442 1338 1488 annneret
1369 1450 1382 1486 :
1419 1452 1436 1483 ι
1474 1433 1636 1498 Ecce,
1691 1435 1884 1505 inquit,
1931 1436 2062 1490 obe-

477 1517 609 1574 divit
630 1519 822 1575 ancilla
855 1529 940 1576 tua
966 1523 1081 1578 voci
1118 1533 1237 1588 tum,
1267 1534 1320 1578 et
1347 1525 1496 1592 posui
1533 1525 1764 1580 animam
1801 1541 1972 1582 meam
2003 1526 2056 1582 in

477 1623 636 1664 manu
669 1618 780 1674 tua,
820 1621 874 1666 et
897 1612 1075 1667 audivi
1104 1628 1384 1672 sermones
1412 1625 1546 1677 tuos,
1581 1631 1719 1685 quos
1761 1615 1972 1672 locutus
1999 1632 2059 1672 es

475 1698 543 1754 ad
569 1715 691 1767 me;
731 1718 875 1758 nunc
897 1719 1031 1774 ergo
1061 1706 1188 1762 audi
1216 1715 1271 1760 et
1304 1716 1356 1762 tu
1389 1722 1573 1764 vocem
1607 1708 1813 1762 ancilla:
1846 1717 1968 1772 tuae,
2004 1718 2056 1764 et

473 1806 670 1862 ponam
701 1809 883 1852 coram
915 1807 966 1854 te
996 1799 1290 1855 buccellam
1334 1802 1508 1870 panis,
1532 1813 1590 1856 ut
1611 1804 1897 1858 comedens
1924 1820 2053 1858 con-

474 1883 720 1941 valescas
745 1896 799 1942 et
822 1888 998 1956 possis
1031 1889 1135 1943 iter
1155 1889 1338 1945 facere
1375 1892 1423 1962 (Ι
1455 1892 1582 1962 Reg.
1611 1896 1819 1962 xxvtu).
1860 1915 1878 1947 ι
1925 1895 2057 1961 Quis

472 1976 617 2032 enim
665 1977 770 2033 hoc
810 1992 1130 2037 coruscante
1174 1984 1380 2040 faceret
1419 1987 1732 2058 Evangeiio,
1769 1991 1911 2058 quod
1943 1992 2058 2047 haec

473 2065 668 2124 mulier
689 2069 789 2123 sub
813 2070 1000 2124 umbra
1030 2072 1164 2142 legis
1184 2074 1361 2144 egisse
1387 2077 1730 2142 describitur,
1757 2082 2055 2148 praesertim

471 2168 595 2218 cum
625 2166 779 2213 vetus
811 2160 1004 2214 onerat
1039 2162 1456 2220 instrumentum
1495 2185 1506 2218 :
1544 2187 1560 2218 ι
1597 2167 1792 2238 Diliges
1819 2171 2056 2225 amicum

476 2253 647 2310 tuum,
675 2256 732 2302 et
756 2246 883 2304 odio
912 2251 1138 2308 habebis
1177 2253 1459 2310 inimicum
1504 2265 1652 2312 tuum
1697 2256 1881 2330 (Levii.
1926 2274 2050 2324 tux;

475 2335 664 2394 Matth.
693 2355 777 2404 vt;
812 2339 980 2396 Marc.
1019 2344 1139 2412 xu),
1175 2363 1194 2394 ι
1230 2346 1536 2416 evangelica
1579 2363 1708 2404 vero
1739 2349 1862 2404 tuba
1898 2350 2058 2404 terri-

471 2427 654 2485 biliter
683 2430 925 2486 intonet:
959 2451 981 2483 ι
1015 2434 1150 2502 Quia
1183 2450 1281 2490 nec
1311 2436 1472 2492 Pater
1499 2447 1678 2492 vester
1700 2439 1936 2494 dimittet
1962 2454 2057 2493 vo-

469 2521 556 2580 bis
579 2533 799 2592 peccata
826 2535 1030 2592 vestra,
1075 2527 1120 2582 si
1169 2544 1276 2584 non
1322 2531 1642 2588 remiseritis
1683 2533 2055 2602 unusquisque

469 2611 626 2670 fratri
661 2629 763 2670 suo
783 2616 852 2672 de
884 2617 1142 2673 cordibus
1172 2621 1403 2676 vestris?
1431 2641 1450 2676 ι
1484 2621 1612 2677 Saul
1640 2623 1782 2677 enim
1814 2624 1888 2678 ita
1918 2623 2054 2680 divi-

469 2707 725 2770 nantibus
747 2716 805 2762 et
824 2709 1009 2765 arioIis
1034 2711 1282 2767 inimicus
1304 2714 1534 2778 exstitit,
1562 2726 1619 2768 ut
1639 2716 1839 2782 passim
1862 2731 2053 2774 omnes

469 2797 819 2866 interﬁceret,
847 2809 903 2858 et
931 2803 1017 2858 vix
1045 2817 1234 2858 eorum
1261 2807 1553 2876 quispiam.
1600 2809 1703 2863 nisi
1753 2810 1869 2864 tunc
1909 2809 2050 2863 dun-

472 2897 619 2945 taxat
661 2893 987 2962 paupercula
1035 2895 1246 2962 mulier,
1301 2901 1682 2964 remansisset;
1734 2901 1849 2955 haec
1888 2901 2052 2958 etiam

2168 315 2309 385 licia,
2339 335 2436 388 per
2462 321 3139 392 tabernaculumdenique,
3172 323 3286 376 sive
3315 323 3570 393 templum
3601 323 3746 380 Deus

2165 413 2432 481 quievisse
2463 414 2690 469 videtur.
2735 413 2887 470 Sicut
2915 415 3080 471 David
3115 435 3128 471 :
3168 437 3186 470 ι
3219 418 3406 485 Notus,
3445 419 3616 489 inquit
3641 461 3655 485 ,
3689 419 3744 473 in

2163 501 2344 561 Judzea
2387 506 2559 572 Deus,
2607 509 2656 562 in
2690 509 2850 563 Israel
2886 526 3134 581 magnum
3176 527 3367 567 nomen
3410 512 3527 581 ejus
3567 492 3744 584 (PsaI.

2165 601 2349 669 Lxxv).
2382 620 2399 653 ι
2431 601 2604 671 Atque
2631 612 2687 655 ut
2720 602 2819 656 iste
2845 603 3068 674 populus
3098 605 3266 674 patris
3298 621 3399 675 pax
3426 621 3548 662 esse
3572 607 3751 660 videa-

2166 699 2268 751 tur,
2295 693 2418 746 audi
2443 695 2582 764 quod
2609 697 2848 764 sequitur
2874 711 2887 749 :
2919 717 2934 750 ι
2967 696 3032 752 Et
3060 697 3233 753 factus
3253 709 3334 754 est
3360 700 3410 754 in
3438 715 3571 770 pace
3595 699 3748 756 locus

2163 782 2280 854 ejus
2313 783 2521 856 (Ibid.).
2555 807 2574 839 ι
2614 786 2759 852 Sive,
2791 804 2885 858 per
2914 790 3172 856 Absalon,
3202 791 3368 848 Judas
3401 792 3629 848 traditor
3655 793 3749 848 de-

2164 875 2427 944 signatur,
2462 879 2551 948 qui
2581 888 2634 932 et
2675 878 2787 949 ipse
2825 881 2991 949 patris
3025 897 3129 952 pax
3167 900 3272 937 non
3311 883 3583 939 immerito
3611 883 3748 939 dici-

2165 973 2268 1031 tur,
2299 968 2435 1022 sicut
2461 969 2571 1037 ipse
2591 967 2657 1022 de
2679 969 2771 1025 illo
2792 969 3038 1025 Christus
3063 972 3114 1025 in
3140 972 3343 1043 psalmo
3365 975 3744 1047 conqueritur,

2163 1058 2345 1114 dicens
2372 1077 2385 1113 :
2417 1078 2435 1111 ι
2469 1059 2674 1115 Etenim
2704 1061 2864 1116 homo
2885 1063 3031 1133 pacis
3051 1079 3203 1130 meae,
3232 1065 3282 1118 in
3307 1080 3413 1135 quo
3433 1065 3742 1138 sperabam,

2162 1150 2526 1222 magniﬁcavit
2576 1154 2856 1208 adversum
2912 1171 2995 1209 me
3040 1156 3522 1228 supplantationem
3566 1153 3744 1228 (Paul.

2163 1245 2273 1316 ιιι).
2309 1266 2326 1296 ι
2365 1244 2498 1298 Nam
2529 1255 2577 1300 et
2613 1246 2862 1301 Christus
2890 1264 2994 1302 non
3033 1249 3323 1320 incongrue
3354 1259 3507 1319 pater
3544 1247 3749 1303 asseri-

2165 1345 2272 1400 tur,
2290 1338 2427 1391 sicut
2450 1338 2708 1408 propheta
2727 1348 2958 1393 testatur
2981 1354 2993 1391 :
3020 1340 3360 1404 «Vocabitur,
3386 1340 3582 1411 inquit,
3602 1338 3748 1398 Deus

2163 1429 2332 1492 fortis,
2363 1441 2516 1500 pater
2541 1429 2705 1484 futuri
2735 1431 2936 1497 saeculi,
2965 1432 3212 1503 princeps
3235 1432 3381 1503 pacis
3407 1430 3562 1503 (Isai.
3587 1432 3686 1498 Ix).
3718 1450 3740 1486 ι

2164 1519 2266 1574 Iste
2300 1537 2430 1592 ergo
2473 1521 2666 1576 dicitur
2700 1523 2950 1593 princeps
2979 1523 3159 1592 pacis,
3191 1535 3245 1577 et
3277 1523 3364 1578 ille
3401 1539 3502 1594 pax
3549 1523 3743 1596 patris.

2161 1613 2256 1668 Cui
2289 1615 2476 1680 etiam,
2508 1615 2658 1670 Judte
2691 1615 2968 1681 videlicet,
3003 1618 3053 1671 in
3086 1617 3200 1688 ipso
3229 1617 3618 1686 persecutionis
3666 1632 3748 1670 ar-

2162 1705 2324 1761 ticulo
2353 1707 2503 1778 pacis
2530 1706 2772 1760 osculum
2803 1723 2906 1760 non
2940 1709 3156 1778 negavit
3185 1706 3400 1778 (Matth.
3432 1707 3603 1774 xxvi).
3637 1703 3748 1762 Nec

2159 1798 2357 1852 mirum
2398 1798 2442 1853 si
2477 1796 2628 1854 Iudae
2661 1799 2940 1854 traditoris
2983 1800 3216 1870 speciem
3252 1799 3486 1854 Absalon
3529 1797 3746 1864 tenuit,

2158 1905 2319 1961 quem
2361 1906 2467 1945 non
2515 1890 2685 1946 solum
2728 1892 2779 1945 in
2827 1892 3201 1960 persecutione
3246 1889 3410 1943 David
3437 1930 3452 1956 ,
3485 1888 3580 1944 sed
3630 1888 3749 1958 ipso

2157 1998 2372 2054 quoque
2409 1998 2607 2054 genere
2648 2000 2758 2038 suae
2801 1985 2990 2038 mortis
3019 1983 3306 2054 expressit.
3342 1983 3433 2038 Ille
3476 1981 3748 2052 siquidem

2157 2078 2402 2146 qnercui,
2432 2078 2558 2132 dum
2587 2079 2818 2133 transire
2846 2077 3025 2141 vellet,
3053 2077 3284 2141 inhznsit,
3315 2076 3415 2131 iste
3441 2074 3637 2145 laqueo
3663 2087 3749 2141 se,

2159 2163 2438 2235 Scriptura
2476 2174 2728 2232 testante,
2775 2167 3070 2236 suspendit.
3103 2164 3170 2221 Ut
3214 2166 3468 2238 quoniam
3515 2175 3746 2236 uterque

2159 2257 2464 2316 redundans
2506 2258 2734 2326 viperea:
2763 2258 2889 2312 felle
2928 2258 3182 2327 nequitia:
3219 2265 3274 2313 et
3305 2267 3448 2312 terra
3492 2257 3746 2328 indignus

2155 2358 2272 2402 erat
2299 2359 2353 2402 et
2381 2347 2536 2410 coelo,
2568 2349 2707 2404 inter
2729 2357 3016 2418 utrumque
3046 2347 3289 2410 libratus,
3318 2356 3372 2401 et
3402 2356 3605 2401 terram
3632 2360 3747 2416 per—

2156 2441 2330 2506 deret,
2354 2450 2406 2496 et
2423 2441 2487 2495 ad
2510 2441 2705 2496 caelum
2722 2439 3024 2494 nullatenus
3038 2439 3300 2509 aspiraret
3319 2437 3534 2508 (Matth.
3559 2453 3741 2503 xxv";

2156 2530 2218 2586 Il
2257 2530 2382 2601 Reg.
2418 2533 2596 2602 xvut).
2630 2531 2763 2586 Nam
2794 2543 2848 2584 et
2869 2530 3211 2601 Achitophel,
3243 2531 3334 2600 qui
3363 2529 3536 2586 David
3563 2544 3747 2604 ρει-δατ

2155 2621 2244 2694 qui
2279 2637 2383 2676 non
2429 2621 2764 2676 dissimiliter
2789 2620 2957 2676 voluit
2986 2619 3072 2690 (ΙΙ
3115 2619 3241 2691 Reg.
3275 2621 3443 2691 xvu),
3479 2618 3747 2691 exigenti-

2155 2716 2255 2770 bus
2283 2715 2519 2776 meritis,
2567 2715 2798 2784 idipsum
2826 2729 2995 2786 genus
3022 2714 3213 2770 mortis
3252 2713 3427 2783 elegit.
3459 2711 3561 2770 Hic
3597 2714 3743 2772 enim

2153 2803 2389 2860 Absalon
2421 2805 2764 2874 persequenti
2805 2805 2972 2860 David
3013 2804 3295 2860 consilium
3327 2804 3472 2860 dedit
3525 2814 3589 2858 ut
3615 2819 3749 2862 con-

2155 2899 2381 2954 cubinas
2409 2899 2600 2968 patris,
2632 2913 2766 2969 quas
2792 2898 3072 2954 dimiserat
3107 2897 3174 2951 ad
3204 2897 3615 2953 custodiendam
3650 2897 3745 2954 do-

467 2981 572 3051 u
601 2997 723 3053 (tua
759 2995 1075 3055 supererat,
1116 2997 1262 3044 tanta
1302 2992 1461 3061 regite
1497 2993 1891 3062 persecutionis
1928 3000 2050 3048 erat
2077 2963 2126 3028 α
2157 3005 2303 3044 ιιιιιω
2331 3031 2348 3055 ,
2393 2963 2664 3062 sacrilega
2699 2991 3052 3062 permistione
3107 2990 3415 3060 pollueret,
3463 2999 3631 3059 atque
3677 2988 3745 3046 ad

469 3074 809 3135 immanitate
849 3081 1141 3138 constricta
1163 3123 1178 3146 ,
1217 3094 1272 3136 nt
1301 3085 1426 3140 dum
1473 3085 1778 3142 nullatenus
1802 3087 1882 3141 uti
1907 3086 2046 3144 divi-

470 3168 691 3230 natione
721 3183 1096 3240 presumeret,
1136 3186 1454 3233 consuetum
1481 3179 1713 3248 propriae
1742 3181 1876 3235 artis
1902 3195 2049 3250 qua-

468 3269 611 3316 stum
649 3259 889 3318 funditus
918 3265 1207 3322 amisisset.
1247 3267 1369 3323 Haec
1399 3278 1611 3334 tamen,
1645 3271 1874 3341 idipsum
1901 3272 2048 3341 quod

469 3361 803 3410 remanserat
822 3355 1071 3422 reddens,
1097 3355 1238 3412 bona
1258 3374 1357 3428 pro
1381 3361 1535 3417 malis
1557 3361 1811 3419 alacriter
1829 3363 2046 3430 obtulit,

468 3453 522 3500 et
550 3445 828 3503 inimicum
857 3463 1049 3516 mum,
1084 3451 1231 3508 velut
1272 3454 1530 3523 Apostolo
1562 3455 1672 3524 jam
1705 3455 1821 3512 haec
1863 3459 2049 3528 praei.

469 3537 682 3606 piente,
715 3541 921 3597 cibavit
963 3541 1138 3613 (Rom.
1183 3561 1299 3612 xu;
1362 3545 1520 3603 Prov.
1558 3550 1704 3616 xxv).
1737 3551 1806 3605 Et
1834 3552 1951 3607 hac
1979 3567 2048 3608 eo

468 3638 711 3700 tempore
749 3632 1033 3692 laudabilis
1075 3637 1267 3694 mulier
1301 3640 1457 3702 Iecit,
1497 3657 1620 3696 cum
1665 3641 1817 3698 illum
1863 3655 2048 3702 nosset

466 3720 611 3777 illico
643 3725 997 3791 moriturum,
1029 3739 1192 3800 atque
1223 3730 1348 3786 ideo
1381 3747 1484 3788 nec
1513 3743 1755 3802 speraret
1789 3733 1899 3802 jam
1931 3735 2049 3804 pia-

469 3813 678 3880 eidum,
703 3831 810 3872 nec
829 3829 1050 3888 paveret
1077 3822 1293 3877 iratum.
1321 3825 1669 3894 Argumentis
1698 3835 1925 3882 utuntur
1950 3829 2048 3883 ho-

467 3903 660 3969 mines,
697 3917 759 3960 ut
784 3922 816 3962 e
845 3911 1076 3978 propriis
1106 3913 1351 3968 domibus
1386 3916 1644 3984 hospitari
1675 3917 1922 3974 nolentes
1948 3917 2044 3986 eii-

465 3995 633 4059 ciant,
659 4005 717 4049 ut
739 3999 806 4052 ad
841 3999 1091 4058 tabernas
1111 4041 1128 4066 ,
1157 4003 1241 4058 vel
1269 4006 1530 4074 emptoria
1561 4007 1732 4060 vicina
1765 4009 2044 4061 transmit-

468 4093 602 4162 tant.
633 4083 908 4158 Siquidem
936 4088 1084 4146 locus
1111 4093 1216 4148 iste
1244 4094 1592 4164 depretiatur,
1624 4096 1711 4149 ille
1734 4096 2038 4166 praefertur.

467 4174 565 4238 llic
614 4191 710 4246 per
756 4179 1153 4238 inclementiam
1204 4185 1472 4239 annotina:
1519 4188 1852 4257 tempestatis
1899 4203 2042 4258 mgra

2147 3082 2457 3140 itedaudum
2487 3091 2697 3155 patrem
2729 3098 2991 3137 novercas
3025 3097 3152 3138 suas
3184 3081 3412 3150 turpiter
3440 3080 3743 3136 incestant

2149 3176 2232 3248 (II
2273 3176 2398 3249 Reg.
2449 3175 2585 3244 xvr).
2627 3174 2764 3243 Quid
2810 3183 2988 3231 autem
3036 3189 3133 3244 per
3172 3174 3357 3228 decem
3403 3170 3743 3229 concubinas

2147 3271 2348 3334 David,
2401 3271 2506 3326 nisi
2565 3285 2691 3340 pars
2747 3269 2836 3324 illa
2888 3267 3124 3324 Judaica:
3169 3266 3341 3337 plebis
3389 3263 3740 3334 exprimitur,

2147 3379 2266 3440 qua
2293 3363 2576 3418 Christum
2631 3377 2840 3426 verum,
2891 3361 3076 3430 utique
3129 3358 3296 3414 David
3355 3357 3465 3430 82
3519 3354 3740 3425 fugien-

2149 3467 2288 3520 tem,
2352 3454 2407 3508 in
2457 3452 2777 3524 gentilitatis
2843 3451 3054 3508 deserta
3111 3465 3218 3504 non
3279 3448 3559 3517 sequitur,
3607 3445 3738 3516 quia

2148 3544 2284 3616 legis
2333 3560 2393 3600 se
2462 3545 2660 3599 habere
2735 3542 3057 3613 Decalognm
3129 3540 3411 3611 gloriatur.
3459 3537 3571 3595 Per
3639 3552 3738 3592 nu-

2147 3652 2353 3694 merum
2420 3649 2653 3704 namque
2719 3634 3177 3697 concubiuarum,
3227 3645 3488 3686 numerus
3551 3627 3738 3697 expri-

2146 3731 2314 3788 mitur
2347 3728 2743 3784 mandatorum.
2785 3724 3112 3782 Concubina‘.
3137 3739 3296 3796 ergo,
3329 3738 3450 3793 quae
3495 3737 3605 3777 non
3650 3737 3736 3778 ee-

2146 3831 2374 3891 quentes
2395 3820 2580 3884 David,
2605 3821 2820 3873 domum
2847 3825 3084 3877 servant,
3111 3815 3164 3870 hi
3187 3823 3315 3870 sunt
3334 3816 3423 3884 qui
3455 3814 3510 3870 in
3537 3813 3736 3874 veteris

2147 3910 2279 3982 legis
2321 3909 2564 3966 custodia
2607 3915 2976 3978 perseverant.
3025 3905 3259 3964 Absalon
3309 3906 3473 3975 igitur
3518 3905 3588 3958 ad
3634 3905 3733 3964 has

2144 4002 2473 4062 concubinas
2501 4000 2669 4054 David
2707 3999 3021 4069 ingreditur,
3060 3998 3186 4068 quia
3233 3996 3500 4063 diabolus,
3542 3997 3637 4066 qui
3677 3997 3732 4053 in

2144 4091 2378 4148 Absalon
2401 4100 2536 4156 erat,
2558 4105 2655 4160 per
2671 4105 2930 4146 excessus
2950 4091 3287 4145 diversorum
3314 4088 3582 4144 scelerum
3606 4102 3729 4145 cum

2147 4183 2343 4240 talibus
2380 4182 2696 4238 fornicatur.
2739 4181 2806 4236 Et
2845 4181 2984 4238 bene
3017 4182 3234 4247 dicitur,
3261 4181 3387 4251 quia
3424 4178 3599 4235 David
3636 4193 3729 4238 eas

463 4281 617 4337 seges
647 4285 844 4341 negare
877 4269 1048 4326 fertur
1082 4274 1332 4344 agricolis
1363 4275 1562 4332 victum
1584 4318 1599 4338 ,
1640 4277 1748 4332 illic
1782 4277 2040 4334 feracium
2068 4329 2114 4344 λ
2146 4275 2426 4331 dimiserat
2454 4276 2521 4331 ad
2549 4274 2954 4331 custodiendam
2983 4272 3222 4330 domum.
3264 4272 3495 4330 Provida
3528 4272 3730 4344 quippe

463 4329 674 4429 frugum
702 4329 898 4416 dicitur
918 4329 1247 4420 exuberasse
1277 4329 1599 4436 proventus:
2065 4329 2119 4392 Β
2145 4329 2518 4435 Dederinptoris
2561 4329 2738 4420 nostri
2778 4365 3176 4434 dispensatione
3219 4329 3479 4419 divinitus
3524 4329 3725 4433 agit-ur,

462 4454 876 4507 commendatur
903 4455 1114 4511 itineris
1132 4497 1146 4521 ,
1174 4458 1333 4512 modo
1364 4459 1444 4514 sol
1473 4460 1663 4515 altiora
1691 4462 1813 4517 eteli
1855 4470 2040 4517 tenere

462 4543 634 4611 spatia
663 4543 994 4612 perhibetur.
1035 4547 1147 4602 Hac
1189 4550 1352 4619 igitur
1381 4553 1725 4609 accnratione
1750 4553 2036 4611 verborum

463 4632 592 4687 nihil
613 4634 754 4688 aliud
781 4637 978 4707 agitur,
1007 4646 1167 4708 quam
1198 4651 1255 4694 ut
1276 4646 1736 4711 supervenientes,
1763 4647 1906 4702 aliud
1931 4648 2038 4706 sibi

458 4723 741 4790 providere
767 4729 1158 4797 compellantur
1185 4732 1493 4800 hospitium.
1528 4736 1652 4792 Haec
1686 4747 1864 4794 autem
1903 4755 2034 4810 pru-

459 4811 594 4876 dens
625 4823 681 4868 et
711 4816 938 4884 ingenua
974 4821 1166 4876 mulier
1205 4825 1588 4890 rhetoricatur,
1621 4838 1682 4883 ut
1711 4827 1787 4884 ita
1819 4829 2034 4900 loquar,

458 4916 515 4972 et
553 4918 832 4963 oratorum
871 4912 1206 4970 orationibus
1252 4915 1442 4983 utitur,
1484 4928 1545 4973 ut
1586 4920 1836 4978 inimicus
1869 4922 1989 4992 ejus
2014 4965 2033 4989 ,

458 4999 584 5056 dum
615 5000 822 5067 respuit
846 5015 909 5055 ac
937 5004 1190 5070 resultat,
1223 5007 1288 5060 ad
1317 5009 1556 5063 edulium
1586 5022 1924 5080 provocetur.

525 5089 611 5160 (II
643 5089 770 5162 Reg.
805 5107 923 5156 xm,
951 5111 1043 5162 per
1066 5099 1277 5167 totum.)
1311 5100 1541 5154 Absalon
1569 5101 1835 5170 siquidem
1861 5103 2032 5160 inter-

453 5191 719 5254 pretatur,
757 5185 926 5254 patris
962 5203 1096 5253 pax,
1133 5205 1228 5258 per
1264 5207 1423 5258 quem
1465 5193 1775 5264 designatur
1807 5194 2033 5264 populus

461 5273 760 5310 leniantur-nn
851 5277 942 5310 ηιιί
988 5293 1157 5310 ..ραι-Δ
1207 5281 1271 5310 ιιι.
1322 5294 1544 5310 mna-In-“
1594 5300 1711 5310 ..η-υ.

2142 4467 2202 4515 ut
2226 4459 2379 4529 quasi
2408 4458 2475 4513 ad
2511 4457 2831 4514 servandam
2863 4456 2996 4526 legis
3023 4457 3241 4510 domum
3277 4452 3591 4510 Judaeorum
3642 4466 3724 4510 re-

2141 4552 2320 4621 liquias
2358 4558 2666 4616 serventur,
2715 4558 2774 4602 ut
2812 4549 2914 4619 ipsi
2961 4546 3356 4618 quodammodo
3395 4546 3572 4608 nnatri
3615 4545 3724 4602 sint

2137 4642 2433 4707 scriniarii,
2453 4652 2511 4698 et
2533 4641 2698 4698 libros
2721 4639 2958 4696 celestis
2980 4639 3202 4709 eloquii,
3231 4639 3285 4696 in
3316 4639 3509 4694 eadem
3539 4637 3594 4692 in
3619 4652 3721 4708 qua

2138 4732 2340 4790 conditi
2369 4740 2495 4786 sunt
2538 4731 2740 4802 lingua,
2772 4729 2970 4799 ubique
2998 4738 3266 4784 terrarum
3297 4726 3499 4792 ferant,
3527 4736 3717 4798 quate-

2142 4837 2245 4880 nus
2271 4822 2393 4892 ipsi,
2413 4821 2506 4891 qui
2528 4821 2682 4876 nobis
2705 4821 2911 4875 inimici
2941 4830 3088 4887 sunt,
3119 4820 3166 4874 si
3193 4820 3410 4891 quando
3434 4817 3720 4891 scrupulus

2140 4910 2428 4967 dubietatis
2451 4910 2753 4976 etuerserit,
2784 4923 2943 4964 omne
2976 4909 3132 4965 nobis
3161 4910 3473 4978 ambiguum
3511 4908 3716 4968 tollant.

2142 5003 2294 5060 Unde
2317 5017 2414 5072 per
2441 5001 2780 5057 Psalmistam
2811 5001 3037 5054 dicitur:
3073 5017 3093 5052 ι
3126 4999 3268 5054 Dens
3293 5015 3465 5066 meus,
3496 4998 3717 5056 ostende

2138 5094 2271 5150 mihi
2297 5093 2436 5148 bona
2469 5095 2609 5148 inter
2647 5091 2891 5146 inimicos
2932 5104 3104 5154 meos,
3150 5103 3218 5143 ne
3249 5090 3468 5144 occidas
3506 5105 3623 5156 eos,
3654 5101 3716 5150 ne

2137 5193 2351 5263 quando
2361 5187 2886 5257 obliviscanturlegis
2909 5196 3012 5241 tua:
3027 5185 3200 5256 (Ρωι.
3213 5186 3389 5257 Lvut).
3413 5205 3433 5240 ι
3451 5184 3713 5242 Hebraica

2213 5287 2330 5310 ται-ιιι
2370 5285 2543 5310 Ιεηηιιιι
2595 5299 2709 5310 ιιι-ιη
2765 5292 2875 5310 ΩΑΟΛ
2922 5282 3052 5310 Α-ιιιλ
3099 5282 3426 5310 Ᾰῖοηηηηῖοιι-
3491 5281 3710 5310 mulli-nm
