3964 5310
1225 387 1418 444 LIBER
1459 383 1844 452 SECUNDUS,
1885 383 2097 442 EPIST.
2137 383 2272 444 XIII.

113 487 268 540 iilud
291 484 652 540 testimonium
684 482 985 546 adhibetur,
1017 479 1160 538 illico
1187 483 1439 538 dubietas
1479 482 1698 536 tollitur.
1727 487 1788 548 Α,
1805 480 2176 536 vicissitudine
2201 478 2288 548 (11
2337 477 2464 550 Reg.
2495 479 2628 550 nx).
2663 498 2680 532 1
2713 479 2877 548 Cujus
2917 480 3144 554 ﬁguram
3171 491 3380 546 tenent,

113 575 286 630 Ende
313 585 368 630 et
395 574 504 630 illic
531 583 716 646 aperte
749 570 1125 644 subjuugilur:
1169 591 1188 624 1
1221 573 1474 643 Disperge
1500 573 1618 626 illos
1651 573 1706 627 in

113 667 330 719 virtute
357 673 444 718 tua
479 661 650 734 (Psal.
681 664 886 732 Lvln.);
924 681 941 714 1
977 677 1039 720 ac
1067 663 1112 718 si
1143 663 1284 718 dicat
1307 661 1477 718 Filius
1508 663 1572 717 ad
1597 661 1704 717 Pa-

115 767 272 812 trem
301 776 312 810 :
339 757 618 826 Disperge,
648 764 806 824 atque
870 755 1118 810 issemina
1143 771 1240 826 per
1267 764 1432 809 totum
1451 755 1702 810 mundum

111 851 224 918 qui
265 847 628 917 superfuerint
669 847 736 902 de
781 847 974 916 populo
1013 845 1342 912 Judteorum,
1391 855 1448 900 ut
1493 847 1594 916 ipsi
1638 846 1706 900 de

111 939 398 994 veteribus
429 939 587 994 libris
619 939 984 996 testimonium
1021 939 1342 1009 prhibeant
1385 954 1534 994 nova:
1583 938 1706 994 Ildei

113 1028 364 1084 velitati.

195 1117 438 1187 Cumque
483 1119 722 1173 venisset
767 1118 934 1173 David
977 1119 1036 1173 in
1080 1127 1256 1174 castra
1297 1117 1530 1184 Madian,
1577 1117 1707 1174 Sobi

117 1207 270 1266 ﬁlius
317 1206 486 1274 Naas,
535 1219 594 1264 et
637 1209 827 1266 Machil
877 1209 1020 1266 [ilius
1069 1209 1291 1272 Amihil,
1349 1218 1402 1266 et
1449 1208 1708 1276 Benellai

115 1297 432 1354 Galandites
469 1297 780 1352 obtulerunt
829 1300 878 1353 ei
924 1301 1212 1364 stratoris,
1263 1307 1318 1354 et
1363 1301 1596 1368 tapetis,
1641 1315 1706 1355 ac

119 1401 252 1441 vasa
297 1387 480 1442 Iictilia
513 1428 528 1452 ,
569 1397 671 1443 etc.
719 1387 801 1446 111
857 1389 982 1460 Reg.
1031 1391 1185 1461 xm).
1231 1389 1534 1444 Madianitae
1577 1403 1708 1446 vero

117 1479 218 1546 qui
254 1481 532 1550 pfaahuerc
567 1481 676 1549 regi
709 1482 872 1534 David
918 1483 1195 1546 stratoris,
1227 1493 1280 1538 et
1327 1483 1548 1552 tapetia,
1575 1481 1706 1551 quid

119 1567 266 1621 aliud
295 1567 604 1636 significant
635 1585 794 1638 quam
823 1572 1050 1640 gentiles
1079 1587 1370 1626 conversos
1399 1573 1466 1626 ad
1501 1571 1706 1628 fidem?

119 1657 388 1722 Quidum
423 1659 528 1728 piis
580 1662 787 1715 actibus
839 1663 1176 1718 incessanter
1221 1664 1498 1728 insistunt,
1547 1663 1704 1733 quasi

119 1750 340 1803 textrini
387 1753 570 1820 operis
619 1752 928 1808 linteamina
994 1767 1337 1824 praeparant,
1397 1757 1448 1812 in
1509 1757 1704 1826 quibus

1775 603 1778 608 -
1805 571 1894 640 qui
1921 570 2182 638 spirituali
2221 571 2472 640 cuiquam
2513 573 2650 638 viro.
2677 588 2904 644 seseque
2930 575 2998 630 ad
3033 573 3224 630 altiora
3257 589 3384 642 pro-

1805 662 2060 726 vocanti,
2113 663 2268 730 quasi
2339 663 2612 718 humiliter
2665 665 2995 722 decantauit:
3063 663 3386 724 Peccatum!

1801 753 2016 822 quidem
2067 768 2271 818 sumus,
2305 754 2528 822 tibique,
2566 755 2744 819 Pater,
2787 756 3240 826 obtemperamus,
3281 756 3384 816 sed

1801 841 2146 896 districtioris
2175 843 2402 898 instituti
2427 845 2663 914 regulari]
2689 861 2905 902 servare
2937 864 3042 902 non
3071 863 3382 916 possumus.

1800 931 2002 990 Infirmi
2047 949 2232 990 sumus
2277 943 2332 990 et
2363 933 2600 1006 fragiles,
2635 949 2796 1006 atque
2839 939 2960 994 ideo
3007 941 3196 996 ludius
3233 938 3380 1006 judi-

1802 1039 1990 1082 camus
2017 1025 2118 1080 sub
2147 1025 2250 1080 levi
2281 1041 2382 1084 nos
2409 1025 2554 1082 fasce
2597 1029 2852 1098 inglorios
2885 1039 3152 1098 utcunque
3179 1031 3382 1098 vivere,

1799 1131 1964 1190 quam
1991 1118 2094 1174 sub
2129 1119 2314 1187 gratiis
2357 1119 2586 1174 sarcina
2615 1121 2848 1188 pondere
2871 1121 3024 1189 quasi
3073 1120 3234 1176 fortes
3263 1120 3386 1176 fun-

1801 1207 1948 1264 ditus
1981 1207 2220 1264 interire.
2255 1206 2388 1264 Nam
2429 1216 2484 1264 et
2507 1209 2650 1276 quod
2679 1209 2818 1264 idem
2849 1209 3108 1266 Berzellai
3137 1211 3384 1281 superius

1801 1295 2052 1360 dixerat,
2104 1297 2172 1351 ab
2217 1297 2443 1351 istorum
2480 1298 2756 1352 interioris
2800 1299 3032 1352 hominis
3081 1300 3234 1356 senio
3273 1315 3386 1356 non

1801 1387 2090 1446 discordat.
2149 1409 2168 1440 1
2192 1389 2330 1456 Quot
2389 1399 2536 1456 sunt,
2593 1391 2788 1460 inquit,
2829 1392 2942 1448 dies
2971 1406 3232 1446 annorum
3259 1392 3384 1448 vita

1801 1497 1934 1540 mea:
1962 1493 2020 1536 ut
2045 1483 2336 1538 ascendam
2359 1498 2482 1536 cum
2511 1498 2634 1553 rege
2661 1484 2714 1538 in
2745 1482 3123 1540 Hierusalem?
3147 1504 3162 1534 1
3193 1481 3384 1554 (111111.)

1801 1572 1870 1630 Et
1898 1571 2092 1640 adjecit
2119 1591 2131 1626 :
2173 1591 2190 1624 1
2227 1571 2474 1642 Nunquid
2501 1573 2682 1644 vigent
2717 1588 2912 1630 sensus
2943 1573 3046 1628 mei
3074 1574 3139 1630 ad
3177 1574 3388 1630 discer-

1801 1662 2034 1718 nendum
2085 1677 2248 1718 suave
2295 1671 2349 1718 et
2401 1663 2691 1718 amarum?
2745 1672 2840 1718 aut
2883 1662 3152 1718 delectare
3195 1671 3386 1732 potest

1801 1766 2014 1808 servum
2045 1761 2192 1808 tuum
2221 1755 2372 1808 cibus
2401 1762 2456 1808 et
2483 1753 2684 1824 potus?
2717 1755 2797 1808 vel
2827 1755 3010 1808 audire
3045 1769 3262 1822 possum
3289 1769 3388 1808 vo-

117 1841 308 1910 ltique
335 1843 596 1897 Dominus
629 1847 866 1900 suaviter
903 1849 1222 1916 requiescat.
1259 1849 1378 1902 Htec
1405 1850 1546 1904 enim
1577 1859 1703 1905 sunt
1731 1832 1780 1894 Β
1802 1860 1920 1902 cem
1957 1855 2236 1900 cantorum
2273 1856 2327 1900 et
2367 1845 2766 1900 cantatricum?
2801 1865 2820 1896 1
2871 1845 3069 1914 (Ιῡὶά.)
3108 1845 3384 1902 \‘eraciter

119 1932 426 2002 evangelica
477 1933 564 1987 illa
601 1937 941 2004 vestimenta,
971 1953 1090 2007 qum
1126 1939 1350 2008 apostoli
1401 1955 1562 2008 super
1598 1942 1704 1995 asi-

121 2037 248 2076 num
269 2034 498 2092 pommt,
515 2037 572 2079 et
591 2025 774 2080 Jesum
797 2031 984 2084 sciere
1009 2031 1238 2098 desuper
1261 2029 1465 2084 faciunt
1485 2029 1700 2100 (Matth.

121 2125 252 2177 ut;
295 2113 464 2168 Herc.
514 2131 566 2167 111
593 2131 607 2180 ;
639 2113 770 2170 Luc.
811 2133 944 2187 xix).
981 2119 1136 2184 Quod
1177 2128 1356 2172 autem
1411 2121 1698 2188 sequitur:

123 2203 254 2271 Quia
283 2207 545 2261 dederunt
573 2209 738 2262 David
769 2213 930 2264 etiam
962 2227 1084 2266 vasa
1117 2212 1320 2274 ﬁctilia,
1349 2211 1700 2282 frumentum,

123 2305 178 2350 et
207 2297 484 2360 hordeum,
515 2299 766 2366 farinam,
791 2314 837 2356 ετ
871 2301 1072 2366 fabam,
1095 2313 1152 2358 et
1183 2303 1400 2368 lentem,
1423 2315 1480 2360 et
1505 2307 1704 2360 frixum

129 2385 288 2451 cicer,
323 2395 382 2442 et
411 2388 538 2451 mei,
581 2401 640 2444 et
687 2393 962 2460 butyrum,
1007 2407 1137 2448 oves
1165 2393 1349 2459 etiam,
1381 2401 1438 2448 et
1481 2395 1704 2466 pingues

125 2475 312 2530 vitulos
343 2475 432 2545 (11
469 2476 596 2545 Reg.
637 2481 790 2546 xv-u),
827 2481 1068 2549 plut-ioue
1107 2483 1354 2538 ciborum
1389 2485 1596 2552 species
1621 2485 1704 2542 di-

125 2567 256 2620 versi
285 2575 412 2620 sunt
435 2577 748 2624 sanctor-mn
777 2573 1049 2626 hominum
1077 2589 1276 2630 mores.
1310 2574 1514 2640 Quibus
1537 2575 1700 2630 nimi-

127 2671 238 2709 rum
265 2657 438 2712 David
477 2673 600 2712 cum
645 2660 758 2714 suis
775 2663 1246 2724 commilitonibus
1285 2668 1542 2736 pascitur,
1575 2669 1700 2738 quia

125 2745 464 2816 Redemptor.
475 2757 662 2804 noster
687 2765 812 2806 cum
837 2745 1040 2812 sanctis
1079 2758 1192 2814 suis
1236 2761 1406 2815 rectis
1431 2761 1698 2831 justorum

125 2837 370 2906 operibus
397 2836 540 2892 velut
565 2842 812 2896 esuriens
829 2850 1106 2908 Φρυνίων.

81 2963 84 2966 -
187 2926 446 2981 Benellai
489 2927 796 2984 Galaadites
841 2945 1008 2986 senex
1051 2933 1227 2998 valde,
1279 2936 1328 2990 id
1380 2947 1481 3000 est,
1551 2948 1700 2993 octo-

125 3019 390 3087 genarius,
422 3027 480 3072 ut
519 3033 672 3074 sacra
705 3029 936 3076 testatur
975 3024 1222 3090 historia,
1273 3029 1604 3086 descendens
1631 3035 1700 3086 de

127 3105 392 3180 Bogelim,
445 3111 752 3168 transduxit
802 3127 978 3184 regem
1025 3115 1192 3172 David
1237 3117 1546 3176 ἔοι-1111111111.
1599 3121 1696 3176 Cui

125 3215 208 3255 rex
245 3219 260 3256 :
301 3221 322 3253 1
347 3201 506 3268 Veni,
541 3205 738 3274 inquit,
769 3216 825 3262 ut
849 3210 1155 3279 requiescas
1179 3227 1390 3268 mecum
1423 3213 1476 3266 in
1511 3213 1699 3270 Hieru-

121 3289 278 3346 salem
295 3290 382 3360 (II
397 3291 522 3364 Reg.
541 3295 675 3366 nx).
699 3313 716 3348 1
739 3295 830 3352 Ille
844 3307 1021 3354 autem
1049 3315 1280 3356 renuens
1293 3305 1698 3362 excusationem

120 3384 414 3438 senecurtis
431 3385 692 3450 obtendit,
709 3395 764 3441 et
785 3388 970 3445 relicto
989 3405 1116 3460 rege
1141 3407 1264 3448 mox
1285 3395 1352 3448 ad
1377 3397 1594 3466 propria
1618 3411 1698 3452 re-

119 3475 349 3542 pedavit.
376 3475 516 3530 Sunt
545 3493 781 3549 namque
803 3484 1042 3538 nonnulli
1067 3486 1159 3554 qui
1187 3501 1366 3556 regem
1385 3488 1568 3553 David,
1595 3490 1700 3544 hoe

117 3575 215 3630 est,
239 3566 578 3624 Salutarem
617 3581 865 3626 nostrum
889 3585 1204 3643 sequentes,
1229 3575 1477 3634 Jordanis
1501 3578 1696 3636 ﬂuenta

118 3659 504 3724 transmittunt,
535 3664 640 3718 hoc
659 3671 762 3729 est,
795 3666 876 3721 vel
905 3668 1156 3737 baptismi
1179 3671 1478 3739 suscipiunt
1507 3687 1694 3727 sacra-

115 3759 374 3814 mentum,
397 3753 480 3806 vel
501 3754 666 3823 quod,
689 3757 984 3814 secundum
1007 3767 1088 3814 est
1115 3759 1406 3824 lavacrum.
1431 3762 1696 3829 arripiunt

117 3841 388 3908 spirituale
415 3847 770 3914 propositum.
808 3845 942 3902 Nam
981 3849 1106 3919 quia
1151 3851 1203 3904 in
1241 3850 1472 3906 Jordane
1507 3861 1696 3906 auctor

115 3929 356 4000 baptismi
373 3931 624 3992 Christus
643 3949 728 3992 est
755 3939 1056 4006 baptizatus
1075 3941 1292 4012 (Matth.
1317 3957 1376 3996 m
1395 3960 1408 4008 ;
1429 3942 1552 3996 Luc.
1585 3941 1692 4014 In),

113 4022 211 4093 83
253 4033 406 4080 recte
451 4041 550 4096 per
593 4044 718 4085 eum
759 4031 1078 4103 intelligitur
1119 4035 1438 4104 nepti-smus.
1463 4036 1568 4091 Sed
1610 4039 1688 4105 111,

115 4127 254 4172 veste
289 4119 525 4186 variata,
573 4137 678 4176 non
724 4133 924 4188 mente,
978 4127 1218 4180 habitum
1261 4127 1539 4192 mutando,
1583 4141 1690 4184 non

115 4208 370 4277 animum,
413 4211 480 4266 ad
516 4213 772 4281 pristinos
800 4217 1027 4272 redeunt
1069 4233 1269 4280 mores,
1311 4223 1364 4272 ct
1408 4219 1690 4275 saeculares

113 4306 356 4366 repetunt
402 4301 683 4367 actiones;
733 4313 788 4356 et
815 4305 936 4373 quia
984 4317 1257 4376 nequeunt
1292 4321 1320 4360 a
1355 4311 1688 4376 negotiorum

111 4388 442 4444 saecularium
475 4393 878 4462 perturbatione
905 4397 1205 4465 quiescere,
1251 4399 1439 4453 uolunt
1471 4401 1522 4454 in
1560 4401 1686 4458 Hie-

114 4479 372 4546 rusalem,’
421 4481 525 4537 hoc
573 4493 678 4550 est,
732 4485 784 4539 in
831 4487 1038 4542 visione
1081 4489 1229 4557 pacis
1283 4491 1526 4546 habitare
1564 4509 1684 4549 cum

113 4567 249 4642 iege.
286 4573 462 4629 Senes
485 4575 630 4630 enim
662 4587 788 4632 sunt
816 4585 870 4632 et
895 4579 1202 4644 inveterati,
1231 4590 1393 4650 atque
1431 4585 1550 4639 ideo
1591 4600 1686 4640 ne-

113 4673 308 4730 queunt
341 4665 398 4719 in
441 4682 632 4721 novam
663 4669 728 4722 de
770 4679 978 4726 vetusta
1007 4675 1418 4729 conversatione
1467 4677 1688 4732 mutari.

117 4753 240 4808 Nam
289 4765 344 4810 et
385 4755 678 4814 Iordanem
719 4769 996 4818 transeunt
1037 4772 1094 4818 et
1139 4765 1472 4834 octogenarii
1521 4775 1686 4831 sunt;

117 4847 230 4914 quia
261 4854 320 4900 et
343 4845 602 4917 baptizati
647 4861 802 4916 sunt,
843 4861 896 4907 et
942 4857 1390 4910 resurrectionem
1423 4856 1656 4912 futuram
1669 4911 1688 4940 ,

113 4951 226 5003 quae
253 4951 354 5006 per
391 4940 728 4994 octonarium
759 4943 1070 5013 designatur
1107 4961 1412 5012 numerum,
1445 4949 1690 5004 credunt.

111 5024 212 5080 Sed
237 5025 292 5081 hi
325 5043 632 5100 quanquam
671 5032 782 5102 regi
841 5033 1113 5090 humiliter
1141 5047 1194 5092 et
1225 5036 1416 5092 blande
1461 5039 1686 5110 loquan-

109 5129 214 5184 tur,
241 5135 420 5191 regem
457 5135 634 5178 tanien
675 5127 954 5192 deserunt,
983 5140 1037 5182 et
1066 5130 1131 5183 ad
1174 5131 1346 5186 solitae
1391 5148 1686 5192 conversa-

110 5215 268 5250 lin-sic
320 5221 760 5250 nnncaInI-n.l:nnm
815 5231 1155 5250 nn‘rnnlg...l..-
1225 5225 1342 5250 n..:.

1799 1938 1944 1993 enim
1966 1937 2148 1990 taliqu
2171 1937 2444 1990 hominum
2471 1951 2662 1992 sensus
2681 1937 3007 1992 intrinsecus
3031 1937 3208 1992 obtusi
3231 1945 3376 2002 sunt,

1799 2028 1925 2098 quia
1968 2026 2266 2095 spiritualia
2317 2025 2515 2082 mentis
2559 2025 2758 2088 edulia,
2805 2025 2887 2078 vel
2935 2026 3138 2080 intimte
3183 2025 3382 2094 iubila-

1801 2117 1961 2172 tionis
2003 2132 2204 2186 organa
2258 2130 2362 2170 non
2405 2115 2735 2170 discernunt.
2780 2113 2896 2168 Non
2937 2115 3082 2168 enim
3129 2115 3208 2168 eis
3243 2114 3384 2186 sapit

1797 2209 1950 2266 cibus
1993 2209 2081 2262 ille
2133 2207 2400 2272 caelestis,
2445 2207 2510 2262 ad
2549 2221 2708 2276 quem
2753 2206 3022 2276 PrOpheta
3069 2205 3384 2275 spiritualea

1795 2299 2048 2356 convivas
2095 2298 2284 2350 invitat
2333 2315 2346 2352 :
2405 2314 2422 2348 1
2475 2295 2738 2362 Gustate,
2805 2296 3021 2365 inquit,
3087 2303 3142 2350 et
3183 2295 3378 2360 videte,

1796 2389 2048 2460 quoniam
2071 2387 2252 2442 suavis
2273 2396 2354 2444 est
2385 2387 2644 2444 Dominus
2667 2385 2840 2459 (1³1111.
2866 2387 3081 2456 ultu).
3111 2407 3132 2440 1
3159 2385 3269 2442 Nec
3291 2385 3382 2444 illa

1795 2479 1977 2536 fauces
2009 2495 2195 2534 eorum
2229 2479 2384 2534 mella
2421 2480 2756 2544 discernunt,
2801 2479 2868 2534 de
2907 2479 3103 2548 quibus
3149 2479 3374 2534 aiebat:

1803 2590 1825 2626 1
1859 2573 2030 2640 Quam
2067 2572 2244 2626 dulcia
2279 2572 2522 2628 faucibus
2551 2573 2688 2628 meis
2715 2571 2926 2640 eloquia
2967 2580 3078 2635 tua,
3125 2569 3378 2635 Domine,

1795 2677 1956 2734 super
1975 2663 2078 2716 mel
2105 2673 2160 2718 et
2185 2661 2364 2716 favum
2383 2663 2464 2717 ori
2489 2663 2634 2717 meol
2658 2681 2678 2714 1
2709 2659 2879 2731 (Psal.
2905 2661 3115 2726 cxvut.)
3139 2659 3378 2718 Necdum

1793 2756 1863 2812 ad
1894 2756 2022 2810 illud
2061 2755 2350 2826 Sapientiae
2380 2756 2700 2810 discubuere
2724 2753 3051 2818 convivium,
3083 2753 3150 2808 de
3179 2767 3286 2821 quo
3321 2753 3378 2808 111

1791 2845 1932 2904 libro
1959 2847 2212 2902 Proverb.
2255 2848 2494 2902 dicitur:
2533 2867 2552 2898 1
2597 2846 2732 2913 Quia
2769 2845 3032 2914 sapientia
3077 2843 3382 2898 immolavit

1791 2937 2042 2994 victimas
2083 2953 2242 3000 suas,
2305 2939 2522 2994 miscuit
2569 2939 2754 2992 vinum
2805 2946 2860 2996 et
2909 2937 3086 3006 posuit
3135 2951 3376 2992 mensam

1793 3043 1948 3088 suam
1989 3028 2170 3100 (Prov.
2203 3029 2314 3098 Ix);
2353 3050 2372 3084 1
2401 3031 2490 3086 11111
2539 3039 2593 3086 et
2621 3031 2900 3100 sequitur:
2929 3047 2950 3078 1
2981 3027 3126 3084 Misit
3155 3027 3378 3084 ancillas

1793 3136 1920 3178 suas
1949 3131 2008 3176 ut
2037 3131 2294 3178 vocarent
2327 3121 2394 3176 ad
2433 3136 2615 3176 arcem
2659 3129 2716 3176 et
2755 3122 2824 3176 ad
2853 3120 3054 3174 uicenis
3099 3119 3376 3176 civitatis:

1721 3185 1768 3250 ο
1795 3212 2006 3276 Venite,
2055 3214 2323 3268 comedite
2365 3227 2556 3281 panem
2603 3227 2806 3276 meum,
2863 3221 2922 3266 et
2978 3211 3146 3266 bibite
3191 3211 3376 3266 vinum

1792 3307 1934 3376 quod
1983 3306 2173 3362 miscui
2214 3306 2362 3360 vobis
2405 3303 2614 3376 (1054.).
2667 3323 2686 3356 1
2723 3302 2786 3358 Hi
2831 3316 2990 3358 voces
3039 3302 3200 3356 etiam
3247 3315 3376 3358 can-

1793 3406 1968 3452 torum
1999 3407 2053 3452 et
2089 3397 2442 3452 cantatricqu
2491 3409 2598 3449 non
2652 3394 2905 3458 audiunt;
2946 3393 3072 3461 quia
3099 3405 3220 3461 qua
3247 3404 3376 3446 san-

1792 3497 2004 3546 ctorum
2041 3498 2360 3558 martyrum,
2405 3502 2524 3556 qua:
2571 3494 2884 3542 sanctarum
2935 3484 3202 3555 virginum
3249 3490 3376 3538 ante

1791 3581 1959 3636 Deum
1981 3579 2174 3648 jubilet
2213 3577 2522 3642 modulatio,
2559 3577 2862 3632 nullatenus
2891 3573 3371 3644 comprehendunt.

1789 3671 1925 3726 Nam
1985 3673 2108 3741 quia
2159 3669 2450 3724 carnaliter
2494 3675 2915 3731 conversantes,
2966 3666 3032 3719 ad
3087 3664 3372 3719 Dominum

1788 3761 2254 3834 contemplationis
2293 3762 2454 3816 corda
2502 3775 2606 3812 non
2649 3741 2890 3822 elevant,
2949 3757 3183 3812 scelestis
3239 3757 3372 3810 bar-

1788 3855 1983 3908 monize
2036 3851 2312 3916 modulos,
2366 3860 2419 3906 et
2476 3845 2756 3905 melliﬂuas
2797 3847 3022 3922 angelici
3075 3855 3372 3902 concentus

1789 3947 2084 4003 suavitates
2129 3945 2396 4014 ignorant.
2431 3941 2582 3998 Unde
2631 3957 2736 3996 non
2771 3939 3046 3994 immerito
3085 3953 3250 3993 senex
3281 3935 3372 3992 ille

1786 4037 2046 4094 Berzellai
2093 4035 2258 4092 fuisse
2295 4034 2494 4091 dicitur
2517 4033 2584 4088 de
2623 4032 2890 4102 Rogelim,
2927 4031 3067 4101 quod
3105 4031 3372 4116 interpre-

1788 4129 1892 4184 tari
1957 4127 2156 4182 dicitur
2219 4125 2390 4196 pedes.
2441 4123 2726 4179 Pedestres
2793 4121 2940 4176 enim
2993 4120 3127 4175 tales
3180 4117 3370 4173 ambu-

1786 4217 1921 4284 lant,
1958 4226 2014 4273 et
2053 4215 2308 4286 quoniam
2353 4223 2386 4268 ‘a
2431 4223 2656 4268 terrena:
2703 4211 3128 4268 conversationis
3181 4209 3373 4264 itinere

1786 4323 1846 4363 se
1891 4306 2216 4376 suspendere
2260 4303 2540 4368 nesciunt,
2597 4303 2662 4356 ad
2711 4299 3212 4370 comprehendenda
3257 4311 3371 4353 cte-

1784 4399 1934 4456 lestis
1971 4397 2218 4452 melodire
2251 4397 2466 4452 cantica
2503 4407 2610 4450 non
2645 4403 2953 4465 assurgunt.
2983 4391 3182 4446 Nolunt
3225 4393 3368 4446 enim

1787 4493 1900 4566 84
1937 4493 2038 4546 nisi
2085 4492 2294 4562 pedites
2333 4503 2550 4560 semper
2593 4490 2872 4551 incedere,
2915 4495 3078 4555 atque
3117 4485 3237 4540 ideo
3279 4497 3370 4538 ue-

1791 4595 1994 4654 queunt
2025 4585 2129 4638 alta
2153 4583 2488 4652 jubilationis
2517 4583 2718 4636 intima:
2744 4581 2934 4651 gaudia
2971 4588 3275 4650 penetrare.
3304 4577 3370 4630 Et

1791 4677 2044 4747 quoniam
2077 4675 2272 4730 terreni
2300 4683 2472 4739 actus,
2510 4673 2562 4726 in
2593 4673 2788 4742 quibus
2815 4671 2986 4742 sparsi
3027 4679 3172 4742 sunt,
3206 4670 3369 4722 duros

1793 4783 1886 4824 eos
1926 4777 2088 4837 atque
2129 4751 2470 4820 insensibiles
2517 4765 2790 4826 reddunt,
2834 4761 3128 4832 spiritualis
3173 4759 3368 4812 laetitiae

1793 4857 2144 4927 contemplari
2175 4856 2390 4911 subtilia
2422 4863 2716 4925 nequeunt.
2757 4852 2896 4908 Hinc
2921 4861 3006 4908 est
3033 4851 3196 4906 etiam
3228 4848 3368 4918 quod

1793 4952 1897 5006 iste
1923 4948 2180 5004 Berzellai
2209 4946 2511 5003 Galaadites
2541 4945 2801 5004 asseritur
2829 4944 2971 5012 quod
3003 4957 3213 4994 acervus
3239 4940 3374 4993 testi-

1793 5041 1952 5095 monii
1989 5042 2394 5110 interpretatur.
2441 5035 2509 5091 Et
2552 5034 2806 5109 quoniam
2850 5046 3073 5087 acervus
3109 5027 3195 5082 ille
3233 5026 3375 5082 testi-

1791 5132 1998 5198 monii,
2044 5131 2132 5202 qui
2179 5126 2382 5182 Galaad
2430 5125 2668 5194 dicitur,
2717 5139 2747 5178 a
2795 5120 2978 5178 Laban
3014 5131 3068 5178 et
3111 5119 3273 5174 Jacob
3313 5117 3380 5170 de

1886 5227 2060 5250 κλει.--
2107 5225 2276 5250 nu..."
2327 5229 2645 5250 nunno-2..-_
2691 5215 2821 5250 Ir...
2884 5217 3034 5250 νυν-Χ
3117 5213 3250 5250 hnnn
3288 5221 3386 5250 nm‘

1791 5226 2060 5250 Ιηυιῖλξι.--
2107 5225 2276 5250 ...ιλιι-ι-
2327 5229 2645 5250 «Hnno-cfs.--
