3964 5310
613 152 716 212 387

611 361 754 414 enim
776 360 1012 419 animam
1041 379 1314 435 nunquam
1342 367 1586 425 introibit
1611 374 1870 442 sapientia
1897 375 2045 447 (Sap.
2063 378 2126 450 ι).
2159 400 2178 432 ο

609 449 677 503 Ει
697 463 950 521 congrue,
977 453 1178 509 terrum
1208 472 1408 525 meum,
1435 462 1587 529 quasi
1610 462 1675 517 de
1701 478 1759 519 se
1777 465 2003 534 quilibet
2021 449 2184 524 homo

609 539 774 595 durus
802 552 860 596 et
885 543 1188 600 obstinatus
1223 548 1374 613 dicit,
1409 552 1554 620 quia,
1580 553 1706 609 dum
1751 558 1940 613 statuit
1969 559 2022 614 in
2063 577 2184 632 pro-

605 628 722 697 pria
744 644 1094 700 perseverare
1115 637 1331 704 duritia,
1356 640 1408 694 in
1440 643 1661 698 consilia
1691 660 1748 700 se
1772 628 2184 723 nunquam

599 718 720 788 jicit
757 723 953 779 aliena.
992 725 1068 780 Ea
1115 729 1240 797 quia
1273 731 1476 802 rigidus
1521 744 1575 790 et
1616 718 1921 796 inﬂexibilis
1965 744 2032 798 ad
2066 718 2184 802 cce-

604 808 793 868 lestem
815 813 1154 875 Hierusalem
1179 836 1301 876 cum
1328 824 1497 879 David
1529 841 1656 899 rege
1682 845 1786 885 non
1817 834 2082 903 graditur,
2113 837 2182 894 de

603 899 687 954 via
710 917 869 970 quam
898 918 1137 977 coeperat
1158 925 1279 966 cum
1304 912 1590 985 Berzellai,
1617 921 1686 974 ad
1712 899 1912 978 terram
1941 899 2175 997 Madian,

603 991 689 1062 (Il
735 993 864 1066 Reg.
909 1001 1035 1069 xx),
1074 1001 1177 1058 hoc
1219 1017 1324 1070 est,
1372 1009 1439 1064 ad
1476 1009 1602 1067 vita:
1641 1017 1842 1072 veteris
1884 991 2178 1089 primordia

602 1099 794 1142 revoca
802 1098 854 1142 tu
863 1105 906 1144 I‘.

670 1175 915 1248 Cumque
952 1185 1186 1242 venisset
1218 1204 1313 1244 rex
1358 1192 1526 1249 David
1558 1196 1609 1250 iu
1640 1196 1974 1258 Hierusalem
2000 1245 2015 1269 ,
2057 1206 2178 1262 tulit

600 1265 784 1321 decem
805 1273 1134 1330 concubinas
1155 1292 1302 1346 suas,
1317 1296 1452 1351 quas
1476 1284 1765 1357 reliquerat
1781 1291 1847 1346 ad
1868 1295 2174 1350 custodien-

599 1355 721 1411 dam
743 1357 982 1430 domum,
1011 1375 1065 1420 et
1089 1370 1308 1426 tradidit
1331 1387 1426 1429 eas
1448 1375 1499 1429 in
1521 1355 1838 1446 cttstodiam,
1867 1399 1968 1439 nec
1993 1396 2074 1441 est
2099 1388 2174 1443 in-

599 1461 816 1515 gressus
832 1453 897 1506 ad
923 1469 1036 1517 eas,
1063 1459 1154 1511 sed
1169 1471 1324 1514 erant
1343 1463 1539 1521 clausa:
1562 1483 1731 1538 usque
1754 1472 1804 1526 in
1820 1473 1960 1529 diem
1983 1480 2173 1534 mortis

599 1550 738 1600 suae,
775 1539 826 1594 in
856 1542 1114 1600 viduitate
1140 1549 1399 1607 viventes.
1437 1555 1780 1627 Concubinm,
1811 1579 1930 1633 quae
1956 1583 2061 1623 non
2090 1569 2174 1626 se-

596 1638 824 1694 quentes
846 1631 1031 1701 David,
1056 1637 1272 1696 domum
1293 1656 1532 1712 servant,
1557 1650 1610 1703 hi
1634 1662 1758 1706 sunt
1780 1631 1868 1723 qui
1894 1657 1945 1711 in
1971 1662 2168 1717 veteris
2201 1661 2246 1719 II

596 1716 728 1788 legis
761 1726 998 1780 custodia
1029 1743 1394 1798 perseverant.
1440 1738 1511 1792 De
1552 1743 1745 1809 quibus
1774 1716 2013 1814 profecto
2043 1767 2165 1807 con-

596 1810 805 1867 cubinis
843 1815 1041 1871 dicitur
1080 1834 1094 1872 :
1139 1841 1156 1873 ι
1192 1823 1326 1890 Quia
1367 1827 1434 1881 de
1481 1840 1674 1886 czetero
1724 1852 1826 1891 non
1871 1850 1952 1894 est
2000 1842 2166 1898 David

596 1899 870 1970 ingressus
906 1909 971 1962 ad
1008 1924 1098 1964 eas
1123 1953 1137 1977 ,
1183 1917 1277 1969 sed
1306 1928 1462 1974 erant
1499 1921 1694 1979 clausa:
1733 1943 1900 1997 usque
1930 1931 1981 1984 in
2023 1933 2164 1988 diem

596 1994 787 2048 mortis
809 2010 940 2060 sum,
970 1999 1022 2051 in
1051 2001 1309 2058 viduitate
1331 2008 1623 2065 viventes.»
1655 1994 1828 2070 Jndmi
1846 2019 2001 2088 plane
2027 2039 2166 2080 nunc

595 2080 764 2137 clausi
788 2097 930 2150 sunt,
959 2091 1084 2144 etin
1110 2094 1366 2151 viduitate
1389 2101 1596 2166 vivunt,
1621 2109 1874 2174 quoniam
1899 2111 1964 2164 ad
1991 2115 2164 2170 virum

594 2181 795 2226 sanctae
826 2174 1074 2233 Ecclesiae
1117 2197 1221 2237 non
1249 2189 1530 2243 accedunt.
1559 2189 1669 2248 Nec
1696 2196 1760 2250 ad
1796 2213 1888 2253 cos
1929 2203 2165 2260 caelestis

594 2260 681 2317 ille
709 2278 938 2334 sponsus
971 2271 1290 2342 ingreditur,
1319 2279 1445 2348 quia
1477 2291 1730 2353 tanquam
1767 2289 2093 2349 mulierculis
2132 2312 2162 2351 a

591 2353 806 2411 diabolo
831 2362 1152 2428 prostitutis,
1183 2381 1338 2422 suum
1370 2371 1610 2439 praebere
1635 2378 2045 2435 contubernium
2075 2384 2164 2439 de-

590 2445 854 2515 dignatur,
894 2452 1107 2522 eisque,
1145 2459 1271 2526 quia
1296 2460 1479 2528 polluti
1501 2475 1641 2533 sunt
1672 2482 1769 2536 per
1797 2471 2114 2528 adulterium
2144 2518 2159 2542 ,

589 2541 796 2608 repudii
833 2543 926 2598 dat
964 2545 1218 2603 libellmn.
1259 2551 1324 2605 Et
1353 2553 1434 2608 lim
1463 2571 1584 2625 quae
1617 2573 1723 2612 non
1751 2573 2056 2630 sequuntur
2081 2541 2161 2620 vi?

557 2644 725 2694 .rum,
756 2635 946 2689 merito
969 2640 1309 2708 concubium,
1343 2659 1442 2699 nec
1469 2657 1734 2702 vocantur
1767 2665 1962 2709 uxores
1991 2673 2004 2709 :
2034 2658 2157 2726 quia

585 2720 747 2775 dotali
788 2724 988 2782 ftedere
1029 2744 1091 2784 ac
1125 2735 1349 2802 nuptiali
1388 2740 1575 2808 copula
1623 2757 1846 2811 prorsus
1886 2747 2154 2818 indigna),

585 2824 690 2863 non
723 2813 864 2868 illam
901 2819 1113 2885 pariunt
1144 2824 1378 2880 sobolem
1407 2843 1526 2897 qua:
1555 2841 1796 2900 paterna:
1835 2813 2158 2897 benedictio;

583 2900 667 2953 nis
707 2905 973 2972 possideat
1010 2911 1397 2972 htereditatem.
1433 2919 1597 2977 Nobis
1623 2935 1802 2980 autem
1847 2931 2155 2986 econtrario

581 2989 780 3047 dicitur
821 3012 835 3048 :

580 3081 888 3143 hmreditate
936 3093 1251 3160 possideatis
1305 3099 1392 3170 (II
1419 3100 1564 3157 Petr.
1590 3112 1694 3177 ιιι).
1726 3129 1744 3159 ι
1780 3109 1913 3164 Nam
1939 3121 1992 3166 et
2019 3114 2146 3169 item

579 3171 708 3227 dicit
733 3175 1019 3246 Apostolus
1044 3202 1056 3237 :
1087 3204 1105 3238 ι
1132 3187 1299 3259 Igitur
1329 3195 1418 3262 qui
1441 3210 1508 3250 ex
1541 3171 2151 3267 Iide’sunt,henedicen-

1110 3500 1436 3561 EPISTOLA
1476 3508 1614 3564 XIV.

609 3591 677 3631 AD
723 3595 941 3640 EUNDEM
984 3604 1302 3649 DESIDERIUM
1352 3613 1596 3654 ABBATEII
1645 3618 1712 3657 ΕΤ
1753 3621 2111 3664 ΩΑΒΒΙΝΛΗΞΗ.

825 3673 1088 3744 (IIabetur
1110 3691 1234 3737 tom.
1266 3683 1386 3753 ΙΙΙ,
1414 3701 1586 3758 estque
1614 3710 1792 3762 opusc.
1825 3697 1938 3768 55.)

1041 3793 1150 3866 35
1187 3796 1519 3858 EPISTOLA
1555 3803 1671 3860 xv.

571 3884 638 3923 AD
675 3887 890 3933 EUIDEM
917 3896 1235 3942 DESIDERIUM
1270 3908 1388 3945 ΔΗΒ.
1424 3911 1494 3949 I-Z'I‘
1537 3912 1692 3953 (ΞΛΜ).
1728 3915 1948 3967 ειυερυε
1978 3920 2146 3961 NONA-

1098 3972 1273 4012 STERII
1324 3978 1617 4022 MONACHOS.

759 4121 761 4123 ι
793 4038 1055 4109 (Habetur
1081 4058 1208 4104 tom.
1239 4051 1334 4108 IIl
1351 4094 1366 4119 ,
1392 4067 1564 4125 estque
1587 4077 1764 4130 opusc.
1796 4065 1912 4136 5-4.)

1099 4160 1431 4221 EPISTOLA
1476 4168 1613 4225 XVI.

566 4255 635 4296 AD
657 4259 870 4300 EUUDEH
903 4264 1220 4308 DESIDERIUH
1250 4273 1364 4312 ABB.
1407 4274 1476 4314 ΕΤ
1504 4276 1663 4317 CABD.
1695 4280 1920 4331 EJUSQUE
1970 4283 2140 4327 IONA'

1097 4338 1273 4380 δτι-21111
1312 4344 1604 4388 MONACBOS.

793 4409 1055 4482 (Habetur
1078 4425 1200 4472 tam.
1231 4417 1349 4487 ΙΙΙ,
1382 4431 1556 4494 estque
1583 4442 1760 4497 opusc.
1785 4427 1898 4501 '55.)

1082 4528 1413 4588 EPISTOLA
1453 4534 1608 4591 XVII.

563 4623 629 4662 AD
661 4625 878 4668 EUIDEM
908 4632 1225 4676 υεδιυειιιωι
1253 4641 1368 4679 ABB.
1398 4643 1466 4681 ET
1498 4643 1653 4682 CARD.
1695 4645 1918 4696 EJUSQUE
1964 4650 2132 4691 MONA-

1079 4707 1256 4747 STEBII
1297 4711 1590 4753 MONACIIOS.

778 4778 1034 4849 (Ilabetur
1063 4795 1186 4840 (om.
1229 4785 1324 4841 111
1350 4829 1366 4854 ,
1395 4801 1567 4862 estque
1596 4809 1773 4863 apuse.
1803 4795 1915 4867 '56.)

1184 160 1242 216 S.
1280 160 1482 221 PETRI
1523 165 1801 224 DAMIANI
1830 167 1980 226 OPP.
2021 170 2200 231 PARS
2229 174 2360 235 SEU
2399 178 2634 240 TOMUS
2663 183 2704 239 I.
2731 214 2800 226 —-
2828 183 3041 242 EPIST.
3083 185 3210 244 LIB.
3249 187 3376 245 VIII.

613 266 764 337 quid'
790 268 1113 327 obstinatius
1150 279 1314 330 corde
1361 283 1660 346 perverso?
1710 299 1728 333 ‹
1757 284 1818 337 In
1865 288 2181 343 malevolam
2209 295 2265 353 Α

881 3014 900 3047 t
935 2999 991 3054 In
1032 3001 1134 3058 hoc
1181 3009 1354 3062 vocati
1399 3012 1567 3076 estis,
1618 3025 1678 3068 ut
1725 3018 2153 3078 benedictionem
2181 3023 2230 3087 C

2161 4387 2215 4447 D

3774 189 3885 250 288

2792 317 3120 378 EPISTOLA
3161 320 3344 379 XVIII.

2284 443 2352 483 AD
2377 445 2596 486 EUHDEII
2625 446 2941 489 DBSIDERIUI
2976 450 3093 489 ABB.
3127 449 3197 489 ΕΤ
3225 450 3382 491 CARD.
3428 450 3666 502 ωυεουε
3692 451 3878 495 Μοπλη

2813 520 2989 560 STERII
3025 520 3318 561 MONACHOS.

2503 611 2764 681 (Habetur
2791 623 2914 670 tom.
2947 614 3069 700 III,
3092 626 3266 689 estque
3288 633 3466 688 opusc.
3510 618 3630 688 57.)

2801 746 3132 804 EPIITOLA
3184 748 3325 804 XIX.

2280 854 2348 894 AD
2377 853 2590 895 rl'rnuu
2616 854 2662 895 s.
2701 839 2756 894 n".
2787 856 2840 895 ε.
2864 855 3134 896 nucouuu
3162 855 3498 897 CARDINALEII
3533 857 3606 897 ετ
3636 855 3870 898 cancu-

2962 927 3180 967 LABICI.

2277 1019 2671 1077 Aacuusu'ruu.
2702 1051 2770 1062 -
2798 1020 3016 1076 Petrum
3067 1021 3127 1076 S.
3166 1021 3235 1076 Β.
3271 1021 3335 1077 Ε.
3375 1023 3715 1078 cardinalem
3745 1063 3760 1088 ,
3814 1032 3865 1079 et

2349 1092 2755 1174 cancellarium.
2787 1107 3112 1173 magnopere
3164 1093 3346 1174 laudat
3366 1133 3410 1174 ,_
3440 1102 3496 1148 et
3539 1109 3777 1174 secum
3803 1108 3864 1174 eo

2349 1161 2716 1233 gamiliaritate
2737 1161 2900 1233 jungi’
2917 1178 3114 1230 cupere
3131 1163 3227 1227 ait,
3256 1163 3522 1233 simulque
3548 1162 3628 1218 illi
3660 1171 3863 1219 sancta:

2346 1231 2599 1288 Ecclesiae
2633 1231 2832 1287 statum
2846 1231 3227 1288 commendat.

2291 1305 2318 1315 .-

2345 1367 2457 1439 86
2470 1365 2677 1422 Domno
2689 1365 2870 1422 Pereo
2902 1367 3042 1422 sacri
3066 1366 3247 1438 palatii
3273 1366 3620 1429 cancellario,
3648 1366 3859 1421 Penus

2276 1457 2465 1512 Crucis
2486 1457 2687 1512 (lin-isti
2712 1473 2992 1513 servcrum
3028 1457 3282 1525 famulus,
3321 1457 3747 1513 ferventissime
3769 1457 3856 1511 de-

2275 1548 2508 1603 votionis
2538 1549 2879 1618 obsequium.
3855 1603 3858 1606 .

2347 1640 2720 1702 Dilectissimo,
2749 1657 2872 1696 cum
2899 1657 3003 1696 non
3031 1642 3292 1711 ignorem,
3323 1641 3452 1711 quid
3481 1641 3588 1696 hoc
3618 1649 3854 1709 tempore

2272 1731 2442 1784 Roma
2479 1731 2571 1796 sit,
2612 1745 2711 1785 nec
2740 1746 2843 1785 non
2871 1740 2924 1784 et
2947 1731 3259 1800 frequenter
3278 1731 3490 1785 audiam
3520 1729 3619 1798 qui
3665 1730 3768 1793 sis,
3789 1729 3851 1781 ad

2270 1824 2372 1878 hoc
2394 1840 2557 1877 unum
2609 1831 2788 1877 mente
2819 1838 3041 1877 recurro
3063 1862 3077 1887 ,
3121 1823 3247 1892 quia
3283 1822 3374 1891 qui
3423 1820 3570 1875 valet
3605 1819 3850 1874 candens

2268 1913 2436 1968 lilium
2492 1914 2632 1968 inter
2669 1914 2942 1982 spinarum
2993 1914 3157 1969 densa
3191 1913 3489 1980 producere
3541 1908 3844 1980 (Cant._u),

2267 2005 2383 2074 ipse
2413 2005 2572 2058 etiam
2599 2013 2649 2059 te
2667 2005 2824 2059 talem
2842 2005 3009 2058 voluit
3026 2003 3502 2069 lion-nattistartibus
3518 2001 3582 2071 (ι’.
3613 2000 3842 2069 arcibus)

2265 2096 2537 2151 exhibere.
2556 2095 2894 2164 Quapropter
2921 2095 3133 2149 noveris
3162 2093 3346 2164 procul
3371 2093 3535 2148 dubio
3555 2091 3694 2160 quia
3722 2091 3838 2144 cha-

2268 2187 2483 2240 ritatem
2541 2194 2684 2238 luant
2735 2185 2933 2239 habere
2970 2184 3237 2246 desidero,
3285 2191 3340 2237 et
3391 2180 3618 2252 speciali
3682 2188 3840 2234 tecum

2266 2275 2652 2334 familiaritate.
2701 2283 2756 2328 et
2799 2273 3036 2326 unanimi
3067 2270 3370 2326 concordiae
3413 2267 3637 2324 vinculo
3678 2277 3841 2322 tecum

2265 2365 2513 2419 connecti
2561 2378 2667 2418 non
2699 2362 3041 2415 mediocriter
3071 2360 3414 2429 concupisco.
3468 2355 3664 2426 Neque
3707 2355 3836 2409 enim

2265 2457 2390 2512 huic
2421 2471 2540 2509 meo
2571 2453 2838 2508 desiderio
2880 2453 3121 2506 locorum
3150 2450 3291 2504 valet
3311 2449 3502 2503 obesse
3536 2445 3836 2517 longinqui-

2268 2557 2369 2600 tas.
2400 2545 2533 2599 Nam
2563 2554 2616 2599 et
2667 2546 2838 2613 ipsum
2870 2543 2974 2598 mei
3020 2540 3211 2610 capitis
3257 2539 3471 2594 oculum
3507 2553 3621 2592 non
3670 2537 3829 2598 video,

2262 2653 2357 2708 per
2381 2654 2539 2707 quem
2567 2638 2742 2701 video,
2794 2636 3024 2690 utilitate
3052 2645 3229 2708 tamen
3274 2632 3559 2687 ministerii
3599 2632 3725 2701 ejus
3755 2629 3827 2683 ni-

2262 2727 2553 2781 hilominus
2579 2727 2747 2793 fruor,
2795 2727 2995 2795 etquia
3021 2724 3210 2779 oculus
3249 2723 3375 2776 mihi
3411 2723 3464 2775 in
3499 2719 3827 2791 proferendis

2261 2817 2489 2886 exempli
2519 2817 2696 2871 verbis
2737 2816 3006 2879 occurrit,
3071 2823 3126 2868 tu
3157 2812 3288 2867 mihi
3334 2812 3433 2866 hac
3479 2813 3531 2864 in
3565 2821 3724 2879 parte
3763 2809 3826 2862 sis

2259 2907 2465 2972 oculus,
2501 2916 2555 2960 tu
2593 2908 2666 2961 sis
2696 2907 2967 2972 magister,
2993 2912 3259 2974 quatenus
3287 2915 3383 2971 per
3416 2911 3466 2954 te
3502 2899 3640 2954 mihi
3687 2899 3827 2952 liceat

2259 3012 2515 3063 cernere,
2567 2999 2613 3052 si
2643 2998 2932 3066 quidquam
2965 2997 3104 3065 apud
3133 3009 3293 3048 aures
3318 2991 3620 3048 beatissimi
3684 2990 3824 3059 hujus

2257 3090 2534 3161 apostolici
2576 3089 2784 3143 valeam
2816 3087 3082 3142 laborare.
3122 3085 3233 3140 Nisi
3265 3084 3408 3139 enim
3455 3085 3523 3137 ad
3557 3082 3825 3184 rectitudi-

2255 3183 2340 3238 nis
2367 3192 2566 3238 statum
2596 3182 2753 3237 sedes
2799 3195 3020 3234 romana
3076 3179 3278 3243 redeat,
3331 3187 3542 3232 certum
3575 3186 3683 3240 est,
3711 3179 3821 3245 quia

2254 3285 2397 3332 totus
2431 3275 2661 3330 mundus
2683 3275 2735 3327 in
2766 3289 2863 3328 suo
2890 3272 3069 3342 lapsus
3095 3286 3283 3326 errore
3312 3268 3590 3340 perdurat.
3646 3268 3712 3322 Et
3739 3279 3822 3320 ue-

2252 3383 2405 3424 cesse
2429 3378 2514 3423 est
2537 3368 2646 3438 jam
2702 3375 2759 3420 ut
2789 3366 2975 3421 eadem
3022 3365 3091 3419 sit
3129 3363 3450 3420 renovandae
3484 3362 3815 3432 principium,

2252 3477 2371 3531 quae
2406 3460 2677 3516 nascentis
2705 3460 2951 3514 humanae
2977 3457 3167 3512 salutis
3199 3456 3488 3512 exstiterat
3515 3454 3816 3510 fundamen-

2252 3565 2380 3608 tum.
2445 3552 2549 3607 Sed
2598 3553 2722 3622 quia
2775 3559 2936 3605 tantte
2974 3548 3272 3620 prudentia:
3316 3548 3432 3603 viro
3469 3562 3647 3617 pauca
3690 3541 3815 3601 selli-

2248 3648 2415 3710 ciunt,
2453 3645 2810 3700 urbanitatem
2852 3642 3123 3698 rusticitas
3175 3656 3282 3697 non
3329 3639 3601 3705 oﬂ‘endat,
3635 3633 3811 3710 legenti

2248 3737 2548 3793 rescribam
2577 3751 2706 3806 rogo
2733 3750 2838 3790 non
2867 3735 3065 3805 pigeat.
3118 3732 3226 3788 Per
3265 3732 3648 3789 brevissimam
3699 3741 3812 3783 vero

2247 3826 2406 3896 hujus
2433 3824 2553 3896 styli
2584 3823 3010 3881 membranulam
3063 3823 3327 3880 prolixam
3357 3822 3462 3878 mei
3485 3821 3717 3892 pectoris
3740 3818 3809 3872 in-

2246 3915 2425 3988 tellige
2457 3915 2863 3972 bibliothecam.

2775 4043 3110 4102 EPISTOLA
3169 4043 3289 4099 XX.

2370 4177 2434 4218 AD
2463 4177 2759 4217 ALBERICUM
2791 4177 2835 4216 S.
2865 4177 2917 4216 Β.
2951 4178 3003 4216 Ε.
3037 4175 3302 4215 ΒΙΑΩΟΝυὶί
3332 4171 3694 4214 CABDINALEI.

2473 4252 2730 4324 (Ilabetur
2763 4262 2888 4306 tant.
2920 4251 3038 4316 III,
3067 4261 3243 4322 estque
3269 4267 3446 4321 apusc.
3479 4249 3596 4319 57.)

2758 4384 3090 4441 EPISTULA
3137 4384 3279 4440 XXI.
3457 4440 3459 4442 .
3815 4401 3824 4429 ι

2855 4494 2923 4532 AD
2960 4493 3199 4532 EUIIDEII.
3807 4498 3823 4532 .-'

2463 4571 2726 4628 {Habetur
2753 4580 2878 4628 tom.
2912 4569 3033 4639 111,
3063 4581 3239 4644 estque
3265 4588 3442 4642 opusc.
3471 4571 3586 4640 37.)
