3964 5310
1287 287 1489 347 LIBER
1524 280 1844 349 TERTIUS,
1876 277 2090 336 EPIST.
2125 277 2212 333 IV.

163 409 2056 460 _____________________—.————-—

3289 261 3388 322 29.

2061 392 3375 421 Μ

1241 578 1600 669 LIBER
1666 568 2217 664 TERTIUS.

942 804 1036 864 AD
1067 802 1132 861 L.
1163 791 1660 860 PATRIARCHAM
1697 788 1788 848 ΕΤ
1825 789 1920 845 AD
1955 777 2565 842 ARCHIEPISCOPOS.

515 1141 765 1214 θυι-δε
786 1129 1118 1192 EPISTOLA
1150 1124 1357 1184 ΡιυιιΑ

623 1247 689 1288 ΑΙ)
717 1248 790 1286 ι...
802 1268 838 1283 ..
882 1235 1278 1283 ΡΔΤΒΙΔΒῦιίΑΙ.

331 1325 605 1401 (Habetur
621 1333 747 1378 toni.
774 1318 869 1374 111
879 1357 896 1386 ,
923 1326 1099 1388 estque
1117 1310 1425 1384 opusculum
1447 1305 1564 1378 58.)

729 1449 1063 1509 EPISTOLA
1111 1447 1176 1502 Il.

263 1569 334 1608 AD
373 1560 731 1607 GEBBHARDUI
771 1553 1220 1598 ARCBIEPISCOPUI
1259 1548 1636 1592 RAVENNATEI.

168 1647 566 1701 Ausonum“.
587 1668 659 1678 —
678 1636 978 1691 Revocatus
1004 1632 1058 1688 in
1108 1628 1337 1701 patriam
1377 1627 1446 1701 ab
1476 1622 1744 1693 archiepi-

233 1697 400 1785 scopo
430 1712 780 1785 Ravennate,
830 1710 1051 1759 excusat
1080 1697 1308 1781 sequod
1353 1697 1528 1751 adhuc
1557 1708 1745 1773 mona-

232 1763 484 1848 choimm,
524 1763 620 1850 qui
652 1763 932 1834 sure'curaa
979 1763 1255 1850 commissi
1284 1776 1463 1850 erant,
1504 1763 1742 1850 necessi-

235 1834 748 1912 tatibus—phemus
806 1861 913 1901 non
975 1841 1235 1914 paruerit.
1295 1837 1503 1892 Laudat
1553 1834 1744 1914 deinde

232 1902 485 1983 διδάξω
502 1902 1287 1983 etvadhortaturfPostremo
1316 1915 1439 1983 orat
1459 1913 1535 1983 ut
1564 1902 1743 1983 profe-

235 1974 633 2059 Eiiinié'iabor,
687 1990 734 2045 si
760 1987 878 2042 fleri
930 1993 1136 2056 potest,
1167 1981 1384 2037 interim
1429 1976 1530 2032 sibi
1560 1974 1748 2030 remit-

236 2078 402 2123 tatur.

239 2159 445 2215 Domno
484 2156 551 2212 G.
600 2151 849 2210 secunda:
895 2163 994 2222 per
1042 2145 1250 2202 ltaliam
1301 2140 1447 2197 sedis
1498 2133 1748 2203 antistiti,

176 2255 382 2312 Parcus
411 2251 639 2308 ultimus
656 2245 1000 2303 eremitarum
1032 2252 1220 2315 servus
1244 2232 1602 2293 devotissimze
1637 2242 1749 2285 ser-
1828 2273 1830 2276 .

179 2347 355 2400 vitatis
393 2339 739 2411 obsequium.

123 2427 130 2436 ’
239 2431 561 2506 Prarcepisti
582 2429 736 2494 mihi,
768 2425 1117 2482 dilectissime
1154 2421 1317 2478 Pater
1337 2425 1392 2473 et
1433 2413 1669 2480 domine,
1697 2419 1752 2467 et

180 2505 534 2600 pracipiendo
573 2519 866 2585 mandasti,
915 2525 975 2573 ut
1017 2516 1085 2571 ad
1130 2523 1181 2569 te
1207 2511 1492 2573 venirem;
1537 2505 1633 2562 sed
1655 2518 1754 2576 ego

184 2595 563 2693 parmerculum
600 2613 780 2670 locum
835 2611 902 2666 ad
949 2608 1243 2680 regendum
1293 2600 1612 2670 suscipiens,
1663 2595 1754 2666 qui

182 2689 320 2784 prius
356 2727 458 2785 per
491 2707 871 2778 memetipsum
921 2699 1256 2759 solummodo
1301 2708 1507 2766 pauper
1553 2689 1758 2754 exstiti,

184 2780 315 2863 nunc
344 2780 447 2877 per
481 2809 560 2858 tot
606 2813 814 2870 pauper
859 2793 1078 2850 effectus
1124 2804 1280 2854 sum,
1336 2793 1468 2856 quot
1496 2780 1762 2853 regendos

185 2873 377 2967 accepi.
435 2889 726 2962 Perpendo
777 2886 942 2958 igitur
989 2891 1045 2938 et
1072 2879 1232 2952 quale
1275 2877 1347 2932 sit
1389 2873 1652 2946 plurimos
1677 2884 1765 2926 re-

184 2965 320 3062 gere,
343 2997 400 3044 et
434 2981 738 3057 praebenda:
763 2974 1102 3034 necessitatis
1125 2969 1388 3043 stipendia
1407 2981 1514 3022 non
1540 2965 1761 3022 habere.

186 3051 522 3150 Duapropter
559 3073 686 3127 dum
742 3069 972 3124 fratrum
1025 3061 1334 3120 necessitati
1383 3055 1658 3119 consului,
1699 3051 1768 3107 ad

187 3187 276 3226 vos
305 3163 688 3224 facileuvenire
729 3176 838 3216 non
882 3156 1075 3229 potui,
1126 3159 1502 3209 verumtamen
1539 3147 1666 3203 dum
1715 3151 1770 3198 et

189 3263 284 3318 hoc
320 3262 503 3333 ipsum
533 3254 773 3313 studiose
821 3256 1115 3322 pertracto,
1166 3239 1560 3315 quodammodo
1603 3233 1770 3292 sacri-

188 3330 382 3426 legium
421 3351 640 3421 deputo,
674 3347 721 3403 si
746 3341 1021 3401 sanctitati
1049 3349 1154 3394 tua:
1196 3349 1393 3408 parere
1421 3330 1661 3403 qualibet
1681 3341 1773 3384 oc-

188 3418 409 3501 casione
433 3418 714 3512 postpono.
745 3435 878 3504 Quis
906 3433 1049 3489 enim
1076 3429 1153 3485 illi
1184 3436 1296 3483 tuto
1322 3422 1634 3482 inobediens
1655 3418 1770 3484 ﬁat,

189 3552 358 3609 quem
401 3511 513 3590 Deo
555 3531 764 3588 sanctis
808 3524 1062 3598 operibus
1108 3519 1327 3578 obedire
1366 3532 1474 3572 non
1526 3511 1776 3570 dubitat?

192 3605 315 3685 'l‘ibi
346 3627 509 3687 enim.
545 3625 657 3691 cui,
704 3621 816 3677 Deo
863 3627 1103 3682 auctore,
1148 3611 1422 3686 praesides,
1472 3607 1641 3664 Sedes
1664 3605 1777 3659 Ra-

191 3719 499 3783 vennatica,
534 3717 637 3772 tibi
674 3713 852 3771 omnis
883 3711 936 3765 in
983 3707 1199 3763 Christo
1239 3709 1420 3774 grates
1443 3705 1630 3754 sancta
1659 3695 1780 3751 red-

194 3815 328 3870 didit
363 3809 628 3874 Ecclesia,
657 3804 918 3860 nimirum
958 3800 1049 3870 qui
1078 3811 1144 3852 eo
1171 3803 1433 3861 tempore,
1466 3802 1573 3858 quo
1604 3784 1782 3840 Simo-

198 3907 380 3963 niacus
403 3903 574 3960 draco
599 3894 930 3954 mirabilium
961 3887 1354 3961 negotiatorum
1403 3876 1627 3936 brachia
1653 3890 1779 3945 per-

195 3998 365 4070 plexis
390 3989 850 4063 concupiscentia:
886 3983 1048 4056 spiris
1078 3981 1225 4036 virus
1261 3973 1522 4038 infundit,
1547 3979 1603 4026 tu
1633 3967 1779 4024 solus

199 4107 333 4164 pene
363 4106 428 4146 ex
470 4085 729 4144 omnibus
779 4081 1013 4136 invictus
1039 4072 1247 4131 Christi
1295 4068 1450 4125 miles
1497 4061 1781 4119 incolumis

201 4155 544 4255 permanens,
595 4174 749 4233 Petri
789 4169 972 4242 jaculo
1015 4162 1360 4235 nequissima:
1387 4155 1574 4213 bestiae
1601 4159 1784 4224 guttur

204 4277 399 4348 inﬁgis,
451 4283 506 4331 et
547 4267 847 4326 Ecclesiam
898 4273 1044 4319 tuam
1070 4255 1326 4314 mundam
1361 4252 1429 4306 ab
1474 4245 1620 4303 omni
1670 4244 1786 4314 ejus

205 4345 458 4440 pestifera
506 4362 836 4435 contagione
880 4354 1141 4417 custodis,
1196 4358 1250 4406 et
1304 4345 1446 4416 quod
1484 4348 1787 4412 pastorum,
1863 4377 1868 4382 .

207 4466 309 4519 imo
364 4461 638 4516 latronum
678 4429 849 4522 culpa
879 4444 1122 4515 magistri
1153 4441 1308 4498 sedes
1340 4435 1543 4499 amisit,
1591 4429 1789 4486 nobilis

208 4555 408 4612 alumni
435 4550 699 4609 cathedra
752 4542 1010 4600 inviolata
1047 4535 1302 4593 servavit.
1355 4528 1461 4584 Sed
1490 4527 1634 4582 inter
1675 4523 1792 4578 licet:

209 4650 388 4706 omnia
439 4632 640 4701 vestrae
697 4633 1003 4695 sanctitatis
1043 4629 1242 4691 studia,
1302 4622 1432 4678 illud
1462 4617 1593 4674 mihi
1624 4613 1792 4670 multo
1865 4636 1870 4638 -

211 4752 291 4799 est
327 4739 592 4804 charius,
656 4729 804 4804 quod
856 4724 1018 4782 saluti
1070 4717 1459 4776 monachorum
1508 4704 1795 4781 pastoralis

213 4835 395 4891 oculus
423 4799 609 4887 vester
641 4799 906 4893 invigilat,
953 4825 1007 4873 et
1027 4813 1233 4870 occulta
1261 4810 1350 4865 diu
1378 4805 1600 4860 vulnera
1629 4802 1683 4856 in
1714 4799 1796 4854 lu-

214 4941 324 4982 cem
354 4923 691 4994 producere,
749 4921 808 4967 et
849 4907 1141 4977 disciplinae
1173 4898 1436 4974 Cysurgio
1461 4893 1662 4952 secare'
1690 4906 1798 4947 non

216 4982 408 5071 cessat.
440 5013 537 5068 Eia
574 4982 732 5064 miles
755 4999 976 5061 Christi,
1011 4995 1225 5050 fortiter
1247 5003 1299 5046 te
1333 4990 1384 5042 in
1408 4986 1555 5041 vires
1583 4982 1798 5053 collige,

218 5117 270 5164 et
291 5103 661 5162 circumducto
689 5089 988 5168 prudentize
1015 5096 1119 5141 ῑιιω
1145 5084 1300 5140 oculo
1318 5120 1332 5146 ,
1359 5087 1548 5133 contra
1579 5082 1801 5132 cunctas

221 5201 411 5259 diaboli
436 5167 720 5255 machinas
745 5183 972 5241 viriliter
992 5178 1254 5252 praeliare.
1280 5171 1574 5230 Avaritiam
1591 5167 1798 5242 jugula,

1765 1101 2068 1170 Amittas:
2125 1111 2209 1165 sin
2262 1115 2465 1173 autem,
2512 1101 2770 1176 quidquid
2807 1099 3062 1167 volucris,
3113 1114 3236 1157 cum
3265 1099 3411 1158 omni

1844 1201 2165 1263 auctoritate
2197 1197 2495 1270 praecipias.

2331 1264 2444 1382 3-9
2479 1264 2811 1366 EPISTDLA
2846 1306 2931 1361 ιιι.

1917 1426 1985 1466 Δί)
2023 1420 2243 1465 ΕυΙῢΕΙ
2276 1417 2628 1460 ὒΕΒΕΗΔΒΒυΜ
2663 1412 3111 1455 ARCHIEPISCOPUI
3150 1413 3349 1454 MVBN-
3383 1427 3386 1430 ’

2533 1487 2732 1528 NATEII.

1847 1574 2241 1630 Ancuusnruu.
2265 1596 2335 1608 -—
2363 1561 2611 1622 Ostendit
2639 1577 2699 1616 se
2731 1569 2881 1616 tanto
2916 1559 3220 1615 Cebebardi
3245 1559 3422 1630 archi-

1918 1642 2154 1714 episcopi
2179 1652 2363 1714 amore
2391 1633 2561 1714 teneri
2589 1641 2644 1684 ut
2672 1632 2813 1685 illius
2836 1630 3075 1714 absentis
3100 1629 3423 1685 desiderium

1922 1700 2064 1768 ferre
2093 1700 2179 1764 vix
2208 1709 2411 1778 possit.
2433 1704 2691 1759 Hortatur
2733 1717 2882 1778 mox,
2919 1712 2978 1753 ut
3005 1700 3344 1778 Pisaurcnsis
3371 1707 3426 1752 et

1921 1783 2182 1839 Fanensis
2208 1769 2597 1836 Ecelesiarum,
2627 1771 2822 1826 amotis
2850 1770 3163 1826 eorumdem
3195 1769 3425 1838 flagitio-

1924 1855 1998 1910 sis
2026 1851 2346 1911 rectoribus,
2386 1854 2587 1902 statum
2625 1849 2931 1912 componat.
2963 1840 3246 1896 Postremo
3274 1851 3424 1893 com-

1923 1923 2142 1979 mcndat
2165 1922 2214 1975 ei
2243 1918 2492 1974 abbatem
2518 1912 2877 1970 Classensem.

1926 2019 2134 2074 Domno
2160 2013 2226 2069 G.
2258 2005 2708 2066 reverendissimo
2753 2002 3180 2075 archiepiscopo,
3216 1998 3431 2058 Parcus

1855 2106 2218 2166 devotissimae
2245 2100 2525 2158 servitutis
2557 2097 2898 2167 obsequium.

1927 2198 2286 2257 Dilectissime
2330 2194 2462 2250 mihi
2494 2193 2655 2248 Pater
2697 2199 2753 2248 et
2797 2189 3034 2254 domine,
3070 2203 3178 2258 quo
3207 2185 3352 2243 circa
3383 2194 3438 2242 te

1858 2291 2124 2350 desiderio
2183 2286 2462 2351 ferveam,
2526 2298 2647 2354 quae
2704 2290 2806 2336 ture
2857 2278 3160 2336 dilectionis
3216 2277 3436 2332 ﬂamma

1859 2397 2038 2440 meum
2081 2388 2271 2451 pectus
2317 2382 2541 2440 exurat,
2598 2371 2754 2428 testis
2798 2378 2882 2426 est
2930 2369 3132 2441 lingua,
3169 2383 3288 2438 quae
3329 2377 3437 2422 tam

1781 2509 1831 2570 Β
1860 2477 2052 2534 crebro
2081 2482 2131 2527 te
2160 2472 2352 2527 abesse
2389 2465 2763 2537 conqueritur,
2794 2462 2950 2518 testis
2984 2469 3068 2518 est
3105 2458 3438 2516 conscientia

1859 2584 1980 2640 quae
2009 2563 2410 2622 serenissimam
2446 2557 2673 2630 angelici
2708 2556 2784 2612 tui
2824 2556 3001 2610 vultus
3047 2553 3282 2625 speciem
3329 2561 3439 2608 tam

1860 2659 2145 2731 perspicue
2177 2653 2592 2723 contemplatur.
2627 2649 2684 2703 lu
2714 2648 2804 2704 illo
2843 2647 3039 2718 quippe
3081 2645 3318 2716 pectoris
3359 2659 3443 2700 re-

1863 2748 2162 2822 ceptaculo,
2204 2763 2308 2802 non
2352 2745 2441 2800 ubi
2487 2751 2660 2814 pater,
2698 2748 2790 2795 aut
2838 2747 3036 2804 mater,
3076 2737 3170 2792 sed
3202 2737 3458 2807 ubiﬁpse

1863 2859 2002 2906 sum,
2038 2853 2090 2898 te
2125 2835 2722 2895 alterum‘reconditum
2763 2847 2913 2904 gero.
2962 2830 3302 2901 Quapropter
3347 2829 3449 2884 hu-

1865 2937 2065 2994 militer
2092 2942 2215 3006 peto
2241 2940 2302 2988 ut
2327 2930 2458 2987 mihi
2490 2929 2662 2984 mutui
2691 2927 2893 2983 amoris
2924 2925 3098 2982 vicem
3132 2923 3446 2990 redhibeas,

1866 3041 1922 3087 et
1963 3029 2136 3100 gratia
2182 3039 2303 3096 qua)
2351 3021 2578 3093 simplex
2623 3019 2923 3092 egreditur,
2955 3015 3024 3074 ad
3060 3031 3147 3072 me
3176 3015 3449 3088 duplicata

1869 3127 2134 3179 recurrat.
2179 3116 2292 3172 Hoc
2333 3123 2515 3170 autem
2564 3112 2698 3168 mihi
2737 3109 3067 3182 persuadere
3105 3107 3266 3164 facile
3299 3114 3449 3178 pote-

1869 3223 2018 3280 runt,
2046 3211 2138 3282 qui
2163 3211 2228 3265 ad
2249 3225 2345 3266 vos
2375 3207 2442 3264 de
2471 3205 2673 3263 nostris
2707 3203 2953 3273 partibus
3000 3199 3303 3264 venientes,
3355 3197 3451 3253 ali-

1869 3305 2015 3378 quod
2053 3301 2328 3374 negotium
2366 3299 2421 3353 iu
2463 3295 2749 3369 przesentia
2797 3289 3127 3348 sanctissimi
3168 3286 3453 3360 apostolici

1873 3395 2076 3454 domini
2128 3393 2233 3449 mei
2281 3403 2539 3448 exercere
2584 3385 2937 3443 contendunt.
2977 3380 3166 3437 Talem
3209 3388 3261 3436 te
3302 3394 3454 3450 ergo,

1874 3486 2197 3546 charissime
2242 3483 2425 3547 Pater,
2469 3479 2522 3534 in
2568 3492 2731 3533 causa
2769 3475 3126 3545 reproborum
3176 3471 3458 3540 episcopo-

1876 3597 2000 3639 rum
2026 3576 2290 3635 Fanensis
2317 3583 2372 3630 et
2405 3569 2747 3628 Pisaurensis
2787 3566 3005 3630 exhibe,
3038 3570 3097 3617 ut
3125 3570 3177 3617 te
3218 3561 3272 3614 in
3311 3558 3456 3614 veri-

1880 3684 1988 3731 tate
2029 3670 2356 3741 comperiam
2398 3665 2491 3719 Dei
2529 3661 2793 3733 judicium
2824 3657 3228 3728 pertimescere,
3269 3659 3455 3708 contra

1879 3765 2158 3820 ministros
2184 3757 2378 3815 diaboli
2409 3756 2639 3811 viriliter
2667 3755 2968 3815 decertare,
2999 3748 3152 3804 arida
3181 3745 3462 3803 diabolicae

1805 3879 1851 3942 ρ
1881 3852 2233 3927 plantationis
2278 3850 2498 3906 arbusta
2544 3844 2868 3906 convellere,
2913 3840 3212 3897 Ecclesiam
3257 3835 3464 3893 Christi

1885 3947 1953 4001 ad
1983 3945 2165 3999 lumen
2194 3939 2330 3995 velle
2357 3939 2424 3994 de
2455 3935 2691 3991 tenebris
2738 3945 3014 3988 revocare.
3053 3928 3232 3986 Unum
3283 3935 3464 3983 autem

1856 4035 2008 4093 .nolo
2052 4043 2105 4088 te
2141 4033 2330 4095 lateat,
2353 4028 2480 4098 quia
2521 4025 2567 4082 si
2597 4024 2829 4080 infames
2875 4020 2974 4087 illi,
3002 4027 3059 4076 et
3099 4016 3379 4074 criminosi
3411 4015 3467 4070 in

1885 4132 2226 4203 episcopatus
2269 4139 2394 4181 arce
2432 4120 2792 4193 perstiterint,
2819 4132 2926 4172 non
2961 4113 3257 4179 modicum,
3287 4109 3470 4182 splen-

1888 4202 2166 4280 didissime
2193 4217 2433 4284 domine,
2458 4230 2610 4286 papa:
2639 4213 2821 4283 opinio
2847 4208 3142 4274 laborabit;
3171 4216 3226 4261 et
3258 4215 3337 4271 tu,
3371 4202 3466 4274 qui

1889 4312 2230 4373 consiliarius
2257 4308 2374 4378 ejus
2407 4322 2487 4372 es,
2512 4315 2569 4361 et
2607 4312 2754 4358 tanta
2799 4301 3103 4369 omnigcnae
3147 4293 3473 4352 eruditionis

1891 4408 2154 4482 sapientia
2201 4405 2392 4476 polles,
2437 4415 2648 4457 naevum
2692 4395 2880 4469 procul
2911 4393 3073 4450 dubio
3100 4388 3474 4461 reprehensio-

1893 4503 1980 4558 nis
2021 4501 2285 4556 incurres.

1965 4593 2118 4663 Rogo
2161 4597 2367 4654 autem,
2403 4594 2468 4643 et
2502 4583 2780 4642 humiliter
2819 4580 3070 4644 obsecro,
3107 4582 3170 4631 ut
3215 4571 3475 4630 charissi-

1896 4702 2044 4744 mum
2082 4667 2298 4739 Patrem
2349 4695 2530 4736 meum
2574 4679 2824 4734 abbatem
2869 4672 3211 4728 Classensem
3255 4667 3310 4722 in
3343 4678 3479 4725 mea

1896 4795 2128 4852 persona
2175 4775 2464 4844 suscipias,
2503 4780 2561 4826 et
2600 4765 2860 4842 quidquid
2896 4764 2977 4820 illi
3014 4759 3287 4824 beneficii,
3325 4755 3482 4827 quid-

1899 4849 2027 4945 quid
2052 4869 2335 4926 charitatis
2356 4863 2708 4934 impenderis,
2737 4857 2866 4916 mihi
2890 4854 3109 4928 proprie
3137 4859 3190 4908 te
3220 4849 3482 4908 exhibere

1901 4977 2214 5027 coauoscas.

2461 5090 2804 5153 EPISTOLA
2846 5087 2914 5144 IV

2071 5209 2138 5248 AD
2167 5196 2435 5244 BENRICUM
2466 5195 2927 5244 ARCHIEPISCOPUM
2961 5184 3337 5233 RAVENNA'I'EM.

553 5286 692 5310 --ιη
761 5278 940 5310 huncne
967 5272 1111 5310 Arion
1179 5261 1552 5310 vapulantibus
1595 5268 1792 5310 sanctm

1924 5291 1940 5310 Α
1960 5305 1984 5310 __
2002 5291 2284 5310 --.η-...ητα
2329 5301 2400 5310 ..-
2428 5268 2730 5310 Cononis-uc
2757 5272 2822 5310 ah
2843 5269 3076 5310 "oni-inn
3102 5257 3510 5310 archiepiscopo
