3964 5310
573 380 675 439 291
1137 376 1194 432 S.
1235 373 1437 432 PETRI
1475 371 1758 430 DAMIANI
1779 371 1934 430 OPP.
1959 367 2140 425 PARS
2179 365 2310 424 SEU
2353 361 2588 425 TOM-US
2611 367 2653 423 ι.
2696 398 2764 410 -
2792 366 3010 424 EPIST.
3043 367 3168 423 LIB.
3200 365 3334 424 Vill.
3722 365 3846 424 ιη

651 503 791 572 quod
833 497 994 572 etiam
1021 511 1099 572 ex
1146 489 1386 547 moribus
1415 491 1693 572 utriusque
1720 488 1881 572 facile
1910 483 2149 572 dignosci
2178 485 2227 544 Δ
2257 485 2600 553 deponendus
2634 491 2734 548 est,
2769 484 2893 554 quia
2921 483 3003 537 sui
3037 483 3249 537 sibimet
3281 480 3614 551 privilegium
3643 483 3839 552 ponti-

646 558 834 646 δοβδίί·
876 566 1176 646 θ⁰¹¹,⁸ί¹,ί¹¹¹¹¹ν
1220 561 1594 646 ⁰¹Ἒ¹⁰¹¹ἷῃίῖ¹ξ⁰δ
1634 559 1936 646 δίδ,ί,,ίί¹ῗ¹ξξ
1972 558 2148 646 Ξίξςβξζ
2253 576 2368 630 ﬁcis
2410 577 2708 646 usurpavit,
2754 590 2860 646 quo
2895 583 3056 645 pacto
3093 574 3289 643 poterit
3331 574 3376 627 is
3408 574 3498 642 qui
3548 574 3838 628 ordinatus

645 626 928 708 episcopus
965 637 1204 698 dederat,
1238 643 1294 687 ut
1330 626 1534 685 scilicet
1575 629 1804 689 occulte.
1838 643 1942 680 non
1973 626 2150 694 palam

648 709 866 765 Cadaloi
929 706 1244 760 electionem
1313 702 1671 772 improbaret,
1733 708 1985 772 tanquam
2048 695 2151 772 sibi

2274 675 2356 730 est,
2388 626 2568 730 stare,r
2586 626 2802 735 proptcjr
2837 626 2993 734 qurem
3032 664 3202 718 solum
3234 663 3513 718 ordinatur
3540 664 3656 732 ejus
3685 663 3839 732 judi-

645 753 1551 844 ὦῖἦδζίιοῖςέξίῶίί““ξέ]ίέῇίοτᾗ-δι,
1571 753 1733 844 Enim
1754 753 1949 844 -οιξςωὶ
1971 767 2065 820 δρα
2097 767 2151 819 in
2251 764 2406 810 catus
2425 765 2507 810 est
2532 770 2561 808 a
2590 771 2686 810 sua
2719 755 2978 824 dignitate
3008 755 3297 808 corruere?
3327 753 3442 808 Huc
3467 754 3672 808 accedit
3702 753 3839 822 quia

641 856 933 918 conspectu
960 837 1272 918 ‘hominum'
1313 857 1410 914 pro
1458 840 1704 897 Ecclesia
1753 839 1850 894 Dei
1903 837 1984 892 ait
2031 850 2152 894 esse
2247 845 2351 914 pia
2413 845 2685 902 memoria;
2740 843 3046 914 Stephanus
3101 859 3235 914 papa
3291 843 3631 912 congregatis
3689 844 3836 898 intra

640 916 1088 988 belligerandum.

2274 937 2531 992 :cclesiam
2581 937 2847 1007 episcopis
2894 937 3209 1005 civibusque
3251 935 3543 1000 Romanis,
3589 935 3740 990 clero
3785 945 3839 990 et

641 1030 847 1085 Βοιῐιηο
878 1026 942 1081 Ηο
978 1024 1426 1081 τενενθηάίεείηιο
1472 1021 1900 1091 archiepiscopo,
1933 1016 2154 1072 Ρετιιυθ
2252 1029 2467 1099 populo,
2504 1030 2603 1083 hoc
2642 1029 2742 1084 sub
2775 1028 3010 1082 districti
3057 1027 3418 1082 anathematis
3461 1027 3838 1082 excommuni-

567 1129 823 1194 peccator
896 1117 1194 1172 monachus
1271 1114 1464 1169 debita:
1549 1109 1897 1182 subiectionis
1989 1109 2132 1163 obse-

2272 1121 2463 1175 :atione
2492 1131 2777 1184 statuerat,
2809 1129 2868 1174 ut
2897 1121 2940 1174 si
2982 1135 3104 1174 eum
3137 1120 3202 1173 de
3234 1119 3336 1174 hoc
3366 1118 3562 1172 seculo
3596 1104 3837 1188 migrare

570 1212 779 1284 quium.
2253 1213 2589 1283 contingeret
2613 1221 2903 1280 antequam
2935 1209 3331 1265 Hildebrendus
3361 1207 3622 1264 Romana:
3648 1207 3837 1263 Eccle-

640 1304 875 1359 Litteras
905 1299 1080 1372 sigillo
1107 1307 1300 1354 vestrae
1327 1296 1631 1351 sanctitatis
1661 1295 1972 1364 impressas,
1997 1306 2152 1346 vene-
2254 1302 2345 1357 εῑω
2379 1303 2758 1368 subdiaconus,
2797 1303 2888 1373 qui
2919 1317 3042 1356 cum
3075 1301 3345 1356 communi
3375 1301 3618 1355 omnium
3655 1299 3840 1354 οοηεί.

572 1395 757 1472 rabilis
776 1393 958 1458 Pater,
985 1405 1110 1446 mox
1132 1399 1192 1442 ut
1217 1389 1426 1460 aspexi,
1450 1395 1730 1457 promptus
1753 1383 2152 1454 arripui.la:tus
2257 1393 2328 1447 no
2390 1395 2739 1457 minabatur,
2789 1393 2856 1446 ,ιι
2915 1391 3292 1462 imperamus:
3333 1389 3573 1451 καίτοι,
3638 1406 3836 1460 papam

569 1486 827 1557 explicui,
854 1484 1070 1540 curiose
1099 1480 1319 1552 perlegi.
1353 1480 1409 1532 In
1435 1479 1634 1548 quibus
1665 1478 1918 1533 nimirum
1951 1475 2134 1543 liquidt

2272 1485 2434 1539 tullus
2461 1485 2705 1554 eligeret,
2737 1484 2831 1538 sed
2861 1483 3019 1538 sedes
3059 1481 3352 1551 apostolica
3384 1496 3554 1550 usque
3588 1483 3654 1534 ad
3692 1481 3837 1534 illius

568 1577 830 1648 comperi,
871 1585 926 1630 et
966 1576 1202 1645 primum
1245 1572 1390 1625 circa
1429 1585 1514 1624 me
1555 1579 1748 1623 vestrae
1779 1568 1993 1639 pietatis
2025 1564 2152 1620 alle-
2255 1576 2484 1630 reditum
2532 1577 2731 1629 intacta
2776 1583 3012 1629 vacaret.
3059 1574 3134 1628 De
3182 1571 3267 1628 bis
3311 1587 3474 1641 porro
3518 1571 3669 1640 plura
3711 1580 3839 1625 sunt

570 1673 738 1731 olutn,
762 1674 816 1720 et
846 1675 1052 1718 certum
1084 1663 1152 1716 de
1179 1673 1240 1715 ea
1268 1675 1429 1729 quam
1458 1659 1611 1712 vobis
1633 1667 1757 1711 ante
1781 1671 2135 1726 suggesserat:

2270 1683 2372 1736 iure
2409 1667 2676 1721 dicantur.
2711 1665 2817 1721 Sed
2851 1681 2918 1720 ne
2961 1665 3224 1720 sanctitas
3259 1674 3434 1718 vestra
3469 1663 3722 1734 pluribus
3755 1663 3835 1715 in-

570 1772 688 1812 mea
718 1755 976 1828 petitione
1002 1752 1350 1825 promissum.
1385 1751 1516 1804 Illud
1547 1758 1724 1805 autem
1755 1749 1898 1819 quod
1929 1749 1980 1802 in
2005 1747 2152 1803 calce
2259 1766 2404 1812 ient.
2441 1758 2674 1827 negotiis
2712 1757 2942 1826 prolixa,
2986 1757 3132 1826 quod
3175 1755 3337 1820 absit,
3372 1755 3538 1810 verba
3576 1753 3834 1815 fastidiat,

567 1850 876 1921 subiecistis
916 1845 1183 1918 θρίεωιωι
1215 1853 1275 1898 ut
1308 1845 1461 1899 VObiS
1502 1845 1798 1899 scriberem
1844 1842 1973 1913 quid
2021 1841 2150 1895 mihi
2179 1845 2230 1908 Ι
2256 1858 2309 1905 et
2339 1849 2536 1920 regula:
2569 1863 2680 1902 suae
2721 1848 2948 1902 limitem
2985 1847 3274 1916 epistulare
3311 1833 3699 1916 conspendinni
3734 1861 3835 1900 non

566 1939 634 1996 de
673 1955 739 1994 eo
765 1938 856 2008 qui
888 1938 942 1991 in
971 1933 1266 2006 apostolica
1309 1934 1435 1988 sede
1479 1947 1624 1986 nunc
1665 1933 1937 2001 praesidet,
1968 1930 2051 1984 vel
2086 1944 2152 1984 eo
2255 1942 2496 2004 excedat,
2532 1955 2673 1994 nunc
2701 1940 2802 1994 ista
2837 1935 3121 1994 sumciant.

567 2031 658 2101 qui
697 2029 936 2100 ejusdem
978 2028 1122 2083 sedis
1160 2025 1364 2080 electus
1406 2037 1527 2080 esse
1570 2025 1812 2088 videtur;
1843 2037 2154 2091 quanquam
2329 2031 2396 2086 Ut
2448 2042 2625 2084 autem
2685 2028 3112 2098 percunctationi
3167 2037 3362 2082 vestrm
3411 2027 3466 2082 in
3521 2025 3625 2083 hoc
3676 2028 3836 2082 etiam

572 2131 672 2193 per
710 2119 998 2177 nonnullos
1028 2117 1282 2173 Ecclesite
1321 2125 1514 2170 vestra:
1544 2113 1681 2168 filios
1704 2114 1814 2182 jam
1845 2115 2158 2182 potuissetis
2256 2131 2439 2176 nostra
2493 2121 2770 2188 responsio
2823 2119 3158 2184 satisfaciat,
3206 2119 3273 2173 de
3326 2117 3501 2174 electo
3552 2119 3662 2172 hoc
3710 2119 3836 2173 mihi

572 2217 759 2271 audire
805 2229 925 2284 quae
964 2212 1035 2266 sit
1074 2216 1260 2265 nostra
1291 2219 1453 2276 super
1487 2207 1679 2260 horum
1719 2205 1947 2259 duorum
1982 2203 2155 2257 homi-
2256 2213 2486 2276 videtur,
2515 2213 2638 2280 quia
2683 2213 2822 2266 bene
2858 2211 3129 2266 litteratus
3164 2222 3264 2275 est,
3293 2221 3348 2266 et
3380 2212 3586 2266 vivacis
3611 2212 3834 2282 ingenii,

564 2319 695 2364 num
750 2307 1062 2361 diversitate
1125 2301 1424 2364 sententia,
1455 2307 1634 2353 tamen
1674 2297 1798 2366 quia
1828 2295 2118 2367 praecipitis

2272 2307 2372 2358 sine
2420 2305 2726 2374 suspicione
2777 2314 2991 2368 castus,
3043 2305 3094 2358 in
3145 2305 3432 2375 erogaudis
3476 2305 3837 2376 elemosynis

563 2403 727 2459 etiam
771 2399 1016 2471 apicibus
1059 2395 1402 2451 adnotamus.
1437 2393 1530 2447 Ille
1561 2393 1841 2455 nimirum,
1889 2390 1940 2443 in
1982 2401 2155 2458 quan-
2253 2399 2392 2467 pius,
2433 2397 2524 2451 His
2554 2398 2692 2450 ultra
2724 2414 2828 2451 non
2860 2398 3022 2461 addo,
3054 2411 3117 2450 ne
3148 2413 3252 2450 non
3283 2397 3469 2452 videar
3519 2397 3839 2451 universi“-

567 2504 680 2552 tum
713 2493 842 2548 mihi
872 2493 1110 2556 videtur,
1135 2488 1340 2558 absque
1370 2486 1475 2541 ulla
1502 2485 1852 2540 excusatione
1879 2482 2132 2537 Simonia-

2269 2491 2325 2543 iis
2358 2498 2587 2553 amator,
2633 2489 2726 2542 sed
2772 2487 3165 2558 singuli-natis
3214 2497 3473 2542 assertor.
3525 2487 3622 2542 Ille
3659 2497 3834 2542 autem

562 2599 658 2641 cus
687 2593 790 2650 CSI,
816 2581 942 2653 quia
976 2581 1134 2635 nobis
1169 2578 1422 2632 omnibus
1452 2575 1692 2644 ejusdem
1723 2575 1873 2627 urbis
1897 2574 2151 2626 cardina-
2253 2588 2501 2642 econtra,
2529 2579 2572 2632 si
2610 2594 2796 2641 unum,
2827 2595 2931 2631 non
2963 2579 3137 2632 dicam
3179 2579 3390 2649 psalmi,
3421 2578 3517 2632 sed
3548 2579 3637 2633 vel
3671 2580 3837 2634 humi-

562 2673 703 2730 libus
727 2673 995 2743 episc0pis
1034 2669 1476 2729 reclamantibus,
1509 2665 1902 2719 obsistentibus
1946 2673 2001 2717 et
2043 2673 2150 2715 ter-
2257 2670 2340 2723 liae
2372 2671 2586 2739 quidem
2616 2669 2942 2723 versiculum
2979 2671 3140 2739 plene
3175 2670 3305 2724 mihi
3342 2671 3522 2724 νειωι
3543 2685 3832 2742 exponam,

562 2766 796 2822 ribiliter
865 2760 1488 2823 anathematizantibus,
1561 2767 1828 2810 nocturno
1910 2765 2152 2824 tempore
2249 2761 2480 2814 multum
2523 2761 2784 2814 adversus
2813 2776 2936 2814 eum
2978 2761 3118 2814 ultra
3165 2777 3270 2816 non
3311 2759 3476 2825 facio,
3515 2777 3715 2816 manus
3752 2763 3832 2826 de,

537 2871 691 2911 -cum
741 2863 1072 2908 armatorum
1112 2851 1284 2905 turbis
1327 2850 1564 2917 undique
1611 2847 2063 2900 tumultuantibus
2099 2854 2156 2902 et
2255 2851 2468 2920 plantas
2493 2851 2732 2914 osculor,
2761 2860 2818 2905 et
2853 2866 2960 2905 non
2999 2851 3156 2905 modo
3187 2849 3302 2918 jam
3334 2851 3726 2922 apostolicum,
3751 2853 3835 2907 sed

561 2944 868 3000 furentibus
919 2944 1318 2998 inthronizatus
1353 2951 1455 2995 est.
1499 2939 1703 2994 Dehinc
1745 2938 1811 2992 ad
1853 2937 2153 3006 marsupio-
2255 2943 2418 2996 etiam
2451 2942 2774 3009 apostolum,
2809 2942 2851 2995 si
2877 2941 3104 3009 jubetis,
3133 2941 3365 3011 appello.

564 3051 684 3092 rum
722 3035 1021 3106 patrocinia
1066 3035 1274 3088 funesta
1318 3031 1624 3094 concurn‘t,
1663 3030 1890 3100 pecunia
1930 3043 2026 3098 per
2067 3043 2153 3083 re-
2327 3034 2481 3099 Quod
2516 3042 2696 3087 autem
2733 3035 3028 3102 scripsistis
3054 3042 3113 3086 ut
3141 3034 3411 3088 mitterem
3445 3034 3602 3090 vobis
3635 3034 3836 3091 lium;

563 3127 772 3200 giones,
804 3126 1094 3188 andronas,
1127 3122 1211 3178 vel
1253 3124 1570 3192 angiportus
1608 3122 1662 3174 in
1701 3119 1928 3189 populos
1956 3132 2152 3188 eroga-
2257 3127 2625 3180 taciturnitate
2663 3127 2924 3196 signatas,
2950 3126 3102 3196 quasi
3135 3135 3362 3194 paterno
3392 3126 3525 3180 mihi
3558 3127 3838 3182 consule..-

564 3227 688 3284 tur,
737 3217 796 3271 Β.
845 3215 994 3270 Petri
1042 3214 1368 3268 venerabilis
1416 3227 1540 3266 arca
1591 3211 1923 3280 pervaditur,
1970 3210 2230 3280 sicquec
2261 3227 2342 3271 tes
2397 3218 2615 3278 aﬂ‘ectu,
2665 3233 2732 3272 ne
2785 3218 3011 3271 adversa
3069 3215 3313 3270 fortassis
3367 3215 3743 3281 incurrerent,
3794 3217 3836 3271 si

561 3323 659 3382 per
698 3319 866 3364 totam
914 3310 1109 3363 urbem
1155 3306 1302 3360 velut
1337 3303 1607 3360 olﬁeinam
1649 3302 1789 3357 male
1830 3300 2148 3356 fabricantis
2250 3323 2404 3361 settsa
2451 3309 2630 3362 cordis
2671 3323 2796 3362 cum
2840 3308 3092 3362 libertate
3119 3305 3454 3376 proferrem;
3492 3308 3641 3362 absit
3682 3323 3716 3361 a
3758 3321 3836 3361 me

563 3402 800 3458 Simonis
851 3399 1080 3463 factam,
1132 3400 1223 3452 vix
1271 3397 1414 3451 aliud
1463 3409 1662 3465 quam,
1707 3403 1766 3446 ut
1811 3395 1883 3448 ita
1937 3394 2143 3463 loquar,
2250 3410 2308 3454 ut
2350 3401 2403 3454 in
2450 3400 2540 3453 tali
2590 3400 2801 3468 negotio
2841 3398 2975 3452 dura
3022 3413 3242 3468 prorsus
3287 3407 3343 3452 et
3384 3411 3580 3468 aspera
3619 3400 3827 3468 pet-peti

562 3490 877 3544 malleorum
898 3496 1062 3558 atque
1082 3487 1391 3542 incudinutn
1417 3485 1482 3555 [f.
1502 3481 1778 3555 incutiunt]
1808 3484 2032 3538 tinnitus
2053 3497 2144 3537 au-
2249 3491 2670 3562 subter-fugiam,
2720 3502 2777 3545 et
2825 3491 3138 3561 negligenda
3186 3500 3302 3544 tam.
3345 3490 3595 3561 ingenue
3646 3491 3830 3544 matris

563 3584 726 3641 ditur.
763 3581 848 3647 Et,
875 3596 910 3636 ο
938 3580 1113 3636 scelus
1161 3587 1217 3634 et
1259 3578 1427 3633 ferale
1466 3577 1802 3647 prodigium!
1837 3576 2033 3630 Petrus
2058 3590 2149 3632 co-
2251 3584 2532 3642 incestem.
2571 3583 2670 3635 sub
2700 3582 2886 3635 umbra
2921 3582 3158 3651 degener
3183 3579 3327 3636 ﬁlius
3354 3580 3695 3636 delitescam.
3728 3581 3831 3636 lino

561 3673 706 3745 gitur
741 3672 1011 3727 nundinas
1049 3669 1288 3725 Simonis
1331 3685 1398 3724 ex
1447 3683 1541 3724 sua
1589 3669 1896 3737 quantitate
1939 3670 2150 3738 persol-
2250 3683 2375 3742 peto
2406 3683 2463 3726 ut
2490 3673 2716 3740 epistola
2747 3673 2859 3726 base
2897 3673 2951 3725 in
2995 3672 3267 3741 publicum
3293 3671 3496 3734 veniat,
3519 3672 3714 3741 sicque
3747 3681 3836 3740 per

563 3777 712 3826 vere,
742 3763 834 3831 qui
886 3761 1164 3816 Simonem
1206 3775 1329 3814 cum
1369 3760 1516 3813 omni
1556 3773 1654 3814 suo
1691 3761 2020 3814 commercio
2053 3774 2146 3814 eo-
2250 3782 2370 3828 vos,
2397 3767 2525 3834 quid
2555 3779 2718 3833 super
2755 3768 2857 3818 boc
2893 3764 3059 3818 totius
3098 3764 3282 3817 mundi
3321 3762 3569 3832 periculo
3600 3764 3836 3818 sentien-

561 3856 840 3925 gnoscitur
896 3861 1155 3922 perpetua
1207 3849 1587 3906 maledictione
1639 3851 1944 3903 damnasse.
1995 3850 2149 3917 Quod
2249 3857 2376 3909 dum
2418 3857 2507 3918 sit,
2547 3855 2796 3908 omnibus
2845 3855 3170 3910 innotescat.
3211 3854 3288 3909 De
3329 3853 3716 3910 benedictione
3744 3868 3836 3909 aa-

562 3955 741 4002 autem
783 3946 872 4000 ille
909 3945 1115 3999 crimen
1160 3945 1260 3999 hoc
1291 3943 1497 4012 palliat,
1531 3952 1585 3997 et
1629 3951 1856 3996 tractum
1895 3958 1954 3997 se
1988 3945 2150 4012 vique
2251 3954 2358 3999 tem
2414 3955 2632 4008 vestra,
2685 3961 2843 4013 quam
2898 3947 3046 4014 petii,
3101 3945 3404 4000 veneramus
3460 3945 3652 4010 Pater,
3698 3945 3829 4000 nihil

563 4047 832 4101 eoactum,
864 4038 1059 4106 quibus
1105 4045 1282 4106 potest
1323 4036 1504 4090 verbis
1548 4044 1796 4098 excusat,
1828 4036 1929 4089 hoc
1955 4049 2057 4105 ego
2087 4035 2152 4088 li-
2251 4035 2395 4089 aliud
2428 4037 2572 4098 dico,
2597 4035 2700 4088 nisi
2734 4037 2858 4103 quia
2883 4036 3146 4105 quidquid
3185 4035 3234 4090 ei
3276 4036 3368 4105 qui
3412 4035 3616 4092 missus
3642 4045 3730 4092 est
3753 4037 3838 4091 da-

562 4137 651 4182 eet
685 4128 752 4181 ad
783 4128 1043 4196 liquidum
1078 4127 1341 4189 nesciam,
1366 4133 1544 4179 tamen
1582 4135 1635 4180 et
1677 4127 1790 4195 ipse
1817 4143 1922 4179 non
1956 4139 2149 4195 usque-
2252 4135 2370 4193 tur,
2421 4128 2536 4198 ejus
2575 4128 2763 4198 procul
2795 4130 2959 4182 dubio
3007 4129 3257 4184 matribus
3301 4129 3393 4198 qui
3441 4130 3594 4186 misit
3643 4129 3835 4187 immit-

562 4231 777 4288 quaque
804 4213 1053 4270 diﬁteor.
1087 4215 1164 4270 lta
1204 4216 1400 4286 quippe
1442 4223 1525 4268 est
1568 4215 1728 4269 homo
1766 4215 2016 4278 stolidus,
2049 4217 2145 4269 de—
2253 4223 2402 4276 titur.

563 4327 652 4368 ses
682 4325 746 4364 ac
776 4309 975 4365 nullius
1022 4310 1242 4380 ingenii,
1276 4317 1336 4362 ut
1373 4308 1518 4362 credi
1567 4308 1737 4378 possit
1780 4309 2021 4363 nescisse
2053 4323 2150 4377 per
2832 4311 3163 4368 EPISTOLA
3207 4312 3270 4367 V.

563 4417 625 4459 se
668 4400 798 4456 talia
846 4400 1172 4454 machinari.
1226 4398 1608 4453 Verumtamen
1658 4399 1712 4450 in
1747 4397 1849 4452 hoc
1880 4413 2007 4452 reus
2041 4407 2145 4464 est,
2395 4419 2463 4458 an
2497 4419 2785 4458 WIBERTUI
2827 4419 3275 4458 ABCBIBPISCOPUI
3318 4417 3707 4460 uveuuull.

561 4494 690 4566 quia
721 4493 777 4546 in
805 4491 948 4547 omni
993 4489 1269 4559 voragine,
1301 4490 1355 4543 in
1385 4503 1547 4556 quam
1579 4487 1744 4542 semel
1774 4497 1858 4542 est
1885 4487 2126 4542 violente:

2266 4499 2648 4553 incensurum.
2687 4525 2754 4535 —
2795 4495 3096 4550 Wibertum
3144 4496 3616 4565 archiepiscopum
3669 4502 3831 4566 rogat,

563 4583 813 4654 injectus,
843 4581 1117 4636 volutatur
1147 4580 1445 4644 ultroneus,
1477 4590 1533 4634 et
1563 4578 1615 4631 in
1647 4577 1970 4632 adulterium
1999 4577 2144 4646 quod
2173 4568 2226 4628 D
2320 4569 2412 4654 σιξιί
2433 4583 2615 4654 flii-If“
2667 4567 3055 4654 Illqtlaslcri'um
3105 4567 3422 4654 visitaturus
3477 4567 3831 4654 adventaligl.

563 4636 956 4732 netensi’aute
1039 4673 1392 4727 commiserat
1416 4636 1443 4736 ,'
1513 4668 1904 4724 delectabiliter
1967 4636 2128 4740 perse

2327 4648 2382 4692 ut
2433 4637 2614 4692 habita
2677 4637 2884 4689 ratione
2940 4636 3083 4689 illius
3134 4636 3327 4704 inopia:
3368 4645 3420 4689 et
3462 4637 3829 4699 necessitatis,

2326 4709 2498 4763 eidem
2546 4708 2848 4776 pecuniam,
2899 4707 3037 4776 sicut
3080 4707 3366 4776 cogitarat,
3408 4720 3515 4759 non
3563 4706 3828 4770 auferret;

562 4781 736 4825 verat.
2325 4775 2636 4834 contentum
2674 4777 2818 4830 enim
2849 4775 3048 4830 debere
3084 4775 3205 4831 esse
3235 4776 3306 4830 iis
3338 4777 3521 4842 rebus.
3547 4792 3688 4847 quas
3717 4787 3832 4832 ante

636 4859 708 4917 Ut
749 4867 931 4915 autem
966 4866 1022 4913 et
1059 4855 1127 4912 de
1162 4856 1278 4925 ipsa
1311 4853 1428 4923 eius
1455 4853 1800 4924 promotione
1822 4852 2147 4925 lacrymosa,
2326 4848 2640 4904 abstulisset

563 4961 626 5006 ut
653 4953 828 5020 aiunt,
848 4949 1016 5006 verba
1059 4963 1166 5005 non
1205 4947 1541 5017 protraham,
1570 4945 1730 5000 nobis
1757 4945 2030 5014 episcOpis
2053 4959 2152 5015 per
2327 4939 2533 4993 Domno
2554 4936 2644 4992 W.
2669 4935 3118 4992 reverendissimo
3140 4936 3570 5008 archiepiscopo.
3595 4936 3829 5000 Penus,

565 5045 778 5099 diversa
843 5041 1066 5097 latibula
1129 5039 1492 5109 fugientibus,
1549 5037 1833 5107 presbyter
1885 5036 2150 5093 Ostieus
2255 5030 2505 5084 salutem.

568 5133 845 5180 Ecclesiae-
875 5133 966 5180 nni
1011 5132 1219 5180 utinam
1274 5129 1581 5180 svllabalim
1627 5136 1810 5180 nosset
1853 5128 1935 5180 vel
1987 5143 2147 5178 unam
2323 5113 2686 5174 Gratiasiiéiti
2711 5113 3018 5174 resumDeo
3042 5112 3488 5170 referimusmuia
3514 5115 3642 5169 dum
3667 5124 3830 5168 totum
