3964 5310
1660 259 1696 287 an,
1725 274 1730 279 .

1423 371 1625 433 LIBER
1663 371 1978 440 TERTIUS,
2019 374 2236 434 EPlS’l‘.
2267 377 2356 434 Vl.

3411 385 3522 448 ΞΜ

237 492 490 555 verbum,
519 487 732 546 nullum
777 487 1054 562 suscipere
1092 489 1270 546 merui
1314 499 1512 547 vestrm
1553 491 1834 546 tamdiari-
1861 498 1907 557 Α
1939 487 2154 544 Penus
2183 502 2437 562 peccator
2465 494 2762 551 monachus
2792 495 2969 568 dignae
3006 497 3313 557 devotionis
3356 499 3520 559 obse-

240 587 370 641 tatis
408 584 694 640 indicium.
719 582 880 640 Certe
917 583 1157 640 nonnulli
1198 592 1367 641 testes
1405 594 1533 640 sunt
1568 584 1728 653 hujus
1756 585 1830 640 rei

238 693 406 750 quam
459 677 679 748 loquor,
727 677 853 748 quia
907 677 953 732 si
1001 677 1157 733 bona;
1221 679 1497 734 memoriae
1561 679 1832 735 decessori

235 779 421 826 vestro
455 769 549 824 hic
588 768 868 824 habitandi
894 767 968 824 ob
992 776 1237 840 tempora
1268 770 1336 826 de
1365 771 1539 827 salute
1572 786 1682 827 sua:
1718 772 1834 827 ani-

234 877 356 928 mm,
389 871 448 918 et
485 862 554 918 de
596 861 962 932 spiritualium
1012 873 1196 918 rerum
1238 862 1676 920 ordinationibus
1715 873 1830 920 rata

233 954 598 1027 promissione
627 952 888 1020 ﬁrmaret,
921 963 1022 1009 vos
1049 963 1232 1010 autem
1263 966 1294 1009 e
1326 954 1545 1011 diverso
1571 970 1657 1010 me
1691 971 1828 1026 quo-

233 1029 366 1102 tidie
408 1044 715 1116 ﬂagellatis,
743 1045 992 1116 quotidie
1018 1057 1174 1101 acres
1215 1047 1500 1102 verberum
1533 1047 1720 1117 plagas
1750 1048 1829 1102 in-

229 1137 450 1209 iligitis;
485 1145 538 1192 et
568 1136 659 1207 qui
691 1137 880 1193 audire
907 1151 1014 1191 non
1045 1147 1288 1194 meretur
1319 1138 1578 1209 linguam,
1607 1151 1827 1210 gravem

228 1229 299 1284 de
323 1230 503 1285 sacris
532 1229 784 1285 manibus
812 1229 1038 1300 suscipit
1075 1230 1439 1300 disciplinam.
1473 1229 1676 1302 Nempe
1699 1231 1826 1287 dum

228 1322 334 1377 hoc
385 1319 618 1376 sollicite
659 1321 776 1390 ipse
821 1322 1124 1388 considero,
1178 1337 1322 1392 saepe
1369 1323 1512 1377 intra
1554 1334 1827 1379 secretum

227 1411 334 1467 mei
364 1413 607 1482 pectoris
633 1413 748 1468 haec
776 1427 996 1469 mecum
1020 1413 1217 1470 tacitus
1249 1415 1412 1470 verba
1445 1415 1680 1471 revolvo.
1713 1416 1827 1472 Hoc

224 1503 384 1566 mihi,
431 1502 678 1574 inquam,
714 1503 842 1560 facit
886 1504 1138 1561 dominus
1175 1520 1348 1571 meus,
1392 1507 1535 1577 quod
1579 1508 1709 1563 Elia:
1749 1509 1824 1564 ie-

223 1593 366 1647 cisse
413 1593 614 1663 legitur
659 1595 1004 1665 omnipotens
1050 1595 1240 1652 Dens:
1281 1592 1460 1666 Vade,
1512 1601 1718 1670 inquit,
1769 1603 1822 1656 in

223 1679 508 1753 Set-cpiam
553 1683 936 1750 Sidoniorum;
979 1685 1051 1738 ibi
1095 1689 1320 1757 praecepi
1377 1689 1587 1746 mulieri
1621 1691 1819 1758 vidtur,

221 1785 284 1829 ut
321 1787 508 1846 pascat
553 1786 602 1831 te
648 1775 769 1847 (111
818 1777 948 1849 Reg.
999 1781 1158 1851 xvn).
1201 1779 1332 1848 Quae
1371 1782 1622 1839 videlicet
1664 1786 1821 1840 vidua

1937 597 2146 652 quium.

2006 674 2062 727 ln
2110 676 2472 744 expeditionis
2523 681 2786 734 exercitio
2827 683 3128 749 constituti,
3182 685 3348 758 digne
3403 703 3512 744 non

1935 777 2229 833 possumus
2255 767 2461 823 eisdem
2491 772 2743 826 manibus
2771 781 2826 827 et
2852 774 2976 845 styli
3014 776 3284 832 currentis
3312 780 3518 834 articu-

1933 857 2042 912 lum
2085 871 2290 926 texere,
2325 871 2377 915 et
2405 862 2593 918 frenis
2646 879 2908 936 equorum
2949 867 3303 934 ﬂuitantibus,
3343 881 3403 925 ut
3432 872 3519 926 dl-

1931 965 2094 1022 gnnm
2127 963 2231 1018 est,
2261 955 2559 1018 deservire,
2606 959 2698 1010 sed
2732 957 2855 1012 licet
2887 961 3078 1014 melius
3104 963 3176 1015 sit
3213 961 3517 1018 luculenter

1933 1040 2110 1111 eloqui
2165 1060 2327 1112 (piam
2383 1046 2598 1110 inutire,
2652 1057 3026 1103 verumtamen
3072 1066 3192 1104 cum
3224 1054 3520 1110 necessitas

1929 1132 2199 1199 imminet,
2236 1135 2426 1189 melius
2454 1147 2533 1190 est
2565 1145 2838 1208 utcunque
2881 1141 3077 1196 nutrire
3107 1158 3268 1211 quam
3299 1145 3517 1214 penitus

1927 1226 2322 1280 Obmutescerc.
2357 1232 2487 1282 (lum
2533 1230 2687 1284 uoltis
2717 1233 2782 1285 ad
2826 1235 3166 1298 ιιιοιιιοιὶςιιιι,
3191 1232 3516 1292 venerabilis

1927 1324 2100 1383 pater,
2133 1316 2284 1372 labor
2309 1328 2430 1371 tuus
2462 1328 2512 1372 et
2570 1321 2808 1375 studium
2840 1323 3004 1387 venit,
3043 1325 3236 1380 nobilis
3261 1327 3347 1381 illa
3381 1327 3514 1384 lich

1927 1417 2091 1477 atque
2146 1411 2429 1479 prudentia
2477 1409 2678 1466 .lniadae
2734 1415 3038 1469 sacerdotis
3091 1419 3257 1471 menti
3314 1429 3512 1475 nosme

1927 1501 2572 1569 subsequenteroccurrit
2601 1504 2648 1564 (1
2669 1501 2707 1554 ν
2723 1503 2847 1575 Reg.
2881 1511 2974 1575 XI).
2997 1507 3148 1562 Sicut
3172 1510 3313 1562 enim
3333 1525 3511 1575 sacra,

1931 1599 1986 1643 ut
2025 1592 2230 1661 optimc
2282 1596 2442 1658 nosti,
2496 1605 2729 1650 testatur
2776 1597 3003 1651 historia
3052 1597 3134 1668 (11
3184 1598 3312 1654 Par.
3355 1604 3513 1674 χχιι),

1926 1680 2142 1733 Atltalia
2185 1698 2321 1736 uxor
2369 1683 2575 1748 Jorant,
2629 1700 2750 1739 cum
2801 1685 3093 1742 Ocltnziam
3134 1688 3299 1744 ﬁlium
3336 1707 3514 1759 suum,

1925 1783 2107 1840 regem
2146 1772 2396 1826 videlicet
2435 1773 2594 1828 Israel
2630 1775 2836 1829 videret
2877 1776 3226 1845 exstinctum,
3258 1782 3514 1851 cmpit'in

220 1876 514 1939 postquam
562 1868 887 1939 ρι-οριιριωη
933 1884 999 1925 ει
1046 1871 1227 1926 divina
1271 1873 1516 1944 iussione
1563 1878 1816 1947 suscepit,
1851 1871 1896 1932 Β
1925 1875 2085 1915 omne
2114 1878 2297 1917 semen
2333 1865 2538 1932 regium
2571 1867 2883 1920 immaniter
2919 1868 3172 1936 fremere,
3210 1874 3506 1941 posterita-

217 1957 435 2016 l’elieem
473 1975 554 2027 se,
585 1969 642 2015 et
677 1961 894 2016 domum
921 1975 1074 2016 suam
1111 1961 1226 2018 fore
1255 1965 1388 2018 tanti
1423 1965 1654 2037 hospitis
1693 1982 1820 2023 con-

220 2050 473 2106 tubernio
499 2050 789 2122 judicavit.
822 2049 922 2107 Cui
968 2064 1147 2107 tamen
1193 2055 1317 2108 dum
1364 2055 1549 2110 sedula
1593 2058 1822 2112 l'amnla-

217 2153 327 2209 tur,
371 2143 506 2198 dum
555 2144 768 2199 devotis
820 2143 1098 2200 ministrat
1147 2147 1457 2217 obsequiis,
1509 2148 1626 2217 ejus
1679 2150 1819 2205 ﬁlius

217 2236 508 2306 repentina
538 2245 714 2292 morte
740 2236 1054 2307 corripitur,
1082 2247 1136 2294 et
1167 2251 1263 2308 per
1297 2255 1454 2311 quem
1497 2257 1655 2296 suum
1701 2257 1819 2312 spe-

213 2327 374 2384 rabat
425 2328 594 2385 ﬁlium
641 2327 730 2384 diu
758 2328 812 2384 in
845 2330 949 2385 hac
985 2331 1096 2386 vita
1144 2329 1360 2398 ﬂorere,
1403 2349 1525 2388 eum
1549 2333 1662 2404 jam
1703 2350 1814 2390 cte-

213 2422 292 2492 jﬁt
335 2421 489 2476 velut
532 2430 810 2477 auctorem
856 2423 1048 2478 mortis
1095 2423 1380 2493 impetere,
1424 2426 1609 2481 dicens
1636 2443 1650 2479 :
1677 2425 1817 2492 Quid

211 2513 362 2575 mihi,
388 2523 442 2567 et
465 2511 581 2579 tibi,
605 2513 684 2568 vir
708 2512 806 2568 Dei
821 2514 846 2568 2
876 2513 1137 2584 ingressus
1159 2529 1211 2568 es
1243 2517 1312 2568 ad
1335 2532 1436 2579 me,
1470 2525 1526 2570 ut
1568 2531 1818 2571 rememo-

212 2615 466 2659 mrenttrr
486 2604 792 2676 iniquitates
809 2615 957 2670 nteit,
988 2613 1038 2658 et
1064 2603 1384 2674 inter/icere;
1413 2605 1582 2674 ﬁlium
1604 2609 1818 2662 meum?

211 2693 403 2767 (Ibid.)
474 2693 648 2760 Ecce,
701 2695 1125 2752 clementissime
1166 2697 1403 2763 domine,
1447 2709 1642 2754 cmtera
1697 2716 1815 2755 mo-

211 2789 452 2844 nasteria
509 2790 609 2844 sub
655 2787 757 2844 alis
802 2789 1190 2845 misericordia:
1230 2797 1428 2845 vestra:
1470 2791 1637 2846 illaesa
1690 2806 1816 2862 per-

208 2880 432 2946 sistunt,
468 2890 524 2936 et
565 2891 691 2936 cum
733 2879 1027 2936 securitate
1073 2887 1127 2936 et
1167 2880 1512 2936 immunitate
1564 2883 1674 2938 Deo
1725 2885 1817 2939 de-

209 2973 480 3028 serviunt.
516 2969 633 3028 Hoc
663 2981 844 3028 autem
880 2972 1076 3038 solum,
1109 2987 1177 3029 ex
1214 2989 1320 3042 quo
1360 2989 1446 3030 me
1477 2975 1527 3029 in
1570 2975 1700 3030 illud
1734 2976 1815 3029 in-

207 3065 357 3136 gredi
402 3063 760 3135 pracepistis,
802 3069 879 3119 tot
915 3070 1066 3134 patet
1112 3064 1483 3120 invasionibus
1522 3077 1574 3121 et
1611 3068 1813 3136 rapinis

206 3155 528 3221 obnoxium,
563 3163 621 3209 ut
652 3155 754 3211 nisi
786 3169 940 3212 mens
970 3166 1152 3212 vestra
1193 3157 1272 3211 vel
1303 3173 1445 3212 nunc
1471 3157 1720 3213 flectatur
1745 3162 1810 3215 ad

1927 1961 2146 2022 temque
2174 1953 2340 2008 David
2362 1957 2598 2010 crudelis
2618 1957 2838 2011 Bellona
2869 1961 3094 2012 tentavit
3114 1959 3355 2018 funditus
3382 1965 3514 2021 abo—

1923 2041 2054 2098 lere.
2083 2042 2190 2098 Sed
2223 2045 2453 2115 insignis
2493 2046 2580 2101 ille
2608 2049 2862 2102 sacerdos
2883 2047 3011 2104 .loas
3039 2049 3207 2106 ﬁlium
3233 2051 3510 2125 Ochozite,

1921 2135 2006 2204 pia
2049 2146 2102 2189 et
2140 2137 2322 2191 multis
2359 2137 2609 2193 laudibus
2657 2138 2932 2196 efferenda
2984 2139 3174 2198 fraude
3218 2147 3510 2218 surripuit,

1919 2235 1974 2283 et
1999 2227 2210 2283 occulte
2238 2244 2408 2298 usque
2437 2231 2782 2300 septennium
2816 2231 2956 2285 intra
2981 2234 3163 2304 templi
3206 2245 3359 2307 septa
3387 2253 3504 2294 ser-

1920 2321 2086 2388 ravit,
2103 2321 2188 2377 cui
2205 2326 2544 2394 postmodum
2571 2326 2765 2398 regalis
2787 2328 2985 2397 sceptri
3007 2327 3128 2395 jura
3146 2330 3508 2398 contradidit;

1920 2427 2154 2483 eumque
2200 2413 2265 2468 ad
2316 2415 2711 2486 praesidendum
2762 2416 3060 2474 Israelitico
3112 2419 3308 2490 populo
3354 2421 3514 2491 juxta
3557 2438 3560 2442 '

1918 2519 2246 2575 proavorum
2289 2521 2511 2562 suorum
2543 2510 2992 2564 consuetudinem
3031 2511 3342 2577 roboravit;
3385 2523 3532 2568 mox’

1917 2609 2048 2652 vero
2077 2604 2332 2666 tanquam
2362 2598 2463 2652 hoc
2489 2599 2706 2668 egregio
2747 2614 2854 2654 non
2897 2600 3171 2657 sutllceret
3215 2593 3515 2670 sacerdoti,

1917 2686 2244 2744 conﬁrmato
2278 2691 2419 2761 regis
2471 2691 2720 2760 imperio,
2769 2691 2836 2746 ad
2877 2692 3170 2748 utilitatem
3217 2696 3512 2753 sacerdotii

1917 2777 2032 2834 sive
2064 2780 2272 2850 templi,
2307 2796 2458 2836 suam
2487 2782 2731 2852 porrexit
2761 2781 3105 2849 industriam,
3133 2793 3189 2838 et
3219 2801 3340 2839 cum
3374 2801 3513 2856 prae-

1917 2869 2030 2925 fato
2058 2885 2186 2943 rege
2212 2873 2279 2927 ad
2317 2872 2672 2928 ordinandam
2705 2883 2757 2927 et
2789 2873 3181 2944 disponendam
3212 2893 3508 2934 consacer-

1917 2965 2105 3017 dotum
2137 2977 2358 3019 suorum
2388 2977 2446 3019 se
2484 2961 2715 3019 contulit
2743 2963 3112 3035 disciplinam.
3164 2965 3298 3021 Nam
3338 2977 3509 3036 cisa-

1916 3065 2008 3108 cra
2033 3062 2174 3110 tecta
2213 3055 2417 3125 templi,
2453 3064 2509 3109 nt
2537 3055 2995 3119 instaurarentur,
3029 3057 3263 3112 instituit
3290 3066 3344 3113 et
3372 3075 3509 3113 non-

1917 3150 2083 3212 nulla,
2147 3168 2268 3222 quae
2329 3152 2704 3208 sacerdotibus
2732 3157 3138 3223 competebant,
3200 3153 3377 3208 edicta
3415 3153 3511 3208 de-

205 3247 680 3312 misericordiam,
726 3246 839 3317 jam
884 3247 1134 3302 videatur
1189 3246 1432 3304 funditus
1483 3250 1805 3304 desolatum.
1839 3229 1882 3303 C
1914 3243 2196 3311 prompsit.
2242 3243 2460 3298 Sciebat
2503 3244 2649 3298 enim
2698 3245 2955 3312 quoniam
3008 3254 3239 3314 utraque
3276 3244 3513 3315 dignitas

205 3339 296 3396 Sic
344 3340 532 3411 itaque
585 3341 775 3398 domus
828 3342 921 3398 Dei
974 3355 1072 3412 per
1123 3358 1208 3398 me
1255 3343 1467 3398 videtur
1517 3344 1568 3397 in
1624 3345 1809 3398 intima

204 3433 386 3502 dejici,
421 3449 521 3506 per
555 3443 718 3507 quem
751 3439 1096 3508 sperabatur,
1127 3436 1239 3492 Deo
1271 3436 1422 3492 vobis
1458 3447 1809 3507 cooperante,

202 3525 350 3603 cmlo}
417 3534 576 3583 tenus
643 3527 892 3583 exaltari.
970 3529 1342 3600 Quapropter,
1412 3529 1809 3600 gloriosissime

205 3616 444 3684 domine,
482 3617 620 3674 fusis
667 3617 925 3692 lacrymis
970 3622 1038 3676 ad
1089 3621 1317 3691 vestigia
1362 3631 1541 3676 vestra
1589 3631 1808 3686 corruo,‘

201 3717 411 3764 sancite
441 3708 660 3765 viscera
692 3711 913 3781 pietatis
958 3711 1210 3782 imploro,
1244 3719 1303 3765 ut
1349 3711 1644 3765 secundum
1686 3726 1810 3782 gra-

199 3802 392 3858 vitatis
435 3811 632 3859 vestne
678 3803 1056 3874 prudentiam,
1097 3803 1210 3874 jam
1268 3804 1629 3859 memineritis
1686 3805 1810 3859 reti-

198 3908 332 3949 nere
388 3893 702 3965 ﬂagellum,
760 3894 876 3964 jam
932 3897 1146 3966 ponatis
1206 3904 1283 3950 tot
1336 3896 1809 3964 persecutionilms’

197 3983 450 4047 modum,
479 3986 694 4041 dicente
736 3984 968 4043 Domino
995 4003 1092 4058 per
1120 3987 1440 4058 prephetam
1470 4002 1484 4040 :
1515 3987 1650 4040 Dum
1685 4005 1809 4042 cono

197 4079 445 4132 turbatus
497 4077 702 4147 fueris,
753 4079 808 4133 in
876 4079 958 4134 ira
1024 4079 1398 4133 misericordiw
1453 4095 1651 4131 menter
1704 4080 1808 4134 eris

201 4173 355 4246 (Tob.
389 4191 482 4242 nt;
515 4172 721 4230 Habac.
763 4176 866 4247 ιιι).
907 4174 1017 4230 Nec
1061 4175 1298 4247 grav-etis
1334 4182 1578 4230 sanetum
1628 4173 1806 4229 locum

198 4261 415 4324 adhuc.
453 4269 751 4325 auferendo
798 4271 1112 4341 pecuniam,
1165 4285 1328 4340 quem
1385 4280 1589 4324 tantam
1631 4269 1806 4324 cccleé

199 4362 552 4420 siasticarum
620 4379 805 4420 rerum
869 4364 1044 4420 nostis
1094 4363 1208 4433 jam
1277 4362 1568 4433 pertulisse
1625 4360 1804 4432 jactu-

201 4469 342 4510 ram.

758 4571 1091 4630 EPISTOLA
1138 4571 1224 4628 Vl.

362 4681 436 4721 AD
473 4682 724 4722 ANNO!!!
764 4678 1214 4722 AICKIEPISCOPUI
1249 4676 1634 4718 COLONIENSEI.

195 4757 604 4815 Διευιειητυιι.
635 4773 708 4807 -.-'-
741 4755 948 4811 Laudat
996 4755 1466 4824 archiepiscopum
1515 4752 1804 4824 Colonieng

266 4845 408 4896 sem,
441 4830 587 4898 quod
638 4828 988 4898 imperatoris
1028 4823 1194 4880 ﬁlium
1235 4823 1644 4898 pupillunrsuae
1675 4823 1802 4878 ΙΜρί

265 4895 624 4956 commissum
657 4895 875 4970 egregie
911 4907 1118 4970 tutatus
1141 4898 1316 4970 'essct,
1359 4905 1414 4950 et
1442 4895 1800 4970 eidem,eum

267 4970 628 5042 adolevisset,
695 4966 991 5042 paternum
1079 4967 1363 5042 imperium
1395 5039 1404 5042 _
1433 4966 1799 5042 restituisset.

266 5041 472 5098 Deinde
527 5043 668 5116 quod
707 5039 1560 5116 'Cadaloumpseudopotttiﬁcem
1610 5050 1802 5116 perse-

265 5125 425 5169 cutus
449 5108 629 5176 esset,
654 5122 712 5168 et
739 5121 999 5184 quantum
1030 5108 1082 5166 in
1126 5113 1244 5183 ipso
1271 5108 1393 5184 fuit,
1406 5109 1800 5184 ecclesiastico

267 5200 532 5242 mucrone
569 5179 889 5257 jugttlasset.
938 5179 1197 5258 Hortatur
1236 5179 1460 5258 lli-93_
1495 5192 1800 5258 extremam

1916 3330 2140 3386 alterna:
2189 3332 2419 3386 invicem
2449 3332 2699 3387 utilitatis
2735 3345 2818 3389 est
2845 3333 3052 3404 indiga,
3080 3334 3206 3389 dum
3236 3345 3291 3388 et.
3318 3349 3507 3390 sacer-

1918 3423 2124 3477 dotium
2175 3424 2325 3494 regni
2364 3424 2590 3478 tuitione
2619 3425 2943 3494 protegitur,
2976 3433 3031 3478 et
3065 3440 3290 3496 regnum
3322 3439 3509 3488 sacer-

1927 3516 2121 3574 dotalis
2155 3517 2315 3572 ollicii
2347 3517 2636 3573 sanctitate
2671 3517 2920 3573 .l'nlcitur.
2950 3517 3059 3575 Sed
3090 3519 3219 3590 quid
3250 3519 3384 3576 mibi
3412 3535 3511 3590 per

1917 3623 2092 3663 sacrae
2123 3609 2374 3664 lectionis
2394 3610 2592 3663 seriem
2615 3625 2860 3674 currere,
2903 3610 3006 3664 nisi
3035 3612 3162 3681 quia
3195 3611 3246 3664 in
3275 3620 3328 3665 te
3357 3611 3511 3667 video

1913 3700 2154 3769 ejusdem
2191 3703 2378 3771 operis
2421 3703 2830 3757 similitudinem
2878 3710 3068 3756 nostro
3105 3712 3351 3773 tempore
3377 3717 3512 3758 con-

1913 3793 2130 3846 venire?
2173 3789 2439 3856 Servasti,
2488 3791 2818 3848 venerabilis
2863 3791 3055 3858 Pater,
3097 3792 3344 3847 relictum
3401 3794 3508 3849 tuis

1912 3886 2160 3940 manibus
2211 3901 2462 3956 puerum,
2514 3885 2747 3939 ﬁrmasti
2793 3899 3043 3957 regnum,
3083 3885 3371 3939 restituisti
3403 3902 3505 3956 pu-

1911 3979 2037 4048 pillo
2061 3979 2269 4049 paterni
2293 3978 2431 4048 juris
2457 3977 2766 4048 imperium,
2799 3977 2866 4033 ad
2894 3973 3260 4032 sacerdotium
3287 3994 3503 4049 quoque

1913 4085 2130 4122 manum
2162 4079 2265 4122 tute
2288 4069 2588 4138 prudentia:
2615 4067 2729 4141 (85)
2759 4068 3010 4139 protinus
3037 4069 3352 4134 extendisti,
3377 4071 3503 4124 dum

1909 4170 1965 4214 et
2005 4160 2314 4215 Parmensis
2365 4161 2550 4216 bestias
2579 4175 2841 4230 squamea
2870 4159 3006 4215 colla
3036 4160 3333 4231 evangelici
3369 4176 3494 4215 mu-

1910 4254 2094 4308 cronis
2130 4253 2315 4324 vigore
2347 4253 2664 4324 praecidere,
2702 4262 2757 4308 et
2783 4252 3093 4323 apostolicm
3119 4253 3264 4308 sedis
3291 4254 3506 4308 antisti-

1903 4327 2018 4398 item
2045 4345 2094 4397 in
2126 4356 2237 4398 suae
2259 4342 2539 4414 dignitatis
2559 4340 2851 4398 elaborasti
2883 4340 3052 4396 lilium
3080 4339 3142 4413 υ.
3170 4341 3386 4415 solium]
3415 4357 3502 4397 re-

1908 4429 2188 4498 formare;
2241 4435 2334 4487 sed
2373 4440 2553 4503 coepto
2611 4431 2765 4504 operi
2817 4431 2930 4487 nisi
2978 4443 3252 4502 postrema
3308 4445 3503 4489 manus

1910 4528 2153 4590 accedat,
2188 4528 2290 4581 nisi
2333 4528 2694 4582 adhibeantur
2727 4527 2906 4581 adhuc
2951 4525 3066 4591 illa,
3103 4540 3223 4596 qua:
3260 4538 3500 4593 restant;

1829 4609 1882 4669 D
1908 4629 2152 4674 sanctum
2179 4620 2342 4673 vestri
2374 4619 2555 4714 operis
2578 4617 2865 4674 aediﬁcium
2895 4615 3158 4682 minatur,
3186 4628 3501 4673 utcorruat.

1907 4715 2174 4772 Cadalons
2225 4716 2369 4769 enim
2410 4707 2530 4768 'ille
2576 4719 2782 4767 sanctae
2821 4707 3174 4779 perturbator
3221 4709 3504 4774 Ecclesiae,

1906 4826 2127 4866 eversor
2180 4808 2488 4879 apostolica:
2533 4804 2854 4876 disciplinae,
2889 4802 3142 4858 inimicus
3184 4802 3376 4857 salutis
3409 4803 3508 4854 Ιιιι-

1908 4913 2101 4966 ιιιειιιω,
2147 4899 2258 4965 ille,
2310 4898 2549 4968 inquam,
2601 4879 2758 4951 radix
2792 4896 3025 4964 peccati,
3063 4907 3248 4962 praeco
3280 4892 3504 4957 diaboli,

1909 4992 2190 5068 apostolus
2225 4989 2582 5055 Antichristi,
2617 4987 2819 5058 sagitta
2853 4985 3111 5040 nimirum
3147 4988 3409 5056 producta
3446 4985 3512 5039 de

1910 5083 2169 5154 pharetra
2220 5079 2436 5135 Satanae
2459 5119 2473 5144 ,
2521 5079 2673 5153 virga
2726 5078 2899 5132 Assur
2922 5119 2934 5143 ,
2965 5075 3106 5131 ﬁlius
3138 5075 3327 5139 Belial,
3372 5073 3516 5130 ﬁlius

1910 5175 2254 5250 perditionis,
2286 5173 2378 5242 qui
2411 5173 2737 5229 adversatur
2759 5180 2815 5225 et
2860 5170 3139 5226 extollitur
3167 5186 3327 5240 supra
3355 5182 3521 5221 omne
