3964 5310
488 360 594 430 295

1060 356 1117 411 S.
1160 354 1364 410 PETRI
1390 352 1674 410 DAMIANI
1711 353 1864 410 OPP.
1906 353 2064 410 PAR!

2167 357 2251 414 EU
2293 354 2527 414 TOMUS
2549 355 2589 411 Ι.
2617 383 2686 396 -
2706 353 2923 412 EPIST.
2963 356 3251 429 LlB.,Vlll.

490 475 756 550 gremium
796 486 893 542 per
931 484 1156 526 aureum
1195 469 1424 526 imbrem
1466 469 1806 526 descendisse
1849 469 2062 524 fabula-
2089 480 2140 538 Α
2168 475 2270 530 hoc
2315 474 2534 530 frustra.
2592 471 2650 528 Si
2680 473 2824 529 enim
2856 489 3034 545 regem
3060 474 3168 544 95
3216 473 3383 530 David
3424 487 3521 530 eor
3549 488 3724 544 suum,

492 583 611 624 rum
641 573 942 622 commenta
980 563 1576 634 confingunt,(AroLLo,
1609 561 1861 619 Bibltotli.
1896 561 1934 616 Ι.
1964 564 2059 633 ιι);

491 661 573 716 sic
632 659 732 713 iste
792 671 892 726 per
937 671 1128 709 aurum
1178 653 1246 709 de“
1300 671 1411 710 sua:
1467 655 1726 710 Ecclesiae
1788 656 2055 726 sacrilega

492 746 791 816 dejectione
816 745 1120 815 quaesitum,
1155 743 1518 799 adulterinum
1558 743 1702 799 sedis
1749 744 2063 814 apostolica:

492 838 836 894 concubitum
889 839 1102 907 quaerit,
1147 844 1203 891 et
1253 843 1505 904 tanquam
1564 835 1810 906 petulcus
1855 835 2065 892 adulter

491 942 642 983 suam
685 925 901 997 explere
930 925 1208 980 libidinem
1231 925 1287 980 in
1318 924 1574 980 Romana:
1611 923 1867 981 Ecclesiae
1894 926 2064 983 viola-

493 1016 637 1072 tione
663 1015 970 1072 medullitus
995 1014 1296 1070 inardescit

560 1108 941 1177 Quamobrem,
967 1105 1290 1163 venerabilis
1317 1105 1503 1171 Pater,
1530 1114 1590 1162 ut
1626 1117 1847 1164 sanctus
1895 1107 2064 1164 studii

490 1203 564 1261 tui
592 1202 744 1257 labor
769 1201 836 1256 ad
862 1198 1110 1255 effectum
1136 1198 1358 1254 omnino
1387 1198 1694 1270 perveniat,
1723 1208 1779 1253 et
1805 1213 1902 1268 per
1923 1213 2062 1254 cau-

488 1295 610 1350 dam
657 1290 862 1348 titionis
889 1288 1068 1358 hujus,
1108 1288 1218 1344 imo
1250 1302 1346 1357 per
1370 1303 1536 1343 unum
1565 1287 1838 1360 putridum
1864 1287 2061 1344 diaboli

488 1382 815 1446 membrum,
847 1379 988 1450 apud
1029 1377 1338 1449 opinionem
1367 1377 1647 1433 hominum
1689 1377 1930 1433 Romana
1959 1379 2064 1434 Ec-

488 1473 652 1530 clesia
689 1485 796 1527 non
839 1469 1080 1534 vilescat,
1113 1477 1167 1524 et
1219 1469 1324 1524 hac
1367 1469 1676 1535 occasione,
1718 1471 1860 1540 quod
1901 1471 2060 1536 absit,

489 1563 834 1620 Christianus
882 1560 1110 1632 populus
1150 1562 1204 1615 in
1247 1574 1433 1618 errore
1471 1569 1810 1633 permaneat,
1843 1577 2063 1619 necesse

487 1665 572 1710 est
601 1663 662 1709 ut
705 1662 883 1709 vestra
927 1652 1216 1723 prudentia
1250 1654 1374 1708 totis
1403 1653 1612 1709 nisibus
1633 1653 1896 1720 elaboret,
1925 1671 2063 1725 qua-

492 1756 647 1802 tenus
680 1746 934 1816 generale
955 1745 1246 1801 concilium
1288 1746 1609 1817 quantocius
1636 1745 1750 1813 fiat,
1781 1756 1835 1802 et
1879 1748 2062 1817 perni-

2168 563 2446 634 Scriptura
2503 572 2670 628 teste,
2724 564 3026 633 percussit,
3078 565 3201 633 quia
3249 565 3515 620 duntaxat
3581 579 3726 620 oram

2167 655 2465 725 chlamydis
2494 653 2622 709 Saul
2641 653 2866 709 silenter
2893 653 3193 723 ahscidit(l
3225 653 3354 726 Reg.
3385 654 3540 726 xxiv)
3563 670 3580 719 ;
3602 655 3728 724 quid

2165 760 2286 818 ego,
2316 745 2410 816 qui
2450 760 2556 800 non
2584 745 2747 800 vestis
2776 744 3092 815 particulam
3114 784 3128 810 ,
3159 743 3253 800 sed
3295 745 3535 813 integras
3566 744 3725 808 ultro,

2163 837 2329 893 etiam
2357 836 2621 907 pretiosas
2649 834 2926 903 adomino
2954 849 3074 890 meo
3097 845 3273 890 vestes
3300 835 3526 898 extorsi,
3551 844 3607 889 et
3634 837 3732 892 sub

2163 943 2270 986 non
2283 928 2673 999 impendenda,
2687 925 2784 983 sed
2806 920 3162 996 persipiendae
3182 925 3468 980 charitatis
3483 926 3731 993 obtentu,

2164 1020 2290 1077 dum
2329 1034 2415 1075 me
2438 1017 2609 1082 indui,
2661 1017 2887 1074 alterum
2944 1016 3216 1086 spoliavi?
3255 1014 3358 1083 Qui
3402 1013 3649 1084 profecto
3685 1015 3735 1072 si

2162 1127 2293 1169 vere
2316 1111 2566 1168 sacerdos
2588 1123 2786 1175 essem,
2809 1108 3020 1179 iustitia
3046 1109 3218 1179 magis
3245 1108 3394 1163 indui
3424 1123 3587 1177 quam
3616 1115 3736 1163 texe

2164 1203 2346 1260 tilibus
2373 1199 2707 1267 ornamentis
2729 1198 3016 1254 ambirem.
3063 1197 3210 1254 Inter
3255 1197 3371 1252 haec
3402 1205 3584 1252 tamen
3607 1198 3736 1252 dum

2165 1294 2524 1351 tribunalibus
2549 1307 2684 1348 mea:
2719 1292 2915 1348 mentis
2943 1291 3334 1346 examinandas
3363 1290 3588 1356 assisto,
3619 1305 3736 1345 me-

2162 1403 2268 1458 que
2295 1388 2410 1457 ipse
2438 1385 2683 1441 districta
2713 1399 2939 1456 prorsus
2978 1382 3450 1439 animadversione
3480 1383 3734 1449 discutio,

2168 1479 2274 1534 hoc
2314 1477 2448 1533 mihi
2472 1475 2806 1532 defensionis
2828 1483 2928 1538 est,
2956 1483 3012 1529 et
3041 1488 3139 1543 pro
3163 1487 3249 1528 me
3277 1481 3408 1537 stat,
3441 1473 3570 1542 quia
3599 1487 3736 1527 non-

2162 1567 2307 1624 nulla
2347 1567 2480 1622 mihi
2507 1575 2634 1622 tunc
2674 1564 2932 1634 temporis
2957 1578 3184 1620 munera
3225 1571 3352 1619 sunt
3376 1562 3583 1626 oblata,
3619 1576 3740 1632 qua:

2164 1668 2346 1715 tamen
2375 1643 2530 1729 apud.
2554 1671 2653 1712 nos
2695 1654 3054 1724 susceptionis
3082 1653 3230 1709 aditu
3257 1667 3364 1709 non
3405 1662 3644 1724 reperto,
3674 1653 3740 1708 ad

2161 1764 2277 1816 eos,
2303 1749 2396 1820 qui
2424 1748 2705 1811 miserant,
2735 1745 2834 1801 sub
2857 1744 3004 1800 omni
3030 1752 3158 1799 sunt
3179 1743 3458 1799 celeritate
3488 1742 3738 1798 remissa.

487 1838 620 1894 ciosi
654 1836 808 1906 hujus
833 1837 1038 1892 erroris
1061 1836 1266 1907 spinas,
1292 1837 1344 1891 in
1365 1851 1471 1906 quo
1495 1837 1660 1892 miser
1681 1839 1916 1894 mundus
1942 1853 2066 1894 ver—
2091 1832 2140 1890 B
2168 1841 2324 1898 Unde
2350 1853 2570 1910 possum
2598 1836 2738 1893 forte
2765 1835 3043 1907 colligere,
3071 1835 3199 1910 quia
3227 1834 3464 1890 charitas
3485 1849 3609 1904 quae
3639 1833 3743 1888 Do-

488 1937 658 1989 satur.
685 1926 897 1982 evellat.
939 1925 1211 1981 Praeterea
1242 1925 1472 1982 libenter
1493 1929 1562 1982 ad
1587 1937 1781 1983 vestrae
1807 1929 2065 1984 sanctita-

489 2018 560 2074 tis
605 2017 919 2086 alloquium,
963 2016 1010 2071 si
1062 2017 1278 2071 occasio
1317 2017 1558 2081 daretur,
1611 2018 1952 2087 attingerem,
2004 2027 2066 2073 ut

487 2106 995 2162 communicandum
1017 2107 1328 2171 consilium,
1349 2107 1492 2177 quod
1519 2108 1764 2162 absentia
1792 2109 2062 2178 prohibet,

488 2196 610 2249 viva
649 2197 890 2252 conserti
924 2196 1190 2251 sermonis
1212 2196 1377 2252 verba
1407 2197 1737 2254 conferrent.
1780 2199 1888 2254 Sed
1927 2213 2063 2268 quo-

488 2285 634 2340 niam
661 2285 712 2340 id
736 2285 966 2342 fortasse
986 2301 1092 2342 non
1127 2301 1356 2353 mereor,
1385 2297 1530 2357 pcto,
1555 2303 1757 2358 quaeso,
1785 2298 1840 2343 et
1883 2289 2062 2342 humi-

489 2375 611 2432 liter
641 2390 890 2446 suggero,
915 2385 974 2430 ut
995 2385 1180 2432 sancta
1198 2384 1376 2432 vestra
1407 2379 1694 2448 prudentia
1720 2377 2066 2433 Cadaloicam

490 2465 719 2532 rabiem,
750 2481 868 2535 qua:
915 2467 1114 2521 latrare
1164 2482 1269 2522 non
1301 2467 1517 2535 desinit,
1570 2469 1792 2524 omnino
1835 2477 2066 2524 conetur

491 2558 877 2626 exstinguere,
933 2569 1199 2629 quatenus
1243 2559 1550 2616 Christiana
1603 2560 1792 2632 religio
1843 2561 2066 2631 paciﬁca

490 2662 588 2718 per
614 2663 708 2704 vos
724 2649 900 2703 valeat
927 2649 1313 2720 tranquillitate
1333 2651 1589 2722 gaudere,
1609 2660 1669 2706 ut
1688 2653 1812 2707 dum
1837 2652 2066 2722 regnum

491 2752 556 2791 ac
582 2739 940 2794 sacerdotium
973 2748 1155 2808 optata
1181 2755 1278 2809 per
1309 2756 1403 2795 vos
1449 2757 1581 2810 pace
1627 2740 1949 2811 perfruitur,
1995 2743 2066 2810 is,

491 2831 582 2900 qui
629 2831 909 2901 utriusque
953 2832 1230 2902 dignitatis
1259 2821 1459 2887 auctor
1503 2823 1613 2898 est;
1656 2834 1807 2904 pacis
1853 2842 2067 2890 aeterna:

493 2920 652 2990 digna
680 2921 830 2976 vobis
857 2923 1077 2992 praemia
1105 2923 1382 2993 largiatur.
1407 2923 1515 2978 Sed
1538 2923 1667 2980 dum
1693 2938 1868 2993 equus
1897 2923 2064 2990 oﬂ‘ere

494 3018 603 3075 tur,
643 3011 766 3066 dum
797 3013 930 3068 socii
965 3027 1155 3068 omnes
1202 3013 1305 3068 iter
1336 3012 1623 3084 arripiunt,
1669 3027 1796 3070 ecce
1833 3014 2054 3070 brevem

493 3115 710 3172 sperno,
735 3102 898 3158 strevi
924 3103 1154 3174 vestigia
1181 3110 1388 3158 sterno.

2059 3179 2062 3186 ’
2093 3174 2140 3238 C

1037 3253 1148 3314 EPI
1160 3259 1381 3318 STOLA
1407 3259 1517 3316 VII.

635 3368 701 3407 AD
729 3366 960 3408 VIDONEI
981 3366 1427 3408 ARCHIEPISCOPUH
1459 3366 1918 3409 IEDIOLANENSEM.

493 3465 886 3521 ARGUIENTUI.
935 3497 1004 3507 —
1032 3462 1223 3520 Tacite
1270 3465 1475 3535 gratias
1501 3464 1612 3535 agit
1647 3464 1840 3520 Vidoni
1888 3466 2068 3520 archi-

562 3536 817 3606 episcopo
862 3536 1004 3604 quod
1031 3550 1112 3599 se,
1159 3534 1476 3604 duni'apud
1530 3534 1678 3589 illum
1731 3545 2064 3606 versaretur.

564 3604 1354 3661 sacris’vestibus.liberaliter
1391 3607 1663 3660 donasset.
1709 3604 1958 3660 Ostendit
2006 3622 2067 3660 se

561 3691 853 3732 memorem
872 3674 1031 3744 hujus
1050 3674 1319 3742 beneficii,
1341 3676 1588 3731 assiduas
1602 3689 1698 3744 pro
1719 3690 1784 3728 eo
1809 3676 1876 3730 ad
1897 3676 2065 3730 Deum

566 3762 757 3816 preces
777 3746 1002 3800 fundere
1028 3762 1048 3816 :7
1077 3747 1316 3815 itemque
1341 3760 1552 3811 curare,
1585 3754 1642 3800 ut
1663 3745 1804 3800 idem
1833 3747 1917 3801 sui
1941 3760 2059 3801 mo-

563 3815 720 3872 nachi
755 3825 810 3873 et
835 3817 994 3871 amici
1026 3815 1288 3872 facerent.

560 3931 767 3995 Domno
801 3930 846 3985 ν
873 3928 1323 3985 reverendissimo
1375 3928 1804 4000 archiepiscopo,
1849 3925 2066 3984 Penus

489 4033 745 4098 peccator
797 4023 1096 4080 monachus
1162 4022 1548 4082 devotissimae‘
1585 4023 1860 4079 servitutis
1909 4023 2064 4079 obse-

492 4132 699 4191 quium.

563 4209 786 4266 Noverit
823 4210 1084 4266 sanctitas
1120 4218 1330 4276 vestra,
1370 4208 1694 4266 venerabilis
1723 4207 1910 4275 Pater,
1938 4209 2067 4279 quia

495 4317 582 4359 me
609 4301 772 4356 nimis
797 4301 1071 4372 paenituit,
1093 4309 1280 4371 atque,
1323 4309 1384 4356 ut
1415 4301 1488 4356 ita
1515 4300 1729 4370 loquar,
1772 4316 1866 4356 cor
1887 4315 2067 4356 meum

493 4408 580 4450 me
611 4391 763 4448 valde
803 4391 1072 4462 percussit
1118 4392 1172 4446 in
1221 4406 1287 4446 eo
1335 4391 1478 4462 quod
1516 4390 1831 4447 liberalitati
1873 4399 2068 4446 vestrae

494 4494 604 4581 tam
642 4484 803 4581 largae
829 4493 1045 4553 tamque
1083 4483 1486 4581 munifica-non
1516 4482 1862 4581 peperci.-Ad
1889 4483 2064 4581 instar
2092 4519 2142 4581 Ι)

493 4575 636 4631 enim
669 4573 861 4629 futurae
892 4572 1326 4638 resurrectionis,
1360 4572 1502 4628 binis
1539 4587 1625 4626 me
1649 4571 1799 4628 stolis
1843 4571 2066 4625 induere

495 4666 834 4723 decrevistis.
866 4665 981 4735 Ego
1007 4674 1187 4720 autem
1210 4673 1390 4721 vestra
1420 4677 1713 4736 oppressus
1741 4662 2068 4718 auctoritate

494 4759 570 4814 nil
615 4759 810 4824 restiti,
859 4757 934 4812 nil
965 4772 1184 4812 manum
1223 4756 1447 4820 retraxi,
1494 4754 1590 4810 sed
1645 4769 1924 4809 servorum
1969 4750 2066 4806 Dei

497 4847 711 4918 genuini
743 4847 936 4919 rigoris
981 4847 1200 4910 oblitus,
1233 4845 1390 4900 facile
1421 4853 1615 4900 cuncta
1646 4843 1883 4913 suscepi.
1910 4841 2069 4908 Quod

496 4941 658 5013 plane
682 4957 804 4997 cum
847 4941 1051 5006 recolo,
1083 4939 1412 4995 conscientia
1438 4953 1524 4992 mc
1558 4937 1840 4992 mordente
1885 4935 2071 4990 redar-

2168 1934 2374 1989 minum
2389 1945 2588 1993 meum,
2604 1937 2662 1982 ut
2683 1927 3114 1982 benedictionem
3135 1917 3424 1998 conferret,
3439 1925 3740 1993 admonuit,

2168 2025 2357 2080 eadem
2385 2023 2442 2077 in
2469 2034 2627 2077 servo
2653 2035 2770 2084 suo,
2802 2028 2860 2073 ut
2881 2019 3130 2074 collatam
3165 2022 3490 2087 susciperet,
3517 2017 3742 2087 acquie-

2166 2117 2264 2171 vit.
2303 2115 2409 2170 Sed
2435 2113 2564 2169 dum
2596 2111 2842 2168 beneficii
2874 2109 3040 2164 vestri
3073 2107 3358 2164 recolimus
3404 2108 3648 2173 modmn,
3679 2109 3744 2163 ad

2167 2205 2302 2263 illud
2333 2203 2609 2259 Zacharia:
2653 2216 2806 2258 mens
2833 2199 3272 2268 reditoraculum
3304 2217 3318 2254 :
3349 2199 3505 2266 Erat,
3549 2199 3743 2270 inquit,

2166 2298 2322 2353 Iesus
2351 2298 2566 2352 indutus
2604 2295 2828 2352 vestibus
2856 2294 3104 2357 sordidis,
3129 2303 3176 2348 et
3205 2293 3376 2348 stabat
3410 2302 3533 2348 ante
3557 2292 3748 2362 faciem

2171 2387 2341 2460 angeli
2371 2387 2620 2459 (Zachar.
2658 2386 2743 2455 ιιι)
2779 2403 2792 2439 :
2833 2384 2936 2452 Qui
2979 2384 3276 2454 respondit,
3305 2390 3362 2438 et
3402 2383 3479 2437 ait
3519 2383 3591 2437 ad
3650 2397 3744 2438 eos

2169 2480 2263 2551 qui
2312 2478 2737 2534 stabantcoram
2777 2489 2836 2531 se
2877 2473 3163 2530 dicentes:
3194 2473 3408 2543 Auferte
3439 2473 3746 2528 vestimenta

2170 2572 2386 2628 sordida
2397 2570 2462 2624 ab
2474 2587 2533 2625 eo
2549 2568 2758 2642 (Ibid.);
2773 2566 2986 2634 deinde,
3002 2566 3350 2638 utScriptura
3375 2565 3746 2636 prosequitur.

2168 2661 2389 2718 indutus
2400 2668 2484 2716 est
2504 2657 2813 2715 mutatoriis
2861 2657 3014 2713 Felix
3036 2655 3126 2711 ille
3143 2655 3280 2721 dies,
3308 2654 3362 2709 in
3385 2668 3494 2724 quo
3513 2654 3744 2709 vestium

2168 2751 2273 2808 ista
2318 2749 2644 2821 permutatio
2694 2735 3056 2804 celebrabitur
3079 2785 3095 2811 ,
3125 2755 3181 2800 et
3207 2759 3402 2815 corpus
3423 2742 3579 2810 Jesu,
3608 2743 3748 2814 quod

2169 2850 2253 2897 est
2296 2827 2564 2906 Ecclesia,
2602 2838 2751 2894 omni
2803 2837 2980 2894 luctus
3015 2844 3177 2906 atque
3225 2833 3456 2891 tristitiae
3495 2833 3748 2903 squalore

2179 2931 2443 3002 deposito,
2471 2931 2641 2986 beatae
2679 2927 3099 2984 immortalitatis
3130 2926 3413 2996 splendore
3442 2925 3739 2989 vestietur;

2168 3025 2312 3081 sicut
2357 3024 2413 3079 in
2446 3022 2538 3078 illo
2573 3020 2928 3092 dedicationis
2970 3018 3179 3090 psalmo
3200 3017 3313 3086 jam
3348 3016 3743 3090 gratulabunda

2169 3116 2433 3188 praecinit,
2463 3116 2651 3172 dicens
2677 3131 2690 3168 :
2721 3113 3028 3168 Convertisti
3053 3111 3320 3182 planctum
3343 3126 3516 3188 meum
3544 3110 3600 3164 in
3621 3126 3750 3180 gau-

2170 3187 2315 3261 dium
2344 3205 2491 3272 mihi,
2523 3214 2570 3259 et
2605 3203 2908 3259 conscidisti
2933 3201 3046 3272 96
3071 3215 3283 3255 saccum
3309 3187 3503 3264 meum,
3532 3210 3582 3252 et
3609 3214 3746 3267 prc-

2167 3300 2376 3354 cinxisti
2417 3313 2496 3352 me
2526 3296 2729 3362 lwtitia,
2764 3305 2819 3348 ut
2857 3304 3059 3350 cantem
3080 3293 3197 3358 tibi,
3219 3291 3390 3364 gloria
3431 3307 3548 3346 mea
3575 3290 3747 3361 (Psal.

2167 3392 2282 3462 xv).
2314 3390 2418 3446 Sed
2460 3390 2548 3446 cui
2596 3405 2696 3461 ego
2749 3389 2816 3444 de
2846 3385 3039 3442 talibus
3069 3385 3295 3456 loquor?
3333 3377 3750 3439 Sufﬁciat'mihi

2169 3485 2543 3540 tantummodo
2569 3484 2750 3539 dicere
2777 3481 2903 3552 quia
2931 3490 3007 3544 tu,
3037 3477 3362 3534 venerabilis
3387 3467 3564 3546 pater,
3593 3491 3751 3545 ange-

2168 3576 2252 3632 lus
2288 3575 2500 3632 Domini
2528 3573 2659 3630 mihi
2685 3573 2860 3629 factus
2881 3587 2961 3639 es,
2987 3571 3077 3642 qui
3127 3586 3224 3642 pro
3249 3583 3430 3624 amore
3451 3567 3579 3624 Jesu
3617 3566 3750 3621 mihi

2170 3657 2391 3722 sordida
2435 3666 2750 3730 detrahens,
2801 3662 3049 3719 eumdem
3105 3661 3281 3732 ipsum
3330 3660 3386 3715 in
3434 3673 3524 3714 me
3565 3657 3751 3714 infulis

2171 3757 2599 3814 sacerdotalibus
2629 3755 2924 3811 adornasti.
2951 3752 3158 3819 Quibus
3181 3761 3360 3806 tamen
3392 3763 3493 3820 ego
3517 3747 3752 3802 muneris

2167 3847 2270 3903 bus
2300 3861 2405 3902 non
2433 3861 2658 3914 prorsus
2695 3845 2939 3916 ingratus
2972 3842 3114 3897 hanc
3137 3839 3570 3896 vicissitudinem
3603 3854 3750 3894 com-

2173 3938 2424 4010 pensavi,
2464 3945 2524 3990 ut
2568 3937 2622 3990 in
2673 3933 2919 4004 pluribus
2963 3947 3069 3987 non
3117 3931 3279 3986 modo
3309 3929 3536 3992 nostris.
3567 3929 3664 3983 sed
3699 3935 3750 3982 et

2169 4029 2467 4095 extraneis,
2492 4036 2654 4097 atque
2679 4023 2987 4097 longinquis
3007 4031 3062 4078 et
3085 4021 3306 4088 eremis,
3322 4029 3379 4077 et
3404 4020 3748 4078 monasteriis

2171 4129 2415 4176 vestrum
2446 4131 2642 4174 nomen
2687 4117 3036 4178 ascriberem,
3069 4113 3406 4182 fratrumque
3428 4125 3526 4166 vos
3543 4109 3745 4166 oratio-

2168 4214 2332 4272 nibus
2368 4212 2556 4268 humili
2582 4208 2884 4266 devotionis
2911 4207 3091 4264 studio
3120 4203 3581 4262 commendarem.

2717 4331 3046 4390 EPISTOLA
3081 4329 3212 4390 Vill.

2449 4442 2516 4481 ΑΙ)
2543 4441 2593 4478 ν.
2631 4438 3083 4480 ABCHIEPISCOPUH
3105 4435 3463 4478 ΒιτυΝτιΝωί.

2388 4516 2649 4589 (Habetur
2673 4527 2798 4571 toni.
2831 4515 2952 4580 ΙΙΙ,
2984 4525 3156 4583 estque
3185 4528 3364 4585 opusc.
3387 4508 3500 4580 59.)

2721 4626 3054 4683 EPISTOLA
3105 4625 3198 4680 1X.

2628 4737 2695 4775 AD
2739 4737 2768 4775 Δ
2778 4761 2791 4774 .
2822 4731 3299 4776 ARCBIEPISCOPUI.

2389 4814 2651 4890 (flabetur
2679 4823 2802 4867 tam.
2837 4811 2957 4876 ΙΙΙ,
2989 4822 3160 4882 estque
3190 4822 3368 4879 opust.
3399 4805 3514 4862 25A

2744 4922 3080 4980 EPISTOLA
3105 4922 3174 4976 Χ.

2635 5029 2694 5046 an
2733 5030 2747 5046 Δ
2831 5026 3270 5046 ιοηηιιιιιιερηῆινυ
