  <div class='ocr_page' id='page_1' title='image "/cluster/home/n/w/nwhite01/storage/ocr_20150623/144/hvd.32044010574010/154.png"; bbox 0 0 3964 5310; ppageno 0'>
   <div class='ocr_carea' id='block_1_1' title="bbox 183 372 305 432">
    <p class='ocr_par' dir='ltr' id='par_1_1' title="bbox 183 372 305 432">
     <span class='ocr_line' id='line_1_1' title="bbox 183 372 305 432; baseline 0.016 -1"><span class='ocrx_word' id='word_1_1' title='bbox 183 372 305 432; x_wconf 74' lang='grc'><strong>297</strong></span> 
     </span>
    </p>
   </div>
   <div class='ocr_carea' id='block_1_2' title="bbox 1312 377 2259 452">
    <p class='ocr_par' dir='ltr' id='par_1_2' title="bbox 1312 377 2259 452">
     <span class='ocr_line' id='line_1_2' title="bbox 1312 377 2259 452; baseline 0.013 -18"><span class='ocrx_word' id='word_1_2' title='bbox 1312 377 1514 436; x_wconf 82' lang='lat' dir='ltr'><strong>LIBER</strong></span> <span class='ocrx_word' id='word_1_3' title='bbox 1555 378 1904 452; x_wconf 76' lang='lat' dir='ltr'><strong>QUARTUS,</strong></span> <span class='ocrx_word' id='word_1_4' title='bbox 1941 384 2157 444; x_wconf 81' lang='lat' dir='ltr'><strong>EPIST.</strong></span> <span class='ocrx_word' id='word_1_5' title='bbox 2195 388 2259 446; x_wconf 86' lang='lat' dir='ltr'><strong>ll.</strong></span> 
     </span>
    </p>
   </div>
   <div class='ocr_carea' id='block_1_3' title="bbox 3349 407 3458 466">
    <p class='ocr_par' dir='ltr' id='par_1_3' title="bbox 3349 407 3458 466">
     <span class='ocr_line' id='line_1_3' title="bbox 3349 407 3458 466; baseline 0 -1"><span class='ocrx_word' id='word_1_6' title='bbox 3349 407 3458 466; x_wconf 73' lang='lat'><strong>298</strong></span> 
     </span>
    </p>
   </div>
   <div class='ocr_carea' id='block_1_4' title="bbox 179 529 1739 586">
    <p class='ocr_par' dir='ltr' id='par_1_4' title="bbox 266 529 1739 557">
     <span class='ocr_line' id='line_1_4' title="bbox 266 529 1739 557; baseline 0.018 -9"><span class='ocrx_word' id='word_1_7' title='bbox 266 529 1739 557; x_wconf 62' lang='lat' dir='ltr'><strong>m—</strong></span> 
     </span>
    </p>
   </div>
   <div class='ocr_carea' id='block_1_5' title="bbox 1863 529 3448 586">
    <p class='ocr_par' dir='ltr' id='par_1_5' title="bbox 1863 541 3448 586">
     <span class='ocr_line' id='line_1_5' title="bbox 1863 541 3448 586; baseline 0.02 -31"><span class='ocrx_word' id='word_1_8' title='bbox 1863 541 3448 586; x_wconf 76' lang='lat'><strong>—-————_._....._...._...._.._._______</strong></span> 
     </span>
    </p>
   </div>
   <div class='ocr_carea' id='block_1_6' title="bbox 1344 716 2320 828">
    <p class='ocr_par' dir='ltr' id='par_1_6' title="bbox 1344 716 2320 828">
     <span class='ocr_line' id='line_1_6' title="bbox 1344 716 2320 828; baseline 0.014 -23"><span class='ocrx_word' id='word_1_9' title='bbox 1344 716 1702 809; x_wconf 84' lang='lat' dir='ltr'><strong>LIBER</strong></span> <span class='ocrx_word' id='word_1_10' title='bbox 1772 720 2320 828; x_wconf 80' lang='lat' dir='ltr'><strong>QUARTUS</strong></span> 
     </span>
    </p>
   </div>
   <div class='ocr_carea' id='block_1_7' title="bbox 1573 929 2100 995">
    <p class='ocr_par' dir='ltr' id='par_1_7' title="bbox 1573 929 2100 995">
     <span class='ocr_line' id='line_1_7' title="bbox 1573 929 2100 995; baseline 0.009 -7"><span class='ocrx_word' id='word_1_11' title='bbox 1573 929 1668 988; x_wconf 80' lang='lat' dir='ltr'><strong>AD</strong></span> <span class='ocrx_word' id='word_1_12' title='bbox 1706 929 2100 995; x_wconf 83' lang='lat' dir='ltr'><strong>EPISCOPOS.</strong></span> 
     </span>
    </p>
   </div>
   <div class='ocr_carea' id='block_1_8' title="bbox 1657 1110 2060 1132">
    <p class='ocr_par' dir='ltr' id='par_1_8' title="bbox 1657 1110 2060 1132">
     <span class='ocr_line' id='line_1_8' title="bbox 1657 1110 2060 1132; baseline 0.02 -5"><span class='ocrx_word' id='word_1_13' title='bbox 1657 1110 2060 1132; x_wconf 38' lang='grc' dir='ltr'><strong>ψ</strong></span> 
     </span>
    </p>
   </div>
   <div class='ocr_carea' id='block_1_9' title="bbox 538 1273 1409 1348">
    <p class='ocr_par' dir='ltr' id='par_1_9' title="bbox 538 1273 1409 1348">
     <span class='ocr_line' id='line_1_9' title="bbox 538 1273 1409 1348; baseline -0.001 -10"><span class='ocrx_word' id='word_1_14' title='bbox 538 1273 788 1348; x_wconf 72' lang='grc' dir='ltr'>97σ98</span> <span class='ocrx_word' id='word_1_15' title='bbox 814 1273 1148 1336; x_wconf 81' lang='lat' dir='ltr'><strong>EPISTOLA</strong></span> <span class='ocrx_word' id='word_1_16' title='bbox 1173 1279 1409 1339; x_wconf 78' lang='lat' dir='ltr'><strong>PRIMA.</strong></span> 
     </span>
    </p>
   </div>
   <div class='ocr_carea' id='block_1_10' title="bbox 604 1400 1345 1450">
    <p class='ocr_par' dir='ltr' id='par_1_10' title="bbox 604 1400 1345 1450">
     <span class='ocr_line' id='line_1_10' title="bbox 604 1400 1345 1450; baseline 0.012 -11"><span class='ocrx_word' id='word_1_17' title='bbox 604 1400 674 1440; x_wconf 73' lang='grc' dir='ltr'><strong>ΑΒ</strong></span> <span class='ocrx_word' id='word_1_18' title='bbox 709 1402 993 1445; x_wconf 68' lang='grc' dir='ltr'><strong>Διβειιτωι</strong></span> <span class='ocrx_word' id='word_1_19' title='bbox 1033 1407 1345 1450; x_wconf 75' lang='lat' dir='ltr'><strong>EPISCOPUI.</strong></span> 
     </span>
    </p>
   </div>
   <div class='ocr_carea' id='block_1_11' title="bbox 175 1471 1762 1570">
    <p class='ocr_par' dir='ltr' id='par_1_11' title="bbox 175 1471 1762 1570">
     <span class='ocr_line' id='line_1_11' title="bbox 175 1471 1762 1570; baseline 0.009 -42"><span class='ocrx_word' id='word_1_20' title='bbox 175 1471 682 1570; x_wconf 59' lang='lat' dir='ltr'><strong>Anconem-um:</strong></span> <span class='ocrx_word' id='word_1_21' title='bbox 714 1476 994 1570; x_wconf 62' lang='lat' dir='ltr'><strong>Hunc,nad</strong></span> <span class='ocrx_word' id='word_1_22' title='bbox 1023 1483 1427 1565; x_wconf 72' lang='lat' dir='ltr'><strong>quemscribit,</strong></span> <span class='ocrx_word' id='word_1_23' title='bbox 1459 1484 1762 1570; x_wconf 51' lang='lat' dir='ltr'><strong>albortum,</strong></span> 
     </span>
    </p>
   </div>
   <div class='ocr_carea' id='block_1_12' title="bbox 245 1545 1766 1626">
    <p class='ocr_par' dir='ltr' id='par_1_12' title="bbox 245 1545 1766 1626">
     <span class='ocr_line' id='line_1_12' title="bbox 245 1545 1766 1626; baseline 0.011 -29"><span class='ocrx_word' id='word_1_24' title='bbox 245 1545 563 1626; x_wconf 75' lang='lat' dir='ltr'><strong>episcopum</strong></span> <span class='ocrx_word' id='word_1_25' title='bbox 588 1545 769 1626; x_wconf 64' lang='lat' dir='ltr'><strong>fuisse</strong></span> <span class='ocrx_word' id='word_1_26' title='bbox 812 1558 870 1626; x_wconf 72' lang='lat' dir='ltr'><strong>et</strong></span> <span class='ocrx_word' id='word_1_27' title='bbox 899 1545 1163 1626; x_wconf 67' lang='lat' dir='ltr'><strong>Damiani</strong></span> <span class='ocrx_word' id='word_1_28' title='bbox 1189 1553 1356 1624; x_wconf 87' lang='lat' dir='ltr'><strong>ipsius</strong></span> <span class='ocrx_word' id='word_1_29' title='bbox 1395 1545 1520 1626; x_wconf 79' lang='lat' dir='ltr'><strong>ante</strong></span> <span class='ocrx_word' id='word_1_30' title='bbox 1559 1545 1766 1626; x_wconf 64' lang='lat' dir='ltr'><strong>episco1</strong></span> 
     </span>
    </p>
   </div>
   <div class='ocr_carea' id='block_1_13' title="bbox 243 1615 1758 1701">
    <p class='ocr_par' dir='ltr' id='par_1_13' title="bbox 243 1615 1758 1701">
     <span class='ocr_line' id='line_1_13' title="bbox 243 1615 1758 1701; baseline 0.011 -34"><span class='ocrx_word' id='word_1_31' title='bbox 243 1615 443 1696; x_wconf 79' lang='lat' dir='ltr'><strong>patum</strong></span> <span class='ocrx_word' id='word_1_32' title='bbox 464 1615 1002 1701; x_wconf 63' lang='lat' dir='ltr'><strong>discipulam.mfacile</strong></span> <span class='ocrx_word' id='word_1_33' title='bbox 1034 1621 1164 1676; x_wconf 87' lang='lat' dir='ltr'><strong>mihi</strong></span> <span class='ocrx_word' id='word_1_34' title='bbox 1192 1615 1516 1701; x_wconf 72' lang='lat' dir='ltr'><strong>persuadeo.</strong></span> <span class='ocrx_word' id='word_1_35' title='bbox 1569 1615 1758 1701; x_wconf 69' lang='lat' dir='ltr'><strong>Magna</strong></span> 
     </span>
    </p>
   </div>
   <div class='ocr_carea' id='block_1_14' title="bbox 245 1685 1763 1764">
    <p class='ocr_par' dir='ltr' id='par_1_14' title="bbox 245 1685 1763 1764">
     <span class='ocr_line' id='line_1_14' title="bbox 245 1685 1763 1764; baseline 0.011 -26"><span class='ocrx_word' id='word_1_36' title='bbox 245 1685 393 1764; x_wconf 74' lang='lat' dir='ltr'><strong>enim</strong></span> <span class='ocrx_word' id='word_1_37' title='bbox 430 1687 756 1764; x_wconf 78' lang='lat' dir='ltr'><strong>auctoritate</strong></span> <span class='ocrx_word' id='word_1_38' title='bbox 803 1687 952 1764; x_wconf 90' lang='lat' dir='ltr'><strong>ill_um</strong></span> <span class='ocrx_word' id='word_1_39' title='bbox 1000 1685 1299 1764; x_wconf 75' lang='lat' dir='ltr'><strong>nonmodo</strong></span> <span class='ocrx_word' id='word_1_40' title='bbox 1341 1695 1615 1764; x_wconf 90' lang='lat' dir='ltr'><strong>admonet,</strong></span> <span class='ocrx_word' id='word_1_41' title='bbox 1657 1685 1763 1755; x_wconf 54' lang='lat' dir='ltr'><strong>sed</strong></span> 
     </span>
    </p>
   </div>
   <div class='ocr_carea' id='block_1_15' title="bbox 244 1755 1759 1827">
    <p class='ocr_par' dir='ltr' id='par_1_15' title="bbox 244 1755 1759 1827">
     <span class='ocr_line' id='line_1_15' title="bbox 244 1755 1759 1827; baseline 0.01 -18"><span class='ocrx_word' id='word_1_42' title='bbox 244 1755 412 1827; x_wconf 72' lang='lat' dir='ltr'><strong>etiam</strong></span> <span class='ocrx_word' id='word_1_43' title='bbox 450 1756 720 1827; x_wconf 65' lang='lat' dir='ltr'><strong>praecipit,</strong></span> <span class='ocrx_word' id='word_1_44' title='bbox 753 1766 813 1812; x_wconf 90' lang='lat' dir='ltr'><strong>ut</strong></span> <span class='ocrx_word' id='word_1_45' title='bbox 854 1761 905 1814; x_wconf 92' lang='lat' dir='ltr'><strong>in</strong></span> <span class='ocrx_word' id='word_1_46' title='bbox 947 1761 1416 1818; x_wconf 75' lang='lat' dir='ltr'><strong>administratione</strong></span> <span class='ocrx_word' id='word_1_47' title='bbox 1452 1755 1759 1823; x_wconf 76' lang='lat' dir='ltr'><strong>animarum</strong></span> 
     </span>
    </p>
   </div>
   <div class='ocr_carea' id='block_1_16' title="bbox 243 1824 1756 1910">
    <p class='ocr_par' dir='ltr' id='par_1_16' title="bbox 243 1824 1756 1910">
     <span class='ocr_line' id='line_1_16' title="bbox 243 1824 1756 1910; baseline 0.009 -30"><span class='ocrx_word' id='word_1_48' title='bbox 243 1824 348 1910; x_wconf 79' lang='lat' dir='ltr'><strong>sibi</strong></span> <span class='ocrx_word' id='word_1_49' title='bbox 384 1824 714 1909; x_wconf 47' lang='lat' dir='ltr'><strong>.cOmmissa,</strong></span> <span class='ocrx_word' id='word_1_50' title='bbox 766 1829 900 1910; x_wconf 85' lang='lat' dir='ltr'><strong>nihil</strong></span> <span class='ocrx_word' id='word_1_51' title='bbox 951 1846 1138 1896; x_wconf 82' lang='lat' dir='ltr'><strong>avare,</strong></span> <span class='ocrx_word' id='word_1_52' title='bbox 1183 1833 1319 1910; x_wconf 79' lang='lat' dir='ltr'><strong>nihil</strong></span> <span class='ocrx_word' id='word_1_53' title='bbox 1369 1837 1562 1906; x_wconf 89' lang='lat' dir='ltr'><strong>cupide</strong></span> <span class='ocrx_word' id='word_1_54' title='bbox 1596 1851 1756 1910; x_wconf 89' lang='lat' dir='ltr'><strong>agat;</strong></span> 
     </span>
    </p>
   </div>
   <div class='ocr_carea' id='block_1_17' title="bbox 241 1896 1760 1980">
    <p class='ocr_par' dir='ltr' id='par_1_17' title="bbox 241 1896 1760 1980">
     <span class='ocr_line' id='line_1_17' title="bbox 241 1896 1760 1980; baseline 0.012 -31"><span class='ocrx_word' id='word_1_55' title='bbox 241 1896 337 1976; x_wconf 78' lang='lat' dir='ltr'><strong>sed</strong></span> <span class='ocrx_word' id='word_1_56' title='bbox 381 1896 463 1952; x_wconf 89' lang='lat' dir='ltr'><strong>ita</strong></span> <span class='ocrx_word' id='word_1_57' title='bbox 495 1911 557 1952; x_wconf 88' lang='lat' dir='ltr'><strong>se</strong></span> <span class='ocrx_word' id='word_1_58' title='bbox 593 1898 912 1980; x_wconf 66' lang='lat' dir='ltr'><strong>innocenter</strong></span> <span class='ocrx_word' id='word_1_59' title='bbox 945 1915 1132 1980; x_wconf 62' lang='lat' dir='ltr'><strong>gerere</strong></span> <span class='ocrx_word' id='word_1_60' title='bbox 1173 1896 1516 1980; x_wconf 28' lang='lat' dir='ltr'><strong>stn‘deatfut</strong></span> <span class='ocrx_word' id='word_1_61' title='bbox 1545 1924 1611 1980; x_wconf 81' lang='lat' dir='ltr'><strong>ex</strong></span> <span class='ocrx_word' id='word_1_62' title='bbox 1631 1896 1760 1980; x_wconf 57' lang='lat' dir='ltr'><strong>eius</strong></span> 
     </span>
    </p>
   </div>
   <div class='ocr_carea' id='block_1_18' title="bbox 243 1966 1757 2051">
    <p class='ocr_par' dir='ltr' id='par_1_18' title="bbox 243 1966 1757 2051">
     <span class='ocr_line' id='line_1_18' title="bbox 243 1966 1757 2051; baseline 0.013 -32"><span class='ocrx_word' id='word_1_63' title='bbox 243 1966 352 2020; x_wconf 84' lang='lat' dir='ltr'><strong>vita</strong></span> <span class='ocrx_word' id='word_1_64' title='bbox 369 1976 436 2047; x_wconf 77' lang='lat' dir='ltr'><strong>et</strong></span> <span class='ocrx_word' id='word_1_65' title='bbox 485 1968 730 2024; x_wconf 87' lang='lat' dir='ltr'><strong>moribus</strong></span> <span class='ocrx_word' id='word_1_66' title='bbox 751 1985 868 2051; x_wconf 72' lang='lat' dir='ltr'><strong>non</strong></span> <span class='ocrx_word' id='word_1_67' title='bbox 900 1966 1147 2051; x_wconf 78' lang='lat' dir='ltr'><strong>infamia,</strong></span> <span class='ocrx_word' id='word_1_68' title='bbox 1174 1975 1269 2051; x_wconf 79' lang='lat' dir='ltr'><strong>sed</strong></span> <span class='ocrx_word' id='word_1_69' title='bbox 1290 1974 1460 2046; x_wconf 78' lang='lat' dir='ltr'><strong>gloria</strong></span> <span class='ocrx_word' id='word_1_70' title='bbox 1489 1979 1556 2034; x_wconf 84' lang='lat' dir='ltr'><strong>ad</strong></span> <span class='ocrx_word' id='word_1_71' title='bbox 1582 1966 1757 2051; x_wconf 70' lang='lat' dir='ltr'><strong>ipsum</strong></span> 
     </span>
    </p>
   </div>
   <div class='ocr_carea' id='block_1_19' title="bbox 241 2037 1305 2107">
    <p class='ocr_par' dir='ltr' id='par_1_19' title="bbox 241 2037 1305 2107">
     <span class='ocr_line' id='line_1_19' title="bbox 241 2037 1305 2107; baseline 0.009 -18"><span class='ocrx_word' id='word_1_72' title='bbox 241 2037 565 2107; x_wconf 84' lang='lat' dir='ltr'><strong>magistrum</strong></span> <span class='ocrx_word' id='word_1_73' title='bbox 591 2038 997 2096; x_wconf 88' lang='lat' dir='ltr'><strong>sanctissimum</strong></span> <span class='ocrx_word' id='word_1_74' title='bbox 1025 2037 1305 2101; x_wconf 61' lang='lat' dir='ltr'><strong>redondctl</strong></span> 
     </span>
    </p>
   </div>
   <div class='ocr_carea' id='block_1_20' title="bbox 237 2143 1756 2235">
    <p class='ocr_par' dir='ltr' id='par_1_20' title="bbox 237 2143 1756 2235">
     <span class='ocr_line' id='line_1_20' title="bbox 237 2143 1756 2235; baseline 0.015 -34"><span class='ocrx_word' id='word_1_75' title='bbox 237 2143 450 2204; x_wconf 83' lang='lat' dir='ltr'><strong>Domno</strong></span> <span class='ocrx_word' id='word_1_76' title='bbox 501 2147 758 2208; x_wconf 77' lang='lat' dir='ltr'><strong>Ausaro</strong></span> <span class='ocrx_word' id='word_1_77' title='bbox 805 2151 1172 2227; x_wconf 82' lang='lat' dir='ltr'><strong>cpiscOpo.....</strong></span> <span class='ocrx_word' id='word_1_78' title='bbox 1232 2156 1453 2218; x_wconf 69' lang='lat' dir='ltr'><strong>Penus</strong></span> <span class='ocrx_word' id='word_1_79' title='bbox 1497 2174 1756 2235; x_wconf 81' lang='lat' dir='ltr'><strong>peccator</strong></span> 
     </span>
    </p>
   </div>
   <div class='ocr_carea' id='block_1_21' title="bbox 170 2239 593 2297">
    <p class='ocr_par' dir='ltr' id='par_1_21' title="bbox 170 2239 593 2297">
     <span class='ocr_line' id='line_1_21' title="bbox 170 2239 593 2297; baseline 0.009 -4"><span class='ocrx_word' id='word_1_80' title='bbox 170 2239 593 2297; x_wconf 84' lang='lat' dir='ltr'><strong>monachus.....</strong></span> 
     </span>
    </p>
   </div>
   <div class='ocr_carea' id='block_1_22' title="bbox 239 2327 1754 2404">
    <p class='ocr_par' dir='ltr' id='par_1_22' title="bbox 239 2327 1754 2404">
     <span class='ocr_line' id='line_1_22' title="bbox 239 2327 1754 2404; baseline 0.013 -19"><span class='ocrx_word' id='word_1_81' title='bbox 239 2327 447 2387; x_wconf 80' lang='lat' dir='ltr'><strong>Precor</strong></span> <span class='ocrx_word' id='word_1_82' title='bbox 472 2333 869 2404; x_wconf 77' lang='lat' dir='ltr'><strong>experientiam</strong></span> <span class='ocrx_word' id='word_1_83' title='bbox 911 2343 1083 2404; x_wconf 88' lang='lat' dir='ltr'><strong>tuam,</strong></span> <span class='ocrx_word' id='word_1_84' title='bbox 1109 2343 1436 2400; x_wconf 82' lang='lat' dir='ltr'><strong>venerabilis</strong></span> <span class='ocrx_word' id='word_1_85' title='bbox 1465 2343 1636 2402; x_wconf 78' lang='lat' dir='ltr'><strong>frater</strong></span> <span class='ocrx_word' id='word_1_86' title='bbox 1659 2345 1754 2403; x_wconf 79' lang='lat' dir='ltr'><strong>Al-</strong></span> 
     </span>
    </p>
   </div>
   <div class='ocr_carea' id='block_1_23' title="bbox 169 2417 1755 2509">
    <p class='ocr_par' dir='ltr' id='par_1_23' title="bbox 169 2417 1755 2509">
     <span class='ocr_line' id='line_1_23' title="bbox 169 2417 1755 2509; baseline 0.013 -34"><span class='ocrx_word' id='word_1_87' title='bbox 169 2417 340 2486; x_wconf 86' lang='lat' dir='ltr'><strong>bertc,</strong></span> <span class='ocrx_word' id='word_1_88' title='bbox 385 2430 444 2477; x_wconf 93' lang='lat' dir='ltr'><strong>et</strong></span> <span class='ocrx_word' id='word_1_89' title='bbox 486 2423 707 2493; x_wconf 87' lang='lat' dir='ltr'><strong>paterni</strong></span> <span class='ocrx_word' id='word_1_90' title='bbox 751 2425 956 2497; x_wconf 78' lang='lat' dir='ltr'><strong>vigoris</strong></span> <span class='ocrx_word' id='word_1_91' title='bbox 1005 2431 1330 2490; x_wconf 84' lang='lat' dir='ltr'><strong>auctoritate</strong></span> <span class='ocrx_word' id='word_1_92' title='bbox 1373 2438 1645 2509; x_wconf 68' lang='lat' dir='ltr'><strong>praecipio,</strong></span> <span class='ocrx_word' id='word_1_93' title='bbox 1693 2449 1755 2496; x_wconf 90' lang='lat' dir='ltr'><strong>ut</strong></span> 
     </span>
    </p>
   </div>
   <div class='ocr_carea' id='block_1_24' title="bbox 168 2514 1750 2600">
    <p class='ocr_par' dir='ltr' id='par_1_24' title="bbox 168 2514 1750 2600">
     <span class='ocr_line' id='line_1_24' title="bbox 168 2514 1750 2600; baseline 0.015 -33"><span class='ocrx_word' id='word_1_94' title='bbox 168 2527 272 2568; x_wconf 90' lang='lat' dir='ltr'><strong>non</strong></span> <span class='ocrx_word' id='word_1_95' title='bbox 311 2514 452 2571; x_wconf 88' lang='lat' dir='ltr'><strong>adeo</strong></span> <span class='ocrx_word' id='word_1_96' title='bbox 490 2516 653 2573; x_wconf 86' lang='lat' dir='ltr'><strong>rebus</strong></span> <span class='ocrx_word' id='word_1_97' title='bbox 693 2519 1079 2590; x_wconf 86' lang='lat' dir='ltr'><strong>temporalibus</strong></span> <span class='ocrx_word' id='word_1_98' title='bbox 1114 2525 1186 2580; x_wconf 87' lang='lat' dir='ltr'><strong>sit</strong></span> <span class='ocrx_word' id='word_1_99' title='bbox 1227 2525 1432 2584; x_wconf 91' lang='lat' dir='ltr'><strong>intenta</strong></span> <span class='ocrx_word' id='word_1_100' title='bbox 1461 2533 1750 2600; x_wconf 87' lang='lat' dir='ltr'><strong>quominus</strong></span> 
     </span>
    </p>
   </div>
   <div class='ocr_carea' id='block_1_25' title="bbox 166 2605 1906 2722">
    <p class='ocr_par' dir='ltr' id='par_1_25' title="bbox 166 2605 1906 2722">
     <span class='ocr_line' id='line_1_25' title="bbox 166 2605 1906 2722; baseline 0.014 -64"><span class='ocrx_word' id='word_1_101' title='bbox 166 2605 396 2662; x_wconf 78' lang='lat' dir='ltr'><strong>sufﬁciat</strong></span> <span class='ocrx_word' id='word_1_102' title='bbox 440 2607 497 2664; x_wconf 92' lang='lat' dir='ltr'><strong>in</strong></span> <span class='ocrx_word' id='word_1_103' title='bbox 532 2609 868 2679; x_wconf 86' lang='lat' dir='ltr'><strong>animarum,</strong></span> <span class='ocrx_word' id='word_1_104' title='bbox 895 2629 1016 2686; x_wconf 71' lang='lat' dir='ltr'><strong>qnze</strong></span> <span class='ocrx_word' id='word_1_105' title='bbox 1044 2617 1201 2674; x_wconf 90' lang='lat' dir='ltr'><strong>nobis</strong></span> <span class='ocrx_word' id='word_1_106' title='bbox 1246 2623 1548 2680; x_wconf 72' lang='lat' dir='ltr'><strong>commissa:</strong></span> <span class='ocrx_word' id='word_1_107' title='bbox 1598 2636 1744 2694; x_wconf 90' lang='lat' dir='ltr'><strong>sunt,</strong></span> <span class='ocrx_word' id='word_1_108' title='bbox 1775 2661 1824 2722; x_wconf 76' lang='grc' dir='ltr'><strong>Β</strong></span> <span class='ocrx_word' id='word_1_109' title='bbox 1853 2666 1906 2722; x_wconf 65' lang='lat' dir='ltr'><strong>in</strong></span> 
     </span>
     <span class='ocr_line' id='line_1_26' title="bbox 167 2695 1316 2722; baseline 0 0"><span class='ocrx_word' id='word_1_110' title='bbox 167 2695 389 2722; x_wconf 67' lang='grc' dir='ltr'><strong>..ξ-21---</strong></span> <span class='ocrx_word' id='word_1_111' title='bbox 428 2701 663 2722; x_wconf 71' lang='lat' dir='ltr'><strong>----.-_I!-</strong></span> <span class='ocrx_word' id='word_1_112' title='bbox 739 2703 839 2722; x_wconf 70' lang='grc' dir='ltr'><strong>ιτ-ι</strong></span> <span class='ocrx_word' id='word_1_113' title='bbox 863 2706 876 2718; x_wconf 77' lang='grc' dir='ltr'><strong><em>ο</em></strong></span> <span class='ocrx_word' id='word_1_114' title='bbox 963 2708 976 2720; x_wconf 74' lang='grc' dir='ltr'><strong>ο</strong></span> <span class='ocrx_word' id='word_1_115' title='bbox 1303 2714 1316 2722; x_wconf 92' lang='grc'>.</span> 
     </span>
    </p>
   </div>
   <div class='ocr_carea' id='block_1_26' title="bbox 167 2695 1750 2779">
    <p class='ocr_par' dir='ltr' id='par_1_26' title="bbox 167 2695 1750 2779">
     <span class='ocr_line' id='line_1_27' title="bbox 167 2695 1750 2779; baseline 0.017 -29"><span class='ocrx_word' id='word_1_116' title='bbox 167 2695 392 2767; x_wconf 80' lang='lat' dir='ltr'><strong>vigilare</strong></span> <span class='ocrx_word' id='word_1_117' title='bbox 423 2701 692 2758; x_wconf 86' lang='lat' dir='ltr'><strong>custodia.</strong></span> <span class='ocrx_word' id='word_1_118' title='bbox 731 2703 927 2773; x_wconf 74' lang='lat' dir='ltr'><strong>Nobis,</strong></span> <span class='ocrx_word' id='word_1_119' title='bbox 961 2708 1202 2779; x_wconf 86' lang='lat' dir='ltr'><strong>inquam,</strong></span> <span class='ocrx_word' id='word_1_120' title='bbox 1229 2714 1424 2770; x_wconf 72' lang='lat' dir='ltr'><strong>animae</strong></span> <span class='ocrx_word' id='word_1_121' title='bbox 1448 2727 1576 2773; x_wconf 88' lang='lat' dir='ltr'><strong>sunt</strong></span> <span class='ocrx_word' id='word_1_122' title='bbox 1605 2734 1750 2776; x_wconf 77' lang='lat' dir='ltr'><strong>corn-</strong></span> 
     </span>
    </p>
   </div>
   <div class='ocr_carea' id='block_1_27' title="bbox 163 2786 1749 2866">
    <p class='ocr_par' dir='ltr' id='par_1_27' title="bbox 163 2786 1749 2866">
     <span class='ocr_line' id='line_1_28' title="bbox 163 2786 1749 2866; baseline 0.015 -23"><span class='ocrx_word' id='word_1_123' title='bbox 163 2786 362 2853; x_wconf 65' lang='lat' dir='ltr'><strong>missm,</strong></span> <span class='ocrx_word' id='word_1_124' title='bbox 393 2804 516 2860; x_wconf 64' lang='lat' dir='ltr'><strong>qua</strong></span> <span class='ocrx_word' id='word_1_125' title='bbox 539 2791 682 2849; x_wconf 80' lang='lat' dir='ltr'><strong>sicut</strong></span> <span class='ocrx_word' id='word_1_126' title='bbox 708 2808 740 2849; x_wconf 88' lang='lat' dir='ltr'><strong>a</strong></span> <span class='ocrx_word' id='word_1_127' title='bbox 761 2794 874 2852; x_wconf 89' lang='lat' dir='ltr'><strong>Deo</strong></span> <span class='ocrx_word' id='word_1_128' title='bbox 897 2798 1052 2865; x_wconf 89' lang='lat' dir='ltr'><strong>mihi,</strong></span> <span class='ocrx_word' id='word_1_129' title='bbox 1081 2800 1163 2856; x_wconf 84' lang='lat' dir='ltr'><strong>sic</strong></span> <span class='ocrx_word' id='word_1_130' title='bbox 1191 2817 1222 2857; x_wconf 90' lang='lat' dir='ltr'><strong>a</strong></span> <span class='ocrx_word' id='word_1_131' title='bbox 1245 2817 1334 2859; x_wconf 90' lang='lat' dir='ltr'><strong>me</strong></span> <span class='ocrx_word' id='word_1_132' title='bbox 1356 2809 1749 2866; x_wconf 77' lang='lat' dir='ltr'><strong>commendata:</strong></span> 
     </span>
    </p>
   </div>
   <div class='ocr_carea' id='block_1_28' title="bbox 160 2878 1749 2969">
    <p class='ocr_par' dir='ltr' id='par_1_28' title="bbox 160 2878 1749 2969">
     <span class='ocr_line' id='line_1_29' title="bbox 160 2878 1749 2969; baseline 0.016 -39"><span class='ocrx_word' id='word_1_133' title='bbox 160 2887 288 2931; x_wconf 84' lang='lat' dir='ltr'><strong>sunt</strong></span> <span class='ocrx_word' id='word_1_134' title='bbox 313 2878 444 2945; x_wconf 84' lang='lat' dir='ltr'><strong>tibi;</strong></span> <span class='ocrx_word' id='word_1_135' title='bbox 476 2881 590 2938; x_wconf 91' lang='lat' dir='ltr'><strong>Deo</strong></span> <span class='ocrx_word' id='word_1_136' title='bbox 615 2891 796 2942; x_wconf 88' lang='lat' dir='ltr'><strong>tamen</strong></span> <span class='ocrx_word' id='word_1_137' title='bbox 840 2887 943 2943; x_wconf 90' lang='lat' dir='ltr'><strong>soli</strong></span> <span class='ocrx_word' id='word_1_138' title='bbox 989 2889 1254 2948; x_wconf 90' lang='lat' dir='ltr'><strong>rationem</strong></span> <span class='ocrx_word' id='word_1_139' title='bbox 1294 2909 1482 2953; x_wconf 89' lang='lat' dir='ltr'><strong>sumus</strong></span> <span class='ocrx_word' id='word_1_140' title='bbox 1521 2906 1749 2969; x_wconf 85' lang='lat' dir='ltr'><strong>uterque</strong></span> 
     </span>
    </p>
   </div>
   <div class='ocr_carea' id='block_1_29' title="bbox 163 2969 1744 3056">
    <p class='ocr_par' dir='ltr' id='par_1_29' title="bbox 163 2969 1744 3056">
     <span class='ocr_line' id='line_1_30' title="bbox 163 2969 1744 3056; baseline 0.016 -32"><span class='ocrx_word' id='word_1_141' title='bbox 163 2969 350 3037; x_wconf 87' lang='lat' dir='ltr'><strong>procul</strong></span> <span class='ocrx_word' id='word_1_142' title='bbox 381 2973 546 3030; x_wconf 90' lang='lat' dir='ltr'><strong>dubio</strong></span> <span class='ocrx_word' id='word_1_143' title='bbox 574 2975 859 3034; x_wconf 89' lang='lat' dir='ltr'><strong>reddituri.</strong></span> <span class='ocrx_word' id='word_1_144' title='bbox 891 2979 1120 3038; x_wconf 86' lang='lat' dir='ltr'><strong>Studeat</strong></span> <span class='ocrx_word' id='word_1_145' title='bbox 1146 2999 1278 3056; x_wconf 86' lang='lat' dir='ltr'><strong>ergo</strong></span> <span class='ocrx_word' id='word_1_146' title='bbox 1307 2985 1624 3048; x_wconf 79' lang='lat' dir='ltr'><strong>fraternitas</strong></span> <span class='ocrx_word' id='word_1_147' title='bbox 1653 3002 1744 3050; x_wconf 87' lang='lat' dir='ltr'><strong>tua</strong></span> 
     </span>
    </p>
   </div>
   <div class='ocr_carea' id='block_1_30' title="bbox 165 3060 1744 3138">
    <p class='ocr_par' dir='ltr' id='par_1_30' title="bbox 165 3060 1744 3138">
     <span class='ocr_line' id='line_1_31' title="bbox 165 3060 1744 3138; baseline 0.016 -26"><span class='ocrx_word' id='word_1_148' title='bbox 165 3068 217 3113; x_wconf 88' lang='lat' dir='ltr'><strong>et</strong></span> <span class='ocrx_word' id='word_1_149' title='bbox 240 3060 548 3132; x_wconf 77' lang='lat' dir='ltr'><strong>religiosam</strong></span> <span class='ocrx_word' id='word_1_150' title='bbox 574 3065 771 3124; x_wconf 90' lang='lat' dir='ltr'><strong>ducere</strong></span> <span class='ocrx_word' id='word_1_151' title='bbox 799 3069 997 3138; x_wconf 85' lang='lat' dir='ltr'><strong>vitam,</strong></span> <span class='ocrx_word' id='word_1_152' title='bbox 1026 3081 1083 3130; x_wconf 92' lang='lat' dir='ltr'><strong>et</strong></span> <span class='ocrx_word' id='word_1_153' title='bbox 1107 3075 1392 3134; x_wconf 83' lang='lat' dir='ltr'><strong>honestam</strong></span> <span class='ocrx_word' id='word_1_154' title='bbox 1423 3079 1626 3138; x_wconf 84' lang='lat' dir='ltr'><strong>habere</strong></span> <span class='ocrx_word' id='word_1_155' title='bbox 1662 3083 1744 3138; x_wconf 71' lang='lat' dir='ltr'><strong>fa.</strong></span> 
     </span>
    </p>
   </div>
   <div class='ocr_carea' id='block_1_31' title="bbox 164 3151 1741 3236">
    <p class='ocr_par' dir='ltr' id='par_1_31' title="bbox 164 3151 1741 3236">
     <span class='ocr_line' id='line_1_32' title="bbox 164 3151 1741 3236; baseline 0.018 -33"><span class='ocrx_word' id='word_1_156' title='bbox 164 3164 324 3206; x_wconf 87' lang='lat' dir='ltr'><strong>mam.</strong></span> <span class='ocrx_word' id='word_1_157' title='bbox 362 3151 543 3210; x_wconf 77' lang='lat' dir='ltr'><strong>Vitam</strong></span> <span class='ocrx_word' id='word_1_158' title='bbox 567 3172 669 3226; x_wconf 91' lang='lat' dir='ltr'><strong>pro</strong></span> <span class='ocrx_word' id='word_1_159' title='bbox 709 3165 784 3226; x_wconf 86' lang='lat' dir='ltr'><strong>te,</strong></span> <span class='ocrx_word' id='word_1_160' title='bbox 821 3158 1022 3217; x_wconf 83' lang='lat' dir='ltr'><strong>famam</strong></span> <span class='ocrx_word' id='word_1_161' title='bbox 1047 3179 1148 3234; x_wconf 90' lang='lat' dir='ltr'><strong>pro</strong></span> <span class='ocrx_word' id='word_1_162' title='bbox 1179 3174 1229 3221; x_wconf 91' lang='lat' dir='ltr'><strong>te</strong></span> <span class='ocrx_word' id='word_1_163' title='bbox 1256 3175 1311 3222; x_wconf 88' lang='lat' dir='ltr'><strong>et</strong></span> <span class='ocrx_word' id='word_1_164' title='bbox 1346 3183 1465 3236; x_wconf 90' lang='lat' dir='ltr'><strong>me;</strong></span> <span class='ocrx_word' id='word_1_165' title='bbox 1497 3170 1606 3228; x_wconf 80' lang='lat' dir='ltr'><strong>imo</strong></span> <span class='ocrx_word' id='word_1_166' title='bbox 1632 3190 1741 3231; x_wconf 91' lang='lat' dir='ltr'><strong>non</strong></span> 
     </span>
    </p>
   </div>
   <div class='ocr_carea' id='block_1_32' title="bbox 165 3244 1740 3328">
    <p class='ocr_par' dir='ltr' id='par_1_32' title="bbox 165 3244 1740 3328">
     <span class='ocr_line' id='line_1_33' title="bbox 165 3244 1740 3328; baseline 0.018 -36"><span class='ocrx_word' id='word_1_167' title='bbox 165 3245 269 3294; x_wconf 88' lang='lat' dir='ltr'><strong>tam</strong></span> <span class='ocrx_word' id='word_1_168' title='bbox 317 3255 419 3310; x_wconf 87' lang='lat' dir='ltr'><strong>pro</strong></span> <span class='ocrx_word' id='word_1_169' title='bbox 466 3244 626 3300; x_wconf 87' lang='lat' dir='ltr'><strong>nobis</strong></span> <span class='ocrx_word' id='word_1_170' title='bbox 665 3262 831 3317; x_wconf 86' lang='lat' dir='ltr'><strong>quam</strong></span> <span class='ocrx_word' id='word_1_171' title='bbox 872 3266 974 3322; x_wconf 92' lang='lat' dir='ltr'><strong>pro</strong></span> <span class='ocrx_word' id='word_1_172' title='bbox 1002 3252 1089 3309; x_wconf 85' lang='lat' dir='ltr'><strong>his</strong></span> <span class='ocrx_word' id='word_1_173' title='bbox 1133 3255 1299 3312; x_wconf 88' lang='lat' dir='ltr'><strong>etiam</strong></span> <span class='ocrx_word' id='word_1_174' title='bbox 1329 3258 1422 3328; x_wconf 90' lang='lat' dir='ltr'><strong>qui</strong></span> <span class='ocrx_word' id='word_1_175' title='bbox 1463 3264 1740 3321; x_wconf 85' lang='lat' dir='ltr'><strong>commissi</strong></span> 
     </span>
    </p>
   </div>
   <div class='ocr_carea' id='block_1_33' title="bbox 163 3333 1736 3419">
    <p class='ocr_par' dir='ltr' id='par_1_33' title="bbox 163 3333 1736 3419">
     <span class='ocr_line' id='line_1_34' title="bbox 163 3333 1736 3419; baseline 0.017 -34"><span class='ocrx_word' id='word_1_176' title='bbox 163 3341 286 3387; x_wconf 75' lang='lat' dir='ltr'><strong>sunt</strong></span> <span class='ocrx_word' id='word_1_177' title='bbox 317 3333 496 3389; x_wconf 90' lang='lat' dir='ltr'><strong>nobis.</strong></span> <span class='ocrx_word' id='word_1_178' title='bbox 547 3334 684 3393; x_wconf 83' lang='lat' dir='ltr'><strong>Nam</strong></span> <span class='ocrx_word' id='word_1_179' title='bbox 711 3338 758 3394; x_wconf 88' lang='lat' dir='ltr'><strong>si</strong></span> <span class='ocrx_word' id='word_1_180' title='bbox 789 3355 989 3400; x_wconf 85' lang='lat' dir='ltr'><strong>nomen</strong></span> <span class='ocrx_word' id='word_1_181' title='bbox 1022 3351 1194 3413; x_wconf 89' lang='lat' dir='ltr'><strong>tuum,</strong></span> <span class='ocrx_word' id='word_1_182' title='bbox 1231 3349 1374 3418; x_wconf 85' lang='lat' dir='ltr'><strong>quod</strong></span> <span class='ocrx_word' id='word_1_183' title='bbox 1401 3351 1579 3419; x_wconf 67' lang='lat' dir='ltr'><strong>absit.</strong></span> <span class='ocrx_word' id='word_1_184' title='bbox 1591 3353 1736 3412; x_wconf 60' lang='lat' dir='ltr'><strong>forda</strong></span> 
     </span>
    </p>
   </div>
   <div class='ocr_carea' id='block_1_34' title="bbox 161 3420 1740 3517">
    <p class='ocr_par' dir='ltr' id='par_1_34' title="bbox 161 3420 1740 3517">
     <span class='ocr_line' id='line_1_35' title="bbox 161 3420 1740 3517; baseline 0.017 -41"><span class='ocrx_word' id='word_1_185' title='bbox 161 3420 368 3480; x_wconf 76' lang='lat' dir='ltr'><strong>laboret</strong></span> <span class='ocrx_word' id='word_1_186' title='bbox 406 3424 649 3495; x_wconf 79' lang='lat' dir='ltr'><strong>infamia,</strong></span> <span class='ocrx_word' id='word_1_187' title='bbox 680 3438 736 3484; x_wconf 89' lang='lat' dir='ltr'><strong>et</strong></span> <span class='ocrx_word' id='word_1_188' title='bbox 765 3430 822 3486; x_wconf 92' lang='lat' dir='ltr'><strong>in</strong></span> <span class='ocrx_word' id='word_1_189' title='bbox 851 3447 1030 3490; x_wconf 89' lang='lat' dir='ltr'><strong>meum</strong></span> <span class='ocrx_word' id='word_1_190' title='bbox 1058 3437 1306 3507; x_wconf 89' lang='lat' dir='ltr'><strong>protinus</strong></span> <span class='ocrx_word' id='word_1_191' title='bbox 1334 3441 1602 3500; x_wconf 89' lang='lat' dir='ltr'><strong>redundat</strong></span> <span class='ocrx_word' id='word_1_192' title='bbox 1641 3461 1740 3517; x_wconf 82' lang='lat' dir='ltr'><strong>op-</strong></span> 
     </span>
    </p>
   </div>
   <div class='ocr_carea' id='block_1_35' title="bbox 160 3514 1735 3596">
    <p class='ocr_par' dir='ltr' id='par_1_35' title="bbox 160 3514 1735 3596">
     <span class='ocr_line' id='line_1_36' title="bbox 160 3514 1735 3596; baseline 0.018 -28"><span class='ocrx_word' id='word_1_193' title='bbox 160 3514 460 3586; x_wconf 85' lang='lat' dir='ltr'><strong>probrium,</strong></span> <span class='ocrx_word' id='word_1_194' title='bbox 488 3528 544 3574; x_wconf 92' lang='lat' dir='ltr'><strong>et</strong></span> <span class='ocrx_word' id='word_1_195' title='bbox 566 3520 671 3589; x_wconf 88' lang='lat' dir='ltr'><strong>his,</strong></span> <span class='ocrx_word' id='word_1_196' title='bbox 701 3537 839 3592; x_wconf 80' lang='lat' dir='ltr'><strong>quos</strong></span> <span class='ocrx_word' id='word_1_197' title='bbox 865 3526 931 3580; x_wconf 92' lang='lat' dir='ltr'><strong>ad</strong></span> <span class='ocrx_word' id='word_1_198' title='bbox 961 3527 1188 3587; x_wconf 86' lang='lat' dir='ltr'><strong>virtutes</strong></span> <span class='ocrx_word' id='word_1_199' title='bbox 1216 3531 1511 3593; x_wconf 84' lang='lat' dir='ltr'><strong>informare</strong></span> <span class='ocrx_word' id='word_1_200' title='bbox 1533 3514 1735 3596; x_wconf 57' lang='lat' dir='ltr'><strong>studui.</strong></span> 
     </span>
    </p>
   </div>
   <div class='ocr_carea' id='block_1_36' title="bbox 157 3608 1731 3700">
    <p class='ocr_par' dir='ltr' id='par_1_36' title="bbox 157 3608 1731 3700">
     <span class='ocr_line' id='line_1_37' title="bbox 157 3608 1731 3700; baseline 0.017 -41"><span class='ocrx_word' id='word_1_201' title='bbox 157 3621 303 3673; x_wconf 84' lang='lat' dir='ltr'><strong>mus,</strong></span> <span class='ocrx_word' id='word_1_202' title='bbox 327 3608 469 3664; x_wconf 80' lang='lat' dir='ltr'><strong>velut</strong></span> <span class='ocrx_word' id='word_1_203' title='bbox 501 3626 699 3670; x_wconf 86' lang='lat' dir='ltr'><strong>cancer</strong></span> <span class='ocrx_word' id='word_1_204' title='bbox 728 3617 1029 3685; x_wconf 90' lang='lat' dir='ltr'><strong>perniciose</strong></span> <span class='ocrx_word' id='word_1_205' title='bbox 1057 3622 1284 3692; x_wconf 88' lang='lat' dir='ltr'><strong>pullulat</strong></span> <span class='ocrx_word' id='word_1_206' title='bbox 1315 3625 1366 3682; x_wconf 92' lang='lat' dir='ltr'><strong>in</strong></span> <span class='ocrx_word' id='word_1_207' title='bbox 1403 3631 1731 3700; x_wconf 82' lang='lat' dir='ltr'><strong>exemplum.</strong></span> 
     </span>
    </p>
   </div>
   <div class='ocr_carea' id='block_1_37' title="bbox 159 3695 1733 3781">
    <p class='ocr_par' dir='ltr' id='par_1_37' title="bbox 159 3695 1733 3781">
     <span class='ocr_line' id='line_1_38' title="bbox 159 3695 1733 3781; baseline 0.018 -28"><span class='ocrx_word' id='word_1_208' title='bbox 159 3695 310 3754; x_wconf 84' lang='lat' dir='ltr'><strong>Unde</strong></span> <span class='ocrx_word' id='word_1_209' title='bbox 333 3700 528 3759; x_wconf 88' lang='lat' dir='ltr'><strong>Petrus</strong></span> <span class='ocrx_word' id='word_1_210' title='bbox 555 3714 842 3778; x_wconf 83' lang='lat' dir='ltr'><strong>postquam</strong></span> <span class='ocrx_word' id='word_1_211' title='bbox 885 3715 1146 3781; x_wconf 68' lang='lat' dir='ltr'><strong>praemisit</strong></span> <span class='ocrx_word' id='word_1_212' title='bbox 1178 3717 1406 3776; x_wconf 90' lang='lat' dir='ltr'><strong>dicens:</strong></span> <span class='ocrx_word' id='word_1_213' title='bbox 1441 3740 1459 3774; x_wconf 77' lang='grc' dir='ltr'><strong>ι</strong></span> <span class='ocrx_word' id='word_1_214' title='bbox 1493 3695 1733 3781; x_wconf 78' lang='lat' dir='ltr'><strong>Conver-</strong></span> 
     </span>
    </p>
   </div>
   <div class='ocr_carea' id='block_1_38' title="bbox 159 3793 1735 3883">
    <p class='ocr_par' dir='ltr' id='par_1_38' title="bbox 159 3793 1735 3883">
     <span class='ocr_line' id='line_1_39' title="bbox 159 3793 1735 3883; baseline 0.018 -37"><span class='ocrx_word' id='word_1_215' title='bbox 159 3793 417 3848; x_wconf 75' lang='lat' dir='ltr'><strong>tationem</strong></span> <span class='ocrx_word' id='word_1_216' title='bbox 450 3806 688 3854; x_wconf 79' lang='lat' dir='ltr'><strong>vestram</strong></span> <span class='ocrx_word' id='word_1_217' title='bbox 731 3799 877 3858; x_wconf 89' lang='lat' dir='ltr'><strong>inter</strong></span> <span class='ocrx_word' id='word_1_218' title='bbox 904 3813 1091 3873; x_wconf 84' lang='lat' dir='ltr'><strong>gentes</strong></span> <span class='ocrx_word' id='word_1_219' title='bbox 1128 3808 1392 3868; x_wconf 89' lang='lat' dir='ltr'><strong>habentes</strong></span> <span class='ocrx_word' id='word_1_220' title='bbox 1424 3813 1641 3883; x_wconf 89' lang='lat' dir='ltr'><strong>bonam,</strong></span> <span class='ocrx_word' id='word_1_221' title='bbox 1673 3827 1735 3875; x_wconf 88' lang='lat' dir='ltr'><strong>ut</strong></span> 
     </span>
    </p>
   </div>
   <div class='ocr_carea' id='block_1_39' title="bbox 158 3881 1734 3971">
    <p class='ocr_par' dir='ltr' id='par_1_39' title="bbox 158 3881 1734 3971">
     <span class='ocr_line' id='line_1_40' title="bbox 158 3881 1734 3971; baseline 0.019 -35"><span class='ocrx_word' id='word_1_222' title='bbox 158 3881 208 3936; x_wconf 94' lang='lat' dir='ltr'><strong>in</strong></span> <span class='ocrx_word' id='word_1_223' title='bbox 237 3898 326 3949; x_wconf 91' lang='lat' dir='ltr'><strong>eo,</strong></span> <span class='ocrx_word' id='word_1_224' title='bbox 353 3887 500 3955; x_wconf 88' lang='lat' dir='ltr'><strong>quod</strong></span> <span class='ocrx_word' id='word_1_225' title='bbox 525 3887 829 3947; x_wconf 86' lang='lat' dir='ltr'><strong>detrectant</strong></span> <span class='ocrx_word' id='word_1_226' title='bbox 859 3893 928 3950; x_wconf 93' lang='lat' dir='ltr'><strong>de</strong></span> <span class='ocrx_word' id='word_1_227' title='bbox 953 3897 1104 3953; x_wconf 84' lang='lat' dir='ltr'><strong>vobis</strong></span> <span class='ocrx_word' id='word_1_228' title='bbox 1138 3906 1392 3971; x_wconf 86' lang='lat' dir='ltr'><strong>tanquam</strong></span> <span class='ocrx_word' id='word_1_229' title='bbox 1419 3905 1484 3960; x_wconf 91' lang='lat' dir='ltr'><strong>de</strong></span> <span class='ocrx_word' id='word_1_230' title='bbox 1511 3881 1734 3965; x_wconf 83' lang='lat' dir='ltr'><strong>malefa-</strong></span> 
     </span>
    </p>
   </div>
   <div class='ocr_carea' id='block_1_40' title="bbox 152 3974 1806 4093">
    <p class='ocr_par' dir='ltr' id='par_1_40' title="bbox 152 3974 1806 4093">
     <span class='ocr_line' id='line_1_41' title="bbox 152 3974 1806 4093; baseline 0.018 -68"><span class='ocrx_word' id='word_1_231' title='bbox 152 3974 392 4030; x_wconf 86' lang='lat' dir='ltr'><strong>ctoribus</strong></span> <span class='ocrx_word' id='word_1_232' title='bbox 408 4015 425 4042; x_wconf 94' lang='lat'><strong>,</strong></span> <span class='ocrx_word' id='word_1_233' title='bbox 453 3990 521 4031; x_wconf 81' lang='lat' dir='ltr'><strong>ex</strong></span> <span class='ocrx_word' id='word_1_234' title='bbox 542 3977 702 4035; x_wconf 89' lang='lat' dir='ltr'><strong>bonis</strong></span> <span class='ocrx_word' id='word_1_235' title='bbox 720 3982 974 4052; x_wconf 87' lang='lat' dir='ltr'><strong>operibus</strong></span> <span class='ocrx_word' id='word_1_236' title='bbox 1001 4001 1098 4042; x_wconf 89' lang='lat' dir='ltr'><strong>vos</strong></span> <span class='ocrx_word' id='word_1_237' title='bbox 1118 3991 1543 4063; x_wconf 89' lang='lat' dir='ltr'><strong>considerantes,</strong></span> <span class='ocrx_word' id='word_1_238' title='bbox 1565 3997 1729 4067; x_wconf 85' lang='lat' dir='ltr'><strong>glori-</strong></span> <span class='ocrx_word' id='word_1_239' title='bbox 1758 4026 1806 4093; x_wconf 66' lang='grc' dir='ltr'><strong>ο</strong></span> 
     </span>
     <span class='ocr_line' id='line_1_42' title="bbox 157 4061 1688 4093; baseline 0 0"><span class='ocrx_word' id='word_1_240' title='bbox 157 4061 310 4093; x_wconf 64' lang='lat' dir='ltr'><strong>Ihm...</strong></span> <span class='ocrx_word' id='word_1_241' title='bbox 346 4065 512 4093; x_wconf 60' lang='lat' dir='ltr'><strong>nm...</strong></span> <span class='ocrx_word' id='word_1_242' title='bbox 549 4069 599 4093; x_wconf 71' lang='grc' dir='ltr'><strong>ξ..</strong></span> <span class='ocrx_word' id='word_1_243' title='bbox 631 4069 712 4093; x_wconf 67' lang='grc' dir='ltr'><strong>Δε-</strong></span> <span class='ocrx_word' id='word_1_244' title='bbox 752 4072 982 4093; x_wconf 70' lang='lat'><strong>--2_2._.-_</strong></span> <span class='ocrx_word' id='word_1_245' title='bbox 1033 4078 1045 4090; x_wconf 79' lang='grc' dir='ltr'><strong>ο</strong></span> <span class='ocrx_word' id='word_1_246' title='bbox 1104 4079 1153 4093; x_wconf 78' lang='grc' dir='ltr'><strong>ι.</strong></span> <span class='ocrx_word' id='word_1_247' title='bbox 1196 4079 1231 4093; x_wconf 69' lang='grc' dir='ltr'>η</span> <span class='ocrx_word' id='word_1_248' title='bbox 1274 4092 1277 4093; x_wconf 66' lang='lat'>,</span> <span class='ocrx_word' id='word_1_249' title='bbox 1429 4085 1440 4093; x_wconf 84' lang='lat'><strong>.</strong></span> <span class='ocrx_word' id='word_1_250' title='bbox 1680 4091 1688 4093; x_wconf 95' lang='lat'><em>_</em></span> 
     </span>
    </p>
   </div>
   <div class='ocr_carea' id='block_1_41' title="bbox 155 4061 1729 4160">
    <p class='ocr_par' dir='ltr' id='par_1_41' title="bbox 155 4061 1729 4160">
     <span class='ocr_line' id='line_1_43' title="bbox 155 4061 1729 4160; baseline 0.019 -43"><span class='ocrx_word' id='word_1_251' title='bbox 155 4061 316 4119; x_wconf 70' lang='lat' dir='ltr'><strong>licent</strong></span> <span class='ocrx_word' id='word_1_252' title='bbox 345 4065 515 4122; x_wconf 88' lang='lat' dir='ltr'><strong>Deum</strong></span> <span class='ocrx_word' id='word_1_253' title='bbox 547 4069 602 4124; x_wconf 89' lang='lat' dir='ltr'><strong>in</strong></span> <span class='ocrx_word' id='word_1_254' title='bbox 627 4069 716 4126; x_wconf 89' lang='lat' dir='ltr'><strong>die</strong></span> <span class='ocrx_word' id='word_1_255' title='bbox 752 4072 1078 4134; x_wconf 90' lang='lat' dir='ltr'><strong>visitationis</strong></span> <span class='ocrx_word' id='word_1_256' title='bbox 1099 4079 1153 4150; x_wconf 94' lang='lat' dir='ltr'><strong>(I</strong></span> <span class='ocrx_word' id='word_1_257' title='bbox 1184 4079 1336 4143; x_wconf 68' lang='lat' dir='ltr'><strong>Patr.</strong></span> <span class='ocrx_word' id='word_1_258' title='bbox 1364 4085 1478 4158; x_wconf 81' lang='lat' dir='ltr'><strong>In);</strong></span> <span class='ocrx_word' id='word_1_259' title='bbox 1568 4061 1729 4160; x_wconf 77' lang='lat' dir='ltr'><strong>paulo</strong></span> 
     </span>
    </p>
   </div>
   <div class='ocr_carea' id='block_1_42' title="bbox 151 4155 1727 4240">
    <p class='ocr_par' dir='ltr' id='par_1_42' title="bbox 151 4155 1727 4240">
     <span class='ocr_line' id='line_1_44' title="bbox 151 4155 1727 4240; baseline 0.022 -34"><span class='ocrx_word' id='word_1_260' title='bbox 151 4164 272 4223; x_wconf 86' lang='lat' dir='ltr'><strong>post</strong></span> <span class='ocrx_word' id='word_1_261' title='bbox 302 4155 550 4212; x_wconf 87' lang='lat' dir='ltr'><strong>addidit:</strong></span> <span class='ocrx_word' id='word_1_262' title='bbox 587 4178 607 4212; x_wconf 72' lang='grc' dir='ltr'><strong>ι</strong></span> <span class='ocrx_word' id='word_1_263' title='bbox 636 4159 770 4217; x_wconf 88' lang='lat' dir='ltr'><strong>Cum</strong></span> <span class='ocrx_word' id='word_1_264' title='bbox 801 4164 1088 4235; x_wconf 83' lang='lat' dir='ltr'><strong>modestia,</strong></span> <span class='ocrx_word' id='word_1_265' title='bbox 1128 4180 1184 4226; x_wconf 92' lang='lat' dir='ltr'><strong>et</strong></span> <span class='ocrx_word' id='word_1_266' title='bbox 1213 4155 1434 4231; x_wconf 78' lang='lat' dir='ltr'><strong>timore</strong></span> <span class='ocrx_word' id='word_1_267' title='bbox 1463 4155 1727 4240; x_wconf 75' lang='lat' dir='ltr'><strong>habentes</strong></span> 
     </span>
    </p>
   </div>
   <div class='ocr_carea' id='block_1_43' title="bbox 151 4247 1730 4331">
    <p class='ocr_par' dir='ltr' id='par_1_43' title="bbox 151 4247 1730 4331">
     <span class='ocr_line' id='line_1_45' title="bbox 151 4247 1730 4331; baseline 0.02 -33"><span class='ocrx_word' id='word_1_268' title='bbox 151 4247 547 4305; x_wconf 88' lang='lat' dir='ltr'><strong>conscientiam</strong></span> <span class='ocrx_word' id='word_1_269' title='bbox 566 4248 788 4320; x_wconf 86' lang='lat' dir='ltr'><strong>bonam,</strong></span> <span class='ocrx_word' id='word_1_270' title='bbox 821 4264 881 4310; x_wconf 90' lang='lat' dir='ltr'><strong>ut</strong></span> <span class='ocrx_word' id='word_1_271' title='bbox 921 4256 975 4313; x_wconf 93' lang='lat' dir='ltr'><strong>in</strong></span> <span class='ocrx_word' id='word_1_272' title='bbox 1019 4274 1083 4315; x_wconf 93' lang='lat' dir='ltr'><strong>eo</strong></span> <span class='ocrx_word' id='word_1_273' title='bbox 1105 4262 1247 4331; x_wconf 92' lang='lat' dir='ltr'><strong>quod</strong></span> <span class='ocrx_word' id='word_1_274' title='bbox 1293 4265 1586 4325; x_wconf 85' lang='lat' dir='ltr'><strong>detrahunt</strong></span> <span class='ocrx_word' id='word_1_275' title='bbox 1635 4288 1730 4330; x_wconf 89' lang='lat' dir='ltr'><strong>vo-</strong></span> 
     </span>
    </p>
   </div>
   <div class='ocr_carea' id='block_1_44' title="bbox 150 4335 1726 4423">
    <p class='ocr_par' dir='ltr' id='par_1_44' title="bbox 150 4335 1726 4423">
     <span class='ocr_line' id='line_1_46' title="bbox 150 4335 1726 4423; baseline 0.021 -32"><span class='ocrx_word' id='word_1_276' title='bbox 150 4335 251 4405; x_wconf 87' lang='lat' dir='ltr'><strong>bis,</strong></span> <span class='ocrx_word' id='word_1_277' title='bbox 279 4340 688 4399; x_wconf 85' lang='lat' dir='ltr'><strong>confundantur</strong></span> <span class='ocrx_word' id='word_1_278' title='bbox 715 4347 805 4416; x_wconf 90' lang='lat' dir='ltr'><strong>qui</strong></span> <span class='ocrx_word' id='word_1_279' title='bbox 843 4348 1242 4410; x_wconf 88' lang='lat' dir='ltr'><strong>calumniantur</strong></span> <span class='ocrx_word' id='word_1_280' title='bbox 1270 4368 1501 4417; x_wconf 87' lang='lat' dir='ltr'><strong>vestram</strong></span> <span class='ocrx_word' id='word_1_281' title='bbox 1528 4364 1726 4423; x_wconf 87' lang='lat' dir='ltr'><strong>bonam</strong></span> 
     </span>
    </p>
   </div>
   <div class='ocr_carea' id='block_1_45' title="bbox 149 4428 1728 4521">
    <p class='ocr_par' dir='ltr' id='par_1_45' title="bbox 149 4428 1728 4521">
     <span class='ocr_line' id='line_1_47' title="bbox 149 4428 1728 4521; baseline 0.022 -38"><span class='ocrx_word' id='word_1_282' title='bbox 149 4428 200 4484; x_wconf 89' lang='lat' dir='ltr'><strong>in</strong></span> <span class='ocrx_word' id='word_1_283' title='bbox 243 4429 469 4489; x_wconf 71' lang='grc' dir='ltr'><strong>ειη-ἰειο</strong></span> <span class='ocrx_word' id='word_1_284' title='bbox 515 4439 978 4498; x_wconf 86' lang='lat' dir='ltr'><strong>conversationem</strong></span> <span class='ocrx_word' id='word_1_285' title='bbox 1033 4444 1081 4516; x_wconf 88' lang='grc' dir='ltr'><strong>(ι</strong></span> <span class='ocrx_word' id='word_1_286' title='bbox 1121 4443 1268 4502; x_wconf 80' lang='lat' dir='ltr'><strong>Pelr.</strong></span> <span class='ocrx_word' id='word_1_287' title='bbox 1320 4451 1424 4521; x_wconf 86' lang='grc' dir='ltr'><strong>ιιι).</strong></span> <span class='ocrx_word' id='word_1_288' title='bbox 1457 4471 1476 4505; x_wconf 78' lang='grc' dir='ltr'><strong>ι</strong></span> <span class='ocrx_word' id='word_1_289' title='bbox 1529 4454 1728 4516; x_wconf 88' lang='lat' dir='ltr'><strong>Paulus</strong></span> 
     </span>
    </p>
   </div>
   <div class='ocr_carea' id='block_1_46' title="bbox 147 4523 1723 4622">
    <p class='ocr_par' dir='ltr' id='par_1_46' title="bbox 147 4523 1723 4622">
     <span class='ocr_line' id='line_1_48' title="bbox 147 4523 1723 4622; baseline 0.02 -44"><span class='ocrx_word' id='word_1_290' title='bbox 147 4523 307 4582; x_wconf 84' lang='lat' dir='ltr'><strong>etiam</strong></span> <span class='ocrx_word' id='word_1_291' title='bbox 335 4528 407 4582; x_wconf 89' lang='lat' dir='ltr'><strong>ad</strong></span> <span class='ocrx_word' id='word_1_292' title='bbox 437 4527 778 4590; x_wconf 86' lang='lat' dir='ltr'><strong>Timotheum</strong></span> <span class='ocrx_word' id='word_1_293' title='bbox 807 4552 822 4589; x_wconf 89' lang='lat'><strong>:</strong></span> <span class='ocrx_word' id='word_1_294' title='bbox 869 4553 890 4588; x_wconf 74' lang='grc' dir='ltr'><strong>ι</strong></span> <span class='ocrx_word' id='word_1_295' title='bbox 923 4534 1168 4607; x_wconf 89' lang='lat' dir='ltr'><strong>Oportet,</strong></span> <span class='ocrx_word' id='word_1_296' title='bbox 1193 4541 1388 4613; x_wconf 86' lang='lat' dir='ltr'><strong>inquit,</strong></span> <span class='ocrx_word' id='word_1_297' title='bbox 1413 4548 1723 4622; x_wconf 89' lang='lat' dir='ltr'><strong>episcopum</strong></span> 
     </span>
    </p>
   </div>
   <div class='ocr_carea' id='block_1_47' title="bbox 149 4614 1726 4706">
    <p class='ocr_par' dir='ltr' id='par_1_47' title="bbox 149 4614 1726 4706">
     <span class='ocr_line' id='line_1_49' title="bbox 149 4614 1726 4706; baseline 0.021 -39"><span class='ocrx_word' id='word_1_298' title='bbox 149 4614 519 4673; x_wconf 85' lang='lat' dir='ltr'><strong>testimonium</strong></span> <span class='ocrx_word' id='word_1_299' title='bbox 548 4619 749 4678; x_wconf 87' lang='lat' dir='ltr'><strong>habere</strong></span> <span class='ocrx_word' id='word_1_300' title='bbox 778 4623 982 4681; x_wconf 90' lang='lat' dir='ltr'><strong>bonum</strong></span> <span class='ocrx_word' id='word_1_301' title='bbox 1016 4628 1084 4685; x_wconf 89' lang='lat' dir='ltr'><strong>ab</strong></span> <span class='ocrx_word' id='word_1_302' title='bbox 1107 4629 1191 4686; x_wconf 92' lang='lat' dir='ltr'><strong>his</strong></span> <span class='ocrx_word' id='word_1_303' title='bbox 1213 4633 1304 4706; x_wconf 90' lang='lat' dir='ltr'><strong>qni</strong></span> <span class='ocrx_word' id='word_1_304' title='bbox 1336 4614 1469 4693; x_wconf 78' lang='lat' dir='ltr'><strong>foris</strong></span> <span class='ocrx_word' id='word_1_305' title='bbox 1492 4614 1635 4704; x_wconf 73' lang='lat' dir='ltr'><strong>sunt,</strong></span> <span class='ocrx_word' id='word_1_306' title='bbox 1665 4654 1726 4700; x_wconf 89' lang='lat' dir='ltr'><strong>ut</strong></span> 
     </span>
    </p>
   </div>
   <div class='ocr_carea' id='block_1_48' title="bbox 145 4705 1723 4794">
    <p class='ocr_par' dir='ltr' id='par_1_48' title="bbox 145 4705 1723 4794">
     <span class='ocr_line' id='line_1_50' title="bbox 145 4705 1723 4794; baseline 0.02 -37"><span class='ocrx_word' id='word_1_307' title='bbox 145 4718 259 4794; x_wconf 71' lang='lat' dir='ltr'><strong>non</strong></span> <span class='ocrx_word' id='word_1_308' title='bbox 310 4705 368 4762; x_wconf 91' lang='lat' dir='ltr'><strong>in</strong></span> <span class='ocrx_word' id='word_1_309' title='bbox 419 4710 773 4780; x_wconf 82' lang='lat' dir='ltr'><strong>opprobrium</strong></span> <span class='ocrx_word' id='word_1_310' title='bbox 832 4715 1039 4774; x_wconf 89' lang='lat' dir='ltr'><strong>incidat</strong></span> <span class='ocrx_word' id='word_1_311' title='bbox 1101 4727 1158 4775; x_wconf 91' lang='lat' dir='ltr'><strong>et</strong></span> <span class='ocrx_word' id='word_1_312' title='bbox 1207 4705 1458 4794; x_wconf 86' lang='lat' dir='ltr'><strong>laqueum</strong></span> <span class='ocrx_word' id='word_1_313' title='bbox 1524 4728 1723 4789; x_wconf 88' lang='lat' dir='ltr'><strong>diaboli</strong></span> 
     </span>
    </p>
   </div>
   <div class='ocr_carea' id='block_1_49' title="bbox 145 4792 547 4869">
    <p class='ocr_par' dir='ltr' id='par_1_49' title="bbox 145 4792 547 4869">
     <span class='ocr_line' id='line_1_51' title="bbox 145 4792 547 4869; baseline 0.017 -24"><span class='ocrx_word' id='word_1_314' title='bbox 145 4792 193 4862; x_wconf 83' lang='grc' dir='ltr'><strong>(ι</strong></span> <span class='ocrx_word' id='word_1_315' title='bbox 223 4793 358 4850; x_wconf 87' lang='lat' dir='ltr'><strong>Tim.</strong></span> <span class='ocrx_word' id='word_1_316' title='bbox 384 4797 492 4869; x_wconf 85' lang='grc' dir='ltr'><strong>ιιι).</strong></span> <span class='ocrx_word' id='word_1_317' title='bbox 526 4818 547 4852; x_wconf 81' lang='grc' dir='ltr'><strong>ι</strong></span> 
     </span>
    </p>
   </div>
   <div class='ocr_carea' id='block_1_50' title="bbox 207 4884 1722 4984">
    <p class='ocr_par' dir='ltr' id='par_1_50' title="bbox 207 4884 1722 4984">
     <span class='ocr_line' id='line_1_52' title="bbox 207 4884 1722 4984; baseline 0.022 -46"><span class='ocrx_word' id='word_1_318' title='bbox 207 4884 343 4941; x_wconf 89' lang='lat' dir='ltr'><strong>lllud</strong></span> <span class='ocrx_word' id='word_1_319' title='bbox 391 4897 676 4958; x_wconf 69' lang='lat' dir='ltr'><strong>praeterea,</strong></span> <span class='ocrx_word' id='word_1_320' title='bbox 726 4892 898 4950; x_wconf 85' lang='lat' dir='ltr'><strong>frater</strong></span> <span class='ocrx_word' id='word_1_321' title='bbox 945 4897 1288 4972; x_wconf 75' lang='lat' dir='ltr'><strong>charissima,</strong></span> <span class='ocrx_word' id='word_1_322' title='bbox 1321 4906 1548 4967; x_wconf 84' lang='lat' dir='ltr'><strong>sollicite</strong></span> <span class='ocrx_word' id='word_1_323' title='bbox 1583 4929 1722 4984; x_wconf 71' lang='lat' dir='ltr'><strong>prte—</strong></span> 
     </span>
    </p>
   </div>
   <div class='ocr_carea' id='block_1_51' title="bbox 144 4977 1720 5077">
    <p class='ocr_par' dir='ltr' id='par_1_51' title="bbox 144 4977 1720 5077">
     <span class='ocr_line' id='line_1_53' title="bbox 144 4977 1720 5077; baseline 0.022 -48"><span class='ocrx_word' id='word_1_324' title='bbox 144 4989 288 5044; x_wconf 88' lang='lat' dir='ltr'><strong>cave,</strong></span> <span class='ocrx_word' id='word_1_325' title='bbox 322 4977 612 5050; x_wconf 86' lang='lat' dir='ltr'><strong>diligenter</strong></span> <span class='ocrx_word' id='word_1_326' title='bbox 639 4986 879 5054; x_wconf 87' lang='lat' dir='ltr'><strong>attende,</strong></span> <span class='ocrx_word' id='word_1_327' title='bbox 920 5003 990 5045; x_wconf 90' lang='lat' dir='ltr'><strong>ne</strong></span> <span class='ocrx_word' id='word_1_328' title='bbox 1023 5007 1150 5048; x_wconf 90' lang='lat' dir='ltr'><strong>cum</strong></span> <span class='ocrx_word' id='word_1_329' title='bbox 1175 4995 1434 5065; x_wconf 89' lang='lat' dir='ltr'><strong>decimas,</strong></span> <span class='ocrx_word' id='word_1_330' title='bbox 1460 5003 1546 5058; x_wconf 88' lang='lat' dir='ltr'><strong>vel</strong></span> <span class='ocrx_word' id='word_1_331' title='bbox 1574 4977 1720 5077; x_wconf 74' lang='lat' dir='ltr'><strong>qua:-</strong></span> 
     </span>
    </p>
   </div>
   <div class='ocr_carea' id='block_1_52' title="bbox 142 5065 1718 5154">
    <p class='ocr_par' dir='ltr' id='par_1_52' title="bbox 142 5065 1718 5154">
     <span class='ocr_line' id='line_1_54' title="bbox 142 5065 1718 5154; baseline 0.022 -34"><span class='ocrx_word' id='word_1_332' title='bbox 142 5065 275 5140; x_wconf 22' lang='lat' dir='ltr'><strong>libet.</strong></span> <span class='ocrx_word' id='word_1_333' title='bbox 304 5069 490 5126; x_wconf 89' lang='lat' dir='ltr'><strong>oblata</strong></span> <span class='ocrx_word' id='word_1_334' title='bbox 538 5072 771 5132; x_wconf 81' lang='lat' dir='ltr'><strong>fidelium</strong></span> <span class='ocrx_word' id='word_1_335' title='bbox 807 5091 906 5147; x_wconf 89' lang='lat' dir='ltr'><strong>per</strong></span> <span class='ocrx_word' id='word_1_336' title='bbox 929 5079 1203 5140; x_wconf 86' lang='lat' dir='ltr'><strong>Ecclesias</strong></span> <span class='ocrx_word' id='word_1_337' title='bbox 1249 5088 1464 5153; x_wconf 80' lang='lat' dir='ltr'><strong>dividis,</strong></span> <span class='ocrx_word' id='word_1_338' title='bbox 1495 5095 1561 5150; x_wconf 89' lang='lat' dir='ltr'><strong>de</strong></span> <span class='ocrx_word' id='word_1_339' title='bbox 1589 5065 1718 5154; x_wconf 62' lang='lat' dir='ltr'><strong>con-</strong></span> 
     </span>
    </p>
   </div>
   <div class='ocr_carea' id='block_1_53' title="bbox 142 5160 1718 5248">
    <p class='ocr_par' dir='ltr' id='par_1_53' title="bbox 142 5160 1718 5248">
     <span class='ocr_line' id='line_1_55' title="bbox 142 5160 1718 5248; baseline 0.021 -36"><span class='ocrx_word' id='word_1_340' title='bbox 142 5160 486 5216; x_wconf 76' lang='lat' dir='ltr'><strong>Iacerdotum</strong></span> <span class='ocrx_word' id='word_1_341' title='bbox 515 5178 755 5224; x_wconf 90' lang='lat' dir='ltr'><strong>meorum</strong></span> <span class='ocrx_word' id='word_1_342' title='bbox 799 5183 1097 5239; x_wconf 64' lang='lat' dir='ltr'><strong>praesumas</strong></span> <span class='ocrx_word' id='word_1_343' title='bbox 1131 5175 1333 5248; x_wconf 90' lang='lat' dir='ltr'><strong>aliquid</strong></span> <span class='ocrx_word' id='word_1_344' title='bbox 1378 5183 1588 5243; x_wconf 87' lang='lat' dir='ltr'><strong>ratione</strong></span> <span class='ocrx_word' id='word_1_345' title='bbox 1616 5190 1718 5245; x_wconf 85' lang='lat' dir='ltr'><strong>mi-</strong></span> 
     </span>
    </p>
   </div>
   <div class='ocr_carea' id='block_1_54' title="bbox 141 5250 1712 5310">
    <p class='ocr_par' dir='ltr' id='par_1_54' title="bbox 141 5250 1712 5310">
     <span class='ocr_line' id='line_1_56' title="bbox 141 5250 1712 5310; baseline 0.006 -9"><span class='ocrx_word' id='word_1_346' title='bbox 141 5261 306 5303; x_wconf 91' lang='lat' dir='ltr'><strong>nuere</strong></span> <span class='ocrx_word' id='word_1_347' title='bbox 337 5250 482 5306; x_wconf 89' lang='lat' dir='ltr'><strong>unde</strong></span> <span class='ocrx_word' id='word_1_348' title='bbox 525 5253 766 5310; x_wconf 61' lang='lat' dir='ltr'><strong>videlicet</strong></span> <span class='ocrx_word' id='word_1_349' title='bbox 808 5258 852 5298; x_wconf 66' lang='grc' dir='ltr'><strong>ίιῖ</strong></span> <span class='ocrx_word' id='word_1_350' title='bbox 888 5263 1020 5310; x_wconf 65' lang='grc' dir='ltr'><strong>ρεξρό</strong></span> <span class='ocrx_word' id='word_1_351' title='bbox 1079 5262 1208 5310; x_wconf 71' lang='lat' dir='ltr'><strong>mihi</strong></span> <span class='ocrx_word' id='word_1_352' title='bbox 1249 5274 1504 5310; x_wconf 69' lang='lat' dir='ltr'><strong>onmnnlil</strong></span> <span class='ocrx_word' id='word_1_353' title='bbox 1559 5279 1712 5310; x_wconf 68' lang='grc' dir='ltr'><strong>ι.......ι</strong></span> 
     </span>
    </p>
   </div>
   <div class='ocr_carea' id='block_1_55' title="bbox 1793 1286 3457 1388">
    <p class='ocr_par' dir='ltr' id='par_1_55' title="bbox 1793 1286 3457 1388">
     <span class='ocr_line' id='line_1_57' title="bbox 1793 1286 3457 1388; baseline 0.025 -49"><span class='ocrx_word' id='word_1_354' title='bbox 1793 1290 1846 1350; x_wconf 78' lang='grc' dir='ltr'><strong>Α</strong></span> <span class='ocrx_word' id='word_1_355' title='bbox 1872 1286 1956 1342; x_wconf 88' lang='lat' dir='ltr'><strong>lus</strong></span> <span class='ocrx_word' id='word_1_356' title='bbox 1983 1288 2076 1354; x_wconf 88' lang='lat' dir='ltr'><strong>ait,</strong></span> <span class='ocrx_word' id='word_1_357' title='bbox 2108 1290 2281 1350; x_wconf 89' lang='lat' dir='ltr'><strong>habeo</strong></span> <span class='ocrx_word' id='word_1_358' title='bbox 2306 1297 2510 1366; x_wconf 91' lang='lat' dir='ltr'><strong>omnia,</strong></span> <span class='ocrx_word' id='word_1_359' title='bbox 2537 1309 2591 1356; x_wconf 89' lang='lat' dir='ltr'><strong>et</strong></span> <span class='ocrx_word' id='word_1_360' title='bbox 2619 1303 2834 1362; x_wconf 92' lang='lat' dir='ltr'><strong>abundo</strong></span> <span class='ocrx_word' id='word_1_361' title='bbox 2867 1307 3091 1382; x_wconf 80' lang='lat' dir='ltr'><strong>(Philip.</strong></span> <span class='ocrx_word' id='word_1_362' title='bbox 3133 1330 3242 1388; x_wconf 77' lang='lat' dir='ltr'><strong>1V);</strong></span> <span class='ocrx_word' id='word_1_363' title='bbox 3279 1339 3296 1372; x_wconf 73' lang='grc' dir='ltr'><strong>ι</strong></span> <span class='ocrx_word' id='word_1_364' title='bbox 3355 1339 3457 1380; x_wconf 91' lang='lat' dir='ltr'><strong>nec</strong></span> 
     </span>
    </p>
   </div>
   <div class='ocr_carea' id='block_1_56' title="bbox 1873 1377 3454 1470">
    <p class='ocr_par' dir='ltr' id='par_1_56' title="bbox 1873 1377 3454 1470">
     <span class='ocr_line' id='line_1_58' title="bbox 1873 1377 3454 1470; baseline 0.024 -38"><span class='ocrx_word' id='word_1_365' title='bbox 1873 1377 1994 1434; x_wconf 86' lang='lat' dir='ltr'><strong>volo</strong></span> <span class='ocrx_word' id='word_1_366' title='bbox 2035 1381 2234 1440; x_wconf 84' lang='lat' dir='ltr'><strong>fratres</strong></span> <span class='ocrx_word' id='word_1_367' title='bbox 2261 1401 2412 1444; x_wconf 90' lang='lat' dir='ltr'><strong>meos</strong></span> <span class='ocrx_word' id='word_1_368' title='bbox 2451 1389 2505 1445; x_wconf 93' lang='lat' dir='ltr'><strong>in</strong></span> <span class='ocrx_word' id='word_1_369' title='bbox 2536 1391 2618 1448; x_wconf 90' lang='lat' dir='ltr'><strong>his</strong></span> <span class='ocrx_word' id='word_1_370' title='bbox 2648 1396 2828 1464; x_wconf 87' lang='lat' dir='ltr'><strong>rebus,</strong></span> <span class='ocrx_word' id='word_1_371' title='bbox 2866 1413 2985 1470; x_wconf 73' lang='lat' dir='ltr'><strong>qua:</strong></span> <span class='ocrx_word' id='word_1_372' title='bbox 3012 1405 3168 1462; x_wconf 89' lang='lat' dir='ltr'><strong>nobis</strong></span> <span class='ocrx_word' id='word_1_373' title='bbox 3220 1409 3273 1465; x_wconf 89' lang='lat' dir='ltr'><strong>in</strong></span> <span class='ocrx_word' id='word_1_374' title='bbox 3303 1428 3454 1470; x_wconf 88' lang='lat' dir='ltr'><strong>com-</strong></span> 
     </span>
    </p>
   </div>
   <div class='ocr_carea' id='block_1_57' title="bbox 1870 1479 3458 1570">
    <p class='ocr_par' dir='ltr' id='par_1_57' title="bbox 1870 1479 3458 1570">
     <span class='ocr_line' id='line_1_59' title="bbox 1870 1479 3458 1570; baseline 0.025 -46"><span class='ocrx_word' id='word_1_375' title='bbox 1870 1487 2062 1529; x_wconf 88' lang='lat' dir='ltr'><strong>munes</strong></span> <span class='ocrx_word' id='word_1_376' title='bbox 2089 1491 2215 1532; x_wconf 93' lang='lat' dir='ltr'><strong>usus</strong></span> <span class='ocrx_word' id='word_1_377' title='bbox 2245 1494 2273 1531; x_wconf 70' lang='grc' dir='ltr'><strong>ιι</strong></span> <span class='ocrx_word' id='word_1_378' title='bbox 2297 1479 2407 1534; x_wconf 89' lang='lat' dir='ltr'><strong>Deo</strong></span> <span class='ocrx_word' id='word_1_379' title='bbox 2431 1497 2699 1542; x_wconf 74' lang='lat' dir='ltr'><strong>concessa:</strong></span> <span class='ocrx_word' id='word_1_380' title='bbox 2727 1499 2876 1557; x_wconf 86' lang='lat' dir='ltr'><strong>sunt,</strong></span> <span class='ocrx_word' id='word_1_381' title='bbox 2907 1509 3004 1564; x_wconf 87' lang='lat' dir='ltr'><strong>per</strong></span> <span class='ocrx_word' id='word_1_382' title='bbox 3025 1502 3344 1570; x_wconf 89' lang='lat' dir='ltr'><strong>potentiam,</strong></span> <span class='ocrx_word' id='word_1_383' title='bbox 3371 1509 3458 1564; x_wconf 84' lang='lat' dir='ltr'><strong>vel</strong></span> 
     </span>
    </p>
   </div>
   <div class='ocr_carea' id='block_1_58' title="bbox 1866 1565 3457 1664">
    <p class='ocr_par' dir='ltr' id='par_1_58' title="bbox 1866 1565 3457 1664">
     <span class='ocr_line' id='line_1_60' title="bbox 1866 1565 3457 1664; baseline 0.023 -47"><span class='ocrx_word' id='word_1_384' title='bbox 1866 1565 2126 1622; x_wconf 89' lang='lat' dir='ltr'><strong>astutiam</strong></span> <span class='ocrx_word' id='word_1_385' title='bbox 2162 1570 2540 1641; x_wconf 89' lang='lat' dir='ltr'><strong>supplantare,</strong></span> <span class='ocrx_word' id='word_1_386' title='bbox 2594 1593 2730 1648; x_wconf 91' lang='lat' dir='ltr'><strong>quos</strong></span> <span class='ocrx_word' id='word_1_387' title='bbox 2767 1581 2820 1636; x_wconf 93' lang='lat' dir='ltr'><strong>in</strong></span> <span class='ocrx_word' id='word_1_388' title='bbox 2865 1565 3066 1642; x_wconf 83' lang='lat' dir='ltr'><strong>Christi</strong></span> <span class='ocrx_word' id='word_1_389' title='bbox 3106 1565 3457 1664; x_wconf 80' lang='lat' dir='ltr'><strong>simplicitate</strong></span> 
     </span>
    </p>
   </div>
   <div class='ocr_carea' id='block_1_59' title="bbox 1865 1655 3451 1748">
    <p class='ocr_par' dir='ltr' id='par_1_59' title="bbox 1865 1655 3451 1748">
     <span class='ocr_line' id='line_1_61' title="bbox 1865 1655 3451 1748; baseline 0.022 -41"><span class='ocrx_word' id='word_1_390' title='bbox 1865 1662 1922 1708; x_wconf 90' lang='lat' dir='ltr'><strong>et</strong></span> <span class='ocrx_word' id='word_1_391' title='bbox 1966 1655 2304 1716; x_wconf 89' lang='lat' dir='ltr'><strong>humanitate</strong></span> <span class='ocrx_word' id='word_1_392' title='bbox 2356 1666 2663 1734; x_wconf 70' lang='lat' dir='ltr'><strong>prmcedere</strong></span> <span class='ocrx_word' id='word_1_393' title='bbox 2693 1710 2709 1736; x_wconf 95' lang='lat'><strong>,</strong></span> <span class='ocrx_word' id='word_1_394' title='bbox 2779 1681 2834 1728; x_wconf 89' lang='lat' dir='ltr'><strong>et</strong></span> <span class='ocrx_word' id='word_1_395' title='bbox 2886 1675 2938 1730; x_wconf 90' lang='lat' dir='ltr'><strong>in</strong></span> <span class='ocrx_word' id='word_1_396' title='bbox 2989 1655 3230 1748; x_wconf 45' lang='lat' dir='ltr'><strong>quorum.</strong></span> <span class='ocrx_word' id='word_1_397' title='bbox 3275 1688 3451 1743; x_wconf 89' lang='lat' dir='ltr'><strong>oculis</strong></span> 
     </span>
    </p>
   </div>
   <div class='ocr_carea' id='block_1_60' title="bbox 1865 1742 3452 1830">
    <p class='ocr_par' dir='ltr' id='par_1_60' title="bbox 1865 1742 3452 1830">
     <span class='ocr_line' id='line_1_62' title="bbox 1865 1742 3452 1830; baseline 0.021 -32"><span class='ocrx_word' id='word_1_398' title='bbox 1865 1742 2037 1800; x_wconf 87' lang='lat' dir='ltr'><strong>debeo</strong></span> <span class='ocrx_word' id='word_1_399' title='bbox 2068 1748 2198 1802; x_wconf 90' lang='lat' dir='ltr'><strong>mihi</strong></span> <span class='ocrx_word' id='word_1_400' title='bbox 2230 1750 2425 1822; x_wconf 90' lang='lat' dir='ltr'><strong>stigma</strong></span> <span class='ocrx_word' id='word_1_401' title='bbox 2457 1760 2794 1827; x_wconf 87' lang='lat' dir='ltr'><strong>paupertatis</strong></span> <span class='ocrx_word' id='word_1_402' title='bbox 2819 1742 3023 1819; x_wconf 78' lang='lat' dir='ltr'><strong>Christi</strong></span> <span class='ocrx_word' id='word_1_403' title='bbox 3044 1769 3320 1827; x_wconf 82' lang='lat' dir='ltr'><strong>evidenter</strong></span> <span class='ocrx_word' id='word_1_404' title='bbox 3352 1742 3452 1830; x_wconf 44' lang='lat' dir='ltr'><strong>im;</strong></span> 
     </span>
    </p>
   </div>
   <div class='ocr_carea' id='block_1_61' title="bbox 1861 1837 3452 1934">
    <p class='ocr_par' dir='ltr' id='par_1_61' title="bbox 1861 1837 3452 1934">
     <span class='ocr_line' id='line_1_63' title="bbox 1861 1837 3452 1934; baseline 0.022 -46"><span class='ocrx_word' id='word_1_405' title='bbox 1861 1837 2124 1905; x_wconf 87' lang='lat' dir='ltr'><strong>primere,</strong></span> <span class='ocrx_word' id='word_1_406' title='bbox 2156 1841 2327 1910; x_wconf 87' lang='lat' dir='ltr'><strong>absit,</strong></span> <span class='ocrx_word' id='word_1_407' title='bbox 2362 1853 2420 1899; x_wconf 87' lang='lat' dir='ltr'><strong>ut</strong></span> <span class='ocrx_word' id='word_1_408' title='bbox 2456 1861 2642 1904; x_wconf 91' lang='lat' dir='ltr'><strong>eorum</strong></span> <span class='ocrx_word' id='word_1_409' title='bbox 2683 1853 2992 1922; x_wconf 85' lang='lat' dir='ltr'><strong>pauperiem</strong></span> <span class='ocrx_word' id='word_1_410' title='bbox 3029 1857 3083 1912; x_wconf 91' lang='lat' dir='ltr'><strong>in</strong></span> <span class='ocrx_word' id='word_1_411' title='bbox 3125 1876 3239 1917; x_wconf 78' lang='lat' dir='ltr'><strong>mea</strong></span> <span class='ocrx_word' id='word_1_412' title='bbox 3274 1867 3452 1934; x_wconf 87' lang='lat' dir='ltr'><strong>patiar</strong></span> 
     </span>
    </p>
   </div>
   <div class='ocr_carea' id='block_1_62' title="bbox 1859 1929 3445 2019">
    <p class='ocr_par' dir='ltr' id='par_1_62' title="bbox 1859 1929 3445 2019">
     <span class='ocr_line' id='line_1_64' title="bbox 1859 1929 3445 2019; baseline 0.018 -34"><span class='ocrx_word' id='word_1_413' title='bbox 1859 1929 2008 1985; x_wconf 85' lang='lat' dir='ltr'><strong>lucra</strong></span> <span class='ocrx_word' id='word_1_414' title='bbox 2040 1938 2290 2000; x_wconf 82' lang='lat' dir='ltr'><strong>transire,</strong></span> <span class='ocrx_word' id='word_1_415' title='bbox 2323 1946 2590 2007; x_wconf 90' lang='lat' dir='ltr'><strong>quatenus</strong></span> <span class='ocrx_word' id='word_1_416' title='bbox 2612 1955 2735 1997; x_wconf 89' lang='lat' dir='ltr'><strong>cum</strong></span> <span class='ocrx_word' id='word_1_417' title='bbox 2771 1946 2959 2002; x_wconf 89' lang='lat' dir='ltr'><strong>eodem</strong></span> <span class='ocrx_word' id='word_1_418' title='bbox 2983 1949 3243 2019; x_wconf 83' lang='lat' dir='ltr'><strong>Apostolo</strong></span> <span class='ocrx_word' id='word_1_419' title='bbox 3274 1929 3445 2013; x_wconf 79' lang='lat' dir='ltr'><strong>libera</strong></span> 
     </span>
    </p>
   </div>
   <div class='ocr_carea' id='block_1_63' title="bbox 1858 2019 3444 2120">
    <p class='ocr_par' dir='ltr' id='par_1_63' title="bbox 1858 2019 3444 2120">
     <span class='ocr_line' id='line_1_65' title="bbox 1858 2019 3444 2120; baseline 0.02 -45"><span class='ocrx_word' id='word_1_420' title='bbox 1858 2019 2038 2077; x_wconf 86' lang='lat' dir='ltr'><strong>fronte</strong></span> <span class='ocrx_word' id='word_1_421' title='bbox 2079 2039 2263 2081; x_wconf 87' lang='lat' dir='ltr'><strong>coram</strong></span> <span class='ocrx_word' id='word_1_422' title='bbox 2291 2027 2370 2084; x_wconf 94' lang='lat' dir='ltr'><strong>eis</strong></span> <span class='ocrx_word' id='word_1_423' title='bbox 2397 2030 2605 2086; x_wconf 84' lang='lat' dir='ltr'><strong>valeam</strong></span> <span class='ocrx_word' id='word_1_424' title='bbox 2653 2034 2930 2092; x_wconf 87' lang='lat' dir='ltr'><strong>humiliter</strong></span> <span class='ocrx_word' id='word_1_425' title='bbox 2953 2040 3213 2110; x_wconf 81' lang='lat' dir='ltr'><strong>gloriari:</strong></span> <span class='ocrx_word' id='word_1_426' title='bbox 3251 2064 3269 2098; x_wconf 84' lang='grc'><strong>‹</strong></span> <span class='ocrx_word' id='word_1_427' title='bbox 3309 2047 3444 2120; x_wconf 81' lang='lat' dir='ltr'><strong>Ego,</strong></span> 
     </span>
    </p>
   </div>
   <div class='ocr_carea' id='block_1_64' title="bbox 1857 2111 3446 2203">
    <p class='ocr_par' dir='ltr' id='par_1_64' title="bbox 1857 2111 3446 2203">
     <span class='ocr_line' id='line_1_66' title="bbox 1857 2111 3446 2203; baseline 0.021 -38"><span class='ocrx_word' id='word_1_428' title='bbox 1857 2111 2052 2182; x_wconf 87' lang='lat' dir='ltr'><strong>inquit,</strong></span> <span class='ocrx_word' id='word_1_429' title='bbox 2095 2116 2279 2185; x_wconf 88' lang='lat' dir='ltr'><strong>didici,</strong></span> <span class='ocrx_word' id='word_1_430' title='bbox 2322 2119 2373 2175; x_wconf 91' lang='lat' dir='ltr'><strong>in</strong></span> <span class='ocrx_word' id='word_1_431' title='bbox 2404 2123 2598 2192; x_wconf 81' lang='lat' dir='ltr'><strong>quibus</strong></span> <span class='ocrx_word' id='word_1_432' title='bbox 2634 2141 2775 2192; x_wconf 90' lang='lat' dir='ltr'><strong>sum,</strong></span> <span class='ocrx_word' id='word_1_433' title='bbox 2826 2128 3099 2189; x_wconf 83' lang='lat' dir='ltr'><strong>sulliciens</strong></span> <span class='ocrx_word' id='word_1_434' title='bbox 3138 2152 3278 2203; x_wconf 88' lang='lat' dir='ltr'><strong>esse,</strong></span> <span class='ocrx_word' id='word_1_435' title='bbox 3330 2142 3446 2198; x_wconf 91' lang='lat' dir='ltr'><strong>scio</strong></span> 
     </span>
    </p>
   </div>
   <div class='ocr_carea' id='block_1_65' title="bbox 1855 2203 3445 2291">
    <p class='ocr_par' dir='ltr' id='par_1_65' title="bbox 1855 2203 3445 2291">
     <span class='ocr_line' id='line_1_67' title="bbox 1855 2203 3445 2291; baseline 0.019 -36"><span class='ocrx_word' id='word_1_436' title='bbox 1855 2211 1910 2256; x_wconf 88' lang='lat' dir='ltr'><strong>et</strong></span> <span class='ocrx_word' id='word_1_437' title='bbox 1937 2203 2238 2273; x_wconf 90' lang='lat' dir='ltr'><strong>humiliari,</strong></span> <span class='ocrx_word' id='word_1_438' title='bbox 2269 2209 2384 2265; x_wconf 86' lang='lat' dir='ltr'><strong>scio</strong></span> <span class='ocrx_word' id='word_1_439' title='bbox 2410 2221 2466 2266; x_wconf 91' lang='lat' dir='ltr'><strong>et</strong></span> <span class='ocrx_word' id='word_1_440' title='bbox 2492 2213 2793 2280; x_wconf 82' lang='lat' dir='ltr'><strong>abundare.</strong></span> <span class='ocrx_word' id='word_1_441' title='bbox 2825 2219 3047 2291; x_wconf 88' lang='lat' dir='ltr'><strong>ubique,</strong></span> <span class='ocrx_word' id='word_1_442' title='bbox 3088 2234 3144 2280; x_wconf 90' lang='lat' dir='ltr'><strong>et</strong></span> <span class='ocrx_word' id='word_1_443' title='bbox 3178 2226 3231 2280; x_wconf 94' lang='lat' dir='ltr'><strong>in</strong></span> <span class='ocrx_word' id='word_1_444' title='bbox 3268 2232 3445 2284; x_wconf 87' lang='lat' dir='ltr'><strong>omni-</strong></span> 
     </span>
    </p>
   </div>
   <div class='ocr_carea' id='block_1_66' title="bbox 1854 2295 3446 2387">
    <p class='ocr_par' dir='ltr' id='par_1_66' title="bbox 1854 2295 3446 2387">
     <span class='ocr_line' id='line_1_68' title="bbox 1854 2295 3446 2387; baseline 0.018 -35"><span class='ocrx_word' id='word_1_445' title='bbox 1854 2295 1958 2352; x_wconf 88' lang='lat' dir='ltr'><strong>bns</strong></span> <span class='ocrx_word' id='word_1_446' title='bbox 1996 2299 2278 2358; x_wconf 90' lang='lat' dir='ltr'><strong>institutus</strong></span> <span class='ocrx_word' id='word_1_447' title='bbox 2317 2321 2459 2374; x_wconf 90' lang='lat' dir='ltr'><strong>sum,</strong></span> <span class='ocrx_word' id='word_1_448' title='bbox 2500 2316 2554 2362; x_wconf 87' lang='lat' dir='ltr'><strong>et</strong></span> <span class='ocrx_word' id='word_1_449' title='bbox 2593 2311 2804 2379; x_wconf 89' lang='lat' dir='ltr'><strong>satiari,</strong></span> <span class='ocrx_word' id='word_1_450' title='bbox 2849 2324 2904 2370; x_wconf 89' lang='lat' dir='ltr'><strong>et</strong></span> <span class='ocrx_word' id='word_1_451' title='bbox 2939 2321 3168 2387; x_wconf 88' lang='lat' dir='ltr'><strong>esurlre,</strong></span> <span class='ocrx_word' id='word_1_452' title='bbox 3195 2323 3446 2380; x_wconf 78' lang='lat' dir='ltr'><strong>elabun-</strong></span> 
     </span>
    </p>
   </div>
   <div class='ocr_carea' id='block_1_67' title="bbox 1857 2391 3446 2488">
    <p class='ocr_par' dir='ltr' id='par_1_67' title="bbox 1857 2391 3446 2488">
     <span class='ocr_line' id='line_1_69' title="bbox 1857 2391 3446 2488; baseline 0.02 -44"><span class='ocrx_word' id='word_1_453' title='bbox 1857 2391 2010 2459; x_wconf 89' lang='lat' dir='ltr'><strong>dare,</strong></span> <span class='ocrx_word' id='word_1_454' title='bbox 2041 2400 2095 2448; x_wconf 88' lang='lat' dir='ltr'><strong>et</strong></span> <span class='ocrx_word' id='word_1_455' title='bbox 2124 2399 2404 2466; x_wconf 87' lang='lat' dir='ltr'><strong>penuriam</strong></span> <span class='ocrx_word' id='word_1_456' title='bbox 2465 2402 2597 2472; x_wconf 92' lang='lat' dir='ltr'><strong>pati.</strong></span> <span class='ocrx_word' id='word_1_457' title='bbox 2660 2403 2853 2462; x_wconf 89' lang='lat' dir='ltr'><strong>Omnia</strong></span> <span class='ocrx_word' id='word_1_458' title='bbox 2892 2423 3115 2480; x_wconf 90' lang='lat' dir='ltr'><strong>possum</strong></span> <span class='ocrx_word' id='word_1_459' title='bbox 3155 2413 3209 2470; x_wconf 93' lang='lat' dir='ltr'><strong>in</strong></span> <span class='ocrx_word' id='word_1_460' title='bbox 3250 2431 3316 2473; x_wconf 89' lang='lat' dir='ltr'><strong>eo</strong></span> <span class='ocrx_word' id='word_1_461' title='bbox 3349 2417 3446 2488; x_wconf 90' lang='lat' dir='ltr'><strong>qui</strong></span> 
     </span>
    </p>
   </div>
   <div class='ocr_carea' id='block_1_68' title="bbox 1853 2489 2536 2565">
    <p class='ocr_par' dir='ltr' id='par_1_68' title="bbox 1853 2489 2536 2565">
     <span class='ocr_line' id='line_1_70' title="bbox 1853 2489 2536 2565; baseline 0.01 -25"><span class='ocrx_word' id='word_1_462' title='bbox 1853 2500 1943 2540; x_wconf 87' lang='lat' dir='ltr'><strong>me</strong></span> <span class='ocrx_word' id='word_1_463' title='bbox 1969 2489 2237 2545; x_wconf 90' lang='lat' dir='ltr'><strong>confortat</strong></span> <span class='ocrx_word' id='word_1_464' title='bbox 2265 2491 2474 2565; x_wconf 83' lang='lat' dir='ltr'><strong>(Ibid.).</strong></span> <span class='ocrx_word' id='word_1_465' title='bbox 2517 2515 2536 2547; x_wconf 80' lang='grc' dir='ltr'><strong>ι</strong></span> 
     </span>
    </p>
   </div>
   <div class='ocr_carea' id='block_1_69' title="bbox 1926 2575 3439 2674">
    <p class='ocr_par' dir='ltr' id='par_1_69' title="bbox 1926 2575 3439 2674">
     <span class='ocr_line' id='line_1_71' title="bbox 1926 2575 3439 2674; baseline 0.022 -45"><span class='ocrx_word' id='word_1_466' title='bbox 1926 2575 2059 2632; x_wconf 83' lang='lat' dir='ltr'><strong>Volo</strong></span> <span class='ocrx_word' id='word_1_467' title='bbox 2086 2589 2375 2649; x_wconf 59' lang='lat' dir='ltr'><strong>praeterea,</strong></span> <span class='ocrx_word' id='word_1_468' title='bbox 2412 2595 2468 2640; x_wconf 91' lang='lat' dir='ltr'><strong>ut</strong></span> <span class='ocrx_word' id='word_1_469' title='bbox 2497 2586 2552 2642; x_wconf 94' lang='lat' dir='ltr'><strong>in</strong></span> <span class='ocrx_word' id='word_1_470' title='bbox 2582 2590 2784 2647; x_wconf 87' lang='lat' dir='ltr'><strong>eisdem</strong></span> <span class='ocrx_word' id='word_1_471' title='bbox 2813 2594 3137 2655; x_wconf 71' lang='lat' dir='ltr'><strong>dioecesanis</strong></span> <span class='ocrx_word' id='word_1_472' title='bbox 3172 2602 3439 2674; x_wconf 86' lang='lat' dir='ltr'><strong>ecclesiis,</strong></span> 
     </span>
    </p>
   </div>
   <div class='ocr_carea' id='block_1_70' title="bbox 1935 2670 3442 2770">
    <p class='ocr_par' dir='ltr' id='par_1_70' title="bbox 1935 2670 3442 2770">
     <span class='ocr_line' id='line_1_72' title="bbox 1935 2670 3442 2770; baseline 0.023 -47"><span class='ocrx_word' id='word_1_473' title='bbox 1935 2670 2133 2740; x_wconf 84' lang='lat' dir='ltr'><strong>quibus</strong></span> <span class='ocrx_word' id='word_1_474' title='bbox 2177 2674 2344 2732; x_wconf 86' lang='lat' dir='ltr'><strong>oblati</strong></span> <span class='ocrx_word' id='word_1_475' title='bbox 2383 2689 2514 2734; x_wconf 87' lang='lat' dir='ltr'><strong>sunt</strong></span> <span class='ocrx_word' id='word_1_476' title='bbox 2562 2698 2662 2752; x_wconf 89' lang='lat' dir='ltr'><strong>per</strong></span> <span class='ocrx_word' id='word_1_477' title='bbox 2694 2686 2994 2746; x_wconf 89' lang='lat' dir='ltr'><strong>celebriora</strong></span> <span class='ocrx_word' id='word_1_478' title='bbox 3044 2694 3305 2753; x_wconf 87' lang='lat' dir='ltr'><strong>solemnia</strong></span> <span class='ocrx_word' id='word_1_479' title='bbox 3347 2670 3442 2770; x_wconf 54' lang='lat' dir='ltr'><strong>pa;</strong></span> 
     </span>
    </p>
   </div>
   <div class='ocr_carea' id='block_1_71' title="bbox 1852 2766 3438 2851">
    <p class='ocr_par' dir='ltr' id='par_1_71' title="bbox 1852 2766 3438 2851">
     <span class='ocr_line' id='line_1_73' title="bbox 1852 2766 3438 2851; baseline 0.023 -37"><span class='ocrx_word' id='word_1_480' title='bbox 1852 2774 1968 2825; x_wconf 92' lang='lat' dir='ltr'><strong>nes,</strong></span> <span class='ocrx_word' id='word_1_481' title='bbox 1999 2772 2054 2818; x_wconf 91' lang='lat' dir='ltr'><strong>et</strong></span> <span class='ocrx_word' id='word_1_482' title='bbox 2095 2766 2138 2821; x_wconf 92' lang='lat' dir='ltr'><strong>si</strong></span> <span class='ocrx_word' id='word_1_483' title='bbox 2182 2783 2287 2838; x_wconf 88' lang='lat' dir='ltr'><strong>qua</strong></span> <span class='ocrx_word' id='word_1_484' title='bbox 2337 2783 2464 2829; x_wconf 92' lang='lat' dir='ltr'><strong>sunt</strong></span> <span class='ocrx_word' id='word_1_485' title='bbox 2508 2775 2638 2846; x_wconf 90' lang='lat' dir='ltr'><strong>alia,</strong></span> <span class='ocrx_word' id='word_1_486' title='bbox 2679 2796 2800 2851; x_wconf 74' lang='lat' dir='ltr'><strong>qua:</strong></span> <span class='ocrx_word' id='word_1_487' title='bbox 2845 2786 2914 2840; x_wconf 90' lang='lat' dir='ltr'><strong>ad</strong></span> <span class='ocrx_word' id='word_1_488' title='bbox 2961 2787 3138 2845; x_wconf 91' lang='lat' dir='ltr'><strong>cibum</strong></span> <span class='ocrx_word' id='word_1_489' title='bbox 3183 2766 3438 2850; x_wconf 76' lang='lat' dir='ltr'><strong>videntur</strong></span> 
     </span>
    </p>
   </div>
   <div class='ocr_carea' id='block_1_72' title="bbox 1849 2945 3434 3046">
    <p class='ocr_par' dir='ltr' id='par_1_72' title="bbox 1849 2945 3434 3046">
     <span class='ocr_line' id='line_1_74' title="bbox 1849 2945 3434 3046; baseline 0.025 -49"><span class='ocrx_word' id='word_1_490' title='bbox 1849 2945 1975 3000; x_wconf 90' lang='lat' dir='ltr'><strong>dum</strong></span> <span class='ocrx_word' id='word_1_491' title='bbox 2026 2947 2146 3006; x_wconf 90' lang='lat' dir='ltr'><strong>aliis</strong></span> <span class='ocrx_word' id='word_1_492' title='bbox 2201 2957 2528 3026; x_wconf 89' lang='lat' dir='ltr'><strong>pauperibus</strong></span> <span class='ocrx_word' id='word_1_493' title='bbox 2589 2962 2866 3024; x_wconf 69' lang='lat' dir='ltr'><strong>offerenda</strong></span> <span class='ocrx_word' id='word_1_494' title='bbox 2928 2945 3314 3046; x_wconf 64' lang='lat' dir='ltr'><strong>congerimus,</strong></span> <span class='ocrx_word' id='word_1_495' title='bbox 3366 2981 3434 3035; x_wconf 91' lang='lat' dir='ltr'><strong>de</strong></span> 
     </span>
    </p>
   </div>
   <div class='ocr_carea' id='block_1_73' title="bbox 1849 3038 3429 3142">
    <p class='ocr_par' dir='ltr' id='par_1_73' title="bbox 1849 3038 3429 3142">
     <span class='ocr_line' id='line_1_75' title="bbox 1849 3038 3429 3142; baseline 0.025 -53"><span class='ocrx_word' id='word_1_496' title='bbox 1849 3038 2134 3096; x_wconf 86' lang='lat' dir='ltr'><strong>tractiouis</strong></span> <span class='ocrx_word' id='word_1_497' title='bbox 2161 3048 2446 3105; x_wconf 89' lang='lat' dir='ltr'><strong>materiam</strong></span> <span class='ocrx_word' id='word_1_498' title='bbox 2479 3056 2676 3124; x_wconf 87' lang='lat' dir='ltr'><strong>populo</strong></span> <span class='ocrx_word' id='word_1_499' title='bbox 2705 3038 3096 3132; x_wconf 64' lang='lat' dir='ltr'><strong>relinquentes,</strong></span> <span class='ocrx_word' id='word_1_500' title='bbox 3125 3069 3239 3142; x_wconf 80' lang='lat'><strong>99</strong></span> <span class='ocrx_word' id='word_1_501' title='bbox 3264 3071 3429 3127; x_wconf 87' lang='lat' dir='ltr'><strong>iufar-</strong></span> 
     </span>
    </p>
   </div>
   <div class='ocr_carea' id='block_1_74' title="bbox 1845 3125 3434 3222">
    <p class='ocr_par' dir='ltr' id='par_1_74' title="bbox 1845 3125 3434 3222">
     <span class='ocr_line' id='line_1_76' title="bbox 1845 3125 3434 3222; baseline 0.028 -43"><span class='ocrx_word' id='word_1_502' title='bbox 1845 3125 1958 3182; x_wconf 76' lang='lat' dir='ltr'><strong>cire</strong></span> <span class='ocrx_word' id='word_1_503' title='bbox 1999 3134 2230 3191; x_wconf 78' lang='lat' dir='ltr'><strong>sacculis</strong></span> <span class='ocrx_word' id='word_1_504' title='bbox 2264 3152 2364 3207; x_wconf 91' lang='lat' dir='ltr'><strong>per</strong></span> <span class='ocrx_word' id='word_1_505' title='bbox 2398 3144 2683 3202; x_wconf 88' lang='lat' dir='ltr'><strong>avaritiam</strong></span> <span class='ocrx_word' id='word_1_506' title='bbox 2704 3125 3033 3218; x_wconf 74' lang='lat' dir='ltr'><strong>iudicemur.</strong></span> <span class='ocrx_word' id='word_1_507' title='bbox 3074 3125 3328 3221; x_wconf 54' lang='lat' dir='ltr'><strong>Et&#39;c&#39;erte</strong></span> <span class='ocrx_word' id='word_1_508' title='bbox 3357 3167 3434 3222; x_wconf 82' lang='lat' dir='ltr'><strong>di-</strong></span> 
     </span>
    </p>
   </div>
   <div class='ocr_carea' id='block_1_75' title="bbox 1842 3229 3432 3320">
    <p class='ocr_par' dir='ltr' id='par_1_75' title="bbox 1842 3229 3432 3320">
     <span class='ocr_line' id='line_1_77' title="bbox 1842 3229 3432 3320; baseline 0.031 -51"><span class='ocrx_word' id='word_1_509' title='bbox 1842 3229 2005 3286; x_wconf 84' lang='lat' dir='ltr'><strong>gnum</strong></span> <span class='ocrx_word' id='word_1_510' title='bbox 2036 3229 2200 3280; x_wconf 88' lang='lat' dir='ltr'><strong>estut</strong></span> <span class='ocrx_word' id='word_1_511' title='bbox 2224 3242 2492 3301; x_wconf 89' lang='lat' dir='ltr'><strong>pauperes</strong></span> <span class='ocrx_word' id='word_1_512' title='bbox 2507 3234 2708 3296; x_wconf 84' lang='lat' dir='ltr'><strong>Christi</strong></span> <span class='ocrx_word' id='word_1_513' title='bbox 2733 3243 3072 3318; x_wconf 82' lang='lat' dir='ltr'><strong>refrigerium</strong></span> <span class='ocrx_word' id='word_1_514' title='bbox 3097 3257 3336 3316; x_wconf 89' lang='lat' dir='ltr'><strong>sentiant</strong></span> <span class='ocrx_word' id='word_1_515' title='bbox 3364 3264 3432 3320; x_wconf 86' lang='lat' dir='ltr'><strong>de</strong></span> 
     </span>
    </p>
   </div>
   <div class='ocr_carea' id='block_1_76' title="bbox 1841 3309 3372 3415">
    <p class='ocr_par' dir='ltr' id='par_1_76' title="bbox 1841 3309 3372 3415">
     <span class='ocr_line' id='line_1_78' title="bbox 1841 3309 3372 3415; baseline 0.03 -53"><span class='ocrx_word' id='word_1_516' title='bbox 1841 3309 1981 3380; x_wconf 89' lang='lat' dir='ltr'><strong>stipe</strong></span> <span class='ocrx_word' id='word_1_517' title='bbox 2006 3313 2346 3382; x_wconf 89' lang='lat' dir='ltr'><strong>potissimum</strong></span> <span class='ocrx_word' id='word_1_518' title='bbox 2376 3323 2517 3382; x_wconf 90' lang='lat' dir='ltr'><strong>illius</strong></span> <span class='ocrx_word' id='word_1_519' title='bbox 2543 3331 2785 3390; x_wconf 65' lang='lat' dir='ltr'><strong>ecclesia:</strong></span> <span class='ocrx_word' id='word_1_520' title='bbox 2811 3309 2974 3408; x_wconf 64' lang='lat' dir='ltr'><strong>quam</strong></span> <span class='ocrx_word' id='word_1_521' title='bbox 3005 3341 3372 3415; x_wconf 87' lang='lat' dir='ltr'><strong>frequentant.</strong></span> 
     </span>
    </p>
   </div>
   <div class='ocr_carea' id='block_1_77' title="bbox 1911 3400 3428 3501">
    <p class='ocr_par' dir='ltr' id='par_1_77' title="bbox 1911 3400 3428 3501">
     <span class='ocr_line' id='line_1_79' title="bbox 1911 3400 3428 3501; baseline 0.03 -45"><span class='ocrx_word' id='word_1_522' title='bbox 1911 3400 2055 3460; x_wconf 89' lang='lat' dir='ltr'><strong>Cave</strong></span> <span class='ocrx_word' id='word_1_523' title='bbox 2091 3408 2278 3478; x_wconf 86' lang='lat' dir='ltr'><strong>etiam,</strong></span> <span class='ocrx_word' id='word_1_524' title='bbox 2323 3428 2391 3469; x_wconf 92' lang='lat' dir='ltr'><strong>ne</strong></span> <span class='ocrx_word' id='word_1_525' title='bbox 2436 3431 2589 3474; x_wconf 91' lang='lat' dir='ltr'><strong>more</strong></span> <span class='ocrx_word' id='word_1_526' title='bbox 2639 3429 3030 3500; x_wconf 89' lang='lat' dir='ltr'><strong>quorumdam,</strong></span> <span class='ocrx_word' id='word_1_527' title='bbox 3087 3451 3195 3492; x_wconf 90' lang='lat' dir='ltr'><strong>non</strong></span> <span class='ocrx_word' id='word_1_528' title='bbox 3248 3441 3428 3501; x_wconf 85' lang='lat' dir='ltr'><strong>dicam</strong></span> 
     </span>
    </p>
   </div>
   <div class='ocr_carea' id='block_1_78' title="bbox 1837 3503 3426 3592">
    <p class='ocr_par' dir='ltr' id='par_1_78' title="bbox 1837 3503 3426 3592">
     <span class='ocr_line' id='line_1_80' title="bbox 1837 3503 3426 3592; baseline 0.029 -46"><span class='ocrx_word' id='word_1_529' title='bbox 1837 3504 2136 3565; x_wconf 87' lang='lat' dir='ltr'><strong>pastorum,</strong></span> <span class='ocrx_word' id='word_1_530' title='bbox 2176 3503 2270 3557; x_wconf 86' lang='lat' dir='ltr'><strong>sed</strong></span> <span class='ocrx_word' id='word_1_531' title='bbox 2319 3505 2623 3580; x_wconf 87' lang='lat' dir='ltr'><strong>fabrorum,</strong></span> <span class='ocrx_word' id='word_1_532' title='bbox 2656 3518 2909 3589; x_wconf 90' lang='lat' dir='ltr'><strong>cuiquam</strong></span> <span class='ocrx_word' id='word_1_533' title='bbox 2945 3530 3290 3588; x_wconf 87' lang='lat' dir='ltr'><strong>sacerdotum</strong></span> <span class='ocrx_word' id='word_1_534' title='bbox 3325 3538 3426 3592; x_wconf 90' lang='lat' dir='ltr'><strong>sub</strong></span> 
     </span>
    </p>
   </div>
   <div class='ocr_carea' id='block_1_79' title="bbox 1834 3586 3423 3692">
    <p class='ocr_par' dir='ltr' id='par_1_79' title="bbox 1834 3586 3423 3692">
     <span class='ocr_line' id='line_1_81' title="bbox 1834 3586 3423 3692; baseline 0.029 -57"><span class='ocrx_word' id='word_1_535' title='bbox 1834 3586 2078 3652; x_wconf 70' lang='lat' dir='ltr'><strong>pecunia:</strong></span> <span class='ocrx_word' id='word_1_536' title='bbox 2107 3589 2324 3648; x_wconf 90' lang='lat' dir='ltr'><strong>titulum</strong></span> <span class='ocrx_word' id='word_1_537' title='bbox 2356 3596 2644 3666; x_wconf 88' lang='lat' dir='ltr'><strong>cujuslibet</strong></span> <span class='ocrx_word' id='word_1_538' title='bbox 2677 3586 2861 3665; x_wconf 72' lang='lat' dir='ltr'><strong>reatus</strong></span> <span class='ocrx_word' id='word_1_539' title='bbox 2896 3628 3162 3686; x_wconf 87' lang='lat' dir='ltr'><strong>opponas,</strong></span> <span class='ocrx_word' id='word_1_540' title='bbox 3191 3636 3423 3692; x_wconf 83' lang='lat' dir='ltr'><strong>eumque</strong></span> 
     </span>
    </p>
   </div>
   <div class='ocr_carea' id='block_1_80' title="bbox 1834 3672 3422 3782">
    <p class='ocr_par' dir='ltr' id='par_1_80' title="bbox 1834 3672 3422 3782">
     <span class='ocr_line' id='line_1_82' title="bbox 1834 3672 3422 3782; baseline 0.03 -57"><span class='ocrx_word' id='word_1_541' title='bbox 1834 3672 1905 3727; x_wconf 89' lang='lat' dir='ltr'><strong>ab</strong></span> <span class='ocrx_word' id='word_1_542' title='bbox 1933 3676 2408 3743; x_wconf 88' lang='lat' dir='ltr'><strong>administratione</strong></span> <span class='ocrx_word' id='word_1_543' title='bbox 2434 3695 2790 3765; x_wconf 87' lang='lat' dir='ltr'><strong>suspendens,</strong></span> <span class='ocrx_word' id='word_1_544' title='bbox 2823 3672 3163 3771; x_wconf 72' lang='lat' dir='ltr'><strong>postmodum</strong></span> <span class='ocrx_word' id='word_1_545' title='bbox 3194 3727 3294 3782; x_wconf 90' lang='lat' dir='ltr'><strong>per</strong></span> <span class='ocrx_word' id='word_1_546' title='bbox 3320 3672 3422 3771; x_wconf 52' lang='lat' dir='ltr'><strong>Iler-</strong></span> 
     </span>
    </p>
   </div>
   <div class='ocr_carea' id='block_1_81' title="bbox 1835 3765 3418 3864">
    <p class='ocr_par' dir='ltr' id='par_1_81' title="bbox 1835 3765 3418 3864">
     <span class='ocr_line' id='line_1_83' title="bbox 1835 3765 3418 3864; baseline 0.03 -48"><span class='ocrx_word' id='word_1_547' title='bbox 1835 3765 1952 3819; x_wconf 88' lang='lat' dir='ltr'><strong>reni</strong></span> <span class='ocrx_word' id='word_1_548' title='bbox 1993 3765 2125 3824; x_wconf 92' lang='lat' dir='ltr'><strong>lucri</strong></span> <span class='ocrx_word' id='word_1_549' title='bbox 2168 3779 2508 3835; x_wconf 90' lang='lat' dir='ltr'><strong>commodum</strong></span> <span class='ocrx_word' id='word_1_550' title='bbox 2549 3783 2602 3837; x_wconf 93' lang='lat' dir='ltr'><strong>in</strong></span> <span class='ocrx_word' id='word_1_551' title='bbox 2631 3787 2712 3842; x_wconf 90' lang='lat' dir='ltr'><strong>sui</strong></span> <span class='ocrx_word' id='word_1_552' title='bbox 2745 3793 2944 3860; x_wconf 87' lang='lat' dir='ltr'><strong>gradus</strong></span> <span class='ocrx_word' id='word_1_553' title='bbox 2965 3794 3089 3864; x_wconf 87' lang='lat' dir='ltr'><strong>jura</strong></span> <span class='ocrx_word' id='word_1_554' title='bbox 3140 3765 3418 3862; x_wconf 68' lang='lat' dir='ltr'><strong>restituas.</strong></span> 
     </span>
    </p>
   </div>
   <div class='ocr_carea' id='block_1_82' title="bbox 1833 3852 3416 3962">
    <p class='ocr_par' dir='ltr' id='par_1_82' title="bbox 1833 3852 3416 3962">
     <span class='ocr_line' id='line_1_84' title="bbox 1833 3852 3416 3962; baseline 0.029 -55"><span class='ocrx_word' id='word_1_555' title='bbox 1833 3852 1982 3912; x_wconf 81' lang='lat' dir='ltr'><strong>Giezi</strong></span> <span class='ocrx_word' id='word_1_556' title='bbox 2014 3873 2205 3932; x_wconf 85' lang='lat' dir='ltr'><strong>nempe</strong></span> <span class='ocrx_word' id='word_1_557' title='bbox 2233 3877 2475 3926; x_wconf 87' lang='lat' dir='ltr'><strong>meretur</strong></span> <span class='ocrx_word' id='word_1_558' title='bbox 2510 3873 2713 3945; x_wconf 88' lang='lat' dir='ltr'><strong>lepram</strong></span> <span class='ocrx_word' id='word_1_559' title='bbox 2745 3852 2796 3948; x_wconf 38' lang='lat' dir='ltr'><strong>(VI</strong></span> <span class='ocrx_word' id='word_1_560' title='bbox 2815 3881 2852 3935; x_wconf 83' lang='lat' dir='ltr'><strong><em>V</em></strong></span> <span class='ocrx_word' id='word_1_561' title='bbox 2882 3852 3008 3956; x_wconf 53' lang='lat' dir='ltr'><strong>Reg}.</strong></span> <span class='ocrx_word' id='word_1_562' title='bbox 3038 3888 3113 3960; x_wconf 90' lang='lat' dir='ltr'><strong>v),</strong></span> 
     </span>
    </p>
   </div>
   <div class='ocr_carea' id='block_1_83' title="bbox 1833 3955 3412 4054">
    <p class='ocr_par' dir='ltr' id='par_1_83' title="bbox 1833 3955 3412 4054">
     <span class='ocr_line' id='line_1_85' title="bbox 1833 3955 3412 4054; baseline 0.03 -57"><span class='ocrx_word' id='word_1_563' title='bbox 1833 3955 2010 4002; x_wconf 89' lang='lat' dir='ltr'><strong>mutat</strong></span> <span class='ocrx_word' id='word_1_564' title='bbox 2075 3966 2173 4020; x_wconf 86' lang='lat' dir='ltr'><strong>pro</strong></span> <span class='ocrx_word' id='word_1_565' title='bbox 2243 3961 2484 4024; x_wconf 69' lang='lat' dir='ltr'><strong>pecunia:</strong></span> <span class='ocrx_word' id='word_1_566' title='bbox 2552 3967 2845 4036; x_wconf 86' lang='lat' dir='ltr'><strong>cupiditate</strong></span> <span class='ocrx_word' id='word_1_567' title='bbox 2907 3955 3254 4039; x_wconf 74' lang='lat' dir='ltr'><strong>sententiam.</strong></span> <span class='ocrx_word' id='word_1_568' title='bbox 3309 3988 3412 4054; x_wconf 84' lang='lat' dir='ltr'><strong>Qui</strong></span> 
     </span>
    </p>
   </div>
   <div class='ocr_carea' id='block_1_84' title="bbox 1835 4042 3418 4141">
    <p class='ocr_par' dir='ltr' id='par_1_84' title="bbox 1835 4042 3418 4141">
     <span class='ocr_line' id='line_1_86' title="bbox 1835 4042 3418 4141; baseline 0.029 -49"><span class='ocrx_word' id='word_1_569' title='bbox 1835 4042 2177 4099; x_wconf 89' lang='lat' dir='ltr'><strong>commodum</strong></span> <span class='ocrx_word' id='word_1_570' title='bbox 2233 4048 2372 4106; x_wconf 91' lang='lat' dir='ltr'><strong>tollit</strong></span> <span class='ocrx_word' id='word_1_571' title='bbox 2425 4063 2480 4108; x_wconf 91' lang='lat' dir='ltr'><strong>et</strong></span> <span class='ocrx_word' id='word_1_572' title='bbox 2527 4057 2888 4120; x_wconf 88' lang='lat' dir='ltr'><strong>ministerium</strong></span> <span class='ocrx_word' id='word_1_573' title='bbox 2945 4071 3149 4141; x_wconf 89' lang='lat' dir='ltr'><strong>reddit,</strong></span> <span class='ocrx_word' id='word_1_574' title='bbox 3200 4092 3267 4133; x_wconf 79' lang='lat' dir='ltr'><strong>ex</strong></span> <span class='ocrx_word' id='word_1_575' title='bbox 3319 4042 3418 4138; x_wconf 66' lang='lat' dir='ltr'><strong>ore</strong></span> 
     </span>
    </p>
   </div>
   <div class='ocr_carea' id='block_1_85' title="bbox 1827 4126 3416 4229">
    <p class='ocr_par' dir='ltr' id='par_1_85' title="bbox 1827 4126 3416 4229">
     <span class='ocr_line' id='line_1_87' title="bbox 1827 4126 3416 4229; baseline 0.031 -49"><span class='ocrx_word' id='word_1_576' title='bbox 1827 4126 1972 4184; x_wconf 85' lang='lat' dir='ltr'><strong>Petri</strong></span> <span class='ocrx_word' id='word_1_577' title='bbox 2021 4133 2294 4192; x_wconf 85' lang='lat' dir='ltr'><strong>vibratum</strong></span> <span class='ocrx_word' id='word_1_578' title='bbox 2343 4140 2397 4196; x_wconf 91' lang='lat' dir='ltr'><strong>in</strong></span> <span class='ocrx_word' id='word_1_579' title='bbox 2429 4142 2707 4204; x_wconf 91' lang='lat' dir='ltr'><strong>Simonem</strong></span> <span class='ocrx_word' id='word_1_580' title='bbox 2763 4156 3027 4224; x_wconf 87' lang='lat' dir='ltr'><strong>spiculum</strong></span> <span class='ocrx_word' id='word_1_581' title='bbox 3078 4179 3184 4220; x_wconf 93' lang='lat' dir='ltr'><strong>non</strong></span> <span class='ocrx_word' id='word_1_582' title='bbox 3236 4171 3416 4229; x_wconf 88' lang='lat' dir='ltr'><strong>evadit</strong></span> 
     </span>
    </p>
   </div>
   <div class='ocr_carea' id='block_1_86' title="bbox 1829 4216 3293 4330">
    <p class='ocr_par' dir='ltr' id='par_1_86' title="bbox 1829 4216 3293 4330">
     <span class='ocr_line' id='line_1_88' title="bbox 1829 4216 3293 4330; baseline 0.034 -60"><span class='ocrx_word' id='word_1_583' title='bbox 1829 4216 1968 4289; x_wconf 81' lang='lat' dir='ltr'><strong>(Act.</strong></span> <span class='ocrx_word' id='word_1_584' title='bbox 2000 4222 2142 4296; x_wconf 85' lang='lat' dir='ltr'><strong>vm).</strong></span> <span class='ocrx_word' id='word_1_585' title='bbox 2179 4225 2504 4291; x_wconf 74' lang='lat' dir='ltr'><strong>Simoniaca:</strong></span> <span class='ocrx_word' id='word_1_586' title='bbox 2533 4237 2696 4311; x_wconf 77' lang='lat' dir='ltr'><strong>lepra:</strong></span> <span class='ocrx_word' id='word_1_587' title='bbox 2723 4216 3293 4330; x_wconf 54' lang='lat' dir='ltr'><strong>compellitur...</strong></span> 
     </span>
    </p>
   </div>
   <div class='ocr_carea' id='block_1_87' title="bbox 2399 4388 2844 4453">
    <p class='ocr_par' dir='ltr' id='par_1_87' title="bbox 2399 4388 2844 4453">
     <span class='ocr_line' id='line_1_89' title="bbox 2399 4388 2844 4453; baseline 0.016 -7"><span class='ocrx_word' id='word_1_588' title='bbox 2399 4388 2732 4450; x_wconf 81' lang='lat' dir='ltr'><strong>EPISTOLA</strong></span> <span class='ocrx_word' id='word_1_589' title='bbox 2781 4397 2844 4453; x_wconf 83' lang='lat' dir='ltr'><strong>li.</strong></span> 
     </span>
    </p>
   </div>
   <div class='ocr_carea' id='block_1_88' title="bbox 2359 4495 2874 4544">
    <p class='ocr_par' dir='ltr' id='par_1_88' title="bbox 2359 4495 2874 4544">
     <span class='ocr_line' id='line_1_90' title="bbox 2359 4495 2874 4544; baseline 0.023 -11"><span class='ocrx_word' id='word_1_590' title='bbox 2359 4495 2426 4533; x_wconf 68' lang='lat' dir='ltr'><strong>AD</strong></span> <span class='ocrx_word' id='word_1_591' title='bbox 2473 4497 2520 4536; x_wconf 81' lang='grc' dir='ltr'><strong>Β.</strong></span> <span class='ocrx_word' id='word_1_592' title='bbox 2563 4499 2874 4544; x_wconf 70' lang='lat' dir='ltr'><strong>EPISCOPUM.</strong></span> 
     </span>
    </p>
   </div>
   <div class='ocr_carea' id='block_1_89' title="bbox 1827 4553 3408 4658">
    <p class='ocr_par' dir='ltr' id='par_1_89' title="bbox 1827 4553 3408 4658">
     <span class='ocr_line' id='line_1_91' title="bbox 1827 4553 3408 4658; baseline 0.027 -49"><span class='ocrx_word' id='word_1_593' title='bbox 1827 4553 2224 4647; x_wconf 61' lang='lat' dir='ltr'><strong>Ancnnznruu.</strong></span> <span class='ocrx_word' id='word_1_594' title='bbox 2248 4597 2315 4608; x_wconf 90' lang='lat'><strong>—</strong></span> <span class='ocrx_word' id='word_1_595' title='bbox 2345 4568 2563 4627; x_wconf 87' lang='lat' dir='ltr'><strong>Gratias</strong></span> <span class='ocrx_word' id='word_1_596' title='bbox 2613 4578 2724 4647; x_wconf 83' lang='lat' dir='ltr'><strong>agit</strong></span> <span class='ocrx_word' id='word_1_597' title='bbox 2769 4580 2830 4633; x_wconf 91' lang='lat' dir='ltr'><strong>B.</strong></span> <span class='ocrx_word' id='word_1_598' title='bbox 2857 4583 3112 4658; x_wconf 85' lang='lat' dir='ltr'><strong>episcopo</strong></span> <span class='ocrx_word' id='word_1_599' title='bbox 3141 4604 3239 4658; x_wconf 92' lang='lat' dir='ltr'><strong>pro</strong></span> <span class='ocrx_word' id='word_1_600' title='bbox 3267 4593 3408 4651; x_wconf 83' lang='lat' dir='ltr'><strong>elce-</strong></span> 
     </span>
    </p>
   </div>
   <div class='ocr_carea' id='block_1_90' title="bbox 1896 4635 3409 4720">
    <p class='ocr_par' dir='ltr' id='par_1_90' title="bbox 1896 4635 3409 4720">
     <span class='ocr_line' id='line_1_92' title="bbox 1896 4635 3409 4720; baseline 0.025 -38"><span class='ocrx_word' id='word_1_601' title='bbox 1896 4637 2137 4720; x_wconf 78' lang='lat' dir='ltr'><strong>mosynis</strong></span> <span class='ocrx_word' id='word_1_602' title='bbox 2166 4635 2218 4688; x_wconf 92' lang='lat' dir='ltr'><strong>in</strong></span> <span class='ocrx_word' id='word_1_603' title='bbox 2243 4651 2303 4693; x_wconf 89' lang='lat' dir='ltr'><strong>se</strong></span> <span class='ocrx_word' id='word_1_604' title='bbox 2331 4653 2596 4720; x_wconf 85' lang='lat' dir='ltr'><strong>suumque</strong></span> <span class='ocrx_word' id='word_1_605' title='bbox 2613 4635 3409 4720; x_wconf 37' lang='lat' dir='ltr'><strong>ir&#39;ionasteriuin&quot;collatisfxd-</strong></span> 
     </span>
    </p>
   </div>
   <div class='ocr_carea' id='block_1_91' title="bbox 1896 4710 3410 4799">
    <p class='ocr_par' dir='ltr' id='par_1_91' title="bbox 1896 4710 3410 4799">
     <span class='ocr_line' id='line_1_93' title="bbox 1896 4710 3410 4799; baseline 0.026 -47"><span class='ocrx_word' id='word_1_606' title='bbox 1896 4710 2079 4799; x_wconf 38' lang='lat' dir='ltr'><strong>moinet</strong></span> <span class='ocrx_word' id='word_1_607' title='bbox 2111 4711 2336 4799; x_wconf 48' lang='lat' dir='ltr'><strong>tamcn,‘</strong></span> <span class='ocrx_word' id='word_1_608' title='bbox 2363 4719 2419 4763; x_wconf 93' lang='lat' dir='ltr'><strong>ut</strong></span> <span class='ocrx_word' id='word_1_609' title='bbox 2442 4710 2825 4799; x_wconf 65' lang='lat' dir='ltr'><strong>misericordiae</strong></span> <span class='ocrx_word' id='word_1_610' title='bbox 2851 4731 2903 4776; x_wconf 90' lang='lat' dir='ltr'><strong>et</strong></span> <span class='ocrx_word' id='word_1_611' title='bbox 2933 4724 2984 4778; x_wconf 91' lang='lat' dir='ltr'><strong>in</strong></span> <span class='ocrx_word' id='word_1_612' title='bbox 3015 4710 3410 4799; x_wconf 50' lang='lat' dir='ltr'><strong>pauperes-beo</strong></span> 
     </span>
    </p>
   </div>
   <div class='ocr_carea' id='block_1_92' title="bbox 1897 4769 3406 4872">
    <p class='ocr_par' dir='ltr' id='par_1_92' title="bbox 1897 4769 3406 4872">
     <span class='ocr_line' id='line_1_94' title="bbox 1897 4769 3406 4872; baseline 0.026 -51"><span class='ocrx_word' id='word_1_613' title='bbox 2241 4769 2710 4872; x_wconf 51' lang='lat' dir='ltr'><strong>craterasquoqw</strong></span> <span class='ocrx_word' id='word_1_614' title='bbox 2732 4769 2968 4872; x_wconf 70' lang='lat' dir='ltr'><strong>virtutes</strong></span> <span class='ocrx_word' id='word_1_615' title='bbox 3003 4769 3282 4872; x_wconf 48' lang='lat' dir='ltr'><strong>adjuln‘ga‘t:</strong></span> 
     </span>
    </p>
   </div>
   <div class='ocr_carea' id='block_1_93' title="bbox 1894 4841 3407 4936">
    <p class='ocr_par' dir='ltr' id='par_1_93' title="bbox 1894 4841 3407 4936">
     <span class='ocr_line' id='line_1_95' title="bbox 1894 4841 3407 4936; baseline 0.027 -46"><span class='ocrx_word' id='word_1_616' title='bbox 1894 4841 2035 4936; x_wconf 57' lang='lat' dir='ltr'><strong>qu&#39;od</strong></span> <span class='ocrx_word' id='word_1_617' title='bbox 2081 4844 2244 4926; x_wconf 78' lang='lat' dir='ltr'><strong>absit,</strong></span> <span class='ocrx_word' id='word_1_618' title='bbox 2285 4841 2640 4936; x_wconf 49' lang='lat' dir='ltr'><strong>eleemos&#39;yna;</strong></span> <span class='ocrx_word' id='word_1_619' title='bbox 2685 4841 2966 4936; x_wconf 47' lang='lat' dir='ltr'><strong>meritum-</strong></span> <span class='ocrx_word' id='word_1_620' title='bbox 2983 4841 3407 4936; x_wconf 52' lang='lat' dir='ltr'><strong>ﬁéF&#39;Bif’Jéiiiiiﬁ</strong></span> 
     </span>
    </p>
   </div>
   <div class='ocr_carea' id='block_1_94' title="bbox 1893 4909 3412 5013">
    <p class='ocr_par' dir='ltr' id='par_1_94' title="bbox 1893 4909 3412 5013">
     <span class='ocr_line' id='line_1_96' title="bbox 1893 4909 3412 5013; baseline 0.026 -51"><span class='ocrx_word' id='word_1_621' title='bbox 1893 4909 2067 5013; x_wconf 59' lang='lat' dir='ltr'><strong>c‘ulpis</strong></span> <span class='ocrx_word' id='word_1_622' title='bbox 2091 4915 2258 5013; x_wconf 71' lang='lat' dir='ltr'><strong>lvitam</strong></span> <span class='ocrx_word' id='word_1_623' title='bbox 2286 4909 2652 5013; x_wconf 43' lang='lat' dir='ltr'><strong>oblitterétur.‘</strong></span> <span class='ocrx_word' id='word_1_624' title='bbox 2670 4909 2765 4980; x_wconf 30' lang='lat' dir='ltr'><strong>Ad-</strong></span> <span class='ocrx_word' id='word_1_625' title='bbox 2778 4909 3098 5013; x_wconf 27' lang='lat' dir='ltr'><strong>iegtrem&#39;mn</strong></span> <span class='ocrx_word' id='word_1_626' title='bbox 3114 4909 3412 5013; x_wconf 43' lang='lat'><strong>&quot;17635731</strong></span> 
     </span>
    </p>
   </div>
   <div class='ocr_carea' id='block_1_95' title="bbox 1893 4980 3370 5078">
    <p class='ocr_par' dir='ltr' id='par_1_95' title="bbox 1893 4980 3370 5078">
     <span class='ocr_line' id='line_1_97' title="bbox 1893 4980 3370 5078; baseline 0.025 -47"><span class='ocrx_word' id='word_1_627' title='bbox 1893 4980 2027 5037; x_wconf 91' lang='lat' dir='ltr'><strong>duos</strong></span> <span class='ocrx_word' id='word_1_628' title='bbox 2055 4984 2284 5042; x_wconf 88' lang='lat' dir='ltr'><strong>clericos</strong></span> <span class='ocrx_word' id='word_1_629' title='bbox 2314 4989 2382 5044; x_wconf 92' lang='lat' dir='ltr'><strong>ad</strong></span> <span class='ocrx_word' id='word_1_630' title='bbox 2408 4990 2724 5050; x_wconf 88' lang='lat' dir='ltr'><strong>diaconatus</strong></span> <span class='ocrx_word' id='word_1_631' title='bbox 2752 4980 3370 5078; x_wconf 56' lang='lat' dir='ltr'><strong>oid&#39;iiéhi&quot;§¥oxil‘b°v&quot;e&#39;iﬁ</strong></span> 
     </span>
    </p>
   </div>
   <div class='ocr_carea' id='block_1_96' title="bbox 1893 5069 3410 5162">
    <p class='ocr_par' dir='ltr' id='par_1_96' title="bbox 1893 5069 3410 5162">
     <span class='ocr_line' id='line_1_98' title="bbox 1893 5069 3410 5162; baseline 0.024 -38"><span class='ocrx_word' id='word_1_632' title='bbox 1893 5069 2102 5132; x_wconf 88' lang='lat' dir='ltr'><strong>Domno</strong></span> <span class='ocrx_word' id='word_1_633' title='bbox 2126 5075 2187 5130; x_wconf 86' lang='grc' dir='ltr'><strong>Β.</strong></span> <span class='ocrx_word' id='word_1_634' title='bbox 2214 5077 2490 5148; x_wconf 87' lang='lat' dir='ltr'><strong>episcopo,</strong></span> <span class='ocrx_word' id='word_1_635' title='bbox 2522 5083 2738 5142; x_wconf 75' lang='lat' dir='ltr'><strong>Psrnus</strong></span> <span class='ocrx_word' id='word_1_636' title='bbox 2784 5086 3001 5152; x_wconf 81' lang='lat' dir='ltr'><strong>ﬁdelem</strong></span> <span class='ocrx_word' id='word_1_637' title='bbox 3027 5069 3329 5162; x_wconf 79' lang='lat' dir='ltr'><strong>orationem</strong></span> <span class='ocrx_word' id='word_1_638' title='bbox 3356 5107 3410 5162; x_wconf 91' lang='lat' dir='ltr'><strong>in</strong></span> 
     </span>
    </p>
   </div>
   <div class='ocr_carea' id='block_1_97' title="bbox 1819 5159 2056 5220">
    <p class='ocr_par' dir='ltr' id='par_1_97' title="bbox 1819 5159 2056 5220">
     <span class='ocr_line' id='line_1_99' title="bbox 1819 5159 2056 5220; baseline 0.021 -4"><span class='ocrx_word' id='word_1_639' title='bbox 1819 5159 2056 5220; x_wconf 81' lang='lat' dir='ltr'><strong>Christo.</strong></span> 
     </span>
    </p>
   </div>
   <div class='ocr_carea' id='block_1_98' title="bbox 1892 5249 3412 5310">
    <p class='ocr_par' dir='ltr' id='par_1_98' title="bbox 1892 5249 3412 5310">
     <span class='ocr_line' id='line_1_100' title="bbox 1892 5249 3412 5310; baseline 0.003 -5"><span class='ocrx_word' id='word_1_640' title='bbox 1892 5249 2282 5310; x_wconf 78' lang='lat' dir='ltr'><strong>Dilectissime.</strong></span> <span class='ocrx_word' id='word_1_641' title='bbox 2323 5258 2449 5310; x_wconf 91' lang='lat' dir='ltr'><strong>dum</strong></span> <span class='ocrx_word' id='word_1_642' title='bbox 2497 5265 2691 5310; x_wconf 73' lang='grc' dir='ltr'><strong>ρηιιιιιιι</strong></span> <span class='ocrx_word' id='word_1_643' title='bbox 2739 5269 2868 5310; x_wconf 81' lang='lat' dir='ltr'><strong>mihi</strong></span> <span class='ocrx_word' id='word_1_644' title='bbox 2925 5285 3028 5310; x_wconf 61' lang='grc' dir='ltr'><strong>...ω</strong></span> <span class='ocrx_word' id='word_1_645' title='bbox 3072 5280 3412 5310; x_wconf 65' lang='grc' dir='ltr'><strong>ιει---.ε.-.ε-</strong></span> 
     </span>
    </p>
   </div>
  </div>
