3964 5310
495 309 618 385 ’299

1054 325 1113 383 s.
1155 323 1364 380 PETRI
1388 319 1673 377 DAMIANI
1697 319 1847 377 ore.
1874 319 2051 374 PARS
2089 318 2215 374 san
2257 321 2492 379 ronns
2519 321 2560 377 ι.
2597 302 2667 364 '—
2706 321 2920 378 EPIST.
2950 322 3075 378 LIB.
3112 321 3240 378 vm.

3668 329 3774 387 300

516 447 675 508 sime,
706 458 771 499 ne
796 444 1018 505 bonum,
1047 440 1187 509 quod
1223 438 1690 508 eleemosynarum
1726 434 1830 488 tibi
1880 432 2100 501 largitas
2125 455 2173 511 Α
2202 435 2540 503 conspiceres
2580 450 2742 506 quam
2787 434 3087 507 propinqua
3131 445 3215 490 est
3262 451 3437 503 mors,
3483 453 3604 508 qum
3638 458 3777 498 nunc

519 536 766 593 conferre
806 539 1037 603 poterat,
1085 530 1335 583 vitiorum
1384 527 1654 582 incentiva
1676 530 2018 588 consumant,
2042 531 2099 578 et

520 627 803 684 aediﬁcium
830 624 972 693 quod
1001 620 1383 676 misericordiae
1413 631 1575 672 manu
1613 615 1970 679 construitur,
2000 613 2101 668 im-

518 727 675 790 pacto
718 716 955 771 libidinis
1009 714 1179 769 ariete
1226 712 1558 766 destruatur.
1607 707 1698 763 Sic
1745 707 1909 779 igitur
1938 705 2100 767 bona

517 809 651 863 ﬁant
684 815 743 860 ιιι
776 805 858 860 eis
890 820 947 859 se
988 803 1124 857 mala
1159 816 1265 857 non
1307 800 1590 854 misceant.
1641 797 1722 852 Ad
1763 796 1868 852 hoc
1901 794 2100 849 dantur

516 900 659 956 bona
710 895 1024 966 temporalia
1052 934 1068 960 ,
1128 901 1394 963 quatenus
1439 905 1537 961 per
1582 890 1697 943 htec
1747 876 2099 957 acquirautur

506 1001 738 1055 ‘aterna,
767 1003 856 1053 ne,
902 986 1043 1057 quod
1088 985 1255 1049 absit,
1291 985 1345 1038 in
1395 992 1595 1038 statera
1628 980 1860 1035 districti
1895 976 2099 1033 Indicis

517 1083 641 1138 dum
671 1079 893 1151 [malum
924 1087 977 1132 et
1002 1076 1251 1148 avaritia]
1295 1073 1686 1145 praeponderat,
1717 1072 1923 1147 pondus
1970 1069 2096 1125 boni

515 1171 697 1242 operis
726 1170 1027 1223 inanescat.
1055 1167 1191 1233 Quid
1216 1166 1359 1219 enim
1390 1163 1610 1232 prodest
1636 1162 1745 1215 Deo
1776 1159 2098 1229 temporalia

515 1261 656 1316 bona
689 1256 962 1321 conferre,
995 1256 1229 1328 animam
1278 1261 1456 1310 autem
1503 1250 1971 1322 pretiosissimam,
2014 1249 2096 1303 vi-

517 1352 707 1408 delicet
728 1351 1014 1421 pecuniam
1037 1345 1341 1417 denegare?
1368 1344 1570 1400 Cuncta
1602 1344 1855 1398 nimirum
1884 1341 2099 1396 condita
2134 1340 2137 1343 ⁷

514 1443 853 1513 omnipotens
902 1440 1044 1494 Deus
1092 1439 1277 1493 usibus
1330 1437 1607 1490 hominum
1663 1433 1901 1498 tradidit,
1955 1431 2098 1487 solas

516 1546 697 1592 autem
746 1537 956 1588 animas
987 1548 1084 1587 suo
1118 1531 1235 1585 usui
1288 1528 1603 1583 reservavit.
1653 1526 1744 1581 Sic
1782 1540 1929 1595 ergo,
1960 1523 2097 1578 dile-

515 1627 759 1684 ctissime
786 1637 959 1696 pater,
991 1632 1173 1694 satage
1205 1631 1292 1676 tua
1321 1621 1633 1690 impendere
1659 1627 1717 1671 ut
1753 1616 2098 1685 temetipsum

515 1735 729 1791 quoque
761 1719 978 1771 studeas
1000 1716 1277 1770 exhibere.
1308 1711 1426 1767 Tibi
1457 1712 1599 1765 enim
1629 1707 1948 1780 episcopalis
1977 1704 2094 1761 otii-

514 1813 583 1868 cii
619 1812 874 1880 dignitate
909 1808 1160 1864 collatum
1212 1816 1324 1870 est,
1375 1814 1429 1857 ut
1474 1819 1573 1858 nos
1610 1803 1854 1872 juniores
1896 1811 2096 1883 sancta;
2129 1829 2177 1888 Β

514 1892 913 1971 praei'licationis
954 1900 1208 1953 uberibus
1256 1912 1444 1967 pascas
1473 1893 1793 1949 et'laeteolze
1840 1892 2104 1947 teneritu.

514 1993 625 2048 dini
654 1994 859 2048 viscera
906 2001 1164 2044 materna:
1218 1987 1433 2056 pictatis
1479 1987 1777 2056 impendas.
1826 1985 2101 2053 Rogamus

514 2085 696 2154 itaque
735 2083 1082 2138 sanctitatem
1137 2089 1305 2143 luam,
1335 2088 1392 2131 ut
1432 2079 1530 2132 hos
1566 2079 1697 2131 duos
1726 2077 1976 2137 clericus,
2006 2073 2098 2143 qui

514 2192 572 2230 se
604 2191 633 2229 a
673 2188 771 2229 suo
802 2175 1055 2245 episcopo
1099 2171 1373 2225 licentiam
1424 2170 1697 2237 accepisse
1741 2166 2001 2229 fatentur,
2032 2165 2102 2218 ad

514 2269 758 2323 ordinem
804 2267 1123 2320 diaconatus
1165 2271 1511 2333 promoveat,
1559 2270 1612 2315 et
1657 2260 1892 2314 debitam
1940 2258 2101 2325 hujus

515 2361 670 2417 ollicii
716 2360 1179 2417 consecrationem
1215 2357 1402 2427 gratis,
1433 2365 1493 2409 ut
1518 2356 1736 2411 dignum
1764 2363 1865 2419 est,
1900 2353 2101 2407 habere

508 2455 793 2510 decernat.
874 2458 875 2461 “

981 2548 1138 2616 100
1176 2559 1245 2598 ut
1263 2555 1322 2598 Ib
1338 2575 1357 2597 ι
1372 2546 1507 2599 ιωΑ
1548 2541 1632 2596 ιιι.

705 2658 773 2697 ΑΙ)
810 2657 1149 2701 ευΝιΒειιΤυιι
1187 2656 1475 2695 EPISCOPUM
1518 2653 1905 2694 TAURlNlZNSEI.

663 2732 931 2807 (Ilabelur
980 2742 1105 2785 (om.
1147 2728 1261 2790 111,
1306 2741 1479 2800 estque
1528 2731 1581 2783 in
1617 2747 1792 2783 ovusc.
1833 2728 1954 2799 18.)

1074 2822 1406 2878 EPISTOLA
1448 2821 1532 2875 IV.

883 2932 949 2970 ΑΙ)
987 2930 1037 2971 ϐο
1077 2929 1365 2969 EPISCOPUM
1407 2928 1739 2967 AUXlMA-NUM.

516 3009 906 3066 Ancunnurnu.
951 3037 1024 3050 —
1070 3007 1151 3061 Ab
1204 3008 1455 3076 episcopo
1509 3005 1841 3076 Anximano.
1904 3003 2009 3067 cui,
2040 3012 2101 3057 ut

584 3081 769 3135 nmudi
801 3079 958 3146 huius
990 3078 1317 3132 vanitatilms
1347 3077 1589 3131 nuntium
1619 3075 1941 3134 remitteret,
1973 3088 2097 3141 per-

582 3160 848 3215 suaserat,
876 3158 1120 3205 recenter
1154 3148 1447 3216 digressus,
1480 3155 1533 3200 et
1563 3146 1630 3200 ad
1659 3160 1784 3199 suos
1817 3159 2087 3216 reversus,

582 3221 779 3277 multos
810 3214 882 3276 ibi
920 3236 985 3276 ex
1017 3220 1082 3273 iis
1107 3214 1241 3287 quos
1276 3218 1390 3288 ipse
1419 3226 1688 3288 noverat,
1726 3225 1960 3268 mortuus
2006 3214 2091 3267 in-

586 3293 747 3345 vcnit.
783 3290 917 3345 Hinc
948 3290 1109 3360 igitur
1128 3286 1341 3360 sutnpta
1369 3286 1651 3342 occasione
1679 3287 1926 3360 hortatur
1952 3300 2099 3338 cum-

580 3362 701 3416 dem
749 3356 1091 3432 episcopum,
1120 3367 1179 3412 ut
1210 3356 1893 3432 ulterius“conversionem
1921 3370 2095 3432 __suar_n

581 3448 687 3487 non
747 3425 1000 3495 differat,
1064 3445 1163 3484 nec
1225 3444 1285 3482 se
1338 3429 1520 3482 tandiu
1576 3427 1715 3480 male
1774 3425 2098 3479 blandientis

583 3503 780 3558 Oceani
830 3501 1077 3571 procellis
1106 3509 1161 3554 et
1205 3499 1454 3571 ﬂuctibus
1493 3497 1688 3567 jactari
1715 3497 1973 3571 patiatur,
2001 3496 2097 3571 sed

583 3572 650 3627 ad
682 3564 995 3626 monasterii
1024 3582 1237 3639 portum
1284 3564 1515 3622 festinus
1544 3564 1815 3639 accuri'at.
1868 3565 2018 3632 Quod
2049 3564 2095 3620 si

582 3642 793 3707 fecerit,
824 3657 982 3696 onme
1012 3637 1083 3694 illi
1118 3657 1272 3694 suum
1297 3641 1556 3702 studium,
1581 3637 1901 3706 obsequium
1934 3639 2094 3690 bene-

581 3715 980 3782 volentiamque
1026 3711 1339 3780 pollicetur;
1394 3710 1475 3763 sin
1504 3709 1696 3782 minus
1735 3708 1932 3782 habere
1970 3720 2096 3782 eum

582 3784 683 3840 sibi
720 3801 807 3839 res
852 3778 979 3838 suas
1020 3778 1195 3853 jubet,
1242 3797 1338 3835 nec
1387 3781 1677 3853 quidquam
1727 3778 1829 3833 sibi
1872 3779 2098 3847 posthac

582 3872 703 3911 cum
737 3855 825 3908 illo
853 3852 1053 3925 negotii
1090 3852 1204 3906 fore
1236 3852 1535 3906 denuntiat.

583 3947 788 4000 Domuo
841 3945 905 4000 G.
955 3943 1404 3998 reverendissimo
1468 3943 1757 3996 Auxmmo
1807 3939 2096 4010 episcopo,

512 4037 727 4092 Parens
754 4034 1014 4104 quidquid
1044 4049 1253 4099 servus,
1280 4043 1330 4088 et
1360 4032 1521 4086 ﬁlius.

584 4124 961 4189 Dilectissime,
990 4134 1272 4193 postquam
1303 4139 1330 4175 a
1363 4122 1514 4176 vobis
1544 4121 1792 4185 discessi,
1813 4119 2096 4189 quamplu-

504 4214 600 4273 rcs
631 4218 880 4272 homines
923 4214 1205 4269 defunctos
1247 4229 1366 4270 esse
1402 4215 1453 4268 in
1488 4214 1688 4269 nostris
1731 4214 1976 4283 partibus
2008 4229 2098 4268 re-

512 4311 647 4382 peri.
681 4308 835 4365 Unde
864 4308 929 4359 ad
955 4321 1051 4359 vos
1082 4320 1293 4375 quoque
1322 4305 1517 4359 mentis
1546 4304 1759 4358 oculum
1791 4302 2095 4366 reﬂectens,

516 4401 664 4456 valde
704 4397 1025 4469 perterritus
1064 4411 1204 4459 sum,
1248 4409 1314 4450 ne
1345 4394 1516 4457 vobis,
1547 4394 1689 4464 quod
1722 4394 1888 4457 absit,
1921 4393 2097 4448 simile

511 4492 637 4562 quid
686 4489 1038 4559 contingeret,
1079 4495 1133 4540 et
1165 4502 1249 4540 me
1288 4494 1365 4543 tot
1393 4501 1490 4555 per
1529 4484 1775 4539 inducias
1810 4499 1971 4553 super
2019 4484 2097 4537 iu-

2201 526 2294 583 tibi
2330 535 2451 597 post
2478 536 2689 600 tergum
2714 530 2773 584 in
2804 529 3015 586 insidiis
3046 532 3243 598 latitat,
3267 534 3473 604 absque
3508 552 3658 591 mora
3690 555 3774 594 re-

2200 618 2472 688 linqueres
2512 622 2772 692 quidquid
2827 622 2917 676 tibi
2967 624 3198 679 mundus
3246 627 3485 681 arridet:
3520 629 3777 699 quidquid

2200 711 2295 767 tibi
2328 712 2608 782 deceptrix
2638 713 2752 767 haec
2786 713 2893 767 vita
2925 714 3210 769 demulcet.
3265 717 3372 770 Sed
3409 718 3777 788 imprudenter

2150 842 2153 845 -
2199 816 2317 872 ago,
2353 803 2405 857 si-
2427 803 2720 857 doctiorem
2754 819 2839 859 me
2865 804 3057 859 docere
3101 822 3389 875 praasumo.
3421 808 3598 865 Unum
3638 812 3775 879 dico,

2198 904 2353 964 pater
2400 894 2495 959 mi,
2544 909 2642 948 nec
2692 894 2982 961 irascaris,
3030 912 3072 953 si
3111 900 3351 954 converti
3397 901 3652 969 volueris,
3699 921 3779 960 me

2199 999 2437 1050 servum,
2460 1002 2545 1040 me
2568 985 2757 1052 tilium,
2785 1002 2869 1042 me
2888 988 3207 1045 vilissimum
3232 989 3515 1055 famulum,
3541 996 3777 1064 quandiu

2199 1080 2421 1147 vixeris,
2447 1079 2547 1134 sub
2572 1079 2796 1149 pedibus
2823 1081 2929 1137 tuis
2961 1097 3174 1153 seraper
3196 1085 3422 1152 habeto;
3465 1089 3550 1142 sin
3579 1100 3779 1153 autent,

2200 1183 2538 1238 nequaquam
2568 1178 2744 1225 tecum
2774 1170 3000 1227 ulterius
3023 1173 3292 1244 colligam,
3322 1190 3411 1241 ne,
3442 1180 3587 1246 quod
3615 1180 3776 1244 absit,

2141 1319 2146 1325 π
2200 1273 2231 1313 a
2255 1257 2366 1313 Deo
2405 1272 2525 1314 meo
2556 1260 2882 1323 dissentiens
2924 1271 3207 1339 spargam;
3250 1280 3358 1330 nec
3390 1283 3644 1337 ,unquam
3672 1273 3785 1327 volo

2200 1348 2358 1403 alicui
2401 1350 2457 1403 in
2492 1365 2677 1404 amore
2715 1362 2834 1406 esse
2862 1353 3183 1422 coniunctus
3210 1355 3302 1425 qui
3334 1370 3362 1409 a
3394 1357 3578 1413 divina
3625 1359 3785 1418 fuerit

2202 1441 2460 1497 societate
2485 1442 2710 1498 divisus.

2688 1555 2842 1628 ιοι
2886 1554 3218 1615 EPISTOLA
3261 1559 3305 1616 v

2695 1661 2767 1702 AD
2803 1663 2858 1704 ς.
2877 1686 2894 1702 ο
2923 1688 2939 1703 .
2976 1663 3289 1709 1918001⁵01-

2200 1736 2596 1794 Anconam“.
2626 1768 2697 1781 --
2724 1738 3042 1796 Terribilem
3090 1742 3237 1797 illum
3285 1753 3342 1799 et
3390 1743 3787 1803 fonnidandum

2275 1809 2596 1864 mortalibus
2630 1810 2922 1889 diein,_quo
2952 1812 3260 1889 universum
3285 1830 3457 1889 genus
3484 1816 3786 1873 humanum

2276 1889 2401 1962 ante
2424 1880 2667 1962 supremi
2698 1880 2914 1962 _Jud_icis
2963 1883 3220 1962 tribunal,
3274 1880 3332 1939 ιῖι
3382 1888 3787 1943 exactissimam

2281 1951 2401 2004 vitae
2422 1951 2475 2004 in
2498 1950 2600 2005 hac
2641 1950 2983 2006 miseriarum
3032 1953 3168 2007 valle
3210 1964 3499 2012 transacta:
3524 1959 3790 2013 rationem

2275 2021 2485 2095 reddat,
2518 2021 2673 2095 quasi
2695 2036 2861 2095 arena
2889 2025 3054 2095 maris
3081 2028 3518 2095 congregabitur,
3545 2028 3789 2084 luculen-

2277 2100 2363 2145 ter
2380 2092 2753 2169 _describ_it,_et
2780 2093 2927 2147 velut
2974 2094 3027 2147 in
3072 2092 3388 2169 pictura'G.
3436 2099 3681 2169 episcopi
3729 2100 3792 2155 ob

2171 2161 2175 2165 ’
2274 2160 2459 2241 oculos
2486 2163 2653 2241 ponit.
2679 2163 2938 2241 Hortatur
2967 2172 3023 2218 ut
3051 2160 3289 2241 ejusdem
3310 2160 3550 2241 speciem
3578 2160 3644 2224 et
3662 2171 3789 2229 inta-

2275 2232 2454 2313 ginem
2475 2234 2671 2313 mentis
2697 2233 2869 2313 oculis
2915 2232 3451 2313 taliquant__pra:setts
3495 2240 3792 2305 intueatur,

2276 2312 2449 2378 etsuo
2483 2304 3046 2378 animo‘iusidentem
3100 2304 3265 2378 nullo
3304 2324 3543 2378 unquam
3598 2304 3793 2366 fucata:

2275 2372 2435 2447 hujus
2463 2373 2647 2447 mundi
2678 2372 2953 2430 felicitatis
2980 2386 3204 2433 asoectu
3234 2372 3524 2446 diutoieri,
3566 2392 3667 2436 aut
3718 2383 3793 2436 di-

2276 2443 2397 2497 velli
2434 2445 2695 2514 patiatur.

2262 2554 2470 2610 Domuo
2490 2555 2556 2611 G.
2574 2558 3031 2616 reverendissimo
3051 2561 3326 2624 eoiscooo.
3355 2562 3577 2622 Parens
3602 2568 3794 2625 debita:

2205 2648 2486 2704 servitutis
2518 2650 2859 2718 obsequium.

2276 2740 2633 2796 Dilectissime
2663 2749 2817 2810 pater
2836 2750 2893 2797 et
2912 2740 3154 2809 domine,
3182 2748 3326 2801 nunc
3350 2747 3478 2802 dum
3506 2748 3614 2805 tibi
3638 2765 3793 2807 mlu-

2196 2831 2303 2885 dus
2332 2831 2558 2895 arridet,
2591 2832 2719 2886 dum
2749 2832 2931 2888 carnis
2949 2833 3157 2891 sanitas
3181 2834 3376 2901 fervet,
3407 2838 3537 2901 dum
3568 2855 3792 2910 prosper

2194 2923 2338 2977 ritas
2365 2930 2579 2977 ternum
2606 2921 2896 2987 demulcet,
2927 2939 3047 2993 qua
3074 2934 3197 2994 post
3220 2927 3327 2982 ista
3352 2941 3666 2998 sequuntur
3692 2945 3785 2986 ox-

2198 3019 2403 3085 cogita.
2424 3024 2479 3070 et
2517 3016 2629 3086 jam
2657 3016 2812 3085 quasi
2860 3017 3174 3082 transactis,
3230 3034 3352 3089 quae
3396 3031 3605 3090 praesto
3652 3029 3794 3089 sunt,

2204 3107 2334 3165 illud
2363 3108 2651 3179 prudentia
2673 3119 2852 3164 vestra
2879 3109 3111 3165 solerter
3131 3114 3423 3181 examinet,
3468 3131 3597 3185 qua:
3656 3132 3794 3187 pra:-

2119 3197 2164 3258 C
2194 3200 2441 3256 sentibus
2467 3200 2650 3255 futura
2690 3202 3004 3257 succedant.
3044 3203 3392 3276 Quaecunque
3432 3222 3571 3279 ergo
3618 3219 3795 3265 trans-

2196 3292 2361 3346 itoria
2389 3300 2535 3360 sunt,
2558 3292 2737 3350 altiori
2776 3294 3008 3350 consilio
3031 3294 3145 3365 jam
3204 3297 3466 3354 transisse
3495 3300 3796 3366 decernite,

2198 3385 2426 3440 etvetut
2472 3383 2830 3440 ludifaotoriaa
2874 3384 3143 3442 illusionis
3178 3387 3463 3444 somnium
3517 3389 3793 3460 deputate.

2192 3473 2329 3531 ιιιυο
2356 3490 2510 3530 mens
2538 3484 2716 3530 vestra
2749 3485 3016 3541 recurrat,
3048 3476 3175 3532 illuc
3205 3477 3464 3533 sollicitos
3523 3480 3793 3537 acuminis

2197 3567 2284 3623 sui
2312 3567 2498 3622 oculos
2515 3567 2734 3639 dirigat,
2756 3568 2900 3637 quod
2922 3577 3209 3638 postquam
3235 3570 3528 3641 contigerit
3554 3574 3789 3631 transire

2196 3674 2308 3714 non
2346 3660 2516 3717 novit.
2569 3658 2891 3714 Terribilem
2928 3675 3145 3730 quoque
3190 3660 3363 3715 uitimi
3403 3660 3602 3729 iudicii
3658 3666 3798 3719 diem

2195 3754 2306 3825 jam
2341 3753 2395 3807 in
2423 3760 2743 3823 conspectus
2773 3751 2939 3806 vestri
2960 3753 3249 3823 prtesentia
3278 3754 3484 3824 ponite,
3513 3764 3572 3811 et
3610 3771 3796 3827 repet

2196 3848 2373 3901 tinum
2398 3853 2559 3900 tanta:
2587 3843 2883 3913 maiestatis
2901 3847 3198 3899 adventum
3239 3844 3584 3902 tremefactis
3632 3847 3799 3903 visce-

2198 3938 2350 3992 ribus
2380 3944 2701 4001 retractatu,
2723 3951 2823 3991 nec
2848 3934 3004 3990 illum
3037 3937 3181 3991 diem
3211 3937 3417 4007 putetis
3436 3951 3562 3994 esse
3586 3939 3796 4009 longin-

2199 4046 2388 4102 quum,
2412 4044 2569 4100 quem
2588 4030 2848 4100 propheta
2869 4038 3021 4084 tanto
3043 4038 3171 4086 ante
3189 4045 3291 4086 nos
3315 4030 3518 4087 saculo
3532 4032 3797 4099 vicinum,

2192 4130 2256 4178 et
2285 4121 2565 4190 velutjam
2617 4130 2764 4175 esset
2812 4122 2867 4174 in
2917 4120 3106 4176 limine
3155 4121 3512 4190 prmdieabat,
3563 4122 3793 4180 dicens:

2206 4232 2226 4266 ι
2258 4214 2419 4268 Juxta
2457 4223 2541 4269 est
2568 4214 2682 4268 dies
2722 4212 2935 4267 Domini
2974 4228 3235 4283 magnus;
3280 4213 3437 4282 juxta
3458 4223 3569 4281 est,
3606 4227 3667 4271 et
3707 4229 3800 4272 vo-

2188 4306 2285 4360 lox
2315 4306 2507 4368 nimis;
2539 4319 2641 4357 vox
2672 4304 2777 4358 diei
2816 4304 3026 4358 Domini
3059 4320 3243 4359 amara
3275 4344 3290 4368 ,
3324 4304 3684 4362 tribulabitur
3726 4306 3799 4362 ibi

2198 4396 2373 4451 fortis.
2407 4397 2532 4450 Dies
2561 4396 2677 4461 iras,
2701 4397 2817 4451 dies
2847 4395 2957 4460 illa,
2988 4396 3104 4451 dies
3132 4394 3500 4453 tribulationis
3538 4407 3598 4453 et
3624 4413 3797 4470 angu-

2203 4487 2346 4550 Stite,
2378 4486 2493 4540 dies
2527 4485 2854 4540 calamitatis
2878 4495 2934 4540 et
2957 4485 3222 4552 miserim;
3273 4488 3392 4544 dies
3444 4489 3797 4551 tenebrarum

509 4585 699 4640 ducias
722 4581 1096 4655 protelantem,
1124 4578 1305 4633 divina
1336 4577 1602 4633 sententia
1626 4591 1696 4631 ex
1722 4576 1896 4631 aliena
1927 4585 2098 4631 morte
2130 4563 2176 4622 Ι)
2202 4588 2259 4633 et
2283 4576 2558 4647 caliginis;
2613 4577 2728 4643 dies
2756 4576 2963 4632 nebulae
2984 4586 3042 4630 et
3063 4576 3319 4642 turbinis,
3371 4577 3490 4633 dies
3545 4579 3694 4634 tuba:
3739 4586 3797 4633 et

510 4677 810 4733 damnaret.
845 4672 1187 4742 Quapropter
1213 4669 1439 4724 obsecro
1468 4679 1540 4732 te,
1571 4669 1891 4723 charissime
1920 4678 2094 4739 pater,

510 4782 609 4837 per
642 4765 1069 4835 omnipotentem
1097 4759 1303 4825 desum,
1333 4777 1428 4831 per
1457 4770 1675 4816 sanctos
1714 4760 1930 4831 angelos
1954 4761 2093 4830 ejus,

510 4874 606 4928 per
634 4858 888 4912 thronum
928 4853 1225 4924 majestatis
1254 4850 1370 4920 ejus
1401 4853 1637 4923 igneum,
1670 4853 1722 4906 iu
1748 4868 1856 4921 quo
1876 4851 2090 4920 judica-

510 4957 667 5003 turus
694 4956 778 5001 est
801 4947 952 5000 vivos
973 4953 1029 5000 et
1054 4951 1313 5011 mortuos,
1348 4959 1413 4998 ne
1444 4943 1785 5014 temetipsum
1830 4942 2089 5011 decipias,

510 5052 576 5092 ne
606 5037 830 5091 ulterius
875 5034 1112 5103 diﬂ‘eras,
1137 5049 1204 5090 ne
1235 5034 1422 5090 salutis
1454 5043 1561 5089 tuae
1594 5033 1888 5089 remedium
1917 5033 1981 5086 de
2009 5032 2094 5088 die

2000 5125 2093 5164 and

511 5130 563 5164 in
607 5128 748 5164 diam
780 5128 1227 5164 nrmroclinonrln
1279 5129 1511 5164 nni-nam
1547 5137 1690 5164 lnam
1726 5126 1949 5164 multum:

2204 4668 2472 4738 clangoris
2501 4665 2760 4738 (Sophon.
2790 4667 2851 4738 ι).
2884 4686 2902 4720 ι
2935 4666 3132 4733 Pansa,
3187 4667 3563 4735 dilectissime,
3612 4680 3797 4725 extu-

2190 4777 2347 4815 vmum
2374 4761 2516 4816 diem
2540 4762 2728 4831 judicii
2751 4775 2915 4830 super
2941 4762 3105 4816 corda
3124 4764 3502 4833 reprobamus,
3546 4779 3661 4835 qua
3708 4777 3799 4818 as-

2199 4852 2429 4922 peritate
2460 4853 2721 4922 propheta
2754 4852 2885 4907 vidit
2905 4867 3267 4917 amaresoere,
3296 4867 3459 4923 quem
3484 4861 3571 4910 tot
3596 4853 3787 4924 appel-

2198 4943 2490 5000 lationibus
2515 4959 2625 4997 non
2658 4943 2826 4998 valuit
2854 4943 3147 5014 explicare.
3179 4944 3491 5008 Enimvero,
3524 4955 3585 5000 ut
3617 4955 3795 5001 taeen-

2200 5045 2321 5088 mus
2347 5046 2492 5086 nunc
2535 5032 2603 5086 de
2651 5031 2758 5086 illis
2804 5046 3078 5102 nunquam
3131 5032 3382 5090 ﬁniendis
3429 5035 3795 5092 damnationis

2208 5131 2425 5164 alterum
2453 5120 2749 5164 ennuliniis-
2802 5122 3178 5164 tantummmln
3203 5122 3249 5164 ni
3276 5121 3429 5164 mlum
3476 5124 3570 5164 illa
3617 5126 3789 5164 ιιιιίαιί
