3964 5310
167 241 277 295 501

1356 232 1558 288 LIBER
1595 233 1946 302 QUARTUS,
1988 235 2204 292 EPIST.
2248 238 2316 294 ν.

3341 246 3450 304 502

169 354 398 427 (Matth.
431 348 605 419 utv).
637 365 655 398 ι
693 345 844 414 Quis,
873 344 1112 414 inquam,
1138 360 1242 399 non
1273 357 1612 414 expavescat.
1637 361 1757 399 cum
1790 357 1836 412 Α
1866 348 2073 400 venerit
2102 347 2252 401 furor
2289 349 2425 418 ejus.
2457 349 2563 405 Sed
2589 362 2640 405 et
2667 351 2958 410 Malachias
2999 359 3262 428 propheta
3311 377 3445 417 con.

168 447 368 502 eadem
407 441 623 496 Veritas
660 439 839 493 dicat:
893 455 911 488 ι
941 437 1080 503 Quia
1127 437 1207 491 sol
1259 436 1636 490 obscurabitur
1660 475 1675 499 ,
1707 446 1763 491 et

166 539 304 592 luna
333 550 442 590 non
459 535 609 588 dabit
626 533 801 585 lumen
828 545 1007 592 suum,
1025 539 1078 584 et
1099 530 1271 583 stellae
1291 529 1484 583 cadent
1508 529 1574 583 de
1597 530 1756 594 coelo,

171 631 516 694 viriumque
555 622 814 676 calorum
857 622 1217 674 movebuntur
1245 619 1454 688 (lbid.).
1497 637 1516 670 ι
1551 621 1622 673 De
1651 635 1760 689 quo

168 723 337 778 etiam
376 717 574 771 Petrus
622 715 696 768 ait
731 731 744 768 :
781 733 798 764 ι
846 713 1107 767 Adveniet
1127 721 1308 772 autem
1335 713 1450 766 dies
1479 713 1620 767 sicut
1650 713 1757 779 fur,

167 811 226 865 in
247 826 358 879 quo
385 805 510 862 σωιί
539 820 733 876 magno
756 804 957 872 impetu
989 803 1276 864 transient,
1317 801 1582 856 elementa
1629 817 1759 858 vero

166 903 353 958 calore
387 899 667 954 solventur
690 896 775 965 (ll
801 895 944 949 Patr.
968 895 1091 964 ut);
1123 913 1142 945 ι
1173 895 1328 964 102
1361 904 1414 948 et
1451 894 1649 948 iterum
1679 897 1760 950 di-

167 997 244 1048 cit
277 1009 340 1044 :4
362 990 502 1046 (ΣωΙί
531 999 734 1051 autem,
791 987 882 1056 qui
913 1003 1058 1040 nunc
1100 996 1244 1048 sunt,
1295 996 1351 1039 ct
1381 994 1524 1040 terra
1567 988 1758 1042 eodem

168 1083 335 1137 verbo
368 1081 593 1149 repositi
619 1087 766 1142 sunt,
807 1079 931 1145 igne
959 1079 1218 1132 reservati
1246 1081 1297 1132 in
1325 1080 1466 1134 diem
1484 1079 1671 1148 judicii
1701 1088 1758 1135 et

167 1175 495 1246 perditionis
544 1174 832 1242 impiorum
881 1170 1156 1225 hominum
1207 1169 1417 1240 (Ibid).
1447 1189 1466 1221 ι
1507 1171 1644 1224 {line
1703 1181 1758 1225 et

163 1263 331 1319 ludas
355 1261 637 1333 apostolus
661 1262 737 1314 ait
765 1279 776 1314 :
811 1277 831 1310 ι
859 1261 1018 1322 Ecce,
1053 1260 1244 1330 inquit,
1290 1260 1465 1313 veniet
1496 1260 1757 1316 Dominus

167 1358 218 1410 in
242 1355 454 1410 sanctis
507 1353 743 1408 millibus
797 1350 978 1406 facere
1013 1351 1277 1418 judicium
1325 1360 1512 1405 contra
1543 1366 1753 1416 omnes,

163 1449 496 1516 redarguere
525 1459 718 1499 omines
745 1444 940 1512 impios
973 1443 1040 1497 de
1061 1443 1316 1496 euntibus
1368 1445 1622 1512 operibus
1651 1444 1755 1497 ini-

161 1538 385 1607 pietatis
410 1551 626 1598 eorum,
652 1535 848 1602 quibus
871 1533 1034 1602 impie
1053 1543 1302 1603 egerunt,
1330 1543 1387 1588 et
1413 1535 1479 1590 de
1503 1535 1755 1589 omnibus

160 1629 335 1692 duris,
359 1643 489 1696 qua:
505 1626 672 1681 locuti
699 1634 826 1679 sunt
854 1635 1044 1680 contra
1065 1639 1191 1678 eum
1243 1635 1560 1694 peccatores
1601 1626 1751 1695 impii

1864 454 1995 492 sana
2031 440 2116 494 his
2155 440 2393 509 loquitur
2418 483 2432 505 ,
2489 445 2675 502 dicens
2707 463 2719 498 :
2749 465 2767 506 ι
2803 448 2939 502 Ecce
2996 451 3142 506 venit
3191 453 3450 510 Dominus

1863 530 2222 598 eiunipotens,
2253 541 2309 586 et
2336 533 2456 600 quis
2485 535 2774 590 sustinebit
2797 537 2938 598 diem
2987 540 3248 602 adventus
3290 544 3450 613 ejus!

1860 619 2118 686 Autquis
2169 623 2403 688 portabit
2447 635 2793 693 con8pectum
2847 627 2983 695 ejus,
3039 632 3294 698 quoniam
3323 634 3453 704 ipse

1862 714 2193 783 ingredietur
2219 717 2392 785 ignem
2423 719 2798 784 conflawrum,
2823 730 2878 775 et
2914 723 3054 780 sicut
3097 725 3304 794 paleam
3349 744 3449 786 ve.

1861 809 2084 863 lantiunt
2117 811 2180 882 [Ῑ.
2209 811 2630 884 ventilantinm],
2657 823 2713 868 et
2740 814 2945 872 sedebit
2971 816 3222 880 conflatis,
3247 829 3306 882 et
3326 835 3426 889 pur

1858 917 1994 972 gans
2021 902 2157 956 sicut
2184 918 2396 966 aurum,
2428 904 2632 957 etsicut
2662 908 2977 974 argentum?
3005 907 3261 975 (Maladt.
3290 913 3396 980 ιιι.)
3423 931 3442 964 ι

1859 991 1928 1046 Et
1975 992 2169 1046 iterum
2197 992 2329 1048 dicit
2356 1009 2371 1045 :
2399 1012 2417 1042 ‹
2453 993 2593 1048 Ecce
2623 995 2736 1048 dies
2768 994 2976 1058 Domini
3018 998 3191 1052 veniet
3245 1002 3444 1057 ardens

1861 1092 1916 1136 ut
1942 1082 2186 1136 clibanus
2223 1091 2280 1136 ut
2320 1093 2441 1136 urat
2473 1082 2536 1154 [f.
2561 1092 2613 1136 et
2641 1084 2782 1156 uret]
2814 1101 2925 1146 eos,
2967 1096 3024 1142 et
3052 1100 3214 1143 erunt
3255 1107 3447 1150 nunties

1859 1171 2051 1233 alieni,
2100 1183 2157 1224 et
2213 1188 2401 1228 omnes
2440 1173 2531 1241 qui
2597 1172 2803 1228 faciunt
2847 1176 3182 1244 iniquitatem
3241 1192 3299 1238 ut
3344 1185 3446 1238 sti-

1857 1262 2036 1332 pulam
2101 1264 2352 1322 incendet
2409 1280 2503 1319 eos
2565 1264 2680 1320 dies
2739 1265 2825 1319 illa
2858 1306 2873 1331 ,
2927 1284 3029 1336 qua
3088 1273 3306 1337 veniet,
3367 1276 3448 1329 di-

1857 1352 1933 1406 cit
1989 1352 2245 1406 Dominus
2279 1355 2616 1424 omnipotens
2648 1395 2661 1420 ,
2707 1372 2817 1412 non
2875 1356 3210 1427 relinquetur
3242 1363 3396 1418 radix
3425 1401 3447 1431 ,

1857 1457 2032 1511 neque
2055 1443 2257 1512 palmes
2289 1443 2544 1513 (Malaclt.
2575 1446 2674 1514 tv).
2700 1463 2720 1497 ι
2741 1447 2893 1501 Alius
2921 1462 3048 1503 vero
3069 1450 3150 1503 vir
3167 1451 3324 1523 103
3354 1455 3446 1508 de.

1859 1534 2180 1590 sideriorum
2220 1535 2292 1588 ita
2321 1535 2488 1589 dicit:
2547 1555 2564 1586 ι
2593 1536 2804 1600 Etecce
2849 1538 3119 1605 videbam,
3165 1551 3221 1596 et
3267 1543 3446 1600 throni

1859 1625 2017 1692 positi
2047 1633 2194 1689 sunt,
2227 1633 2281 1678 et
2327 1625 2599 1694 Antiquus
2649 1628 2859 1680 dierum
2909 1630 3150 1693 sedebat,
3191 1641 3246 1685 et
3290 1633 3450 1690 indu-

161 1720 314 1791 (Jud.
347 1723 413 1791 ι).
451 1739 470 1772 ι
506 1717 552 1774 0
583 1719 626 1774 si
650 1718 702 1771 in
729 1717 915 1786 palato
938 1717 1118 1772 cordis
1147 1717 1318 1770 nostri
1344 1733 1538 1787 sapere
1584 1719 1756 1786 possit
1784 1708 1832 1770 Β
1861 1726 2100 1772 mentum
2123 1717 2239 1785 ejus
2278 1718 2414 1779 sicut
2445 1721 2534 1772 nix
2563 1721 2873 1783 munditiam,
2919 1733 2973 1777 et
3026 1705 3203 1793 capilli
3251 1729 3448 1797 capitis

160 1825 377 1886 quantm
411 1813 795 1868 amaritudinis
824 1821 926 1877 est,
955 1813 1098 1882 quod
1120 1827 1216 1882 per
1244 1812 1508 1868 Joannem
1538 1814 1753 1868 dicitur:

161 1925 183 1956 ι
217 1906 360 1960 Ecce
399 1905 696 1960 venitcqu
725 1903 985 1968 nubibus,
1041 1912 1097 1957 et
1142 1903 1348 1958 videbit
1403 1917 1525 1956 cum
1580 1904 1758 1958 omnis

159 1999 372 2062 oculus,
410 2005 468 2050 et
501 1996 593 2067 qui
625 2010 750 2049 eum
789 2003 1152 2065 pupugerunt,
1191 2001 1247 2047 et
1297 1992 1552 2062 plangant
1573 2009 1636 2048 se
1667 2010 1758 2048 suo

157 2106 255 2160 per
273 2105 472 2145 otnnes
507 2090 682 2144 tribus
706 2098 862 2144 terra:
897 2087 1080 2157 (Apoc.
1111 2088 1174 2158 ι).
1206 2107 1224 2139 ι
1269 2087 1420 2142 Tunc
1461 2087 1758 2142 dissolven-

160 2191 245 2236 tur
274 2197 440 2236 nentes
461 2196 654 2235 eorum
695 2179 985 2244 formidine
1007 2179 1100 2247 qui
1134 2179 1294 2233 modo
1345 2195 1452 2232 non
1513 2179 1706 2233 timent
1735 2193 1753 2244 ;

160 2285 287 2329 more
342 2274 698 2344 replebimtnr
752 2273 962 2327 viscera
1013 2287 1201 2325 eorum
1249 2272 1627 2325 amaritudine
1661 2272 1754 2341 qui

161 2367 321 2420 modo
345 2367 395 2418 in
425 2364 659 2420 carnalis
689 2363 951 2417 illecebraz
975 2362 1340 2432 voluptatibus
1386 2363 1621 2416 molliter
1666 2361 1755 2429 ja-

159 2466 302 2511 ceat.
345 2455 500 2510 Tunc
537 2455 686 2510 enim
731 2452 1058 2520 sanguineas
1092 2451 1364 2521 lacrymas
1415 2451 1754 2507 effundentcs

1863 1810 1979 1878 ejus
2006 1813 2144 1864 sicut
2181 1811 2304 1864 lana
2335 1813 2533 1865 umnda
2589 1809 2752 1883 (Dan.
2807 1829 2923 1880 vn).
2955 1835 2973 1866 ι
3032 1816 3279 1873 Thronus
3325 1820 3446 1887 ejus

1863 1903 2000 1972 ignis
2029 1918 2286 1968 exurens,
2339 1903 2530 1958 fluvius
2572 1905 2709 1972 ignis
2745 1906 2998 1962 currebat
3043 1919 3171 1965 ante
3222 1911 3442 1980 ipsum,

1854 1993 2116 2063 judicium
2149 1994 2446 2054 constituit,
2486 2004 2536 2046 et
2587 1995 2706 2049 libri
2755 1998 2924 2065 aperti
2959 2007 3103 2056 sunt.
3157 1999 3224 2054 Et
3284 2003 3444 2072 paulo

1859 2094 1980 2154 post
2005 2102 2018 2138 :
2059 2105 2076 2135 ε
2103 2084 2166 2138 Ει
2194 2085 2321 2149 vidi,
2348 2086 2538 2156 inquit,
2577 2087 2628 2140 in
2658 2088 2777 2142 visu
2797 2089 2992 2154 noctis,
3015 2098 3069 2144 et
3089 2105 3215 2148 ecce
3241 2093 3294 2148 in
3346 2111 3449 2149 nu-

1859 2178 2016 2232 bibus
2040 2177 2159 2232 coeli
2195 2178 2334 2233 filius
2364 2178 2598 2233 hominis
2627 2180 2896 2245 veniebat,
2926 2192 2980 2236 et
3001 2198 3176 2254 usque
3223 2187 3290 2241 ad
3336 2186 3443 2242 Ve-

1859 2277 2068 2324 tustum
2088 2271 2294 2324 dierum
2326 2273 2592 2340 pervenit,
2619 2282 2674 2326 et
2701 2272 2752 2325 in
2776 2284 3068 2343 conspectu
3089 2273 3207 2346 ejus
3230 2279 3445 2338 oblatus

1857 2372 1957 2421 est,
1988 2373 2040 2414 et
2067 2362 2164 2432 ipsi
2199 2363 2354 2416 datus
2393 2371 2476 2417 est
2537 2363 2889 2433 principatus,
2931 2375 2984 2419 et
3032 2366 3224 2433 honor,
3257 2380 3312 2427 et
3352 2388 3441 2428 re-

1855 2470 2052 2522 gnum;
2079 2464 2132 2508 et
2153 2469 2342 2509 onmes
2368 2454 2567 2525 populi,
2606 2455 2778 2510 tribus
2822 2466 2877 2511 et
2926 2457 3120 2530 lingua:
3169 2461 3272 2532 ipsi
3328 2480 3445 2520 ser-

159 2548 423 2618 incipient
449 2547 632 2602 dicere
659 2544 932 2598 montibus
971 2561 985 2596 :
1035 2542 1264 2597 «Cadite
1292 2558 1604 2611 supernos;
1637 2563 1655 2593 ι
1699 2552 1754 2597 ct
1809 2535 2031 2608 \vient;
2066 2556 2120 2599 et
2155 2554 2396 2614 potestas
2445 2545 2562 2613 ejus
2597 2555 2838 2615 potestas
2892 2559 3117 2618 aeterna,
3170 2568 3291 2622 quae
3334 2571 3443 2614 non

161 2641 389 2698 collibus
416 2658 433 2694 :
459 2660 479 2692 ι
514 2637 735 2710 Operite
755 2652 852 2692 nos
873 2635 1054 2706 (Apoc.
1088 2649 1137 2688 vr
1164 2652 1178 2702 ;
1208 2633 1339 2688 Luc.
1367 2636 1544 2702 uin).
1586 2653 1603 2684 ι

229 2735 386 2798 Tunc
413 2734 556 2789 enim
590 2747 702 2787 non
741 2739 827 2786 est
860 2744 1134 2799 quoquam
1158 2727 1473 2797 confugere,
1523 2744 1627 2782 nou
1666 2737 1752 2783 est

159 2825 442 2880 latibulum
478 2825 567 2888 ubi
613 2839 673 2879 se
706 2823 992 2892 quisquam
1019 2823 1195 2876 valeat
1231 2821 1525 2876 occultare.
1579 2819 1752 2875 Nimi-

160 2935 276 2973 rum
312 2933 437 2973 cum
478 2926 534 2971 et
557 2915 752 2971 inferni
785 2926 956 2986 portae
977 2915 1310 2984 panduntur.
1341 2929 1488 2969 mors
1528 2913 1748 2968 inimica

159 3011 500 3074 destruitur,
559 3009 732 3079 pulvis
768 3009 859 3079 qui
914 3017 1233 3078 putruerat,
1281 3007 1331 3060 id
1376 3015 1460 3060 est
1511 3007 1745 3062 humana

1857 2635 2133 2696 transibit.
2163 2644 2215 2688 et
2245 2650 2469 2704 regnum
2501 2634 2618 2702 ejus
2662 2653 2768 2691 non
2801 2650 3200 2711 corrumpetur.
3251 2644 3442 2702 inhor-

1856 2726 1963 2778 ruit
1990 2727 2212 2794 spiritus
2240 2741 2411 2781 meus.
2463 2727 2573 2798 Ego
2627 2729 2837 2797 Daniel,
2892 2732 3164 2790 hebetudo
3209 2752 3328 2791 mea
3383 2746 3444 2794 et

1853 2815 2090 2870 visiones
2115 2817 2308 2886 capitis
2342 2819 2447 2872 mei
2481 2820 2876 2876 conturbabant
2895 2836 2983 2876 me
3015 2823 3223 2895 (Ibid.).
3255 2845 3274 2878 ι

1923 2907 2057 2961 Cum
2083 2923 2213 2978 ergo
2241 2910 2356 2962 haec
2380 2912 2463 2980 agi
2491 2912 2773 2980 cteperint,
2803 2915 3106 2982 pandentur
3133 2917 3250 2972 sine
3277 2918 3443 2976 dubio

1851 2998 1972 3054 coeli
2015 3009 2206 3070 portae,
2258 3003 2366 3055 imo
2406 3004 2583 3072 potius
2637 3005 2807 3074 ipsum
2858 3006 3055 3061 caelum
3112 3009 3444 3068 auferetnre

159 3117 308 3164 caro,
340 3101 569 3156 audiens
603 3069 956 3154 vocem.tubue
986 3098 1308 3152 vivificatur.
1363 3095 1482 3150 Jam
1511 3112 1651 3166 quos
1691 3096 1746 3152 in
1775 3069 1820 3130 (ἶ
1855 3094 2032 3148 medio
2057 3103 2308 3164 tanquam
2333 3096 2375 3149 si
2407 3095 2740 3150 tabernaculi
2782 3098 3047 3154 velamina
3096 3101 3440 3172 colligantur,

158 3193 364 3263 greniio
387 3207 490 3247 suo
520 3200 665 3245 terra
692 3198 1030 3259 susceperat,
1071 3202 1208 3257 quos
1260 3203 1396 3258 aqua
1441 3189 1747 3252 sorbuerat,

157 3301 293 3356 quos
311 3285 452 3340 edax
477 3282 694 3338 ﬂamma
721 3291 1150 3351 consumpserat,
1180 3295 1371 3335 omnes
1398 3281 1576 3349 quasi,
1603 3296 1750 3335 com-

159 3377 382 3431 missum
411 3375 510 3430 sibi
539 3373 842 3441 depositum
869 3373 1117 3435 reddunt,
1147 3379 1199 3425 et
1225 3371 1348 3424 vine
1383 3371 1588 3439 absque
1641 3369 1749 3425 ulla

156 3471 241 3525 sui
277 3468 625 3522 diminutione
650 3466 964 3522 restituunt.
998 3465 1149 3518 Tunc
1174 3465 1316 3518 enim
1340 3473 1479 3518 terra
1505 3463 1748 3517 concuti-

157 3571 268 3624 tur,
295 3574 394 3614 aer
415 3558 692 3628 repentina
721 3566 1039 3626 tempestate
1068 3557 1338 3619 turbatur,
1361 3556 1599 3610 tonitrua
1626 3571 1748 3624 pere

156 3659 428 3722 strepunt,
453 3649 858 3705 coruscationes
881 3658 936 3702 et
977 3645 1189 3718 fulgura
1237 3647 1468 3702 humana
1527 3657 1745 3717 pectora

159 3751 368 3797 terrore
391 3739 752 3795 confundunt.
805 3757 824 3790 ι
857 3737 1000 3792 Deus
1029 3738 1174 3792 enim
1213 3736 1500 3792 manifeste
1541 3738 1743 3803 veniet,

157 3835 300 3891 Dens
325 3844 532 3896 noster,
560 3841 620 3888 et
639 3847 746 3888 non
762 3831 958 3886 silebit.
983 3831 1186 3900 lgnisiu
1202 3840 1490 3899 conspectu
1521 3828 1635 3897 ejus
1657 3844 1748 3884 ar-

157 3928 326 3990 debit,
346 3933 403 3982 et
432 3924 738 3990 incireuitu
761 3921 877 3990 ejus
899 3931 1191 3991 tempestas
1223 3920 1415 3974 valida.
1447 3919 1743 3975 Advocavit

157 4020 354 4076 celum
373 4019 659 4074 desursum
689 4025 746 4072 et
773 4025 1012 4079 terram,
1058 4023 1118 4068 nt
1167 4014 1438 4068 discernat
1489 4011 1743 4082 populum

159 4127 336 4168 meum
352 4109 524 4180 (Paul.
542 4109 702 4178 aut).
727 4128 754 4160 .r
773 4109 828 4163 In
852 4107 940 4162 die
960 4108 1167 4162 scilicet
1198 4107 1284 4161 illa
1317 4107 1596 4160 tremenda
1616 4120 1740 4161 cum

157 4202 378 4272 Angelis
398 4211 454 4256 et
471 4201 844 4272 Arcbaugelis.
865 4216 990 4256 cum
1018 4200 1251 4254 Thronis
1269 4209 1323 4254 et
1356 4199 1743 4255 Dominationi-

159 4293 277 4357 bus,
306 4308 429 4347 cum
475 4291 874 4360 Principatibus
922 4301 977 4344 et
1023 4289 1391 4348 Potestatibus
1438 4290 1739 4359 apparebit,

158 4383 312 4438 caelis
337 4384 771 4446 eoruSCantilms.
801 4382 962 4438 terris
987 4381 1318 4444 ardentibus,
1344 4381 1552 4436 cunctis
1573 4382 1738 4438 etiam

157 4472 442 4530 elementis
469 4473 522 4528 in
546 4472 634 4529 sui
668 4471 910 4540 obsequii
960 4479 1166 4525 terrore
1219 4469 1520 4525 commotis.
1569 4469 1738 4535 Quem

161 4566 300 4622 diem
326 4567 466 4622 bene
493 4565 584 4621 ille
619 4566 853 4624 eximius
889 4565 1270 4633 prophetarum
1329 4561 1496 4618 Isaias
1538 4563 1742 4618 derum-

162 4655 284 4722 tiat,
310 4656 536 4716 dicens:
571 4674 592 4707 ι
613 4655 751 4710 Ecce
775 4655 890 4710 dies
917 4653 1130 4708 Domini
1164 4653 1343 4707 veniet
1395 4651 1739 4715 insanabilis;

162 4747 278 4800 dies
304 4746 500 4802 furoris
526 4757 580 4800 et
610 4747 724 4810 irae,
749 4754 808 4799 ut
827 4753 991 4815 ponat
1015 4745 1201 4799 orbem
1239 4752 1396 4798 terra:
1438 4744 1739 4807 desertum,

162 4844 216 4892 et
239 4847 548 4906 peccatores
577 4837 769 4908 perdat
794 4852 858 4892 ex
885 4851 951 4890 eo
981 4835 1116 4905 (lsa.
1147 4836 1286 4904 xm).
1326 4855 1342 4884 ι
1395 4834 1575 4890 Stellae
1593 4835 1742 4891 enim

163 4927 285 4982 caeli
305 4928 480 4984 lumen
506 4942 797 4984 suumvnon
827 4927 1061 4989 dabunt,
1091 4935 1144 4978 et
1173 4908 1549 4982 obscurahitnr
1567 4927 1654 4981 sol
1689 4926 1744 4982 in

165 5028 285 5073 ortu
309 5036 420 5078 suo.
447 5020 573 5074 luna
607 5033 740 5080 vero
769 5032 876 5070 non
904 5017 1049 5071 dabit
1071 5016 1249 5071 lumen
1271 5031 1451 5079 suum,
1490 5026 1545 5070 et
1595 5032 1745 5074 man-

168 5112 298 5166 dabo
326 5115 574 5168 universo
599 5111 720 5173 θηὴὶ
765 5108 928 5172 mala,
977 5118 1031 5162 et
1072 5109 1248 5177 impiis
1285 5116 1651 5176 peccatorum,
1689 5115 1747 5162 et

169 5207 381 5272 perdam
404 5204 794 5268 contumeliam
821 5201 1146 5269 iniquorum,
1173 5213 1225 5254 et
1255 5200 1624 5267 arrogantiam
1652 5215 1744 5254 su-

1855 3183 2062 3238 scilicet
2096 3192 2152 3236 ut
2205 3193 2508 3255 reparetur,
2552 3196 2606 3241 et
2656 3188 3070 3245 transformetur
3121 3193 3174 3246 in
3224 3194 3438 3252 melius.

1855 3275 2005 3330 Tune
2029 3292 2158 3345 ergo
2187 3279 2365 3332 omnia
2397 3287 2575 3334 metus
2617 3281 2835 3336 habebit
2865 3284 3157 3353 timorque,
3218 3301 3283 3343 ac
3328 3296 3442 3344 tre-

1855 3383 1976 3421 mor
2007 3367 2251 3437 implebit
2282 3370 2557 3434 universa,
2616 3372 2872 3427 nimirum
2927 3389 3049 3430 cum
3090 3375 3181 3431 ille
3233 3378 3442 3448 judicet

1851 3461 1940 3529 qui
1966 3470 2104 3516 teste
2133 3477 2236 3516 non
2271 3473 2445 3530 egeat,
2467 3465 2558 3533 qui
2586 3475 2903 3535 argumenta
2955 3483 3061 3522 non
3089 3481 3314 3539 quaerat,
3343 3471 3440 3540 qui

1851 3562 2120 3605 oratorem
2144 3568 2321 3606 cansze
2343 3571 2448 3608 non
2474 3556 2726 3622 postulet.
2757 3555 2887 3621 Sed,
2913 3558 2999 3612 his
3023 3560 3277 3616 omnibus
3307 3577 3435 3629 pro-

1850 3641 1932 3694 cul
1967 3643 2178 3705 amotis,
2227 3643 2339 3712 ipse
2370 3651 2423 3699 et
2450 3653 2599 3712 gesta
2651 3655 2705 3699 et
2754 3647 2913 3702 verba
2977 3657 3034 3703 et
3079 3651 3438 3720 cogitationes

1849 3732 2123 3801 dijudicat,
2149 3741 2310 3802 atque
2339 3734 2391 3786 in
2423 3734 2656 3789 medium
2687 3735 2936 3801 collocat,
2981 3744 3039 3792 et
3064 3747 3257 3796 cuncta
3288 3740 3437 3797 velut

1849 3824 1900 3876 in
1931 3823 2127 3880 tabulis
2147 3825 2464 3894 quibusdam
2503 3826 2738 3896 depicta,
2759 3828 2929 3885 oculis
2949 3844 3138 3886 eorum
3158 3832 3250 3902 qui
3276 3847 3430 3890 com-

1847 3915 2111 3970 miserunt
2137 3931 2200 3972 ea
2231 3926 2394 3986 atque
2440 3919 2692 3974 omnibus
2743 3921 2834 3990 qui
2867 3922 3124 3980 assistere
3175 3926 3436 3982 videntur

1845 4009 2110 4062 ostendet.
2151 4007 2428 4074 Quomodo
2457 4025 2585 4079 ergo
2608 4018 2739 4068 tunc
2762 4014 3212 4082 commovebitur,
3264 4027 3322 4072 et
3370 4018 3430 4074 in

1847 4109 1990 4152 metu
2019 4102 2122 4157 erit
2150 4101 2401 4154 universa
2423 4103 2708 4158 creatura?
2752 4104 2864 4174 Age
2887 4119 3018 4173 ergo
3041 4121 3166 4161 cum
3189 4108 3255 4162 ad
3299 4108 3433 4166 illud

1844 4191 2109 4262 singulare
2135 4190 2396 4258 judicium
2421 4194 2726 4249 venerimus
2745 4194 2814 4250 ab
2841 4209 2906 4250 eo
2933 4193 3431 4265 Judicejndicandi,

1844 4287 1930 4352 qui
1957 4300 2058 4339 uec
2095 4285 2207 4338 falli
2231 4285 2595 4340 occultatione
2625 4286 2912 4342 criminum
2963 4297 3159 4358 potest,
3208 4306 3308 4344 nec
3361 4291 3431 4346 ad

1846 4376 2216 4444 impunitatem
2245 4379 2660 4444 promerendam
2684 4377 2910 4444 alicujus
2967 4379 3242 4434 oblatione
3297 4395 3422 4436 θοι·-
3459 4410 3463 4414 ·

1851 4469 2048 4537 rumpi.
2104 4468 2236 4524 Cum
2291 4469 2557 4537 coeperint
2592 4470 2770 4524 omnia
2820 4480 3028 4525 secreta
3076 4471 3324 4538 revelari,
3371 4481 3434 4530 et

1853 4573 1957 4614 non
1988 4557 2158 4612 solum
2181 4567 2330 4611 actus
2352 4573 2417 4611 ac
2447 4560 2630 4622 verba,
2664 4560 2756 4614 sed
2780 4561 2942 4614 etiam
2981 4563 3110 4632 ipsa:
3139 4564 3430 4633 cogitatio.

1851 4667 1946 4706 nes
1974 4651 2205 4714 ostendi,
2234 4650 2361 4718 quid
2386 4649 2648 4705 faciemus
2696 4652 2796 4706 sub
2825 4654 2957 4708 tanti
3008 4653 3213 4709 Judicis
3258 4656 3432 4725 maje-

1850 4742 2028 4800 state?
2057 4739 2194 4808 Quid
2223 4742 2592 4798 excusationis
2617 4743 2904 4796 ostendere
2941 4744 3275 4812 poterimus?
3314 4749 3430 4815 Qua

1852 4845 1950 4890 nos
1972 4829 2299 4886 defensionis
2323 4838 2437 4882 arte
2462 4830 2847 4902 purgabimus?
2869 4833 2998 4897 Quae
3019 4832 3174 4888 nobis
3200 4835 3436 4892 subven-

1849 4933 1966 4976 tura
1996 4929 2080 4974 est
2113 4918 2451 4990 pumitentia,
2479 4933 2640 4987 quam
2665 4918 2716 4971 in
2745 4915 2848 4970 hac
2905 4933 3070 4976 carne
3109 4925 3424 4996 contempsi

1849 5011 2002 5072 mus?
2037 5010 2167 5078 Quae
2197 5025 2294 5063 nos
2317 5007 2609 5064 defensura
2633 5014 2759 5064 sunt
2793 5019 2958 5075 Opera
2998 5011 3158 5076 bona,
3204 5027 3325 5082 qua:
3367 5016 3430 5070 ὴ,

1848 5104 1949 5158 hac
1971 5103 2076 5155 vita
2101 5117 2207 5156 mm
2245 5098 2511 5158 fecimus?
2554 5101 2632 5156 Ad
2666 5111 2805 5167 quos
2834 5103 3131 5170 apostolos,
3173 5113 3266 5158 aut
3298 5120 3438 5175 quos

1847 5195 1978 5257 alios
1998 5205 2217 5250 sanctos
2241 5187 2576 5257 confugituri
2624 5204 2830 5253 sumus,
2885 5209 3112 5263 quorum
3165 5196 3432 5266 exempla.

1849 5286 2001 5310 -2-_...I
2028 5301 2088 5310 ιιι.
2119 5285 2277 5310 --Α-Ιι-
2306 5282 2690 5310 ᾸΛρῇιι-ζ-.--ηθ
2715 5285 2788 5310 Δ..
2822 5282 2962 5310 ρη-ι-
3007 5287 3177 5310 ,12-.-Α
3235 5299 3290 5310 ,Α
3321 5286 3396 5310 Β..-
