3964 5310
526 469 633 524 505

1057 463 1113 518 S.
1157 459 1364 517 PETRI
1399 456 1686 515 DAMIANI
1725 455 1876 513 OPP.
1908 453 2090 510 PARS
2130 451 2260 509 SEU
2291 452 2528 509 TOMUS
2563 453 2603 508 ι.
2644 481 2712 494 --
2753 449 2970 510 EPIST.
3004 449 3130 507 LIB.
3161 445 3296 505 Vill.

3691 450 3804 510 5οι

525 580 628 653 ipsi
650 586 872 650 peccato
901 593 995 633 sua
1017 578 1236 640 virtute,
1263 573 1358 628 sed
1400 570 1494 626 Dei
1549 569 1860 624 miserantis
1903 565 2102 621 auxilio
2130 568 2384 629 Avestro
2431 563 2638 630 ridebo,
2694 572 2752 619 et
2803 564 3149 619 suhsannabo
3192 579 3310 630 vos,
3366 579 3488 619 eum
3533 564 3691 620 vobis
3742 565 3798 622 id

523 673 860 734 restiterunt,
887 671 978 740 qui
1013 684 1072 723 se
1097 677 1152 724 et
1197 682 1301 721 non
1331 663 1697 734 quaerentibus
1731 669 1788 716 ut
1831 667 2106 730 quaeratur

522 774 689 837 atque
717 773 780 819 ut
809 763 864 820 in
889 777 1012 818 eum
1035 761 1289 817 credatur
1328 756 1582 823 ostendit,
1633 754 1918 811 credentes
1959 752 2013 806 in
2049 763 2108 805 se

520 870 591 912 ne
619 870 649 909 a
678 861 904 926 peccato
924 853 1210 907 vincantur
1233 850 1431 906 invicta
1457 845 1791 916 protectione
1843 841 2105 899 defendit.

522 946 666 1014 Quid
700 959 832 1016 ergo
864 944 1179 1015 responsuri
1203 951 1349 1008 sunt,
1372 942 1419 998 si
1445 941 1528 997 eis
1559 938 1817 996 Dominus
1839 936 1984 992 dicat
2011 952 2022 988 :
2049 933 2106 989 Si

518 1039 801 1108 potuistis,
835 1053 1004 1108 quare
1041 1051 1147 1092 non
1203 1035 1481 1092 restitistis
1535 1030 1814 1091 desideriis
1858 1035 2109 1102 peccato-

523 1131 678 1184 rum?
712 1130 766 1185 Si
800 1143 905 1185 non
927 1128 1200 1199 potuistis,
1222 1142 1390 1198 quare
1410 1140 1589 1182 meum
1612 1132 1801 1180 contra
1823 1128 2108 1191 peccatum

526 1237 634 1276 non
661 1222 931 1292 quaesistis
962 1220 1258 1276 auxilium?
1277 1219 1385 1275 Aut
1413 1218 1704 1280 vulnerati,
1734 1229 1904 1286 quare
1939 1210 2111 1283 poeni-

520 1313 686 1369 tendo
746 1328 854 1368 non
917 1311 1241 1368 adhibuistis
1283 1311 1491 1366 vulneri
1538 1318 1718 1365 vestro
1768 1301 2108 1362 remedium?

521 1404 776 1474 Nunquid
807 1418 914 1459 non
937 1404 1006 1458 ad
1035 1404 1150 1459 haec
1178 1401 1588 1459 ohmutescent?
1617 1399 1756 1468 Quid
1803 1405 1983 1453 autem
2016 1409 2110 1450 ex-

521 1495 788 1552 ensationi
813 1498 1203 1568 respondeant;
1234 1489 1342 1552 non
1363 1493 1686 1550 habentibus
1710 1491 1839 1547 dicit
1866 1504 1880 1544 :
1908 1509 1926 1542 ‹
1951 1487 2110 1560 Ιιίεει-

523 1588 596 1643 tis
627 1588 880 1644 manibus
907 1596 962 1642 et
987 1587 1231 1657 pedibus,
1260 1586 1460 1642 mittite
1476 1599 1573 1641 eos
1624 1583 1677 1638 in
1721 1579 1975 1636 tenebras
2015 1591 2110 1632 ex-

520 1679 771 1742 teriores,
819 1679 894 1733 ibi
923 1679 1028 1734 erit
1061 1676 1219 1734 fletus
1269 1685 1323 1732 et
1367 1675 1569 1732 stridor
1621 1671 1858 1729 dentium
1887 1667 2106 1740 (Matth.

518 1771 678 1839 xx”).
715 1770 815 1827 Ubi
841 1771 1043 1826 vermis
1073 1786 1260 1827 eorum
1284 1785 1390 1824 non
1415 1767 1700 1832 morietur,
1754 1772 1808 1820 et
1841 1762 1982 1835 ignis
2013 1775 2109 1816 eo-

519 1880 641 1918 rum
672 1879 779 1919 non
802 1865 1176 1936 exstinguctur
1204 1863 1338 1936 (Isa.
1365 1869 1534 1933 var).
1565 1879 1584 1912 ι
1614 1857 1956 1914 Pensandum
1975 1867 2107 1925 ergo

2210 657 2348 726 quod
2377 655 2666 723 timebatis,
2715 656 3013 713 advenerit.
3059 655 3196 712 Cum
3249 657 3469 712 irruerit
3511 657 3804 729 repentina

2208 747 2526 812 calamitas,
2571 755 2626 802 et
2677 747 2927 804 interitus
2972 747 3129 818 quasi
3167 755 3462 818 tempestas
3513 748 3800 820 ingruerit.

2211 842 2435 909 Quando
2495 841 2704 896 venerit
2766 855 2928 912 super
2989 856 3086 897 vos
3139 839 3436 908 tribulatio,
3510 850 3567 898 et
3632 857 3805 914 angu-

2210 934 2332 996 stia,
2392 942 2519 990 tunc
2562 935 3024 1002 invocabuntme,
3073 945 3264 992 etnon
3295 937 3604 992 exaudiam.
3644 937 3802 995 Mane

2211 1034 2536 1096 consurgent
2560 1035 2613 1081 et
2639 1042 2748 1083 non
2779 1026 3052 1083 invenient
3080 1041 3169 1084 me
3217 1027 3399 1100 (Prov.
3426 1027 3489 1101 ι).
3526 1048 3546 1084 ι
3607 1029 3667 1086 In
3695 1047 3805 1102 quo

2209 1129 2338 1187 ergo
2359 1115 2688 1172 'confidemus
2708 1116 2731 1170 ?
2754 1114 2855 1173 Ubi
2879 1131 3013 1188 spen
3051 1116 3407 1188 adipiscenda:
3425 1119 3619 1177 salutis
3639 1122 3805 1180 habe-

2209 1204 2430 1260 bimus?
2456 1203 2706 1276 Nunquid
2739 1205 2790 1260 in
2820 1207 3168 1277 pecuniarum
3207 1207 3509 1276 thesauris,
3565 1225 3706 1280 quos
3745 1213 3802 1268 in

2213 1311 2338 1352 arca
2364 1296 2744 1352 recondimus?
2777 1295 3029 1368 Nunquid
3074 1299 3128 1354 in
3161 1299 3468 1356 divitiarum
3500 1300 3800 1370 affluentia,

2211 1403 2348 1460 quas
2392 1388 2722 1445 intrinsecus
2759 1390 2916 1445 vacui
2952 1389 3106 1477 .male
3137 1393 3378 1448 exterius
3423 1393 3804 1462 possidemus?

2211 1481 2320 1539 Sed
2345 1483 2470 1538 audi
2492 1483 2796 1554 apostolum
2831 1482 3119 1551 Iacobum,
3162 1485 3354 1555 quanti
3378 1485 3596 1542 divitias
3623 1485 3806 1542 homi-

2211 1588 2343 1630 num
2391 1571 2577 1640 faciat,
2630 1574 2774 1646 quod
2806 1575 3062 1630 meritum
3111 1575 3166 1630 in
3212 1584 3441 1631 terrena:
3489 1575 3806 1634 substantia:

2211 1665 2554 1736 possessione
2578 1665 2876 1722 constituat
2903 1681 2919 1721 :
2953 1685 2972 1720 ι
2999 1665 3182 1739 Agite,
3233 1668 3430 1739 inquit,
3461 1683 3634 1737 nunc,
3664 1670 3804 1726 divi-

2213 1762 2316 1823 tes,
2357 1739 2414 1813 et
2439 1756 2648 1827 plorate
2675 1743 2956 1814 ululantes.
2967 1757 3024 1813 in
3064 1758 3298 1815 miseriis
3317 1799 3332 1824 ,
3361 1775 3484 1830 quae
3512 1761 3805 1817 advenient

2210 1849 2384 1906 vobis.
2418 1849 2625 1905 Divitiae
2650 1857 2846 1905 vestra:
2873 1848 3192 1920 putrefacta:
3230 1859 3376 1918 sunt,
3401 1859 3457 1906 et
3482 1851 3805 1909 vestimenta

519 1965 603 2012 est
632 1964 689 2012 et
723 1971 934 2010 summo
959 1957 1138 2012 studio
1162 1955 1320 2028 104
1347 1950 1731 2010 revolvendum
1755 1949 1877 2020 quis
1906 1948 1961 2003 in
2012 1945 2106 2002 illo
2134 1957 2183 2019 Β
2208 1949 2388 1997 vestra
2414 1958 2442 1996 a
2495 1941 2655 1997 tineis
2705 1951 2943 1998 comesta
2979 1952 3124 1998 sunt.
3168 1943 3378 1999 Aurum
3420 1953 3475 2000 et
3514 1956 3803 2014 argentum

520 2049 607 2103 die
635 2058 811 2104 terror
833 2049 954 2114 erit,
986 2065 1109 2104 cum
1136 2049 1191 2105 in
1215 2063 1374 2119 poena
1395 2047 1504 2118 jam
1527 2044 1826 2102 remedium
1845 2056 1949 2112 non
1964 2040 2103 2106 erit;

519 2156 640 2210 qua:
669 2140 777 2194 illic
798 2139 1043 2196 confusio
1073 2141 1157 2196 cui
1187 2149 1339 2195 reatu
1362 2154 1460 2196 suo
1488 2139 1738 2208 exigente
1759 2131 2106 2204 contingetin

519 2238 786 2285 conventu
832 2229 1072 2284 omnium
1114 2229 1392 2284 hominum
1447 2227 1864 2297 angelorumque
1916 2222 2107 2277 erube-

519 2334 703 2387 scere;
736 2322 857 2392 quis
883 2337 1050 2392 pavor
1076 2336 1200 2377 eum
1237 2338 1397 2393 quem
1455 2331 1510 2376 et
1564 2317 1909 2389 tranquillum
1953 2329 2106 2371 mens

516 2411 752 2466 humana
783 2427 889 2468 non
921 2412 1064 2468 valet
1094 2428 1288 2483 capere
1311 2412 1472 2468 etiam
1503 2412 1702 2467 iratum
1750 2408 1979 2464 videre?
2030 2407 2107 2461 De

517 2520 625 2576 quo
656 2506 742 2560 die
769 2505 905 2561 bene
932 2521 1028 2577 per
1056 2505 1250 2561 Isaiam
1282 2505 1478 2562 dicitur
1507 2519 1522 2559 :
1561 2523 1579 2556 ι
1617 2501 1959 2558 Exaltabitur
2013 2515 2108 2554 auo

516 2604 626 2651 tem
650 2595 907 2652 Dominus
929 2596 1074 2652 solus
1101 2597 1152 2650 in
1179 2596 1263 2651 die
1294 2595 1409 2663 illa,
1435 2595 1558 2666 quia
1581 2593 1696 2648 dies
1717 2590 1925 2646 Domini
1951 2603 2107 2645 exer-

516 2685 720 2740 cituum
756 2701 917 2758 super
936 2701 1151 2741 onmem
1175 2684 1462 2756 superbmn
1486 2695 1541 2740 et
1568 2682 1864 2746 excelsum,
1915 2690 1970 2734 et
2019 2695 2108 2735 su-

512 2791 614 2848 per
663 2794 876 2834 onmem
925 2788 1285 2848 arrogantem,
1320 2787 1376 2832 ct
1409 2776 1796 2840 humiliabitur,
1849 2783 1903 2830 et
1946 2790 2108 2844 super

513 2882 706 2924 omnes
728 2870 919 2925 cedros
951 2869 1140 2924 Libani
1181 2869 1436 2925 sublimes
1467 2876 1521 2924 et
1562 2875 1794 2932 erectas,
1840 2875 1893 2923 et
1945 2881 2109 2935 super

515 2976 708 3016 omnes
738 2975 970 3031 quercus
1002 2961 1200 3028 Basan,
1221 2971 1278 3017 et
1317 2977 1478 3032 super
1509 2971 1718 3017 montes
1747 2959 2014 3026 excelsos,
2053 2968 2110 3014 et

515 3062 680 3120 super
709 3050 874 3107 colles
899 3051 1158 3124 elevatus,
1183 3060 1238 3106 et
1266 3067 1427 3121 super
1453 3067 1669 3106 omnem
1695 3051 1888 3105 turrim
1927 3050 2109 3105 excel-

516 3156 659 3207 sam,
687 3151 741 3196 et
784 3158 944 3212 super
981 3158 1194 3198 onmem
1229 3159 1442 3199 murum
1498 3145 1764 3199 munitum
1790 3185 1805 3209 ,
1851 3153 1908 3199 et
1946 3157 2108 3214 super

517 3247 708 3287 omnes
733 3249 896 3290 naves
926 3233 1170 3298 Tharsis,
1204 3243 1258 3290 et
1285 3250 1445 3306 super
1471 3251 1628 3290 omne
1655 3235 1798 3305 quod
1818 3235 1935 3290 visu
1985 3233 2102 3306 pul-

2205 2042 2447 2090 vestrum
2471 2033 2810 2104 azruginavit,
2855 2044 2912 2088 et
2933 2049 3101 2104 erugo
3131 2047 3319 2090 eorum
3345 2035 3401 2090 in
3429 2036 3802 2093 testimonium

2205 2125 2360 2182 vobis
2386 2124 2515 2190 erit,
2557 2134 2614 2179 et
2650 2123 3210 2181 manducabitcarnes
3236 2135 3442 2182 vestras
3471 2128 3617 2184 sicut
3643 2129 3801 2201 ignis.

2207 2217 2645 2274 Thcsaurizastis
2673 2218 2818 2273 enim
2848 2219 3004 2275 vobis
3032 2219 3171 2276 iram
3197 2220 3251 2275 in
3274 2220 3587 2280 novissimis
3612 2225 3805 2282 diebus

2208 2307 2348 2381 (Jac.
2377 2308 2453 2379 v).
2489 2327 2508 2361 ι
2557 2307 2624 2363 Ει
2649 2308 2808 2380 paulo
2846 2320 3010 2380 post:
3045 2328 3066 2363 ς
3094 2309 3308 2380 Epulati
3336 2313 3471 2368 estis
3508 2329 3676 2384 super
3703 2325 3806 2371 ter-

2208 2415 2346 2466 ram,-
2381 2409 2438 2456 ct
2476 2400 2530 2455 in
2574 2400 2804 2456 luxuriis
2854 2403 3134 2459 enutristis
3161 2404 3328 2461 corda
3373 2414 3556 2462 vestra
3629 2408 3686 2462 in
3714 2409 3805 2466 die

2206 2486 2496 2550 occisionis
2526 2493 2829 2550 adduxistis
2859 2494 3048 2567 (Ibid.)
3077 2515 3098 2548 ι

2277 2583 2465 2638 Eheu!
2513 2584 2643 2652 quid
2671 2593 2796 2640 tunc
2842 2583 3022 2640 dieeut
3048 2585 3254 2655 miseri,
3308 2603 3431 2645 cum
3479 2603 3539 2647 se
3568 2591 3806 2650 viderint

2213 2675 2368 2746 105
2422 2685 2478 2731 et
2529 2675 2671 2732 bona
2737 2677 3050 2748 temporalia
3119 2679 3616 2752 irrecuperabiliter
3670 2687 3802 2741 ami-

2209 2776 2364 2840 sisse,
2395 2785 2451 2831 et
2481 2777 2620 2830 mala
2654 2776 2757 2832 sibi
2783 2786 3039 2848 perpetua
3063 2777 3452 2834 inevitabiliter
3477 2778 3803 2835 imminere?

2211 2865 2340 2932 Quae
2392 2877 2520 2922 tunc
2572 2867 2679 2922 illis
2726 2883 2880 2924 mens
2929 2869 3072 2936 erit,
3121 2883 3245 2924 cum
3301 2869 3538 2925 viderint
3590 2879 3802 2943 tempus

2211 2957 2546 3026 acceptabile
2566 2968 2622 3012 et
2647 2957 2788 3013 diem
2831 2957 3020 3014 salutis
3061 2957 3146 3029 (11
3179 2957 3305 3015 Cor.
3333 2959 3409 3028 vi)
3456 2959 3679 3030 penitus
3723 2959 3802 3017 ef-

2210 3047 2433 3104 fluxisse
2459 3058 2514 3104 et
2557 3049 2688 3104 illud
2737 3058 2947 3121 tempus
2975 3050 3190 3115 adesse,
3231 3051 3284 3106 in
3321 3066 3432 3121 qno
3487 3052 3625 3106 nihil
3675 3053 3800 3108 boni

2210 3138 2413 3204 facere,
2459 3141 2665 3196 nullum
2711 3142 3030 3213 perditionis
3075 3158 3188 3198 sua:
3230 3145 3527 3200 remedium
3584 3145 3802 3201 valeant

2209 3231 2498 3288 invenire?
2546 3232 2718 3300 Quam
2748 3249 2936 3289 amara
2988 3249 3178 3290 eorum
3227 3235 3581 3302 conscientia,
3637 3253 3800 3306 quam

518 3323 708 3378 chrum
740 3335 845 3389 cst,
869 3334 925 3380 et
949 3326 1321 3381 incurvabitur
1344 3326 1646 3381 sublimitas
1693 3327 1995 3392 hominum,
2048 3334 2105 3382 et
2130 3323 2176 3387 C
2209 3319 2402 3377 flebilis
2425 3337 2612 3376 eorum
2634 3322 2840 3392 poterit
2860 3337 2980 3380 esse
3005 3323 3250 3394 querela!
3285 3323 3438 3381 Tunc
3466 3326 3636 3392 enim,
3660 3328 3800 3384 sicut

513 3411 886 3470 humiliabitur
912 3416 1138 3472 altitudo
1161 3417 1421 3484 virorum,
1451 3426 1504 3473 ct
1525 3418 1825 3474 elevabitur
1844 3419 2103 3474 Dominus

516 3505 663 3560 solus
689 3506 740 3560 in
772 3509 857 3562 die
885 3508 990 3571 illa,
1019 3520 1075 3564 et
1115 3509 1255 3564 idola
1285 3510 1496 3579 penitus
1547 3518 1900 3565 conterentur
1927 3517 1981 3565 et
2020 3509 2103 3564 in-

515 3595 758 3650 troibunt
785 3596 838 3651 in
868 3597 1150 3668 speluncas
1178 3608 1449 3671 petrarum
1472 3608 1526 3654 ct
1555 3600 1607 3654 in
1638 3601 1922 3672 voragines
1947 3609 2104 3656 terrae

513 3700 546 3739 a
579 3683 718 3740 faeie
745 3685 1052 3743 formidinis
1089 3688 1341 3755 Domini,
1382 3699 1437 3746 et
1492 3707 1521 3744 a
1573 3689 1743 3762 gloria
1805 3690 2106 3760 majestatis

515 3774 657 3843 ejus,
689 3792 812 3831 cum
861 3781 1165 3833 surrexerit
1215 3788 1500 3850 percutere
1553 3790 1751 3836 terram
1791 3778 1922 3847 (Isa.
1954 3780 2036 3850 ιι).
2078 3799 2098 3834 ι

513 3865 667 3922 Nunc
696 3877 915 3938 peccata
941 3869 1366 3940 delinquentium
1398 3871 1655 3928 Dominus
1684 3870 1850 3936 videt,
1873 3879 1923 3926 et
1943 3879 2100 3937 tacet;

521 3976 541 4008 ι
573 3966 698 4013 tunc
721 3968 899 4014 autem
931 3959 1181 4030 loquetur
1207 3963 1273 4016 ad
1304 3977 1398 4018 eos
1437 3963 1491 4016 in
1514 3962 1594 4016 ira
1619 3977 1735 4027 sua,
1760 3970 1814 4016 et
1837 3961 1891 4015 in
1922 3960 2105 4017 furore

513 4061 614 4102 suo
645 4050 988 4104 conturbabit
1016 4066 1108 4106 eos
1138 4051 1309 4124 (Psal.
1338 4052 1421 4125 ιι).
1461 4074 1480 4106 ι
1522 4052 1676 4108 Sicut
1713 4053 1826 4123 ipse
1855 4068 1954 4122 per
1979 4067 2107 4124 pro-

510 4137 732 4203 phetam
758 4137 890 4192 dicit
925 4157 938 4191 :
991 4159 1009 4191 ι
1033 4139 1238 4208 Tacui,
1269 4143 1479 4212 inquit,
1517 4152 1745 4213 semper
1791 4145 1953 4209 silui,
2008 4159 2104 4213 pa-

515 4226 658 4282 tiens
680 4224 775 4290 fui,
806 4229 945 4283 sicut
966 4232 1273 4300 parturiens
1299 4231 1490 4301 loquar
1514 4231 1649 4303 (Isa.
1678 4233 1830 4303 xui).
1868 4252 1886 4285 ι
1945 4233 2104 4301 Quis-

519 4317 647 4386 quis
672 4317 815 4372 cnim
846 4321 1077 4375 terrenis
1109 4322 1406 4377 commodis
1450 4338 1592 4378 nunc
1619 4323 1812 4390 inhiat,
1861 4325 2105 4396 quisquis

511 4405 728 4462 lascivze
755 4410 936 4465 carnis
964 4410 1327 4480 voluptatibus
1382 4414 1647 4483 pascitur,
1704 4426 1831 4470 tunc
1888 4424 2104 4472 internae

511 4497 899 4554 combustionis
922 4499 1042 4571 igne
1070 4510 1418 4558 consumetur
1437 4544 1451 4569 ,
1476 4512 1530 4559 et
1570 4504 1734 4559 divini
1764 4504 1964 4562 furoris
1985 4507 2101 4578 gla-

511 4588 601 4644 dio
623 4589 986 4646 devorabitur.
1026 4594 1091 4648 lLt
1125 4596 1270 4649 enim
1321 4597 1580 4666 propheta
1625 4598 1792 4654 dicit:
1850 4599 1947 4654 «in
1979 4600 2102 4671 igne

2206 3413 2460 3474 Salomon
2505 3413 2725 3481 fatetur,
2769 3414 2964 3471 flentes
3013 3426 3068 3472 et
3107 3431 3218 3488 pra:
3269 3417 3518 3488 angustia
3576 3419 3801 3489 spiritus

2204 3515 2480 3578 gementes
2505 3507 2688 3562 dicent
2722 3521 2738 3561 :
2784 3525 2803 3560 ι
2839 3507 3178 3576 Erravimus,
3203 3509 3484 3580 inquiunt,
3515 3524 3546 3564 a
3573 3511 3664 3566 via
3707 3527 3798 3566 ve-

2205 3599 2402 3665 ritatis,
2434 3608 2489 3654 et
2525 3597 2751 3668 justitia:
2802 3598 2984 3654 lumen
3037 3616 3142 3655 non
3195 3599 3332 3655 luxit
3375 3601 3556 3667 nobis,
3616 3610 3674 3657 et
3720 3603 3798 3658 sol

2203 3689 2574 3761 intelligentia:
2601 3704 2708 3745 non
2751 3701 2836 3745 est
2877 3699 3031 3747 ortus
3061 3691 3248 3758 nobis;
3284 3691 3472 3748 lassati
3500 3709 3695 3749 sumus
3742 3694 3796 3750 in

2202 3781 2289 3837 via
2313 3782 2615 3852 iniquitatis
2651 3792 2709 3838 et
2749 3783 3085 3852 perditionis,
3130 3794 3188 3839 et
3235 3784 3637 3842 ambulavimus
3679 3787 3799 3843 vias

2205 3872 2476 3940 difficiles;
2528 3873 2672 3928 viam
2716 3883 2896 3930 autem
2947 3875 3158 3930 Domini
3200 3876 3592 3948 ignoravimus.
3655 3878 3797 3946 Quid

2203 3969 2412 4042 profuit
2443 3969 2599 4025 nobis
2626 3971 2874 4042 superbia
2895 4011 2910 4037 ,
2946 3979 3040 4026 aut
3067 3971 3195 4042 quid
3241 3972 3555 4028 divitiarum
3581 3975 3798 4045 jactan-

2205 4063 2280 4117 tia
2309 4062 2538 4118 contulit
2579 4061 2772 4118 nobis?
2803 4063 3160 4120 Transierunt
3187 4064 3369 4120 omnia
3411 4064 3504 4120 illa
3535 4073 3796 4136 tanquam

2203 4155 2418 4220 umbra,
2449 4163 2506 4209 et
2536 4165 2792 4225 tanquam
2814 4156 3032 4210 nuntius
3061 4171 3420 4226 praecurrens,
3447 4166 3504 4212 et
3531 4165 3795 4229 tanquam

2203 4246 2388 4312 navis,
2414 4262 2535 4317 qua:
2582 4247 2900 4318 pertransiit
2950 4246 3299 4305 fluctuantem
3339 4263 3537 4318 aquam
3563 4289 3578 4314 ,
3613 4251 3793 4320 cujus,

2207 4349 2332 4390 cum
2364 4337 2710 4406 praeterierit,
2738 4353 2844 4393 non
2887 4346 2970 4393 est
2997 4339 3284 4410 vestigium
3315 4339 3563 4396 invenire
3612 4356 3794 4411 neque

2203 4425 2453 4482 semitam
2491 4428 2691 4482 carina:
2736 4428 2880 4485 illius
2931 4429 2984 4483 in
3038 4428 3310 4486 fluctibus.
3367 4429 3476 4485 Aut
3533 4439 3794 4501 tanquam

2204 4516 2340 4582 avis,
2366 4532 2486 4586 quae
2507 4519 2803 4576 transvolat
2834 4520 2886 4574 in
2909 4535 3056 4586 aere,
3085 4520 3293 4576 nullum
3320 4521 3599 4578 invenitur
3633 4539 3792 4595 argu-
3856 4539 3860 4544 λ

2204 4617 2447 4664 mentum
2480 4610 2694 4667 itineris
2729 4611 2894 4679 illius,
2931 4613 3025 4668 sed
3070 4621 3278 4669 tantum
3307 4615 3517 4671 sonitus
3548 4623 3635 4672 est
3678 4617 3790 4670 ala-

511 4680 616 4736 zcli
669 4681 884 4739 Domini
933 4686 1281 4742 dcvorabitur
1315 4690 1492 4746 omnis
1547 4699 1710 4756 terra,
1758 4701 1813 4747 et
1839 4691 1892 4746 in
1919 4692 2095 4763 gladio
2121 4687 2174 4749 Ι)
2200 4714 2321 4755 rum
2349 4699 2645 4758 verberans
2682 4702 2853 4758 levem
2890 4712 3132 4772 ventum,
3162 4707 3489 4763 etscindens
3514 4708 3635 4778 'per
3677 4708 3790 4764 vim

510 4771 629 4840 ejus
667 4776 844 4830 omnis
890 4791 1017 4832 caro
1050 4777 1304 4851 (Sep/wn.
1333 4780 1393 4850 ι).
1433 4801 1451 4834 ι
1487 4781 1598 4837 lllic
1645 4781 1759 4850 jam
1807 4799 1836 4837 a
1869 4783 2097 4840 Domino

513 4878 619 4916 non
650 4872 828 4934 potest
861 4867 1058 4922 mereri
1113 4885 1232 4938 quae
1273 4871 1408 4939 petit
1445 4872 1536 4940 qui
1580 4872 1666 4928 hic
1701 4873 1879 4937 noluit
1913 4874 2100 4930 audire

509 4965 629 5020 quae
658 4951 843 5021 jussit.
869 4956 913 5009 A
945 4957 1138 5026 quibus
1169 4961 1311 5014 enim
1364 4963 1546 5018 divina
1591 4977 1693 5018 vox
1742 4965 1794 5020 in
1835 4965 1936 5020 hac
1984 4966 2096 5023 vita

510 5040 824 5109 despicitur,
859 5053 984 5101 tunc
1015 5047 1147 5102 falsa
1171 5065 1356 5104 eorum
1386 5053 1662 5111 humilitas
1681 5071 1802 5111 cum
1846 5057 2097 5127 precibus

510 5140 635 5170 unln
663 5132 872 5170 ianuam
899 5138 1120 5170 \YAn:nnn
1151 5155 1255 5170 “An
1285 5143 1498 5170 nn.l:l..-
1571 5146 1662 5170 -Α.Ι
1710 5146 1901 5170 .‹12..ἷι--..
1928 5147 2030 5170 3112..
2075 5166 2084 5170 -

2201 4787 2412 4847 itineris
2441 4804 2640 4856 acrem.
2684 4795 2972 4852 commotis
3024 4796 3127 4852 alis
3171 4797 3548 4862 transvolavit,
3582 4809 3642 4856 et
3666 4809 3792 4871 post

2199 4880 2303 4936 hoc
2328 4881 2532 4936 nullum
2571 4884 2783 4954 signum
2810 4879 3085 4942 invenitur
3110 4888 3323 4944 itineris
3353 4889 3492 4959 ejus.
3531 4890 3644 4946 Aut
3673 4898 3791 4948 ian-

2199 4984 2363 5040 quam
2407 4973 2606 5043 sagitta
2653 4976 2852 5049 emissa
2883 4977 2935 5030 in
2967 4977 3148 5034 locum
3193 4980 3550 5050 destinatum,
3581 4984 3788 5041 divisus

2199 5078 2293 5118 aer
2318 5065 2577 5120 continuo
2599 5066 2650 5121 in
2680 5083 2739 5123 se
2762 5068 3006 5124 reclusus
3032 5079 3114 5126 est
3135 5080 3190 5126 et
3215 5071 3499 5143 ignoratur
3520 5077 3785 5134 transitus
