3964 5310
105 669 118 698 ἵ

847 261 854 268 ,
906 255 932 266 ο-

149 301 264 360 305

1283 307 1486 368 LIBER
1515 309 1866 383 QUARTUS,
1911 309 2127 376 EPIST.
2171 311 2282 379 VII.

3317 339 3424 397 306

149 431 180 468 a
219 419 382 470 vento
433 412 662 472 diffusus
683 421 800 482 est;
829 425 886 474 et
927 425 1186 492 tanquam
1227 425 1488 482 memoria
1515 425 1744 497 hospitis
1769 429 1820 492 Α
1846 429 2045 487 nientis
2071 436 2284 492 oculum
2309 449 2416 494 non
2460 435 2726 500 timerem.
2761 447 3074 507 Terminum
3127 455 3258 511 mihi
3302 466 3427 528 post

153 506 314 528 ηε---
348 505 449 528 -.με
485 509 862 528 -,-.------.ε-
895 509 1003 528 η.-.

153 506 316 560 unius
343 505 451 562 diei
485 509 866 576 praetereuntis
891 509 1028 582 (87).

725 639 1062 700 EPISTOLA
1099 645 1184 702 Vl.

573 747 642 788 ΔΙ)
679 747 916 790 ,ιολκκωί
953 753 1263 796 εριδεορυκ.
1274 781 1286 796 .
1298 779 1334 800 α.

159 841 676 922 Διρωιεκτωιη-
720 847 882 904 Mittit
930 852 1198 922 quosdam
1241 869 1370 910 suos
1422 855 1632 916 libellos
1677 860 1746 918 ad

225 912 490 968 Joannem
517 915 856 990 episcopum,
883 912 1043 988 quem
1072 925 1140 977 ad
1163 938 1342 980 rerum
1381 912 1744 986 humanarum

225 993 598 1066 contemptum
638 989 988 1066 adhortatur;
1021 991 1266 1061 ejusdem
1309 1011 1521 1066 quoque
1557 1000 1744 1056 amici-

227 1055 356 1108 tiam
381 1069 441 1110 se
463 1067 724 1126 appetere
761 1055 996 1116 ostendit
1041 1055 1096 1117 et
1136 1055 1390 1122 nonnulla
1427 1055 1496 1123 ad
1539 1071 1746 1126 utrius—

224 1141 328 1195 que
356 1127 592 1182 salutem
621 1129 774 1184 utilia
799 1135 1226 1190 communicare.

221 1236 412 1296 Jomat
467 1245 926 1302 reverendissimo
989 1249 1282 1321 episcopo,
1339 1251 1556 1312 Perses
1607 1257 1741 1314 ulti-

163 1345 278 1386 mus
301 1333 700 1390 monachorum
723 1351 914 1394 servus
939 1339 1132 1396 debitze
1175 1343 1540 1402 venerationis
1581 1347 1740 1404 obse-

223 1512 610 1584 Dilectissime,
627 1533 718 1590 qui
739 1519 1014 1578 excelsum
1037 1533 1274 1582 montem
1295 1527 1478 1585 subire
1501 1527 1742 1600 festinat,

157 1619 380 1662 necesse
407 1617 496 1664 est
521 1617 586 1664 ut
610 1611 678 1666 ad
701 1610 818 1680 ejus
845 1615 1104 1671 verticem
1147 1617 1412 1688 graduum
1455 1621 1744 1694 interposi—

155 1697 298 1754 tione
345 1703 704 1758 conscendat.
761 1705 1104 1780 Quapropter
1141 1725 1244 1782 ego
1288 1711 1355 1768 ad
1405 1713 1742 1772 celsitudinis

153 1800 346 1848 vestrae
385 1795 638 1852 notitiam
681 1801 971 1870 pervenire
1015 1803 1288 1871 desidero,
1337 1814 1525 1879 utpote
1571 1808 1744 1864 eccle.
1769 1789 1820 1850 Β

153 1883 378 1942 liastieo
399 1889 542 1956 viro,
575 1899 630 1946 et
651 1906 812 1963 super
833 1904 1073 1952 montem
1097 1896 1228 1954 Sion
1258 1899 1518 1958 divinitus
1555 1903 1740 1961 eleva-

155 1983 226 2040 to,
254 1978 690 2038 ecclesiasticum
713 1987 1090 2042 munusculum
1113 1991 1382 2047 scalarum
1429 2009 1579 2050 more
1609 2011 1742 2066 pra:-

153 2069 336 2139 mitto,
357 2075 488 2144 quia
509 2090 658 2141 vero,
685 2095 790 2134 non
821 2095 974 2135 vana:
995 2082 1180 2152 glorias
1207 2087 1598 2154 ostentatione,
1629 2103 1740 2143 non

155 2167 456 2233 corporalis
493 2170 765 2226 commodi
792 2173 1054 2242 utilitate,
1083 2175 1168 2232 vel
1211 2193 1330 2233 mea
1362 2181 1430 2234 ad
1463 2196 1555 2236 vos
1609 2197 1744 2254 opun

155 2255 298 2310 scola
371 2259 590 2329 dirigo,
657 2261 742 2318 vel
783 2273 1020 2320 vestram
1071 2269 1300 2338 gratiam
1360 2273 1606 2342 requiro;
1667 2272 1788 2328 illi.

157 2348 346 2404 melius
399 2353 681 2410 satisfaeio
737 2371 896 2426 quem
947 2359 1014 2414 de
1065 2360 1236 2416 oculis
1285 2363 1528 2418 cordium
1586 2366 1746 2438 106

152 2440 396 2510 judicare
423 2445 546 2499 sine
581 2446 690 2502 ulla
739 2448 1080 2507 dubitatione
1107 2467 1398 2524 cognosco.
1449 2456 1740 2528 Prmterea,

158 2531 508 2590 dilectissime
534 2537 666 2591 mihi
711 2549 866 2608 pater
900 2550 957 2596 et
997 2542 1236 2610 domine,
1277 2546 1428 2604 vides
1460 2547 1574 2618 ipse
1617 2551 1742 2619 quia

157 2631 348 2678 cuncta
374 2627 698 2696 temporalia
729 2630 970 2700 fugiunt;
1005 2649 1127 2700 quas
1155 2635 1206 2690 in
1235 2637 1338 2692 hoc
1379 2639 1582 2693 mundo
1619 2655 1748 2710 pos.

157 2715 396 2773 sitiemus
433 2719 528 2774 diu
567 2721 846 2778 nobiscum
887 2739 1110 2783 manere
1155 2743 1262 2782 non
1311 2741 1556 2800 possunt.
1615 2731 1746 2788 Ter-

157 2808 270 2862 reni
295 2809 536 2867 honores
565 2821 620 2867 et
664 2813 973 2883 dignitates,
1007 2819 1162 2887 quasi
1201 2817 1416 2887 fumus,
1449 2837 1556 2891 quo
1583 2822 1746 2880 altius

159 2903 492 2959 extolluntur
519 2905 572 2960 in
599 2905 827 2963 nihilum
857 2910 1107 2977 redeunt,
1135 2921 1190 2967 et
1239 2914 1512 2970 mundana
1561 2918 1744 2971 omnia

161 2993 272 3064 ipso
289 2995 408 3065 jam
437 2999 642 3056 nmndo
665 3001 734 3055 ad
777 3001 936 3058 linem
968 3004 1190 3074 delapso
1225 3007 1524 3064 subsistere
1573 3009 1744 3064 nulla-

163 3097 316 3145 tenus
344 3101 590 3160 possunt.
643 3093 752 3150 Nos
789 3096 990 3163 etiam,
1029 3099 1120 3168 qui
1149 3097 1238 3154 hic
1271 3108 1424 3155 tanto
1465 3101 1742 3157 desiderio

160 3177 463 3250 incipimus,
501 3193 878 3242 momentanea
903 3187 1054 3244 febre
1079 3191 1353 3260 correpti,
1400 3192 1581 3248 subito
1609 3207 1742 3247 cun-

159 3279 242 3326 cta
267 3273 604 3344 deserimus;
635 3285 692 3332 et
719 3287 850 3334 tunc
893 3279 1012 3336 sine
1063 3281 1228 3339 dubio
1283 3283 1542 3341 discimus
1595 3285 1742 3342 nulla

157 3362 322 3419 fuisse
349 3381 470 3436 qua:
495 3369 733 3425 maxima
753 3372 1130 3430 credebamus.
1158 3373 1284 3430 Sola
1331 3391 1495 3448 opera
1529 3387 1739 3446 nostra,

154 3455 280 3510 sive
307 3455 462 3524 bona,
496 3459 610 3515 sive
639 3461 810 3527 mala,
839 3477 946 3519 non
977 3473 1232 3534 pereunt,
1269 3467 1363 3522 sed
1405 3467 1459 3522 in
1490 3467 1743 3525 districto

155 3547 412 3605 examine
439 3553 708 3608 tremendi
735 3551 940 3610 Judicis
967 3556 1278 3612 ventilanda
1324 3567 1631 3615 servantur.
1659 3559 1740 3616 Tu

159 3639 344 3710 igitur,
373 3641 748 3710 dilectissime,
779 3647 922 3702 intra
945 3649 1338 3704 conscientiam
1365 3657 1513 3705 tuam
1561 3663 1744 3706 rever-

159 3744 294 3801 tere,
321 3743 378 3790 et
406 3737 532 3792 dum
557 3736 710 3805 licet,
745 3738 874 3809 quid
899 3748 1062 3794 tantae
1098 3740 1371 3810 maiestati
1408 3742 1744 3812 respondere

159 3827 382 3895 debeas,
411 3829 678 3887 sollicitus
720 3832 1008 3889 meditare.
1034 3833 1207 3890 Pensa
1237 3835 1361 3906 quis
1409 3844 1588 3892 tecum
1649 3851 1744 3891 ras

158 3917 363 3975 tionem
387 3921 661 3990 positurus
683 3925 887 3990 veniat,
911 3941 1074 3995 quam
1109 3927 1463 3998 multiplicem
1505 3931 1745 3986 fructum

155 4023 258 4078 pro
287 4019 398 4064 tam
428 4013 603 4084 ampla
634 4013 966 4072 villicatione
995 4027 1084 4072 tua
1111 4019 1374 4087 requirat.
1409 4019 1564 4076 Scias
1589 4019 1744 4077 deni-

158 4115 262 4170 que
288 4103 476 4173 procul
509 4105 698 4172 dubio,
734 4115 890 4176 pater
936 4109 1275 4178 charissime,
1332 4111 1457 4181 quia
1512 4113 1744 4183 gratiam

161 4201 308 4248 tuam
339 4203 399 4250 et
425 4194 619 4251 bonam
643 4197 976 4254 voluntatem
1004 4215 1221 4272 semper
1250 4201 1450 4258 habere
1472 4202 1742 4273 desidero,

159 4293 212 4339 et
239 4284 470 4341 salutem
499 4295 646 4343 tuam
679 4305 785 4345 non
812 4289 984 4346 solum
1017 4293 1234 4359 animae,
1277 4295 1371 4349 sed
1413 4295 1574 4350 etiam
1623 4311 1746 4352 cor-

157 4374 304 4445 poris
331 4376 642 4434 medullitus
661 4381 1010 4450 eoncupisco.
1043 4381 1383 4453 Quapropter
1403 4381 1468 4439 de
1489 4391 1582 4438 tuo
1609 4385 1743 4443 mihi

157 4468 382 4524 ser-vitio
431 4468 759 4526 ﬁducialiter
811 4473 1068 4543 praecipe,
1121 4489 1315 4544 meque
1369 4475 1464 4532 tibi
1514 4475 1746 4534 libenter

157 4557 378 4613 obedire
409 4559 784 4618 indubitanter
807 4576 1062 4631 agnosce.
1103 4563 1216 4634 Ego
1239 4564 1422 4634 itaque
1463 4565 1592 4635 quia
1624 4582 1747 4621 mu-

156 4665 284 4706 nera
315 4659 530 4708 terrena
553 4669 664 4710 non
691 4653 886 4718 habeo.
927 4654 1276 4726 despicabilia
1309 4656 1404 4713 tibi
1453 4658 1744 4728 opusculo-

157 4757 274 4798 rum
313 4759 556 4801 meorum
586 4748 732 4803 dona
764 4747 1094 4812 transmitto,
1127 4763 1232 4804 non
1277 4757 1332 4803 ut
1358 4765 1457 4821 per
1500 4751 1602 4805 hoc
1647 4752 1740 4807 de-

157 4836 414 4896 fensionis
444 4849 548 4895 tua:
577 4839 948 4912 patrocinium
975 4856 1237 4910 qumram,
1261 4843 1354 4898 sed
1383 4851 1440 4898 ut
1464 4845 1530 4899 ad
1560 4845 1745 4902 cordis

159 4929 230 4982 tui
257 4931 566 4986 cubiculum
615 4931 818 5002 linguae.
867 4945 999 4986 mea:
1045 4933 1292 5004 vestigiis
1350 4933 1556 4989 aditum
1601 4951 1740 5007 pan-

157 5023 303 5091 dam;
333 5041 442 5082 non
467 5035 526 5080 ut
553 5025 686 5081 mihi
718 5025 894 5096 prosit
918 5025 1199 5092 auxilium,
1231 5027 1322 5082 sed
1347 5033 1404 5080 ut
1433 5041 1610 5084 meum
1645 5027 1742 5083 tibi

155 5118 326 5174 valeat
395 5120 656 5190 prodesse
718 5116 1026 5174 consilium.
1087 5117 1352 5176 Nonnulla
1411 5119 1608 5191 quippe
1673 5121 1743 5175 ab

155 5207 462 5266 humilitate
503 5227 623 5268 mea
652 5209 810 5266 vobis
847 5215 972 5263 sunt
1024 5210 1356 5284 suggerenda
1403 5223 1508 5264 non
1566 5212 1741 5267 solum

1847 535 2058 596 tempus
2081 529 2336 597 paschale
2367 535 2646 606 pra-ﬁgite,
2674 547 2728 592 et
2757 547 2814 594 ut
2850 542 2915 596 ad
2942 557 3034 599 vos
3065 546 3300 614 veniam,
3331 564 3425 604 ve-

1845 621 1968 670 stras
1993 621 2301 678 sanctitatis
2336 627 2657 684 auctoritate
2690 627 2900 698 jubete.
2945 633 3078 691 Peto
3129 638 3314 706 etiam,
3375 641 3426 698 si

1845 703 2037 776 placet,
2069 717 2131 764 ut
2157 711 2300 780 quod
2327 711 2516 773 latoris
2541 722 2892 790 prmsentium
2922 738 3018 782 ore
3064 703 3422 800 depromitur,

1843 795 2132 858 eﬂlcaciter
2159 805 2428 862 audiatur.

2387 897 2721 957 EPISTOLA
2760 903 2869 961 ΥΠ.

2323 1003 2392 1044 ΑΙ)
2425 1005 2476 1044 Ν.
2486 1029 2500 1044 ο
2510 1031 2524 1045 .
2563 1008 2873 1052 EPISCOPUH.
2883 1007 2944 1052 ,ἐι

1845 1075 2246 1162 Artemitam-un.
2273 1113 2348 1162 -—_
2369 1083 2519 1162 Hane
2540 1087 2822 1162 epistolam
2846 1091 3083 1162 scripsit,
3114 1109 3236 1150 cum
3273 1105 3424 1155 esset

1917 1150 2224 1232 in_itinere.
2253 1155 2448 1235 utipse
2473 1150 2856 1235 aitfadmonet
2903 1150 3084 1235 autem
3131 1150 3426 1235 quemdam

1914 1221 2248 1307 episcopum,
2279 1221 2412 1307 ut'a
2457 1221 2775 1286 muneribus
2813 1233 3114 1307 impiorum
3148 1221 3430 1307 accipiet}:
3469 1267 3480 1286 ι

1917 1293 2000 1345 dis
2029 1293 2317 1376 abstineat,
2373 1312 2440 1376 ue
2491 1293 3206 1376 peccatorum‘eorumdem
3259 1293 3430 1376 parti-

1917 1375 2044 1444 ceps
2097 1363 2396 1444 liat.__Quod
2443 1363 2702 1444 et'sacra;
2753 1373 3049 1444 Scriptum
3100 1363 3428 1434 auctoritate

1917 1441 1974 1518 et
2018 1433 2398 1518 nonnullorum
2459 1441 2724 1518 exemplis
2781 1433 2998 1518 probat.
3050 1445 3275 1516 Oportet
3331 1433 3432 1518 igi-

1919 1505 2160 1589 ιρι-,πέμ
2197 1521 2449 1589 magnam
2495 1505 2800 1589 cautionem
2855 1505 3122 1589 adhiberi,
3175 1531 3242 1572 ne
3299 1505 3426 1589 pas—

1915 1575 2016 1652 sim
2047 1574 2116 1628 ab
2143 1574 2394 1632 omnibus
2417 1579 2558 1633 dona
2585 1583 2944 1652 accipiantur,
2987 1587 3081 1642 sed
3108 1574 3328 1643 tantum
3357 1590 3430 1643 ab

1917 1643 1983 1697 iis
2007 1659 2234 1769 quorum
2273 1662 2500 1704 munera
2533 1643 2722 1707 etiam"
2743 1653 2854 1710 Deo
2893 1643 3114 1727 accepta
3151 1672 3274 1714 esse
3321 1675 3430 1716 non

1917 1728 2002 1768 am
2045 1725 2228 1769 mitur.

1916 1728 2228 1785 ambigitur.

1917 1803 2126 1862 Domno
2155 1805 2266 1864 N...
2297 1814 2617 1868 veneranda:
2657 1815 2960 1872 sanctitatis
2996 1817 3266 1890 episcopo,
3315 1817 3426 1872 Pr.-

1847 1912 1983 1953 rnus
2012 1907 2266 1969 peccator
2296 1905 2593 1961 monachus
2641 1906 2889 1962 salutem.

1915 1995 2294 2066 Dilectissime,
2327 1999 2450 2055 licet
2477 2001 2526 2056 in
2557 2002 2750 2060 itinere
2775 2004 3123 2074 constitutus,
3151 2020 3420 2076 nequeam

1843 2085 2059 2142 climate
2087 2088 2214 2157 quid
2238 2091 2498 2158 scribere,
2529 2093 2729 2148 rectius
2757 2103 2935 2149 tamen
2959 2095 3147 2164 judico
3185 2111 3301 2152 rem
3331 2111 3430 2151 ne-

1845 2179 2138 2234 cessariam
2170 2191 2464 2254 utcumque
2496 2184 2735 2254 signare,
2785 2185 2941 2258 107
2977 2202 3139 2257 quam
3201 2186 3422 2258 penitus

1846 2270 2061 2327 silentio
2091 2275 2388 2343 prmterire.
2415 2275 2566 2344 Quod
2603 2277 2768 2348 igitur
2789 2293 2886 2332 ore
2916 2278 2982 2332 ad
3010 2294 3072 2333 os
3113 2279 3429 2348 frequenter

1845 2365 2122 2432 admonui,
2153 2367 2405 2440 idipsum,
2437 2387 2579 2426 nunc
2601 2372 2842 2442 apicibus
2870 2373 3092 2443 replico,
3125 2382 3178 2430 et
3209 2390 3276 2429 ne
3303 2389 3427 2430 reo-

1848 2473 1964 2511 rum
1992 2461 2356 2527 quorumlibet
2401 2461 2680 2518 hominum
2726 2474 2776 2519 te
2830 2466 3144 2522 muneribus
3191 2466 3423 2536 polluas,

1847 2545 2087 2604 l‘umlitus
2120 2550 2402 2607 interdico.
2433 2551 2706 2623 Scriptum
2730 2563 2814 2610 est
2851 2557 2993 2610 enim
3023 2573 3036 2610 :
3075 2575 3093 2608 ι
3131 2556 3423 2612 lmmolans

1848 2639 2224 2712 (Immolantis)
2256 2659 2323 2700 ex
2351 2645 2535 2715 iniquo
2556 2645 2759 2702 oblatio
2794 2657 2873 2702 est
2913 2647 3212 2714 maculata,
3236 2658 3290 2702 et
3316 2665 3426 2703 non

1848 2741 1971 2786 sunt
1999 2732 2351 2804 beneplacitte
2382 2735 2842 2792 subsannatioucs
2872 2736 3196 2806 injustorum
3229 2737 3425 2810 {Eccli.

1845 2825 2054 2895 xxxiv).
2089 2845 2107 2878 ι
2142 2825 2251 2882 Cur
2272 2828 2414 2882 enim
2441 2844 2548 2884 non
2569 2845 2822 2885 veremur
2845 2831 3090 2900 accipere
3113 2847 3233 2902 qua:
3257 2829 3427 2886 Deum

1848 2913 2091 2970 novimus
2145 2917 2476 2985 reprohare?
2525 2915 2664 2977 ilinc
2717 2921 2912 2976 iterum
2968 2922 3232 2992 scriptum
3283 2931 3368 2978 est
3412 2941 3428 2978 :

1851 3024 1870 3058 ‹
1907 3007 2053 3061 Dona
2079 3008 2386 3079 iniquorum
2430 3027 2538 3066 non
2583 3012 2778 3083 probat
2818 3011 3148 3080 Altissimus,
3187 3029 3284 3070 nec
3337 3028 3432 3070 re-

1845 3098 2006 3168 spicit
2033 3097 2086 3154 in
2109 3099 2472 3157 oblationibus
2502 3103 2810 3173 impiorum,
2845 3119 2945 3158 nec
2977 3104 3029 3158 in
3081 3102 3430 3160 multitudine

1847 3190 2236 3247 sacrificiorum
2271 3207 2461 3248 eorum
2493 3195 2874 3266 propitiabitur
2895 3194 3132 3264 peccatis
3157 3193 3371 3265 (Ibid.).
3403 3211 3424 3246 ι

1846 3283 1912 3337 Et
1959 3283 2088 3339 alibi
2125 3298 2140 3338 :
2179 3303 2197 3336 ι
2241 3285 2490 3340 Victima:
2547 3285 2834 3356 impiorum
2893 3283 3282 3340 abominabiles
3322 3283 3432 3340 D0-

1845 3373 1992 3430 mino
2015 3373 2196 3446 (Prov.
2225 3377 2337 3447 xv).
2373 3395 2392 3429 ι
2423 3376 2492 3431 Et
2525 3375 2812 3432 Psalmista
2846 3393 2858 3432 :
2898 3396 2916 3429 ι
2953 3375 3069 3432 Non
3118 3377 3266 3432 dabit
3317 3375 3433 3432 Deo

1843 3465 2201 3538 placationem
2227 3482 2402 3532 suam,
2434 3483 2533 3524 nec
2559 3468 2791 3538 pretium
2824 3467 3211 3538 redemptionis
3232 3467 3428 3523 animat

1846 3575 1958 3615 sua:
1991 3557 2163 3632 (Psal.
2195 3559 2406 3632 nvm).
2453 3579 2472 3612 ι
2509 3559 2619 3614 Cur
2641 3561 2805 3616 etiam
2839 3558 2966 3614 illud
3009 3559 3075 3613 ad
3107 3559 3428 3614 memoriam

1847 3667 1954 3706 non
1979 3652 2310 3718 reducimus,
2344 3651 2487 3721 quod
2521 3651 2673 3706 Giczi
2705 3659 2978 3722 perpetua:
3011 3649 3176 3722 leprre
3208 3649 3432 3704 scabre-

1844 3743 2024 3798 dinem
2083 3743 2277 3810 induit,
2318 3745 2443 3798 dum
2498 3742 2678 3797 oblata
2743 3741 2984 3797 Naaman
3032 3740 3154 3812 Syri
3204 3754 3432 3795 munera

1846 3837 2187 3908 concupivit?
2213 3833 2320 3909 (IV
2351 3836 2475 3908 Rrg.
2505 3835 2589 3908 v.)
2631 3833 2738 3890 Sed
2767 3843 2825 3890 ut
2868 3843 3124 3890 caveatur
3175 3832 3428 3900 exitium,

1846 3927 1991 3983 aliud
2038 3928 2217 3983 adhuc
2267 3927 2588 3984 adnectatur
2615 3927 2943 3998 exemplum.
2979 3926 3251 3982 Gerardus
3297 3939 3431 3980 sane

1847 4022 2130 4092 religiosus
2157 4021 2409 4077 Ecclesiae
2438 4020 2762 4077 Florentium
2784 4019 3076 4076 eanonicus
3099 4033 3268 4090 nuper
3293 4017 3432 4072 mihi

1844 4113 2034 4169 retulit
2083 4112 2206 4178 ista,
2252 4129 2372 4184 qua:
2405 4127 2589 4167 narro.
2639 4111 3037 4166 llildebrandus
3080 4122 3265 4164 comes
3321 4104 3431 4160 Tu-

1844 4207 1970 4261 scia:
2017 4205 2094 4278 (in
2133 4205 2431 4278 Tusciam),
2473 4222 2563 4276 qui
2617 4205 2897 4260 dicebatur
2941 4203 3005 4258 de
3061 4199 3338 4272 Capuana,
3375 4197 3432 4252 in

1847 4307 2054 4354 tantum
2088 4298 2240 4354 dives
2292 4308 2408 4352 erat
2453 4313 2517 4352 ac
2556 4306 2858 4367 praepotens
2899 4305 2956 4348 ut
3009 4291 3332 4362 gloriaretur
3369 4302 3433 4344 se

1844 4389 2029 4462 plures
2060 4389 2261 4446 habere
2288 4397 2472 4444 curtes
2509 4398 2673 4458 atque
2705 4385 2922 4443 castella
2955 4399 3118 4454 quam
3150 4382 3265 4438 dies
3314 4377 3430 4434 sint

1847 4483 1939 4553 qui
1983 4489 2340 4538 numerantur
2371 4481 2422 4534 in
2455 4494 2616 4532 anno.
2652 4477 2788 4531 Hinc
2831 4474 3205 4569 presbyterum
3237 4483 3424 4569 quem-

1848 4573 1994 4638 dam,
2027 4571 2334 4642 religiosum
2363 4567 2612 4622 videlicet
2638 4577 2690 4620 et
2721 4567 3005 4620 honestum
3053 4562 3225 4616 virum
3270 4562 3432 4628 spiri-

1854 4663 2054 4719 tualem
2090 4663 2193 4718 sibi
2221 4661 2426 4718 fecerat
2458 4667 2682 4728 patrem,
2717 4675 2745 4711 a
2791 4671 2897 4726 quo
2943 4664 2996 4709 et
3053 4649 3432 4724 posuiteutiaut

1847 4773 1912 4813 ex
1944 4771 2094 4812 more
2119 4753 2468 4828 percipiebat.
2515 4751 2590 4805 De
2619 4765 2724 4822 quo
2755 4749 3074 4820 presbytero
3107 4747 3244 4800 alius
3281 4758 3433 4822 pres-

1845 4848 2021 4920 byter,
2051 4845 2339 4902 Rainerius
2367 4842 2606 4908 nomine,
2635 4845 2772 4898 hanc
2796 4837 3063 4892 visionem
3103 4834 3263 4894 vidit,
3291 4829 3436 4900 quod

1847 4956 1955 4995 non
1987 4955 2154 5011 parva
2181 4956 2284 4996 vos
2313 4935 2488 4992 sonuit
2513 4951 2639 5004 quae
2668 4935 2814 4990 illum
2840 4931 3137 4987 ascendere
3177 4925 3442 4982 inclama-

1851 5035 1925 5088 vit
1963 5049 1976 5086 :
2015 5053 2032 5085 ‹
2070 5033 2229 5090 Petrc
2255 5075 2271 5102 ,
2339 5029 2557 5099 inquit,
2617 5029 2917 5102 presbyter,
2968 5041 2986 5073 ι
3059 5026 3140 5080 ς,ἱο
3178 5019 3348 5083 enim,
3397 5017 3446 5072 si

1847 5126 1949 5180 rite
1978 5133 2157 5194 teneo,
2191 5123 2506 5186 vocabatur,
2553 5141 2570 5174 ι
2626 5119 2854 5179 ascende
2883 5117 3009 5170 huc.
3051 5138 3069 5170 ι
3107 5117 3234 5173 llaec
3264 5119 3444 5164 autem

1847 5233 1950 5271 vox
1975 5227 2083 5271 tam
2109 5233 2301 5290 magna
2327 5213 2492 5270 fuisse
2514 5213 2720 5273 dicitur
2763 5220 2819 5266 ut
2855 5209 2921 5264 ad
2975 5205 3101 5277 ejus
3151 5203 3444 5310 νεξιθξιιεξη·
