3964 5310
468 369 574 427 507

1005 369 1062 425 S.
1103 369 1309 425 PETRI
1334 369 1615 425 DAMIANI
1653 370 1803 433 OPP.
1835 370 2013 427 PARS
2053 369 2185 428 SEU
2221 370 2458 427 TOMUS
2496 370 2539 426 I.
2567 399 2634 411 —
2670 370 2887 428 EPIST.
2924 370 3053 426 LIB.
3097 369 3230 428 VIII.

464 492 618 539 verat
643 491 862 540 sanctus
886 484 1208 553 Benedictus
1236 499 1353 538 esse
1377 484 1680 537 videbatur.
1723 481 1854 537 Post
1882 480 2049 550 hujus
2068 485 2122 545 Δ
2146 482 2309 553 cium.
2339 481 2445 537 Sed
2474 497 2685 552 precor,
2712 482 2805 543 ait.
2837 482 2925 537 die
2970 478 3161 536 domui
3185 494 3342 546 meae,
3392 490 3450 534 ut
3502 482 3737 537 reddant

472 576 652 630 autem
682 576 880 630 montis
909 591 1190 632 ascensum
1220 574 1363 629 illico
1394 574 1682 645 presbyter
1705 582 1818 629 toto
1854 588 2049 643 corpoo

471 678 529 718 re
558 676 677 719 sese
701 665 963 734 (‘Otttpet'it
1006 679 1125 719 esse
1171 665 1467 732 leprosum,
1519 678 1750 731 moxque
1796 676 2045 732 prorum-

468 766 600 826 pens
633 776 643 809 :
673 755 817 811 Heu!
849 758 986 812 heu!
1023 757 1213 826 inquit,
1239 772 1336 811 cur
1362 755 1519 822 hujus
1549 753 1866 822 pestilentiae
1888 753 2046 821 plaga

468 854 555 902 me
582 846 850 917 perdidit?
874 846 969 903 Cui
998 844 1057 901 Β.
1086 847 1409 901 Benedictus
1434 863 1446 897 :
1488 845 1712 914 Diplois,
1751 844 1848 907 ait,
1884 857 2047 912 quam

468 937 754 1006 suscepisti
784 938 849 992 de
875 937 1217 1007 eleemosyna
1240 935 1456 990 comitis
1496 934 1843 988 Hildebrandi
1894 932 2043 1003 (nam

467 1032 608 1087 idem
661 1030 1058 1085 Hildebrandus
1110 1037 1239 1084 tune
1286 1044 1454 1098 nuper
1501 1026 1731 1095 obierat)
1779 1030 1894 1079 tnec
1951 1025 2047 1079 tibi

466 1139 620 1199 versa
650 1123 811 1178 estin
852 1114 1054 1191 lepra'm
1103 1140 1115 1175 :
1166 1122 1519 1192 quamobrem
1573 1118 1736 1172 redde
1795 1118 2048 1173 transitoo

471 1204 608 1266 riam
641 1222 864 1276 vestem,
900 1211 944 1266 si
978 1211 1058 1264 vis
1085 1220 1358 1281 perpetua;
1406 1209 1569 1278 leprae
1598 1209 1766 1263 vitare
1810 1208 2046 1278 prurigi-

467 1319 615 1358 nem.
662 1302 785 1358 Haec
813 1303 959 1357 enim
1016 1302 1233 1357 odibilis
1281 1316 1344 1355 ac
1388 1299 1687 1370 perniciosa
1738 1298 1903 1354 vestis
1953 1297 2048 1352 tibi

469 1394 709 1462 quidem,
734 1402 793 1447 ut
813 1394 1103 1462 conspicis,
1136 1393 1337 1456 nocuit,
1371 1391 1444 1445 illi
1489 1405 1618 1445 vero
1650 1389 1781 1444 nihil
1826 1390 2048 1443 omnino

471 1481 718 1553 profecit.
752 1484 821 1538 Ut
841 1485 966 1553 quid
997 1499 1126 1554 ergo
1155 1498 1446 1553 pravorum
1479 1480 1844 1552 quorttmlibet
1875 1480 2050 1535 homi-

469 1591 595 1628 num
630 1588 851 1647 munera
874 1576 1188 1646 quaerimus,
1215 1589 1339 1629 cum
1378 1589 1567 1628 eorum
1616 1573 1822 1642 quasvis
1848 1571 2051 1626 oblatio

468 1675 524 1719 et
558 1665 768 1720 illorum
802 1678 1032 1736 nequeat
1059 1665 1274 1722 abolere
1296 1665 1544 1722 contartia
1603 1678 1658 1720 et
1685 1665 1841 1720 nobis
1868 1679 2051 1719 versa-

474 1765 559 1809 tur
586 1756 637 1809 in
680 1756 920 1825 lepram?
1158 1770 1161 1775 ‘

2149 578 2548 647 possessionem
2579 576 2638 629 Β.
2681 575 2882 638 Mariae,
2911 586 3077 643 quam
3119 573 3345 639 abstuli,
3368 574 3413 629 si
3446 572 3589 628 forte
3618 587 3738 628 me-

2149 681 2274 721 rear
2306 665 2373 720 ab
2416 667 2522 731 his,
2556 666 2608 720 in
2640 666 2832 734 quibus
2891 674 3100 747 teneor,
3146 666 3322 743 panis
3370 665 3598 719 absolvi.
3657 665 3737 718 De

2148 771 2254 826 qua
2284 766 2462 811 tamen
2503 756 2729 810 ecclesia
2760 748 2822 808 Β.
2874 754 3055 810 Maria:
3085 755 3418 823 loqueretur.
3446 755 3740 825 presbyter

2149 861 2254 901 non
2282 846 2520 915 agnovit,
2553 844 2608 900 e't
2639 846 2937 900 viventibus
2958 845 3267 914 specialiter
3289 846 3575 915 designare
3622 860 3735 901 non

2150 937 2343 1007 potuit.
2372 935 2635 990 Praeterea
2679 937 2961 1007 presbyter
2989 937 3044 991 in
3070 932 3345 991 anteriora”
3369 938 3733 1001 contendens,

2149 1026 2284 1082 vidit
2338 1027 2551 1081 domum
2603 1028 2766 1082 nimis
2815 1028 3141 1082 horrendam
3192 1038 3355 1096 atque
3407 1028 3738 1096 terribilem,

2152 1121 2439 1191 pluresque
2471 1122 2749 1177 ministros
2794 1121 3031 1190 ejusdem
3083 1123 3273 1177 domus
3318 1132 3475 1192 aque
3504 1123 3737 1187 feroces,
3825 1132 3829 1139 ’

2152 1224 2359 1282 torvos,
2385 1231 2450 1270 ac
2479 1217 2601 1270 visu
2625 1217 2742 1287 ipso
2770 1215 3160 1280 formidabiles,
3189 1217 3279 1286 qui
3306 1216 3567 1270 nimirum
3614 1217 3741 1271 hinc

2151 1305 2278 1361 inde
2297 1321 2420 1361 cum
2461 1305 2991 1385 magnafrequentia
3020 1308 3387 1362 discurrentes
3433 1306 3748 1361 anxiaban-

2154 1406 2263 1462 tur,
2294 1397 2641 1463 anhelabant,
2672 1407 2727 1452 et
2754 1398 2934 1453 nescio
2969 1399 3099 1468 quid
3126 1412 3378 1468 magnum
3408 1397 3560 1452 velut
3588 1410 3747 1466 egi-eu

2152 1490 2297 1561 gium
2322 1491 2694 1561 priestolantes
2725 1491 3012 1560 hospitem,
3047 1490 3443 1560 praeparabant.
3495 1488 3745 1558 Eutr:an

2152 1579 2408 1648 praefatus
2457 1572 2765 1650 presbyter,
2826 1579 2956 1649 quid
3006 1579 3117 1635 hoc
3171 1587 3348 1645 esset,
3396 1578 3741 1649 stupefactus

2154 1671 2473 1740 inquireret,
2502 1686 2821 1740 responsum
2844 1680 2948 1736 est,
2971 1685 3066 1725 eos
3094 1680 3299 1741 quarta»
3321 1668 3457 1724 lcria
3491 1669 3747 1740 proxime

2154 1771 2383 1817 ventura
2409 1762 2661 1816 comitem
2688 1769 3009 1830 exspectem
3039 1759 3362 1816 Guirlonom.
3411 1761 3567 1815 Sicut
3597 1758 3753 1815 eniur‘

542 1848 645 1902 Sed
677 1858 734 1901 ut
758 1848 920 1902 totius
941 1848 1169 1904 visionis
1194 1852 1389 1904 seriem
1423 1862 1839 1918 prosequamur,
1873 1846 2050 1901 conti-
2085 1856 2133 1913 π
2156 1854 2359 1923 copiosi
2401 1852 2717 1908 deliciaruttt
2771 1861 3019 1921 sumptus
3070 1852 3315 1906 venturis
3368 1858 3749 1921 praeparantur

471 1937 666 1992 nuo’B‘.
698 1936 1021 1994 Benedictus
1065 1955 1184 1994 eum
1230 1940 1296 1993 de
1352 1950 1533 1993 monte
1590 1938 1861 2007 deposuit,
1890 1946 2058 2007 atque

477 2030 542 2085 ad
564 2031 819 2101 subjecta!
849 2030 1108 2085 convallis
1141 2031 1393 2086 inferiora
1421 2033 1659 2088 deduxit.
1684 2035 1893 2089 Interea
1913 2033 2058 2087 videt

473 2123 757 2193 presbyter
812 2118 1142 2178 horrendum
1186 2129 1474 2195 quemdam
1524 2129 1777 2192 lluviutn,
1833 2136 2054 2191 tetrum,

476 2216 710 2282 piceum,
742 2225 905 2283 atque
931 2214 1304 2285 sulphureum,
1327 2215 1481 2283 juxta
1514 2235 1696 2288 quem,
1722 2220 1857 2274 duce
1898 2219 2056 2274 beato

478 2305 617 2370 viro,
647 2308 772 2361 dum
806 2317 1073 2377 pergeret,
1103 2318 1201 2361 Vox
1239 2309 1315 2363 .de
1346 2308 1565 2364 nurnine
1587 2311 1787 2377 sonuit,
1823 2324 2058 2379 eumque

482 2400 708 2454 vocavit.
754 2399 995 2469 Cumque
1028 2403 1276 2472 protinus
1310 2403 1396 2457 ille
1436 2404 1781 2468 subsisteret,
1831 2413 1886 2459 et
1935 2404 2058 2473 quis

480 2507 600 2544 eum
652 2493 949 2557 VOCHVN‘II,
985 2494 1297 2563 inquisisset
1330 2513 1342 2549 :
1382 2494 1515 2565 Ego,
1546 2495 1740 2564 inquit,
1769 2511 1887 2548 sum
1922 2494 2057 2549 infe—

481 2583 769 2639 Iicissimns
800 2584 885 2638 ille
905 2601 1091 2640 comes
1115 2585 1508 2641 Hildebrandus
1526 2628 1540 2650 ,
1565 2588 1650 2642 cui
1683 2587 2055 2656 paenitentiam

477 2672 601 2728 licet
627 2674 1015 2746 infructuosam
1044 2676 1320 2747 imponere
1359 2694 1741 2733 consueveras.
1772 2679 1869 2732 Cui
1900 2694 2055 2748 pres-

382 2754 397 2758 ”
477 2764 780 2835 liyternit:
821 2767 884 2819 lit
909 2768 1180 2835 quomodo
1220 2779 1274 2820 tu
1320 2783 1502 2823 comes
1534 2768 1929 2823 Hildebrandus
1976 2784 2057 2834 es,

478 2862 600 2908 cum
631 2857 703 2909 sis
736 2865 842 2909 tam
876 2858 1023 2911 obesi
1074 2868 1127 2911 et
1186 2859 1414 2912 mutilati
1450 2860 1692 2929 corporis
1722 2869 1781 2915 ut
1826 2875 1930 2914 non
1960 2861 2047 2914 hu-

480 2956 693 3000 manam
727 2949 983 3017 speciem,
1022 2948 1182 3021 108
1216 2951 1308 3004 sed
1344 2951 1453 3004 taxi
1495 2953 1674 3020 potius
1728 2953 1926 3006 habere
1982 2953 2060 3005 vi-

478 3024 657 3092 dearis
685 3038 1067 3109 eliigicm?’Cui
1114 3057 1296 3097 comes
1321 3057 1340 3094 :
1380 3042 1502 3109 Tot,
1549 3044 1746 3111 inquit,
1776 3044 2060 3113 suppliciis

483 3124 706 3219 :itteror,
741 3139 816 3183 tot
846 3133 1018 3194 nnvis,
1055 3141 1108 3187 et
1149 3133 1436 3203 exquisitis
1465 3134 1706 3202 quotidie
1756 3136 1933 3204 poenis
1979 3136 2058 3188 af-

2159 1947 2480 2017 hOSpitibus,
2507 1946 2578 1999 ita
2609 1945 2828 2016 maligni
2877 1945 3100 2014 spiritus
3142 1944 3339 1997 misero
3390 1941 3601 1996 homini
3638 1954 3753 1995 non

2158 2039 2311 2101 alias,
2343 2054 2502 2108 quam
2539 2052 2817 2107 pinnarum
2845 2053 2909 2092 ac
2930 2045 3323 2091 tormentorum
3347 2034 3536 2106 epulas
3565 2032 3755 2105 provis-

2158 2128 2377 2183 debaut.
2403 2127 2695 2197 Presbyter
2721 2126 2902 2196 itaque
2934 2126 3225 2181 Rainerins
3245 2136 3368 2196 post
3398 2126 3537 2180 hanc
3581 2125 3757 2178 visios

2160 2232 2280 2271 nem
2313 2216 2776 2287 evigilavit;quod
2807 2217 3035 2281 viderat,
3068 2215 3343 2275 recitavit;
3374 2230 3559 2270 cernes
3578 2227 3759 2285 quas“

2162 2318 2215 2364 ta
2253 2307 2406 2373 feria,
2441 2309 2583 2364 sicut
2609 2307 2926 2377 praedictum
2957 2315 3061 2372 est,
3090 2307 3247 2363 obiit.

2231 2403 2301 2459 Ut
2324 2420 2454 2475 ergo
2484 2404 2549 2459 ad
2590 2405 2664 2469 id,
2716 2404 2859 2473 quod
2885 2403 3170 2473 coepimus,
3214 2409 3591 2467 revertamur;
3634 2398 3747 2454 nuli

2160 2496 2351 2562 frater,
2385 2495 2490 2550 noli
2520 2506 2706 2565 patere
2733 2495 3080 2560 muneribus;
3137 2507 3245 2549 non
3291 2492 3569 2554 omnibus,
3621 2504 3749 2562 qua

2162 2588 2489 2658 praebentur,
2521 2586 2658 2642 liber
2683 2587 2822 2656 apud
2857 2595 2908 2641 te
2930 2594 3113 2655 pateat.
3134 2585 3313 2640 aditus
3331 2624 3347 2649 ,
3374 2584 3469 2640 sed
3493 2583 3749 2653 (praedam

2163 2681 2538 2745 admittuntur,
2561 2688 2620 2732 ut
2650 2678 2700 2732 in
2729 2677 3142 2733 necessitatibus
3167 2675 3471 2739 sublevem,
3493 2676 3747 2743 quaedam

2162 2768 2512 2837 repellantur,
2538 2783 2607 2823 ne
2633 2779 2809 2823 reatus
2832 2767 2994 2824 alieni
3013 2783 3114 2823 nos
3141 2765 3471 2837 ponderibus
3494 2771 3746 2834 gravent.

2164 2858 2298 2911 Dum
2331 2857 2493 2928 igitur
2518 2856 2699 2912 oblata
2725 2857 3070 2927 suscipimus,
3119 2858 3186 2912 de
3230 2853 3575 2911 offerentium
3630 2868 3748 2908 me-

2163 2951 2285 3005 ritis
2304 2951 2465 3021 prius
2491 2964 2714 3005 necesse
2734 2959 2819 3006 est
2845 2951 3197 3019 disputemus.
3230 2947 3419 3002 Manus
3440 2947 3625 3017 itaque
3650 2960 3749 3001 no-

2163 3050 2274 3093 stra
2305 3054 2408 3093 non
2436 3039 2616 3093 omnia
2647 3053 2767 3109 qua:
2811 3038 3120 3107 praebentur
3171 3035 3544 3092 indill‘ereuter
3593 3034 3746 3090 acci-

2164 3130 2309 3199 piat;
2341 3134 2397 3184 et
2428 3144 2533 3183 non
2570 3128 2621 3182 id
2659 3128 2801 3198 quod
2839 3126 3086 3203 offertur,
3133 3127 3226 3183 sed
3252 3126 3485 3197 potiusa
3513 3141 3625 3195 quo
3667 3123 3751 3181 of-

480 3216 648 3294 lIigm'.
682 3234 870 3278 utnon
903 3225 1097 3278 mirum
1144 3224 1213 3278 sit
1258 3224 1402 3294 quod
1454 3225 1699 3293 corporis
1731 3225 1834 3279 mei
1885 3224 2059 3281 forma
2089 3217 2132 3278 C
2167 3219 2336 3273 fel'lut'
2378 3217 2537 3288 109
2575 3228 2729 3272 cauta
2773 3218 2926 3288 prius
2988 3217 3393 3271 examinatione
3444 3216 3748 3271 discernat-

479 3304 754 3386 tf‘ep‘rrat,
799 3315 891 3370 sed
935 3316 1078 3386 quod
1121 3315 1463 3387 aliquatenus
1522 3316 1603 3371 vel
1657 3316 1892 3371 essentia
1950 3316 2064 3385 ipsa

483 3406 762 3460 subsistat.
817 3407 1001 3460 'l‘antre
1032 3406 1242 3461 scilicet
1290 3406 1633 3461 crudelitatis
1677 3404 1774 3469 fui,
1828 3407 1951 3461 dum
2008 3406 2061 3460 in

484 3509 711 3564 corpore
732 3496 866 3559 vixi,
902 3506 958 3549 nt
987 3513 1129 3551 nunc
1160 3497 1364 3551 sanctis
1384 3495 1636 3551 omnibus
1666 3497 1791 3552 odio
1828 3497 2061 3561 habear;

484 3593 535 3639 et
568 3587 638 3640 ita
677 3587 918 3658 mejusta
945 3602 1132 3642 eorum
1174 3588 1432 3643 severitas
1465 3589 1793 3643 unanimiter
1840 3588 2067 3659 despicit

482 3680 623 3747 quod
663 3678 1082 3753 nullus‘illorum
1132 3681 1305 3735 adlmc
1357 3696 1455 3749 pro
1510 3696 1596 3736 me
1632 3681 1772 3751 apud
1826 3681 2063 3737 divinant

482 3771 821 3827 clementiam
861 3771 1188 3827 intercessit.
1238 3769 1568 3826 Videbantur
1605 3781 1785 3826 autem
1838 3771 2066 3841 praefato

481 3860 643 3919 lIuviu
672 3865 1092 3919 innumerabiles
1118 3864 1364 3918 volucres
1395 3862 1547 3934 quasi
1602 3862 1866 3918 columbae
1917 3863 2066 3915 varia

484 3956 783 4025 plumarum
811 3956 1126 4011 diversitate
1156 3971 1460 4026 conspersae.
1506 3965 1565 4010 ut
1591 3955 1718 4010 hinc
1763 3954 1891 4019 albi,
1921 3953 2069 4009 illinc

485 4046 623 4117 nigri
682 4048 913 4103 discolor
971 4051 1177 4118 species
1232 4050 1526 4113 videretur,
1575 4062 1871 4118 onmesqne
1921 4047 2068 4103 velut

489 4146 692 4192 moesta:
719 4139 899 4203 nimis,
942 4155 1004 4194 ac
1049 4141 1303 4209 lugubres
1333 4143 1485 4210 quasi
1518 4156 1628 4210 prie
1678 4140 1862 4195 dolore
1894 4149 2069 4195 rostra

489 4226 875 4295 retorquebant
901 4229 966 4281 ad
997 4230 1278 4297 pcnnulas.
1313 4230 1605 4298 lnquisitus
1636 4230 1817 4299 itaque
1863 4245 2065 4297 comes,

486 4333 605 4385 qua:
628 4316 728 4371 illa:
755 4317 1002 4373 volucres
1031 4329 1234 4385 essent,
1268 4321 1543 4390 respondit
1591 4338 1604 4372 :
1653 4321 1759 4374 lllze
1787 4330 1936 4388 sunt,
1988 4323 2072 4376 in-

495 4413 634 4479 'ptit,
660 4414 852 4467 animm
882 4414 1108 4470 diversis
1140 4415 1191 4469 in
1215 4416 1318 4469 hoc
1345 4417 1554 4486 gurgite
1599 4415 1926 4486 purgatoriis
1981 4417 2068 4471 de-

496 4512 712 4574 putatte,
743 4521 862 4575 quae
887 4506 1132 4561 videlicet
1158 4507 1295 4561 sicut
1323 4523 1427 4561 non
1476 4521 1543 4561 ex
1590 4516 1698 4561 toto
1738 4516 1863 4561 sunt
1915 4507 2065 4570 albae,

2166 3311 2302 3365 Dicit
2337 3308 2659 3380 Scriptura:
2703 3328 2722 3360 ι
2773 3306 2829 3361 Si
2872 3316 3019 3363 recte
3063 3305 3282 3372 oderas,
3318 3317 3377 3361 et
3434 3316 3588 3361 reae
3638 3320 3746 3361 non

2166 3403 2395 3465 dividas,
2441 3401 2672 3472 peccasti
2702 3386 2856 3473 (Gen.
2889 3416 2960 3463 tv,
2983 3397 3139 3469 juxta
3171 3398 3575 3469 Septuaginta).
3628 3417 3653 3452 ι
3686 3397 3765 3452 EI-

2168 3508 2263 3547 nos
2317 3493 2458 3563 quod
2502 3493 2752 3547 similiter
2797 3502 2881 3546 est
2932 3491 3301 3547 necessarium
3345 3491 3583 3547 dicimus
3624 3490 3757 3561 quid

2170 3586 2213 3639 si
2245 3602 2364 3654 qua:
2392 3583 2687 3639 oﬂ‘erentnr
2712 3583 2947 3653 accipias
2969 3592 3023 3637 et
3044 3582 3386 3638 offerentium
3416 3583 3618 3638 merita
3648 3597 3759 3638 ne.

2167 3677 2466 3742 discemus,
2498 3676 2737 3730 deterius
2760 3675 3053 3746 deliquisti.
3086 3675 3179 3730 Vis
3222 3674 3411 3730 audire
3450 3675 3584 3743 quid
3622 3675 3757 3731 mihi

2168 3785 2342 3841 nuper
2368 3771 2431 3823 de
2456 3769 2653 3824 collato
2680 3769 2915 3836 quodam
2943 3784 3163 3823 rnunere
3193 3768 3461 3839 contigit?

2238 3861 2536 3916 Primarius
2567 3861 2783 3930 quidam
2806 3860 3120 3929 Rodulphus
3146 3860 3366 3915 nomine
3384 3898 3400 3923 ,
3420 3871 3639 3933 potens
3666 3874 3755 3914 sa-

2169 3957 2238 4010 tis
2275 3964 2332 4010 et
2359 3955 2613 4024 prudens,
2661 3955 2800 4025 apud
2862 3970 3019 4009 suum
3055 3952 3440 4007 monasterium
3477 3951 3615 4006 mihi
3645 3949 3758 4022 pil-

2169 4047 2300 4101 lium
2331 4056 2641 4101 reverenter
2668 4045 2885 4112 obtulit,
2916 4045 3057 4117 quod
3093 4043 3422 4109 trihlathon,
3470 4042 3636 4113 juxta
3674 4042 3757 4099 sui

2168 4139 2383 4210 generis
2408 4138 2663 4207 speciem,
2694 4147 3065 4207 nuncupatur;
3098 4136 3258 4190 trium
3282 4135 3483 4205 quippe
3510 4134 3763 4190 colore.

2168 4238 2285 4294 est;
2313 4237 2366 4282 et
2395 4226 2616 4282 blathon
2649 4226 2869 4296 pallium
2898 4226 3114 4291 dicitur,
3138 4226 3279 4279 unde
3306 4225 3607 4280 triblathon
3638 4222 3756 4295 pal-

2169 4314 2299 4374 lium
2338 4329 2580 4383 vocatur,
2628 4318 2769 4387 quod
2823 4318 2981 4371 trium
3024 4317 3271 4372 cernitur
3309 4331 3433 4372 esse
3482 4319 3759 4372 coierunt

2172 4411 2283 4464 lloc
2306 4411 2486 4479 itaque
2511 4411 2594 4463 vir
2624 4410 2709 4463 ille
2745 4408 3063 4478 suppliciter
3091 4407 3325 4464 offerens
3374 4408 3635 4477 procidit,
3667 4422 3759 4463 so-

2170 4492 2328 4571 loque
2374 4510 2673 4577 prostratus
2727 4515 2832 4564 me,
2882 4516 2988 4577 qua
3021 4500 3231 4570 potuit,
3283 4498 3759 4555 hnmiliaticordis

490 4597 583 4673 sed
624 4596 883 4653 interfusa
921 4602 1148 4668 Sparsim
1198 4600 1474 4670 nigredine
1501 4600 1744 4664 variatte,
1775 4599 1854 4654 sic
1897 4608 1952 4653 et
1997 4615 2061 4653 ex
2096 4579 2473 4648 Dintentione
2501 4576 2709 4662 rogavit
2743 4609 2755 4644 :
2787 4572 2970 4654 Defer,
2994 4589 3186 4659 inquit,
3216 4590 3319 4645 hoc
3346 4589 3757 4654 munusculum,

490 4703 643 4761 parte
660 4689 771 4759 jam
806 4690 1101 4760 purificane
1125 4702 1178 4746 et
1202 4708 1266 4747 ex
1297 4701 1450 4762 parte
1476 4700 1601 4746 sunt
1625 4691 1802 4746 adhuc
1834 4690 2073 4759 peccatis

491 4782 758 4837 Oillmliil}.
785 4781 918 4837 Nam
948 4793 1150 4854 quanto
1177 4768 1465 4853 spatiosior
1499 4782 1690 4837 albedo
1725 4782 1968 4836 cernitur
2017 4781 2069 4834 in

493 4874 755 4928 varietate
808 4874 1133 4944 plumarum.
1164 4884 1318 4930 tanto
1345 4875 1518 4942 major
1567 4873 1885 4942 intelligitur
1927 4872 2070 4928 faeta

488 4960 711 5016 abolitio
741 4973 1122 5033 peccatorum;
1166 4967 1216 5020 in
1262 4975 1522 5034 quantum
1552 4980 1681 5017 vero
1723 4963 1944 5034 nigredo
1987 4944 2109 5018 re;

492 5053 757 5108 mansisse
783 5056 1149 5124 conspicitur,
1184 5058 1235 5110 in
1267 5066 1474 5111 tantum
1521 5058 1693 5111 adhuc
1723 5065 2069 5127 peccatorum

498 5143 723 5196 maculis
763 5156 1142 5214 asperguntur.
1170 5146 1275 5200 Sed
1302 5156 1427 5214 post
1454 5146 1619 5200 multa
1641 5148 1923 5217 presbyter
1948 5142 2072 5200 inde

495 5234 792 5276 nrnnmlenu
865 5235 1055 5276 ncninit
1109 5235 1420 5276 Inthnrinm
1477 5238 1727 5276 nmnitnm
1810 5239 1899 5276 ιιιιί
1960 5237 2067 5276 iam

2172 4684 2390 4740 domine
2442 4683 2533 4746 mi,
2569 4682 2770 4736 sanctis
2800 4680 3059 4735 fratribus
3101 4680 3228 4746 tuis,
3270 4696 3298 4731 a
3334 4678 3538 4749 quibus
3568 4680 3757 4747 uti-pte

2171 4775 2246 4828 nil
2276 4772 2419 4827 aliud
2446 4781 2588 4841 peto,
2623 4771 2725 4825 nisi
2756 4780 2815 4825 ut
2844 4771 2947 4825 hoc
2975 4767 3151 4824 solum
3181 4770 3320 4838 apud
3352 4766 3599 4822 divinam
3661 4766 3758 4821 illl-

2170 4876 2382 4937 petrare
2400 4863 2744 4919 ‘clementiam
2773 4862 3060 4925 studeant,
3085 4869 3353 4932 quatenus
3377 4874 3406 4912 a
3435 4858 3606 4913 corde
3639 4870 3758 4913 meo

2173 4956 2534 5018 tenebrarum,
2578 4969 2716 5024 quas
2769 4953 2989 5023 patitur,
3022 4951 3308 5022 caliginem
3362 4949 3538 5005 tollat.
3590 4949 3758 5002 Amor

2178 5047 2321 5101 enim
2345 5043 2523 5100 szeculi
2550 5059 2644 5099 cor
2677 5058 2856 5098 meum
2882 5043 3085 5097 detinet
3127 5043 3485 5102 obctecatum.
3517 5039 3760 5108 mihique

2177 5133 2433 5192 tenebras
2454 5135 2667 5205 ingerit,
2693 5149 2829 5205 quas
2850 5133 3053 5188 sanctis
3083 5147 3271 5188 eorum
3305 5128 3650 5185 orationibus
3670 5143 3758 5181 ex-

2176 5228 2300 5276 mdli
2326 5227 2544 5276 (erinido
2589 5227 2780 5276 additi.
2821 5241 2929 5276 ηιιο
2969 5225 3159 5276 saltem
3206 5234 3363 5276 tenue
3396 5223 3597 5276 divina:
3628 5221 3757 5275 lucis
