3964 5310
166 356 279 420 309

1279 360 1478 422 LIBER
1516 360 1867 433 QUARTUS,
1913 365 2127 424 EPIST.
2168 368 2296 425 VIII.

3334 362 3439 419 310

169 476 268 531 sed
296 492 404 532 non
428 475 623 535 festive
642 477 927 549 suscipior.
957 477 1288 534 Invchuntur
1312 478 1477 546 enim,
1506 495 1610 535 non
1635 494 1757 552 gra-
1784 481 1838 543 Α
1862 478 2043 533 docuit
2070 481 2327 537 relatione
2344 484 2483 552 quod
2510 499 2689 538 narro.
2718 466 3017 547 Albericus,
3042 483 3229 554 inquit,
3251 477 3439 560 Eccle-

174 568 278 637 tias
306 580 504 639 agunt;
540 571 917 642 expostulent,
962 586 1067 626 non
1097 570 1478 637 blandiuntur;
1508 582 1563 627 et
1608 573 1753 628 obla-

175 659 377 713 tionem
410 660 535 716 talis
560 662 660 717 viri
697 678 806 719 non
834 663 1054 728 donum.
1086 662 1181 720 sed
1210 663 1398 721 sordes
1439 674 1602 736 atque
1630 680 1730 720 con

176 753 380 821 tagium
410 753 673 825 deputant
691 755 1013 811 animarum.
1041 755 1200 811 Nullo
1221 755 1400 828 itaque
1426 765 1583 828 pacto
1608 756 1762 826 quie-

176 858 331 897 scere
363 854 698 912 potuerunt,
737 847 908 901 donec
938 863 1135 902 munus
1166 848 1382 902 incaute
1425 857 1757 917 susceptum,

177 930 241 985 ad
273 948 422 997 eum,
449 935 542 1005 qui
573 935 815 1004 dederat,
840 946 1035 1007 praesto
1072 937 1426 1004 remitterem,
1452 938 1610 1007 eique
1634 951 1759 1007 gra-

179 1025 344 1079 tuitas
377 1026 656 1082 orationes
680 1028 780 1083 sub
803 1028 983 1083 verbis
1025 1027 1383 1083 excusatoriis
1412 1027 1761 1082 nihilominus

179 1117 333 1185 quasi
366 1133 471 1171 non
524 1119 878 1183 remitterem,
929 1119 1235 1188 pollicerer.
1270 1118 1487 1184 Fateor,
1535 1119 1760 1172 multum

179 1207 310 1279 mihi
343 1207 568 1277 placuit,
590 1208 733 1279 quod
770 1207 1087 1279 obiurgatus
1121 1225 1238 1263 sum
1260 1250 1275 1272 ,
1299 1209 1441 1277 quod
1479 1217 1761 1278 correptus

180 1310 299 1350 Sum
328 1338 344 1361 ,
384 1298 531 1366 quod
584 1298 761 1353 verbis
809 1299 1149 1354 mordacibus
1192 1312 1443 1368 aspersus
1489 1314 1628 1353 sum.
1680 1295 1762 1350 Tu

180 1402 420 1456 quoque,
446 1385 636 1450 frater,
672 1389 886 1444 custodi
937 1397 988 1444 te
1027 1404 1060 1443 a
1106 1389 1421 1444 muneribus
1450 1389 1760 1459 impiorum,

181 1488 239 1534 ut
258 1483 388 1535 dum
416 1496 581 1536 caves
608 1476 1168 1552 proprium,'alienum
1216 1480 1602 1551 perhorrescas
1638 1482 1765 1536 tibi-

181 1579 291 1624 met
311 1570 574 1624 adbibere
601 1570 864 1640 ﬂagitium
898 1589 914 1626 :
942 1580 1014 1637 et,
1032 1572 1187 1644 juxta
1216 1572 1365 1626 Pauli
1399 1573 1759 1628 sententiam:

185 1660 309 1715 Non
352 1662 703 1716 communit-es
730 1665 955 1733 peccatis
994 1663 1179 1719 alienis
1200 1664 1249 1734 (1
1280 1664 1415 1718 Tim.
1442 1664 1495 1735 v)
1526 1705 1541 1730 ,
1602 1680 1662 1719 ac
1702 1665 1766 1719 Ii-

187 1752 339 1826 lera‘.
353 1753 552 1809 talibus
578 1770 699 1810 cum
728 1755 991 1812 eovaleas
1023 1758 1351 1813 conscientia
1371 1758 1578 1814 dicere;
1612 1758 1767 1812 Mun-

1860 572 1953 626 siae
1973 589 2102 628 mete
2132 575 2230 629 sub
2255 572 2469 629 nomine
2493 576 2814 645 epiSCOpalis
2838 571 3311 630 incubabatoﬁicii.
3342 568 3441 649 Hie

1858 665 2105 736 obscena:
2153 666 2507 722 meretricuke
2559 667 2914 736 prolectarius
2960 653 3284 719 adhaerebat.
3338 659 3441 727 Qui

1806 814 1811 819 1
1859 732 2109 809 videlicet
2139 757 2261 809 dum
2287 756 2498 812 Ottonis
2526 732 2749 827 Augusti
2775 756 3132 826 propinquum
3183 750 3445 806 formida-

1861 838 1944 900 ret
1969 847 2277 913 adventum,
2314 847 2505 902 falsum
2534 848 2789 902 mentitus
2819 855 2901 902 est
2923 845 3245 900 caelibatum.
3276 841 3443 894 Mcr‘e-

1862 935 2050 990 tricem
2079 937 2259 1007 itaque
2281 954 2309 991 a
2340 939 2592 992 consortii
2619 938 2699 993 sui
2726 924 2985 992 sOcietate
3012 934 3257 997 removit,
3296 946 3443 985 cam-

1863 1045 1965 1098 que
1980 1044 2133 1083 sacro
2148 1028 2408 1082 velamine
2427 1028 2689 1082 fallaciter
2702 1027 2963 1090 indutam,
2978 1021 3443 1080 sanctimonialem

1862 1134 1982 1174 esse
2027 1118 2324 1183 constituit,
2359 1128 2725 1171 verumtamen
2768 1126 2891 1187 post
2932 1113 3272 1186 imperatoris
3318 1111 3444 1165 abs-

1864 1225 2099 1275 cessum,
2129 1221 2182 1265 et
2209 1210 2272 1263 ad
2294 1211 2534 1279 pristina:
2574 1208 2832 1262 fuzilitatis
2888 1205 3233 1278 ignominiam
3267 1201 3446 1266 rediit,

1864 1312 1920 1357 et
1946 1303 2164 1371 insuper
2187 1302 2251 1354 ad
2278 1302 2557 1371 probrosae
2584 1298 2817 1354 infamiae
2839 1313 2949 1351 suae
2974 1293 3246 1350 cumulum
3270 1308 3334 1347 ex
3358 1306 3451 1345 ea-

1867 1394 1986 1448 dem
2014 1394 2234 1448 tartarei
2259 1392 2535 1463 prostibuli
2565 1391 2781 1445 victinza
2804 1388 2973 1443 ﬁlium
3001 1385 3324 1456 procreavit.
3348 1382 3451 1443 Οιιί

1810 1552 1813 1557 ἱ
1868 1502 1991 1542 mox
2044 1496 2101 1540 ut
2154 1500 2249 1556 per
2298 1486 2625 1540 incrementa
2688 1492 2988 1552 temporum
3046 1474 3454 1548 grandiusculus

1869 1570 2121 1643 adolevit,
2151 1587 2307 1648 pater
2328 1593 2457 1649 eum
2492 1575 2709 1629 sibimet
2755 1564 2807 1625 in
2855 1568 3145 1641 episcopali
3196 1567 3455 1635 dignitate

1870 1670 2166 1727 substituit.
2196 1668 2301 1723 Sed
2324 1684 2446 1724 cum
2476 1668 2631 1737 longa
2659 1661 2969 1718 dominandi
3013 1657 3345 1714 consuetudo
3387 1654 3457 1709 ad

1872 1764 2190 1819 memoriam
2220 1765 2442 1824 rediret,
2467 1774 2631 1829 seque
2659 1774 2764 1834 non
2796 1753 3058 1810 celebrari
3119 1769 3185 1807 ac
3227 1764 3457 1804 venera-

183 1852 280 1900 dus
318 1864 413 1920 ego
450 1865 569 1903 sum
592 1866 622 1902 a
660 1851 916 1921 sanguine
959 1851 1190 1904 omnium
1230 1861 1451 1905 vestrum
1483 1851 1618 1923 (Act.
1648 1851 1760 1922 xx).
1795 1870 1847 1933 Β
1875 1856 2055 1913 biliter
2094 1854 2289 1919 excoli,
2321 1854 2460 1907 sicut
2509 1860 2634 1905 ante
2665 1852 3041 1909 consueverat,
3093 1842 3459 1903 erubesceret,

728 1983 1060 2041 EPISTOLA
1100 1985 1229 2042 VIII.

419 2088 492 2129 ΑΒ
529 2086 846 2129 IAINARDUI
882 2091 1174 2131 EPISCOPUI
1211 2091 1537 2131 EUGUIINUI.

189 2161 588 2235 Accensa-run.
609 2163 982 2235 —7Mainardo
1004 2166 1282 2232 Eugubino
1309 2167 1560 2235 episcopo
1584 2167 1777 2223 suadet

238 2244 316 2307 hut
336 2236 543 2305 praedia
565 2233 961 2307 facultatesque
982 2236 1236 2292 Ecclesiae
1263 2233 1506 2307 tempore
1534 2238 1617 2292 sui
1655 2239 1771 2305 epi-

259 2314 514 2374 scopatus
555 2305 858 2377 ademptas,
889 2305 1494 2377 recuperareconeiur;
1525 2308 1773 2361 eumdem

262 2377 533 2441 hortatur,
562 2384 623 2429 ut
649 2376 828 2432 mores
857 2378 1115 2445 corrigat,
1139 2376 1365 2431 arduum
1402 2378 1524 2432 vitae
1553 2378 1659 2431 iter
1684 2392 1773 2431 ar-

259 2446 435 2516 ripiat,
460 2463 574 2571 quo
612 2445 824 2502 facilius
864 2461 963 2517 per
1007 2462 1195 2517 aspera
1236 2461 1465 2516 quaeque
1508 2463 1572 2502 ac
1606 2449 1775 2502 ardua

259 2518 443 2571 mundi
513 2516 637 2573 uius
661 2533 793 2572 saxa
816 2517 1066 2573 iactatus.
1091 2518 1157 2572 ad
1178 2518 1378 2573 nuietis
1395 2517 1775 2573 felicitatisoue

238 2527 443 2579 _mundt
472 2527 637 2585 huius
661 2533 793 2572 saxa
811 2527 1066 2586 Jactatus,
1091 2527 1157 2572 ad
1178 2527 1378 2587 quietis
1395 2527 1776 2588 felicitatisque

260 2587 313 2641 in
348 2586 490 2642 ccelo
514 2598 731 2659 portum
753 2589 1034 2658 pervenire
1054 2590 1241 2660 possit.

263 2701 426 2770 ιιο
450 2700 665 2757 Domno
704 2700 989 2758 Μωωωο
1016 2701 1289 2773 episcopo.
1328 2738 1344 2755 .
1390 2740 1404 2754 .
1450 2739 1464 2754 .
1508 2740 1523 2755 .
1563 2700 1778 2757 Penus

194 2806 445 2867 peccator
469 2797 787 2853 monachus.

259 2888 399 2956 Quia
418 2887 567 2953 novi,
593 2886 784 2953 frater,
806 2887 903 2944 tibi
932 2903 1039 2943 non
1072 2887 1263 2943 deesse
1293 2884 1662 2956 prudentiam,
1691 2900 1778 2941 se-

195 2990 353 3032 curus
380 2985 437 3032 et
456 2976 662 3047 absque
680 2977 968 3049 formidine
987 2976 1346 3047 correptionis
1365 2976 1597 3032 adhibeo
1616 2974 1780 3031 disci-

195 3067 416 3137 plinain.
450 3066 586 3123 Nam
614 3076 672 3123 et
705 3067 758 3123 in
782 3066 1095 3124 Proverbiis
1121 3068 1374 3123 Salomon
1403 3068 1538 3123 dicit
1563 3088 1578 3123 ς
1603 3087 1621 3118 c
1650 3066 1780 3123 Plus

194 3159 409 3229 proﬁcit
465 3161 740 3231 correptio
790 3161 927 3232 apud
978 3162 1323 3232 prudentem,
1348 3175 1513 3231 quam
1560 3169 1776 3215 centum

196 3209 1781 3322 angat;satisﬁaa'gii';};:{.;;;..;T;‘;i
1816 3230 1863 3292 C
1895 3229 2047 3322 side“
2067 3235 2232 3322 θεεςειο
2263 3209 3293 3322 "ullatenui‘leSF‘mL@3931?

195 3342 532 3412 corripueris
554 3342 855 3413 sapientem
876 3383 892 3408 ,
938 3344 1202 3414 intelliget
1228 3343 1564 3412 disciplinam
1593 3340 1779 3413 (Prov.

197 3436 332 3505 xix).
375 3452 396 3486 ι
430 3432 532 3500 Qui
560 3449 750 3489 rursus
770 3435 885 3487 ait:
921 3451 940 3485 ι
972 3433 1157 3499 Auris,
1188 3449 1308 3502 quae
1342 3432 1490 3488 audit
1531 3433 1784 3502 increpa-

200 3523 379 3579 tiones
432 3525 593 3588 vitae,
653 3523 706 3578 in
757 3523 938 3578 medio
993 3523 1315 3592 sapientium
1362 3520 1786 3577 commorabitur

203 3610 523 3684 (Promxv).
556 3632 577 3665 ι
610 3611 838 3682 Moxque
875 3613 1190 3684 subjungit:
1227 3632 1246 3666 ι
1279 3613 1379 3679 Qui
1413 3611 1596 3681 abiicit
1624 3610 1787 3668 disci-

200 3704 425 3775 plinam,
449 3704 681 3775 despicit
701 3706 938 3759 animam
962 3720 1146 3770 suam;
1174 3705 1265 3773 qui
1288 3713 1467 3760 autem
1492 3702 1792 3775 acquiescit

200 3795 689 3867 increpationibus,
724 3812 1005 3867 possessor
1033 3806 1116 3853 est
1140 3798 1320 3853 cordis
1344 3796 1555 3869 (Ibid).
1583 3816 1602 3848 ›
1632 3795 1791 3864 Quod

202 3901 298 3942 ore
326 3887 396 3941 ad
442 3901 507 3942 os
563 3902 703 3958 saepe
737 3888 1060 3957 praemonui,
1091 3904 1188 3957 per
1226 3889 1434 3944 litteras
1476 3887 1701 3958 replico,
1734 3895 1793 3942 et

203 3986 413 4033 motuin
442 3975 653 4049 fugacis
700 3977 899 4048 eloquii
944 3977 1086 4032 velut
1114 3978 1179 4033 ad
1211 3979 1502 4033 ancliorain
1544 3977 1794 4035 stationis

204 4070 457 4140 apicibus
478 4069 605 4140 ligo.

272 4162 544 4228 Instaura,
570 4161 894 4217 venerabilis
922 4159 1115 4228 frater,
1161 4160 1402 4217 ecclesia:
1451 4171 1555 4217 tua:
1594 4160 1797 4232 praedia

209 4256 430 4327 prodige
452 4254 803 4310 saecularibus
829 4254 1042 4317 tradita,
1095 4270 1289 4310 revoca
1337 4254 1535 4308 diversi
1581 4253 1800 4323 generis

210 4358 531 4402 uniainenta
557 4354 821 4402 nocenter
840 4348 1085 4419 opposita
1110 4346 1212 4418 [[2,
1239 4348 1483 4417 exposita
1507 4345 1550 4419 ],
1597 4356 1652 4402 et
1693 4346 1801 4401 salo

214 4446 314 4494 tem
339 4439 573 4512 insignia
605 4454 856 4513 quasque,
904 4439 987 4495 vel
1031 4441 1234 4509 optima
1278 4438 1651 4502 restituantur,
1681 4452 1803 4506 quae

215 4529 544 4598 prailationis
572 4538 678 4584 tute
709 4537 951 4598 tempore
973 4529 1210 4599 graviter
1239 4543 1572 4597 suspiramus
1596 4528 1797 4582 ablata.

217 4618 268 4674 In
292 4620 537 4675 moribus
558 4633 774 4689 quoque
797 4618 901 4672 tuis
924 4619 1264 4687 temetipsum
1291 4618 1519 4686 corrige.
1552 4626 1608 4671 et
1645 4616 1803 4671 undi-

217 4726 313 4780 que
340 4720 560 4774 cautus,
592 4708 831 4778 undique
858 4707 1284 4778 circumspectus
1309 4706 1530 4761 omnino
1561 4715 1610 4760 te
1639 4707 1690 4759 in
1713 4721 1802 4761 sa-

218 4802 478 4860 cerdotali
520 4800 792 4872 gravitate
837 4800 1213 4872 et_lionestatc
1260 4812 1549 4866 compone;
1580 4812 1680 4851 nec
1708 4796 1803 4850 de-

218 4894 429 4951 lecteris
450 4868 729 4961 fallaciam
756 4868 1061 4943 divitiarum
1094 4889 1283 4958 copiis,
1308 4902 1427 4957 quae
1454 4885 1699 4940 fortassis
1722 4886 1802 4939 in-

218 4997 501 5059 geruntur,
525 4981 779 5048 afﬂuere;
806 4994 907 5035 nec
953 4980 1017 5035 de
1045 4981 1336 5055 cathedrae,
1390 4978 1475 5031 cui
1525 4976 1803 5048 przesides,

220 5082 424 5124 amhinn
452 5080 665 5124 hnnnre.
683 5073 942 5124 candere.
966 5072 1097 5124 Nam
1119 5088 1259 5124 smne
1285 5072 1428 5124 Deus
1446 5071 1808 5124 omnipotens.

1876 1948 2078 2017 reperit
2112 1946 2396 2002 consilium
2422 1960 2489 1997 ex
2532 1942 2721 1996 intimo
2769 1936 3020 1992 diabolici
3072 1933 3304 2004 pectoris
3342 1928 3462 1985 felle

1875 2041 2167 2111 prolatum.
2194 2037 2633 2105 Locutus-itaque
2664 2032 2838 2103 primo
2876 2046 2996 2085 cum
3021 2025 3341 2096 quibusdam
3363 2038 3459 2093 pe-

1876 2129 2268 2187 stilentissitnis
2296 2126 2596 2194 monachis,
2629 2123 2823 2178 deinde
2846 2137 2969 2176 cum
2995 2116 3263 2173 nonnullis
3294 2114 3461 2169 Deum

1879 2220 2245 2278 nescientibus
2269 2217 2443 2283 laicis,
2471 2215 2686 2279 tandem
2725 2213 2974 2267 condicto
3003 2208 3256 2279 praestita:
3301 2219 3463 2274 spon-

1882 2313 2052 2369 sionis
2082 2319 2275 2383 pactus
2303 2318 2386 2365 est
2412 2307 2637 2370 foedere,
2671 2314 2729 2359 ut
2783 2312 3000 2359 centum
3068 2299 3325 2353 librarum
3364 2294 3468 2349 Pa-

1878 2405 2083 2476 piensis
2116 2411 2343 2459 moneta:
2356 2399 2589 2471 pretium
2619 2395 2802 2450 infelix
2828 2400 3095 2448 mercator
3120 2385 3465 2458 appenderet;

1878 2504 1934 2550 et
1962 2494 2043 2550 sic
2073 2492 2170 2559 illi,
2198 2500 2401 2547 caecato
2450 2490 2602 2558 prius
2645 2486 2861 2549 abbate,
2909 2482 2998 2552 qui
3047 2493 3172 2534 tunc
3215 2485 3467 2548 praeerat,

1880 2587 2172 2642 Casinense
2201 2583 2587 2639 monasterium
2619 2578 2668 2633 ei
2694 2590 2885 2632 secure
2905 2572 3310 2631 contraderent,
3325 2566 3470 2639 quod

1880 2678 1971 2732 ille
2002 2676 2255 2745 deinceps
2281 2688 2469 2728 eorum
2495 2670 2661 2725 fultus
2691 2666 2911 2732 auxilio,
2956 2664 3074 2718 sine
3104 2662 3210 2715 ullo
3255 2668 3471 2714 contra-

1882 2770 2133 2827 dictionis
2190 2764 2469 2823 obstaculo
2517 2760 2839 2835 possideret.
2872 2756 2987 2811 Hoc
3014 2754 3173 2809 etiam
3206 2751 3471 2821 primogeo

1881 2863 1980 2919 niti
2003 2863 2157 2934 111
2188 2859 2403 2916 Satanre
2427 2853 2767 2912 conventioni
2797 2848 3089 2905 machinati
3118 2843 3338 2901 ftederis
3375 2842 3471 2894 ad-

1883 2953 2159 3017 diderunt,
2192 2959 2249 3006 ut
2271 2949 2362 3006 ille
2383 2945 2665 3019 praetaxati
2688 2943 2846 3015 pretii
2862 2951 3069 3012 partem
3093 2938 3356 2992 duntaxat
3376 2946 3472 3003 per

1886 3056 2016 3101 suos
2044 3056 2230 3099 servos
2287 3040 2549 3103 mitteret,
2579 3045 2651 3093 et'
2678 3037 2850 3089 donec
2874 3032 2927 3086 in
2958 3027 3207 3084 manibus
3231 3025 3345 3079 suis
3380 3037 3474 3092 po.

1885 3136 2021 3191 sitos
2045 3133 2256 3188 abbatis
2285 3130 2471 3187 oculos
2494 3145 2600 3184 non
2631 3128 2915 3198 aspiceret,
2947 3129 3184 3192 partem,
3214 3131 3333 3187 quae
3381 3129 3470 3169 re-

3341 3223 3404 3262 CO
3410 3223 3467 3261 1⁸·-

1885 3320 2046 3383 rasis,
2068 3319 2424 3385 undecunque
2442 3312 2636 3385 potuit,
2660 3319 2822 3380 atque
2858 3304 3129 3375 congestis
3150 3299 3331 3355 aureis
3353 3311 3469 3350 mu.

1885 3410 2151 3468 liebribns
2184 3406 2544 3470 ornamentis,
2570 3401 2849 3473 sexaginta
2889 3397 3149 3450 librarum
3195 3389 3353 3461 pretii
3402 3387 3472 3441 ad
3538 3464 3545 3473 .

1886 3501 1952 3557 Β.
1984 3500 2236 3557 Germani
2255 3496 2508 3568 oppiduni
2524 3510 2619 3565 per
2639 3507 2767 3548 suos
2787 3487 3074 3559 complices
3105 3481 3270 3550 misit,
3286 3480 3474 3549 eisque

1890 3593 2019 3662 quid
2044 3600 2101 3646 et
2119 3591 2316 3660 quibus
2343 3587 2673 3656 loqueretur,
2705 3581 2849 3651 quod
2870 3580 2935 3633 de
2961 3574 3228 3634 sententia
3274 3568 3471 3627 diaboli

1892 3661 2126 3755 nequam
2156 3680 2449 3750 discipulus
2472 3680 2750 3739 hauserat,
2801 3672 3173 3741 serpenttnum
3199 3666 3348 3755 virus
3393 3661 3475 3715 in-

1893 3754 2119 3831 vomuit.
2150 3771 2250 3840 Qui
2274 3771 2556 3827 venientes
2586 3768 2652 3821 ad
2681 3763 2956 3837 Oppidum,
2982 3768 3036 3814 et
3075 3754 3474 3812 communicato

1894 3882 2018 3923 cum
2046 3866 2244 3936 quibus
2268 3862 2445 3917 edocti
2493 3861 2705 3914 fuerant
2730 3853 2961 3911 nefando
2991 3848 3272 3920 mysterio,
3306 3844 3476 3917 proti-

1896 3972 1999 4011 nus
2028 3956 2081 4010 iu
2109 3963 2297 4025 crypta
2344 3951 2577 4022 quadam
2636 3946 2876 4019 ejusdem
2921 3941 3102 4013 oppidi
3152 3937 3303 3994 missi
3350 3944 3480 3993 sunt

1898 4046 2079 4114 ibique
2106 4060 2201 4115 per
2219 4045 2421 4113 aliquot
2442 4042 2647 4097 dierum
2662 4036 2893 4107 spatium
2914 4031 3189 4095 occultati,
3227 4026 3486 4083 satellites

1901 4148 2077 4192 autem
2104 4137 2317 4192 Satanae
2336 4134 2726 4204 comprehenso
2755 4127 3017 4183 violenter
3066 4121 3246 4178 abbati
3291 4117 3478 4175 oculos

1901 4240 2119 4293 eruunt,
2150 4243 2349 4296 eosque
2375 4224 2593 4280 linteolo
2624 4222 2870 4294 protinus
2921 4215 3208 4280 involutos,
3250 4211 3318 4266 ad
3370 4224 3486 4274 eos,

1904 4326 1997 4397 qui
2020 4325 2074 4379 in
2098 4331 2287 4394 crypta
2312 4319 2652 4379 habitabant,
2692 4312 2902 4371 occulte
2951 4308 3352 4397 transmittunt;
3394 4300 3488 4397 qui

1907 4392 2032 4473 mox
2068 4392 2278 4469 alacres
2306 4410 2506 4474 effecti,
2535 4417 2590 4464 et
2640 4416 2898 4476 tanquam
2941 4400 3256 4457 thesaurum
3283 4394 3371 4448 diu
3403 4392 3492 4446 deo

1908 4510 2203 4565 sideratum
2231 4504 2502 4560 inbianter
2533 4498 2787 4570 amplexi,
2824 4494 3142 4555 festinanter
3172 4487 3238 4542 ad
3275 4481 3493 4570 propria

1910 4602 2156 4657 remeare
2181 4601 2478 4666 coeperunt.
2498 4569 2741 4659 Cumque
2765 4587 2876 4658 jam
2932 4582 3215 4654 proﬂigato
3261 4569 3494 4643 longiori

1912 4691 2088 4762 spatio
2113 4695 2352 4743 extrema
2376 4697 2503 4753 pars
2531 4678 2744 4734 itineris
2790 4678 3117 4742 superesset,
3144 4674 3200 4762 et
3239 4673 3493 4732 tanquam

1914 4760 2024 4839 voti
2046 4786 2323 4851 compotes
2352 4769 2662 4839 securijam
2706 4768 2960 4823 alimenta
3011 4760 3370 4855 perciperent,
3402 4765 3495 4855 pe:

1914 4842 2403 4945 regrinus-quidam
2434 4865 2613 4921 subito
2633 4857 2967 4932 supervenit,
3002 4865 3058 4910 et
3071 4866 3265 4909 novum
3296 4842 3501 4917 aliquid

1914 4971 2230 5040 inquisitus,
2250 4962 2579 5025 Albericum,
2605 4958 2694 5029 qui
2720 4952 2935 5009 dudum
2976 4948 3152 5005 fuerat
3193 4945 3500 5040 episcopus,

1918 5036 2123 5119 abiisse
2142 5054 2432 5124 respondit.
2459 5051 2617 5118 Quod
2642 5048 2717 5104 illi
2740 5042 2978 5117 graviter
3005 5036 3276 5112 aspernati
3307 5049 3371 5087 ac
3408 5044 3502 5083 ve-
