3964 5310
482 148 580 204 Ml

1017 145 1075 203 s.
1107 143 1313 201 parm
1341 140 1622 201 DAMIANI
1651 138 1803 200 ora.
1829 138 2010 198 rans
2049 138 2183 199 seu
2237 136 2473 198 renus
2514 91 2557 193 ιζ
2579 91 2666 179 ’ἷ-
2702 131 2919 193 EPIST.
2952 132 3079 191 LlB.
3107 131 3243 191 vni.

3638 126 3738 189 512

477 220 733 330 sperabat
753 256 910 328 quasi
958 255 1189 311 sublime
1218 254 1513 326 fastigium,
1543 252 1636 325 qui
1663 267 1864 308 crccum
1911 250 2054 309 fece-
2078 257 2129 317 Α
2154 252 2406 324 cupidum
2427 264 2514 305 me
2538 248 2727 321 procul
2755 247 2917 304 dubio
2944 241 3331 304 assentatoriae
3375 240 3556 298 laudis
3591 256 3738 299 accu-

476 358 581 414 rat,
606 358 656 404 et
689 348 804 419 ipse
832 359 1083 417 tanquam
1106 360 1234 402 vere
1246 354 1477 401 eaeeatus
1495 353 1657 414 atque
1676 358 1744 399 ex
1767 341 2059 414 improviso

482 446 780 507 correptus,
811 445 1032 507 repente
1058 444 1144 490 est
1196 435 1473 491 demersus
1531 433 1586 488 iu
1631 441 1916 488 tartarum.
1953 429 2057 487 Cui

484 538 628 585 rer-te
650 528 1022 600 propheticum
1053 527 1179 582 illud
1201 526 1479 597 congruit:
1510 543 1528 577 ι
1557 524 1692 581 Dum
1710 523 1887 580 adhuc
1909 522 2060 578 ordi-

480 634 588 683 rer,
626 618 853 673 succidit
877 632 963 672 me
987 616 1132 688 (Isa.
1178 616 1437 685 xxxvm).
1468 636 1486 669 ι
1519 615 1686 671 Filius
1716 625 1894 671 autem
1917 628 2056 686 eius,

480 707 756 778 apos:olus
775 706 1017 763 videlicet
1043 705 1383 774 Antichristi,
1412 721 1571 778 quem
1598 707 1651 761 in
1677 707 2058 763 ecclesiastica:

478 800 755 870 dignitatis
794 802 1002 870 apicem
1042 808 1196 871 pater
1239 799 1523 868 allexerat,
1565 810 1768 873 quanto
1814 809 2058 871 tempore

478 890 798 958 supervixit,
832 889 1030 946 multas
1050 890 1421 945 calamitatum
1451 898 1614 960 atque
1652 889 2056 946 contentionum

476 980 864 1036 amaritudines
907 980 1153 1051 pertulit;
1196 988 1472 1049 postremo
1522 979 1791 1037 ferocibus
1838 996 2056 1037 suorum

478 1068 672 1138 gladiis
698 1069 937 1140 undique
981 1068 1255 1141 perfossus
1291 1070 1565 1127 occubuit.
1603 1070 1830 1141 Dignum
1861 1071 2059 1142 quippe

476 1167 562 1213 est
588 1168 647 1214 ut
673 1158 795 1215 talis
825 1160 947 1214 vitat
968 1160 1204 1216 clausula
1229 1161 1335 1217 illis
1360 1168 1612 1217 occurrat
1637 1161 1728 1231 qui
1754 1170 1944 1216 contra
1967 1176 2060 1217 vo-

495 1260 738 1306 untatcm
770 1252 863 1307 Dei
893 1252 959 1307 ad
984 1253 1126 1309 sacri
1148 1253 1353 1309 ordinis
1405 1253 1616 1309 culmen
1667 1253 1950 1317 anhelant;
1992 1268 2059 1311 ac

476 1342 702 1413 proinde
732 1342 957 1401 dulcedo
980 1345 1219 1412 vivendi,
1252 1360 1412 1417 quem
1442 1355 1624 1403 mente
1671 1355 2055 1417 conceperant,

479 1435 534 1489 in
564 1435 982 1491 amaritudinem
1004 1438 1437 1508 etprosperitas,
1496 1453 1616 1508 qua:
1667 1454 1765 1509 per
1819 1439 2055 1495 colorem

478 1523 730 1579 falsitatis
781 1526 1059 1591 arriserat,
1106 1527 1211 1583 illis
1261 1528 1507 1598 provenit
1563 1529 1615 1585 in
1666 1530 2053 1586 calamitatem.

2158 352 2262 398 sat.
2294 341 2658 398 Remordente
2687 339 2893 397 scilicet
2929 337 3260 395 conscientia
3311 333 3571 406 protinus
3615 332 3729 389 aio:

2157 432 2292 489 Cum
2322 434 2422 489 iste
2443 432 2575 488 mihi
2596 432 2741 503 loqui
2771 431 2918 487 venit
2939 431 3007 486 ad
3065 436 3245 487 votum
3298 440 3502 496 meque
3525 433 3736 481 conetur

2156 522 2477 579 benevolum
2505 522 2750 590 reddere,
2774 536 3048 594 nunquam
3073 535 3160 576 me
3177 519 3300 575 oleo
3317 515 3606 573 delinifica:
3624 530 3736 571 sua-

2157 616 2341 690 vitatis
2367 625 2701 690 aspergeret,
2731 617 2887 674 sime
2915 614 3174 673 delectari
3206 612 3441 669 laudum
3475 610 3737 668 favoribus

2158 689 2265 766 non
2295 689 2560 779 speraret.
2588 710 2648 765 in
2669 723 2788 766 mea
2811 708 2974 781 igitur
2989 707 3146 763 laude
3170 704 3508 771 confundor,
3531 714 3606 769 et,
3622 704 3735 760 dum

2159 800 2495 872 magnificari
2523 800 2734 867 videor,
2765 798 3047 857 erubesco.
3071 797 3190 868 Ipse
3232 796 3445 867 quippe
3473 808 3561 849 me
3599 791 3738 848 favor

2158 892 2422 965 obiurgat,
2454 893 2546 964 qui
2569 892 2741 949 laudis
2763 891 3001 954 avidum.
3024 898 3080 947 et
3114 890 3180 955 js
3226 888 3327 944 oui
3375 884 3594 942 videtur
3630 899 3737 942 esse

2159 983 2426 1050 laudatus,
2452 982 2748 1039 existimat.

2230 1073 2347 1131 lluc
2372 1074 2581 1131 accedit
2617 1073 2744 1145 quia
2772 1087 3104 1144 quaecunque
3131 1071 3376 1127 lmmana
3413 1082 3571 1124 mens
3618 1079 3737 1122 sano

2157 1166 2303 1238 viget
2333 1164 2467 1221 fulta
2494 1165 2741 1232 consilio,
2778 1165 2823 1220 si
2849 1179 2908 1220 se
2932 1162 3204 1219 subtiliter
3228 1172 3286 1218 et
3306 1157 3546 1217 solerter
3572 1157 3735 1229 inqui-

2155 1258 2250 1322 rit,
2312 1257 2405 1312 vix
2441 1256 2496 1311 in
2543 1256 2660 1312 suis
2709 1254 3061 1311 facultatibus
3111 1252 3327 1309 invenit
3378 1249 3524 1306 unde
3555 1249 3737 1305 merito

2160 1362 2379 1420 sperare
2404 1347 2734 1418 praeconium
2763 1346 2953 1418 possit.
2982 1343 3228 1401 Mortalis
3257 1341 3468 1414 quippe
3495 1338 3731 1405 conditio,

2160 1440 2401 1510 undique
2424 1447 2698 1495 coarctata
2722 1447 2885 1509 atque
2908 1436 3227 1502 constricta,
3251 1432 3389 1506 quid
3432 1432 3587 1488 novit
3609 1430 3735 1487 unde

2160 1531 2332 1603 possit
2370 1528 2591 1585 extolli?
2637 1528 2769 1596 Quis
2816 1527 2960 1582 enim
3009 1526 3146 1582 sciat
3192 1523 3328 1596 quid
3373 1523 3431 1578 in
3454 1520 3733 1577 aeternitate

478 1613 684 1681 Quibus
706 1625 758 1671 et
784 1616 915 1672 illud
938 1616 1189 1673 .leremiae
1211 1619 1404 1675 merito
1433 1621 1711 1692 congruit:
1743 1640 1763 1674 ι
1804 1622 2054 1693 Speravi-
2085 1618 2133 1679 Β
2161 1620 2342 1684 fuerit,
2372 1627 2664 1690 antequam
2688 1619 2830 1675 Deus
2856 1618 3001 1674 hunc
3032 1615 3296 1673 conderet
3321 1613 3620 1670 mundum?
3641 1610 3733 1668 Sed

477 1721 598 1761 nius
624 1721 832 1777 pacem,
857 1717 913 1764 et
944 1724 1050 1764 non
1079 1717 1162 1765 est
1183 1710 1418 1778 bonum;
1445 1712 1795 1783 quaesivimus
1824 1712 1985 1780 bona,
2011 1722 2068 1770 et

476 1810 603 1852 cccc
629 1797 865 1853 turbatio
894 1798 1040 1870 (Jer.
1066 1799 1208 1872 xw).
1243 1820 1261 1852 ι
1288 1800 1355 1855 Et
1391 1801 1517 1858 illud
1547 1801 1877 1858 Psalmistte:
1913 1821 1932 1855 ι
1963 1804 2066 1859 De-

471 1886 655 1955 jecisti
683 1902 776 1943 eos
801 1887 929 1943 dum
954 1888 1322 1947 allevarentur
1342 1892 1361 1964 (
1382 1892 1528 1947 Psol.
1558 1908 1702 1949 Lxxn
1721 1893 1762 1961 ).
1801 1911 1820 1945 ι

547 1977 779 2034 Ecentra
816 1989 892 2044 tu,
923 1981 1245 2037 venerabilis
1272 1981 1465 2047 frater,
1490 1984 1650 2054 hujus
1674 1984 1858 2040 mundi
1877 1985 2065 2041 suavia

478 2067 749 2133 quaelibet,
780 2084 846 2125 ac
873 2070 1010 2124 male
1032 2068 1271 2139 jucunda
1309 2081 1628 2140 contemne;
1680 2089 1863 2132 rerum
1891 2086 2067 2132 trans-

484 2158 730 2213 euntium
761 2162 946 2229 copias
977 2176 1040 2217 ac
1071 2163 1355 2218 mundame
1383 2164 1568 2235 gloria:
1611 2158 1935 2222 lenocinium
1974 2167 2070 2223 de-

477 2250 654 2320 spice;
679 2264 1015 2323 sequensque
1041 2254 1266 2325 vestigia
1301 2253 1599 2313 Salvatoris
1624 2272 1815 2328 aspera
1837 2273 2069 2330 quaeque

480 2343 576 2397 tibi
600 2358 662 2397 ac
691 2346 824 2399 dura
858 2360 1120 2416 propone,
1151 2356 1209 2403 ut
1240 2363 1339 2419 per
1386 2347 1622 2405 difﬁcilia
1674 2350 1945 2420 gradiens,
1997 2351 2066 2408 ad

472 2436 710 2506 jucunda
738 2439 1034 2510 pertingas,
1064 2449 1119 2496 et
1145 2441 1288 2496 velut
1316 2457 1507 2514 aspera
1540 2443 1754 2499 dumeta
1776 2442 2067 2519 perambu-

476 2531 596 2585 lans
626 2530 766 2586 viam
789 2537 936 2586 tuam
964 2532 1117 2589 suavi
1149 2533 1253 2590 line
1284 2534 1598 2593 concludas.

951 2647 1109 2719 ιη
1146 2647 1477 2705 EPISTOLA
1513 2649 1605 2705 ιιι.

714 2752 782 2791 AD
816 2751 1119 2793 OLDEBICUI
1155 2754 1443 2796 RPISCOPUI
1483 2756 1778 2797 FIBNANUI.

474 2846 869 2906 Anconen'ruu.
890 2848 1176 2923 eSeriblt
1199 2850 1341 2923 hanc
1369 2851 1649 2923 epistolam
1671 2852 1929 2923 Firmano
1948 2851 2065 2923 cpi-

544 2934 837 2990 scopo,q_ua
852 2920 1083 2990 primum
1096 2920 1431 2990 gratissimas
1445 2922 1544 2977 sibi
1561 2923 1625 2977 de
1640 2937 1704 2977 eo
1714 2924 1907 2977 missas
1920 2920 2066 2977 litte-

545 3004 638 3060 ras
652 2988 869 3060 scribit;
895 2989 1086 3060 deinde
1099 2988 1165 3060 Se
1187 2992 1423 3060 graviter
1435 2990 1576 3047 ferre
1595 3007 1708 3047 sua:
1722 3008 1916 3047 nomen
1943 3007 2068 3047 san-

545 3059 749 3114 ctitatis
769 3059 911 3134 quod
943 3074 1040 3129 per
1077 3059 1579 3134 illas’tribuebatur.
1610 3063 1792 3134 Quare
1815 3063 2065 3134 pluribus

546 3129 880 3203 argumentis
904 3139 1134 3203 conatur
1161 3133 1374 3203 eumab
1399 3133 1502 3187 bac
1532 3129 2065 3203 opinione'deduce-

550 3214 627 3263 re,
649 3201 894 3272 quamvis
909 3216 966 3255 se
984 3200 1098 3272 ipse
1111 3200 1444 3272 consoletur,
1460 3200 2066 3272 existimansidgnequa-

550 3283 713 3345 quam
747 3269 1233 3345 illumcredidisse,
1259 3272 1354 3326 sed
1385 3272 1452 3327 ad
1474 3273 1653 3345 aerius
1681 3269 2066 3345 impellendum

546 3338 756 3412 fecisse.
789 3339 947 3395 Addit
973 3349 1232 3412 praeterea
1258 3356 1318 3396 se
1345 3357 1489 3412 aegre
1515 3342 1700 3412 tulisse
1730 3338 2066 3399 calamitates

548 3408 822 3484 Ecclesiae,
852 3420 913 3463 ut
937 3408 1106 3465 armis
1126 3427 1212 3466 res
1240 3408 1430 3468 sacras
1457 3411 1747 3484 defendere
1771 3412 2063 3484 compelle-

547 3490 718 3554 retur:
750 3479 1225 3554 Quapropteenon
1255 3483 1534 3554 armisac
1572 3483 1781 3554 viribus
1820 3479 2066 3554 corporis

550 3543 1306 3624 tuendamdi'eit'Ecclesiam,
1359 3553 1453 3608 sed
1498 3553 1752 3624 precibus
1789 3543 2066 3624 armisque

547 3619 778 3685 divinis;
810 3620 971 3691 idque
997 3622 1167 3678 sacris
1196 3624 1427 3681 testibus
1452 3619 1515 3680 et
1532 3624 1839 3681 rationibus
1867 3619 2065 3681 nititur

544 3693 920 3761 comprobare.

552 3800 759 3858 Domno
788 3803 1064 3860 Ounsmco
1085 3802 1341 3862 Firmano
1376 3806 1649 3879 episcopo,
1688 3805 1906 3865 PETRUS
1936 3821 2063 3879 pee-

478 3901 633 3946 cator
664 3893 959 3950 monachus
985 3895 1362 3965 inexplebilem
1390 3898 1690 3954 devotionis
1716 3898 1990 3955 affectum.

553 3980 857 4040 Mellilluam
881 3996 1074 4042 vestrm
1099 3989 1402 4044 sanctitatis
1423 3990 1707 4059 epistolam
1728 4001 1929 4061 quanta
1943 4006 2062 4049 eor-

480 4076 565 4130 dis
590 4074 848 4130 aviditate
875 4077 1232 4147 susceperim,
1260 4081 1661 4149 perseverantia
1690 4083 1901 4151 probat.
1926 4083 2061 4137 Eam

479 4169 679 4239 quippe
699 4168 1143 4225 cohabitatrieem
1172 4170 1303 4225 mihi
1326 4171 1379 4225 in
1403 4171 1593 4226 cellula
1621 4171 1826 4243 jugiter
1877 4185 2060 4241 teneo,

481 4273 604 4314 cum
633 4273 697 4314 ea
721 4271 864 4328 saepe
888 4260 1230 4325 contabulor,
1285 4261 1341 4316 in
1394 4274 1460 4317 ea
1504 4262 1776 4319 interioris
1822 4264 2058 4321 hominis

2166 1729 2288 1769 cum
2303 1713 2507 1784 ignoret
2527 1710 2654 1781 quid
2682 1709 2845 1765 fuerit
2858 1718 2984 1765 ante
2999 1707 3183 1764 mundi
3200 1704 3562 1778 principium,
3600 1702 3733 1759 novit

2170 1803 2328 1875 113
2352 1802 2579 1876 forsitan
2599 1800 2726 1871 quid
2757 1804 2879 1872 post
2906 1797 3025 1868 ejus
3055 1797 3351 1854 terminum
3389 1795 3466 1852 sit
3489 1794 3730 1860 futurum,

2087 1907 2098 1924 τ
2168 1906 2346 1950 utrum
2370 1893 2576 1950 scilicet
2598 1893 2652 1947 in
2682 1891 2987 1948 ministerio
3008 1890 3091 1947 sui
3118 1903 3318 1946 cursus
3348 1886 3582 1943 ulterius
3600 1893 3730 1940 astra

2167 1986 2476 2042 deserviant
2495 1992 2550 2040 et
2572 1995 2823 2039 utrumne
2843 1989 2965 2054 post
2989 1997 3078 2048 ea,
3120 1994 3244 2053 qua:
3282 1992 3435 2035 nunc
3473 1985 3615 2043 sunt,
3642 1973 3730 2029 alia

2168 2095 2354 2136 rursus
2383 2078 2649 2135 elementa
2677 2075 2984 2133 succedant.
3021 2073 3175 2131 Unde
3217 2080 3276 2128 et
3318 2069 3605 2141 Seraphim
3629 2065 3729 2134 illa,

2167 2187 2288 2241 qua:
2312 2169 2479 2225 lsaias
2506 2169 2768 2241 propheta
2798 2168 2852 2222 in
2883 2172 3176 2237 conspectu
3200 2162 3423 2219 Domini
3452 2169 3594 2219 stare
3619 2173 3729 2215 con-

2168 2262 2368 2332 spexit,
2417 2276 2578 2316 senas
2625 2259 2738 2315 alas
2785 2258 3038 2314 habuisse
3083 2253 3397 2311 describit:
3453 2270 3472 2304 ι
3510 2250 3726 2315 Duabus,

2172 2354 2367 2423 inquit,
2399 2351 2653 2407 velabant
2680 2350 2895 2415 faciem,
2927 2356 2983 2405 et
3014 2346 3224 2403 duabus
3272 2343 3531 2401 volabant
3566 2340 3726 2413 pedes,

2169 2454 2225 2498 et
2250 2444 2459 2498 duabus
2497 2442 2771 2498 volabant.
2801 2458 2820 2494 ι
2863 2436 3125 2495 Velabant
3161 2450 3328 2508 porro
3373 2433 3586 2498 faciem,
3630 2429 3726 2485 sive

2169 2535 2355 2605 pedes,
2401 2549 2511 2589 non
2554 2547 2704 2599 suos,
2758 2529 2852 2588 sed
2908 2528 3093 2599 utique
3132 2525 3249 2582 Dei.
3307 2525 3375 2581 Et
3421 2521 3548 2595 quid
3597 2539 3615 2572 ι
3646 2531 3727 2589 per

2170 2625 2363 2681 faciem
2404 2624 2521 2692 Dei,
2554 2641 2573 2678 ι
2627 2621 2734 2678 nisi
2781 2618 2962 2676 mundi
2999 2615 3369 2691 principium?
3411 2611 3548 2681 Quid
3593 2627 3611 2662 ι
3647 2621 3728 2679 per

2170 2718 2356 2789 pedes,
2400 2737 2420 2771 ι
2466 2716 2571 2773 nisi
2615 2714 2855 2787 ejusdem
2902 2711 3086 2768 mundi
3134 2709 3262 2765 finis
3306 2707 3470 2765 debet
3495 2699 3725 2773 intelligi?

2171 2811 2394 2866 Alarqu
2423 2823 2552 2879 ergo
2585 2805 2869 2878 Serapbim
2902 2813 2958 2860 et
2993 2802 3175 2876 plures
3222 2809 3374 2866 sunt,
3398 2812 3520 2870 qure
3544 2793 3723 2858 velant.

2172 2908 2227 2957 et
2254 2916 2439 2972 paucae
2489 2914 2609 2970 qua:
2643 2898 2850 2963 volant,
2900 2894 3028 2967 quia
3073 2907 3143 2950 ex
3184 2891 3493 2949 divinorum
3525 2896 3723 2956 operum

2092 2977 2140 3041 C
2174 2990 2495 3047 celsitudine
2523 3002 2645 3045 cum
2677 3000 2948 3060 perpauca
2979 2984 3049 3040 ad
3081 2990 3329 3040 nostram
3367 2977 3724 3053 permittantur

2169 3081 2425 3138 advolare
2451 3080 2722 3146 notitiam,
2747 3077 2980 3150 plurima
3013 3077 3068 3133 in
3101 3074 3380 3132 thesauris
3417 3075 3721 3128 secretorum

2169 3173 2473 3229 cmlestium
2508 3179 2793 3228 servantur
2838 3168 3068 3226 occulta.
3121 3165 3258 3222 Nam
3309 3163 3454 3238 quod
3508 3155 3722 3215 funditus

2169 3262 2480 3333 ignoremus
2515 3261 2646 3333 quid
2687 3269 2813 3316 ante
2863 3258 3048 3316 mundi
3092 3257 3421 3329 principium
3472 3248 3638 3311 fuerit,
3675 3252 3721 3300 et

2168 3353 2298 3423 quid
2335 3352 2448 3423 jam
2473 3360 2595 3423 post
2637 3350 3154 3407 consummationem
3199 3346 3271 3403 sit
3314 3345 3575 3405 futurum,
3601 3335 3719 3423 idem

2167 3444 2417 3515 perbibet
2439 3443 2643 3500 Isaias:
2677 3461 2698 3496 ι
2731 3438 3150 3511 Priora,inquit,
3174 3437 3498 3493 annuntiate
3521 3426 3721 3492 militet

2167 3535 2461 3593 novissima
2503 3550 2623 3606 qua:
2653 3532 2834 3589 futura
2872 3542 3020 3600 sunt,
3056 3542 3113 3588 et
3136 3532 3313 3588 dicam
3359 3529 3484 3603 quia
3515 3525 3585 3581 dii
3608 3517 3719 3576 estis

2168 3627 2307 3702 (Ian.
2340 3628 2473 3702 xu).
2498 3646 2517 3681 ι
2542 3626 2619 3682 De
2640 3625 2833 3682 mediis
2865 3633 3043 3681 autem
3059 3639 3230 3697 pauca
3254 3632 3529 3691 utcunque
3548 3624 3719 3684 cogno-

2168 3722 2390 3789 scimus,
2416 3737 2537 3793 qua:
2550 3735 2616 3777 ex
2635 3720 3035 3791 Scripturarum
3059 3716 3407 3773 attestatione
3431 3711 3579 3769 nobis
3606 3717 3719 3778 pall-

2166 3816 2387 3872 duntur.
2414 3815 2584 3871 Porro
2605 3821 2787 3870 autem
2813 3821 2870 3870 et
2897 3812 2949 3868 iu
2972 3812 3058 3867 his
3088 3802 3220 3882 ipsis
3259 3817 3515 3882 quantam
3540 3796 3718 3857 notitia

2166 3906 2440 3978 patiamur
2462 3904 2719 3975 inopiam,
2747 3904 2839 3974 qui
2868 3900 3300 3974 sapientissimus
3330 3901 3473 3956 inter
3498 3888 3718 3950 homines

2166 3960 2394 4067 exstitit,
2431 3960 2784 4055 non-erubuit
2818 3995 3088 4053 confiteri.
3132 3994 3223 4049 Ait
3259 3993 3405 4050 enim
3445 3985 3712 4110 Salomon
3745 3960 3769 4110 ί

2235 4090 2373 4110 σ---ι
2402 4086 2528 4110 ε---ιε
2566 4094 2615 4110 ι.-
2649 4086 2917 4110 --_:.....-..
2980 4099 3207 4110 -..,,,,,,,,,
3259 4095 3421 4110 “mn
3472 4077 3524 4110 ςη
3570 4084 3680 4110 mm,

2171 4111 2193 4145 s
2235 4090 2377 4146 Sunt
2399 4086 2528 4158 justi
2563 4094 2619 4141 et
2647 4086 2943 4157 sapientes,
2977 4099 3211 4156 quorum
3257 4095 3424 4154 opera
3472 4077 3526 4133 in
3570 4078 3712 4169 manu

2164 4180 2402 4246 Domini,
2423 4186 2480 4236 et
2502 4185 2681 4233 tamen
2711 4176 2886 4233 nescit
2908 4175 3071 4231 homo
3093 4182 3274 4229 utrum
3314 4182 3497 4228 amore
3519 4179 3582 4220 an
3605 4159 3713 4215 odio

2164 4272 2361 4344 dignus
2398 4270 2490 4334 sit,
2518 4267 2615 4324 sed
2643 4267 2825 4324 omnia
2854 4266 2909 4321 in
2955 4267 3197 4320 futurum
3221 4269 3507 4320 servantur

478 4352 648 4406 vestri
694 4352 930 4421 speciem
972 4366 1036 4407 ac
1086 4352 1202 4409 veri
1224 4352 1403 4409 vultus
1432 4353 1721 4426 imaginem
1773 4355 2060 4413 manifeste
2085 4333 2139 4395 D
2165 4333 2368 4435 (ἔσθιε.
2395 4360 2495 4434 ιι).
2534 4378 2555 4413 ι
2588 4357 2691 4416 Ubi
2738 4356 3031 4413 notandum
3055 4355 3201 4428 quia,
3232 4370 3353 4411 eum
3384 4353 3556 4425 justus
3586 4340 3711 4397 dicat

478 4442 833 4511 contemplor.
856 4441 952 4498 Est
994 4451 1173 4499 tamen
1211 4446 1355 4514 quod
1402 4444 1455 4500 in
1508 4460 1573 4501 ea
1624 4445 1864 4516 graviter
1914 4446 2057 4515 fero,

477 4533 604 4604 quia
632 4534 842 4590 scilicet
864 4550 968 4589 non
993 4542 1101 4590 tam
1132 4535 1455 4591 honoratum
1485 4551 1645 4607 quam
1666 4547 1943 4595 oneratum
1968 4555 2057 4597 me

481 4640 590 4685 tam
620 4632 792 4686 sancti
822 4632 1059 4688 nominis
1085 4631 1244 4687 laude
1268 4633 1500 4703 reperio.
1530 4632 1588 4687 In
1634 4634 1739 4689 hoc
1785 4633 2054 4705 siquidem

478 4720 711 4777 flebilior
728 4730 810 4778 est
840 4738 957 4778 mea
984 4722 1288 4790 calamitas,
1311 4726 1453 4794 quod
1483 4740 1587 4780 non
1619 4725 1782 4781 modo
1815 4726 1922 4781 mei
1966 4739 2055 4782 me

480 4821 663 4868 reatus
686 4814 1002 4883 impediunt,
1027 4815 1118 4871 sed
1151 4815 1372 4886 insuper
1386 4817 1885 4874 sanctihominesin
1912 4831 2053 4884 mea,

477 4903 616 4974 proh
646 4903 824 4959 dolor!
856 4906 1219 4961 aestimatione
1252 4906 1586 4977 delinquunt.
1616 4908 1802 4964 (Absit
1849 4915 2055 4976 autem,

480 5006 537 5050 ut
569 5002 778 5051 tantum
808 4995 984 5049 virum
1013 4995 1185 5050 fatear
1210 4995 1373 5051 etiam
1406 5013 1490 5052 me
1513 4998 1857 5071 prtedicando
1901 5012 2059 5055 men-

480 5084 602 5150 tiri;
632 5083 731 5140 sed
753 5082 876 5152 quia
900 5083 1061 5138 homo
1082 5099 1162 5149 es,
1191 5093 1346 5155 potes
1370 5086 1559 5143 saltem
1587 5102 1686 5158 per
1728 5085 2057 5143 benevolen-

479 5174 609 5229 tiam
640 5174 773 5229 falli.
810 5173 945 5240 Quia
973 5188 1102 5230 vero
1121 5176 1337 5232 mentiri
1362 5186 1446 5234 est
1474 5188 1661 5234 contra
1688 5185 1927 5234 mentem
1977 5176 2059 5231 lo-

477 5270 568 5310 niti
624 5267 1270 5310 nnntinnitalimnmlnnl
1325 5270 1461 5310 illum
1510 5272 1575 5310 cit
1633 5282 1685 5310 nl
1732 5287 1795 5310 οι*
1824 5271 2056 5310 Λίοοιιιίε

2165 4463 2221 4510 et
2246 4454 2536 4525 sapientes,
2568 4452 2660 4522 qui
2705 4449 2961 4506 nimirum
2982 4448 3280 4505 debuerant
3308 4442 3547 4502 subtilius
3570 4439 3706 4490 nosse

2164 4546 2312 4619 ipsos
2366 4545 2526 4600 etiam
2579 4540 2849 4616 perhibet,
2903 4554 3024 4611 quae
3071 4537 3250 4594 futura
3299 4544 3425 4592 sunt
3467 4531 3705 4619 ignorare:

2164 4612 2456 4693 [Enimvero
2500 4612 2643 4705 quod
2671 4648 2760 4689 me
2797 4647 2906 4688 non
2949 4631 3111 4686 modo
3148 4629 3216 4685 de
3248 4623 3527 4699 sapientia,
3554 4612 3636 4672 sed
3660 4614 3705 4664 ei

2164 4731 2231 4786 de
2277 4729 2402 4784 vita:
2445 4741 2660 4799 quoque
2705 4724 2860 4796 quasi
2904 4723 3190 4780 sanctitate
3223 4716 3500 4780 landastis,
3539 4722 3631 4766 non
3659 4705 3705 4803 tl!

2161 4818 2269 4873 hoc
2291 4826 2470 4873 vestra
2511 4815 2798 4886 prodeuntia
2827 4815 3094 4878 crederet,
3120 4812 3215 4869 sed
3237 4811 3308 4867 ob
3330 4811 3465 4866 hanc
3485 4803 3701 4897 fortassis

2161 4901 2507 4972 industriam,
2536 4915 2598 4962 ut
2636 4908 2724 4962 me
2750 4905 2819 4961 ad
2862 4904 3195 4977 procinctum
3227 4901 3397 4958 sancti
3426 4892 3700 4977 certamini!

2161 5000 2341 5057 acrius
2366 4999 2663 5071 instigaret,
2691 5014 2797 5070 qua
2841 4976 3184 5061 conﬁdentia,
3212 4994 3298 5050 vel
3348 4990 3400 5049 in
3449 4990 3542 5044 hoc
3567 4976 3698 5071 valeo

2161 5067 2559 5161 quantumlibet
2578 5067 2866 5154 assentire,
2886 5089 3012 5145 dum
3038 5102 3136 5159 pro
3163 5085 3354 5156 quovis
3371 5080 3532 5138 otioso
3556 5067 3694 5125 verba

2161 5181 2302 5238 ratio
2335 5181 2577 5237 redditur
2603 5197 2620 5236 :
2642 5180 2770 5236 dum
2797 5178 2912 5236 sola
2946 5178 3078 5234 fatui
3111 5174 3451 5248 compellatio
3476 5166 3697 5240 gebenntn

2161 5273 2481 5310 cnnnlininm
2504 5266 2865 5310 nnmminollsr
2907 5270 3033 5310 dum
3071 5269 3263 5310 divina:
3290 5268 3419 5310 Ιρσία
3448 5276 3543 5310 non
3564 5262 3696 5310 at)”.
