3964 5310
815 301 871 320 η,

2773 347 2826 360 ⁵-⁸
2915 349 2950 366 4|

167 396 265 453 5.5
1224 336 1463 446 ἰιιιειι
1503 377 2093 457 QUARTUS,EPIST.
2129 377 2221 446 ut.
2631 337 2643 354 ”
2773 347 2826 360 ”’
2915 349 2950 382 ⁴’
3310 380 3424 448 su

166 511 280 565 vina
305 504 523 580 quidem
545 516 720 579 potest
741 502 1086 564 miseratione
1099 518 1442 578 praesumere,
1457 504 1552 560 sed
1568 501 1750 558 nescio
1774 503 1827 564 Α
1851 501 1930 556 eis
1961 503 2040 558 vis
2068 501 2295 558 infertur
2327 502 2555 574 injuriae,
2589 503 2656 559 ad
2687 503 2970 562 iudicenda
3005 504 3251 576 protinus
3281 505 3421 562 bella

166 597 1414 671 utrumvaleatinquantumlibetexuberantium
1431 596 1746 652 meritorum
1844 594 2150 664 prosiliunt,
2182 603 2515 651 armatorum
2550 611 2750 653 cuneos
2787 597 3081 664 instruunt,
3115 597 3300 667 sicque
3327 599 3423 653 ho-

163 707 380 755 suorum
398 690 950 756 securitatedormire,
965 688 1263 761 prresertim
1278 703 1399 743 cum
1415 685 1750 742 mundusun-
1845 695 1956 741 stes
1987 701 2114 742 suos
2144 687 2323 742 acrius
2342 686 2502 754 forte,
2533 703 2694 758 quam
2731 688 2844 744 laesi
2881 687 3114 756 fuerant,
3152 690 3460 777 ulciscun-H

164 778 321 848 dique
337 777 796 849 fremat,undique
816 779 955 834 velut
975 779 1266 833 maximum
1282 777 1500 849 pelagus
1515 777 1749 832 intume—
1848 784 1952 829 tur.
1983 774 2134 843 Quod
2157 776 2288 831 mihi
2318 777 2476 847 plane
2500 779 2631 834 satis
2660 778 2874 834 videtur
2901 778 3214 845 absurdum,
3239 789 3296 834 ut
3321 779 3423 850 ipsi

165 869 440 925 scentibus
459 869 710 939 procellis
731 869 1029 935 seattollat,
1059 879 1342 940 tantasque
1355 869 1508 925 nobis
1527 868 1748 939 quibus-

165 973 374 1028 cunque
390 959 697 1028 raptoribus
711 958 982 1015 molestias
1010 960 1240 1031 ingerat,
1254 969 1313 1014 ut
1332 959 1557 1015 terrenis
1572 959 1747 1028 potius

166 1062 259 1103 nos
291 1049 560 1104 inservire
582 1049 807 1119 negotiis
829 1065 990 1120 quam
1017 1051 1289 1120 obsequiis
1310 1065 1502 1104 vacare
1530 1050 1746 1118 divinis,

169 1138 248 1194 vel
275 1138 341 1193 ad
363 1140 620 1210 puritatis
648 1141 886 1212 aspirare
915 1141 1232 1197 munditiam
1257 1142 1574 1214 plerumque
1595 1158 1746 1197 com-

163 1229 348 1300 pellat.
376 1230 641 1302 Malignus
660 1233 817 1304 plane
842 1233 1066 1304 Spiritus
1098 1235 1390 1291 humanum
1417 1251 1584 1306 genus
1606 1251 1748 1291 nunc

163 1323 325 1380 solito
347 1325 726 1382 vehementius
755 1340 852 1397 per
878 1327 1061 1382 omnia
1087 1327 1338 1382 vitiorum
1366 1327 1591 1397 abrupta
1616 1344 1745 1398 pra:-

161 1415 372 1484 eipitat,
405 1415 764 1471 truculentius
802 1426 977 1472 tamen
1019 1417 1289 1483 odiorum,
1325 1433 1387 1473 ac
1410 1417 1746 1473 simultatum
1785 1476 1788 1480 ,

1849 867 2058 923 Domini
2099 869 2408 926 sacerdotes
2438 880 2706 927 attentent
2731 873 2873 943 quod
2915 874 3086 930 turbis
3113 875 3456 946 vulgaribus-'

1845 958 2181 1029 prohibetur,
2198 960 2412 1028 etquod
2437 961 2614 1015 verbis
2641 961 2975 1033 impugnant,
3002 964 3255 1034 operibus
3274 978 3415 1019 asse-

1848 1060 1988 1107 rant.
2036 1051 2174 1120 Quid
2214 1053 2357 1108 enim
2407 1054 2579 1125 magis
2607 1053 2926 1110 Christiana:
2949 1056 3050 1127 legi
3075 1056 3286 1112 videtur
3304 1071 3425 1112 esse

1847 1141 2177 1198 contrarium
2205 1157 2368 1213 quam
2398 1143 2686 1198 redhibitio
2722 1144 3038 1199 lmsionum?
3070 1143 3189 1208 Ubi,
3217 1160 3426 1215 quaeso,

1846 1243 1970 1288 sunt
1997 1242 2074 1288 tot
2099 1234 2371 1304 przeconia
2397 1233 2839 1304 Scripturarum?
2861 1233 2962 1290 Ubi
2994 1235 3137 1304 quod
3167 1235 3427 1291 Dominus

1846 1323 2018 1378 dicit:
2056 1341 2074 1374 ‹
2124 1322 2181 1378 Si
2209 1323 2333 1393 quis
2361 1323 2456 1378 tibi
2483 1322 2627 1394 quod
2663 1331 2815 1377 tuum
2843 1332 2928 1379 est
2953 1322 3135 1379 tulerit
3159 1337 3227 1378 ne
3274 1337 3428 1392 repe-

1849 1423 1931 1469 tas
1961 1413 2111 1484 (Luc.
2141 1414 2239 1487 vi).
2280 1433 2300 1468 ι
2335 1414 2391 1470 Si
2420 1415 2566 1470 enim
2601 1415 2758 1471 nobis
2785 1429 2890 1470 non
2921 1415 3049 1471 licet
3074 1415 3260 1470 eadem
3289 1415 3426 1485 ipsa,

161 1520 353 1561 omnes
393 1504 568 1562 livore
618 1506 917 1578 perturbat.
976 1507 1079 1562 Tot
1131 1509 1278 1562 enim
1321 1508 1560 1578 quotidie
1608 1507 1746 1564 bella
1846 1521 1965 1578 quae
1996 1507 2150 1563 nobis
2179 1505 2360 1562 ablata
2391 1516 2537 1575 sunt,
2590 1515 2870 1578 repetere;
2922 1498 3190 1578 quomodo
3217 1505 3430 1576 probis

165 1595 484 1660 desaeviunt,
517 1606 739 1652 armata:
768 1597 911 1653 acies
940 1605 1226 1668 proruunt,
1263 1597 1484 1653 hostiles
1519 1597 1792 1668 impetus_
1848 1598 1972 1654 licet
2034 1597 2244 1654 ultorite
2299 1598 2674 1654 retributionis
2705 1597 2900 1653 vulnus
2944 1596 3180 1652 inferre?
3223 1595 3323 1652 Ubi
3371 1602 3431 1651 et

165 1687 548 1742 inhorrescunt
593 1695 652 1743 ut
685 1688 751 1743 de
791 1654 1119 1745 militaribus
1145 1689 1360 1759 quidem
1403 1689 1532 1744 viris
1565 1654 1813 1760 plures:
1848 1689 1978 1745 illud
2015 1707 2029 1744 :
2085 1708 2104 1742 ι
2142 1687 2199 1743 Si
2227 1690 2556 1760 percusserit
2585 1689 2678 1743 tibi
2714 1687 3008 1754 maxillam,
3060 1689 3238 1759 praebe
3285 1686 3335 1741 ei
3374 1693 3432 1742 et

163 1779 374 1850 gladius
427 1780 680 1835 videatur
739 1782 1026 1836 absumere
1052 1822 1066 1847 ,
1123 1795 1284 1851 quam
1341 1780 1393 1836 in
1451 1779 1747 1850 grabatulis
1763 1775 1828 1812 τ’
1852 1779 2116 1836 alteram:
2161 1779 2218 1834 Si
2259 1779 2620 1850 angariaverit
2651 1787 2700 1833 te
2722 1778 2866 1833 mille
2895 1793 3104 1848 passus,
3133 1777 3266 1831 vade
3305 1790 3428 1831 cum

163 1873 506 1942 quiescentes
576 1888 848 1944 corporeae
893 1873 1218 1930 conditionis
1263 1874 1524 1947 aegritudo
1569 1873 1746 1940 ﬁnire,
1775 1852 1827 1918 Β
1851 1887 1917 1928 eo
1945 1871 2049 1926 duo
2073 1869 2176 1925 alia
2200 1869 2402 1924 millia:
2436 1867 2495 1925 Si
2525 1869 2707 1924 tulerit
2752 1869 2848 1924 tibi
2878 1868 3132 1933 tunicam,
3177 1868 3242 1922 da
3295 1866 3342 1920 ei
3374 1872 3431 1921 et

164 1975 221 2019 ut
263 1965 654 2037 propemodum
685 1967 851 2023 maris
890 1983 1040 2023 more
1090 1976 1310 2039 geratur
1351 1968 1441 2023 hic
1490 1967 1747 2023 mundus.
1849 1964 2070 2036 pallium
2100 1963 2317 2034 (Matth.
2353 1963 2428 2033 v).
2470 1981 2488 2016 ι
2523 1961 2595 2016 At
2619 1960 2850 2016 fortasse
2878 1960 3000 2030 quis
3036 1958 3221 2029 objicit
3258 1956 3432 2012 turbis

165 2057 316 2111 Sicut
355 2057 498 2113 enim
531 2073 652 2112 eum
681 2067 963 2113 ventorum
1009 2068 1302 2128 tempestas
1337 2059 1605 2124 oboritur,
1639 2057 1750 2114 cri-
1851 2055 2202 2112 saecularibus
2244 2054 2362 2109 hzec
2407 2068 2525 2110 esse
2568 2051 2841 2117 mandata,
2878 2067 2984 2106 non
3036 2047 3429 2112 sacerdotibus,

164 2156 354 2217 spante
384 2147 573 2202 mitius
605 2147 814 2220 pelago,
855 2150 908 2203 in
958 2149 1152 2205 vicinia
1203 2149 1400 2206 littoris
1442 2156 1608 2206 :estus
1638 2147 1751 2206 fer-
1852 2150 2108 2206 nimirum
2155 2156 2215 2204 ut
2263 2145 2624 2203 Ecclesiarum
2666 2143 2923 2215 prtesules
2974 2143 3087 2198 haec
3134 2140 3432 2212 przedicare

164 2240 372 2291 ventior
420 2239 728 2307 excitatur;
795 2240 954 2314 ιιῆ,
1005 2243 1076 2296 ita
1113 2258 1255 2298 nunc
1303 2242 1357 2297 in
1409 2242 1516 2299 line
1568 2242 1752 2300 mundi
1853 2239 2103 2305 debeant,
2135 2255 2240 2294 non
2286 2252 2526 2292 servare.
2571 2234 2674 2290 Sed
2714 2234 2837 2304 quis
2883 2233 2986 2287 hoc
3024 2230 3108 2286 vel
3159 2230 3432 2300 desipiens

164 2329 308 2384 velut
339 2329 519 2385 vicino
548 2331 718 2387 maris
745 2330 950 2397 littore,
976 2332 1279 2390 furentibus
1309 2333 1518 2389 dissidii
1545 2333 1755 2389 discon-
1852 2333 2072 2398 sentiat,
2097 2347 2220 2387 cum
2246 2330 2506 2385 Dominus
2533 2328 2713 2383 dicat:
2749 2345 2767 2378 ι
2799 2324 2901 2394 Qui
2929 2323 3147 2380 solverit
3178 2338 3338 2377 unum
3367 2322 3434 2376 de

167 2421 374 2492 dieque
407 2421 682 2492 procellis,
726 2432 917 2479 cuncta
951 2423 1231 2480 hominum
1266 2425 1430 2480 corda
1463 2438 1752 2490 vexantur,
1851 2425 2122 2482 mandatis
2147 2425 2266 2480 istis
2293 2423 2550 2488 minimis,
2591 2419 2747 2492 115
2787 2429 2840 2476 et
2867 2417 3109 2474 docuerit
3133 2417 3214 2472 sic
3262 2413 3434 2470 homi-

163 2523 212 2566 et
251 2521 510 2583 tanquam
555 2515 826 2584 spumosis
862 2513 1113 2571 ﬂuctibus
1151 2515 1450 2572 illiduntur.
1480 2515 1755 2572 Instabilis
1854 2532 1970 2582 nes,
2003 2515 2259 2572 minimus
2287 2513 2568 2569 vocabitur
2594 2512 2646 2566 in
2679 2525 2842 2582 regno
2883 2509 3166 2564 caelorum.
3203 2506 3303 2573 Qui
3340 2520 3437 2560 au-

163 2606 306 2658 enim
346 2605 621 2661 homicida
647 2608 826 2662 omnia
855 2616 1159 2674 scrutatur,
1187 2609 1367 2663 omnia
1393 2607 1576 2663 mundi
1607 2608 1754 2664 velut
1856 2618 1963 2663 tem
1995 2606 2204 2672 fecerit,
2229 2614 2284 2660 et
2315 2603 2578 2668 docuerit,
2601 2617 2827 2672 magnus
2854 2599 3137 2656 vocabitur
3159 2595 3368 2669 (16:11.).
3408 2614 3429 2650 ι

164 2695 324 2749 unius
371 2697 486 2767 agri
521 2696 640 2752 loca
670 2699 981 2768 perlustrat,
1033 2715 1100 2756 ne
1147 2701 1275 2770 quid
1325 2701 1672 2756 infecundum
1721 2715 1756 2755 a
1856 2699 2122 2756 Sacerdos
2154 2700 2356 2770 itaque,
2409 2699 2499 2767 qui
2548 2697 2602 2751 in
2649 2710 2816 2765 regno
2861 2692 3118 2749 crelorum
3168 2690 3281 2746 Vult
3315 2703 3435 2745 esse

164 2789 310 2845 lividi
337 2790 544 2848 inmitis
575 2793 782 2849 satione
825 2802 1130 2865 praetereat.
1163 2793 1302 2850 llinc
1348 2802 1452 2860 est,
1499 2793 1643 2864 quod
1687 2795 1757 2852 ad
1856 2808 2102 2866 magnus,
2149 2791 2221 2846 sit
2268 2792 2320 2846 in
2366 2787 2561 2862 populo
2611 2786 2864 2857 praevius,
2909 2793 2969 2838 ut
3021 2782 3162 2852 quod
3199 2793 3329 2835 voce
3375 2793 3436 2835 se

163 2881 519 2938 ecclesiastici
553 2893 728 2941 status
754 2887 1058 2942 universale
1086 2885 1380 2957 periculum
1416 2886 1484 2942 ab
1523 2887 1754 2942 invicem
1857 2883 2207 2956 sequentibus
2245 2883 2433 2947 dictat,
2464 2879 2673 2950 primus
2711 2878 2824 2960 ipse
2861 2874 2998 2930 vivis
3038 2872 3288 2944 operibus
3332 2869 3434 2960 im-

164 2974 531 3030 sarerdotiurn
566 2975 958 3046 imperiumque
1007 2975 1277 3043 resiliunt,
1331 2986 1492 3046 atque
1544 2975 1612 3030 ad
1660 2974 1756 3031 Dei
1856 2975 2022 3047 pleat.
2056 2975 2226 3040 Unde,
2262 2981 2320 3028 ut
2352 2971 2529 3027 omnis
2557 2968 2709 3040 pravi
2747 2957 3053 3022 intellecms
3084 2961 3298 3018 occasio
3331 2957 3434 3014 tol-

166 3064 556 3135 oninipotentis
584 3065 834 3146 iniuriam
865 3082 1008 3122 nunc
1033 3082 1154 3123 cum
1179 3083 1319 3123 unus
1346 3069 1509 3139 papa:
1531 3067 1584 3122 in
1631 3081 1758 3138 apo-
1857 3067 2018 3131 latur,
2051 3065 2258 3137 primus
2283 3062 2370 3117 ille
2401 3061 2542 3116 inter
2571 3057 2821 3114 Ecclesia:
2849 3054 3159 3112 sacerdotes
3191 3069 3296 3107 non
3321 3050 3402 3146 ait
3418 3066 3434 3104 :

165 3154 355 3210 stolico
386 3156 459 3210 sit
491 3156 627 3212 solio
653 3158 1000 3226 constitutus,
1031 3157 1169 3215 alter
1190 3175 1222 3214 a
1257 3159 1456 3215 ﬁnibus
1487 3159 1758 3231 aquilonis

167 3247 471 3302 destinatur
510 3249 714 3305 electus
745 3249 878 3322 (88).
921 3249 1026 3306 Sed
1053 3249 1142 3306 ille
1169 3266 1318 3322 papae
1347 3250 1631 3306 abusivum
1659 3264 1756 3321 pa-

169 3353 290 3407 pam
319 3339 512 3408 procul
537 3339 702 3395 dubio
743 3341 1075 3410 superaddit,
1123 3340 1214 3411 qui
1261 3340 1469 3412 primus
1509 3339 1760 3410 omnipo-

168 3428 332 3483 tentis
385 3430 484 3486 Dei
531 3429 854 3486 vocabulum
907 3430 1096 3502 plurali
1149 3446 1375 3486 numero
1428 3430 1755 3486 declinavit:

175 3534 193 3567 ι
236 3517 427 3586 Erilis,
453 3520 720 3590 inquiens,
751 3522 892 3576 sicut
915 3521 1010 3588 dii,
1055 3522 1287 3578 scientes
1315 3521 1517 3576 bonum
1547 3530 1604 3576 et
1643 3537 1760 3576 ma-

170 3607 280 3662 lum
300 3608 450 3676 (Gen.
475 3610 580 3681 ιιι).
605 3629 622 3662 ι
647 3609 820 3681 Super
843 3627 949 3682 quo
977 3611 1228 3667 nimirum
1255 3613 1436 3682 potius
1463 3610 1593 3666 ﬂere
1613 3625 1759 3666 eom-

169 3698 437 3768 pellimur.
473 3716 635 3771 quam
679 3702 944 3774 prolixius
971 3703 1100 3773 quid
1139 3703 1378 3758 scribere
1405 3703 1756 3760 delectemur.

173 3790 344 3858 Unde,
391 3809 515 3848 cum
550 3801 675 3849 ante
723 3795 928 3865 aliquot
974 3795 1088 3852 dies
1141 3796 1373 3866 hymnos
1423 3795 1760 3868 rhythmicos

170 3879 345 3938 ﬂendo
367 3885 744 3956 depromerem
774 3905 788 3942 :

458 3977 605 4034 lleu!
649 3981 802 4034 sedes
833 3980 1148 4050 apostolica,

533 4065 690 4124 Orbis
725 4068 851 4124 olim
879 4071 1070 4141 gloria,

535 4155 705 4223 Nunc,
738 4160 872 4229 proh
895 4161 1074 4216 dolor!
1115 4159 1344 4217 clliceris

529 4247 751 4304 Oﬂieina
785 4249 1041 4308 Simonis.

459 4338 666 4395 'l‘erunt
687 4341 934 4398 incudem
966 4343 1164 4411 mallei,

537 4429 752 4487 Nummi
784 4442 908 4488 sunt
936 4437 1176 4492 tartarei.

535 4521 688 4578 Justo
729 4524 820 4579 Dei
849 4525 1054 4595 judicio

530 4615 617 4671 Fit
651 4616 752 4672 ista
785 4619 1048 4682 conditio,

459 4705 532 4763 Ut
554 4707 798 4778 quisquis
824 4708 1174 4779 apostolicam

574 4802 728 4857 edem
764 4801 930 4858 semel
970 4813 1264 4874 comparat,

535 4893 822 4950 Redimere
855 4910 960 4950 non
993 4894 1226 4960 desinat,

531 4987 712 5042 Donec
742 4986 884 5042 male
920 4995 1122 5056 pereat.

172 5081 267 5137 llis
303 5081 488 5146 dictis,
517 5098 630 5153 pne
655 5081 841 5137 dolore
875 5079 1128 5134 contabui
1153 5088 1208 5134 et
1233 5081 1429 5137 addere
1454 5083 1760 5152 supersedi.

1860 3158 2105 3224 Domine,
2133 3155 2346 3227 quoties
2369 3150 2675 3224 peccaverit
2702 3147 2869 3204 frater
2905 3147 2959 3202 in
2982 3144 3230 3210 fratrem,
3271 3150 3327 3196 et
3351 3141 3439 3194 dio

1863 3251 2038 3305 mittet
2064 3247 2152 3304 ei?
2180 3248 2273 3302 sed
2297 3244 2536 3299 omnium
2559 3240 2737 3312 potius
2762 3237 3102 3294 sacerdotum
3137 3247 3356 3290 causam
3382 3231 3439 3287 iu

1859 3356 1964 3396 una
1993 3340 2075 3396 sui
2104 3352 2334 3410 persona
2357 3335 2710 3396 constituens,
2747 3351 2763 3384 ι
2799 3330 3044 3395 Domine,
3079 3325 3270 3398 inquit,
3301 3337 3439 3395 quo-

1860 3433 1963 3488 ties
1988 3429 2291 3503 peccaverit
2320 3428 2373 3483 in
2415 3443 2501 3483 me
2537 3426 2703 3481 frater
2743 3438 2917 3490 meus,
2959 3431 3016 3478 et
3059 3419 3324 3476 dimittam
3354 3414 3443 3472 ei?

1858 3539 2030 3595 usque
2057 3521 2300 3594 septies?
2329 3517 2544 3590 (Matth.
2565 3516 2744 3586 xvm).
2771 3533 2792 3568 ι
2823 3514 3065 3584 Cumque
3091 3511 3192 3566 sibi
3217 3523 3443 3580 respon-

1858 3615 2079 3670 deretnr
2129 3631 2146 3664 ι
2187 3626 2355 3680 usque
2394 3607 2700 3680 septuagies
2745 3604 2942 3674 septies
2973 3600 3160 3673 (Ibid.)
3203 3619 3222 3654 ι
3268 3595 3443 3653 indul-

1859 3706 2114 3778 gendum,
2140 3702 2344 3756 nullum
2362 3700 2473 3771 jam
2496 3698 2562 3752 de
2585 3695 2852 3752 servando
2875 3709 2907 3748 a
2929 3686 3444 3778 sacerdotibusguni-

1858 3776 2052 3851 versali
2091 3791 2346 3848 mandato
2376 3789 2623 3844 relictum
2664 3785 2876 3839 videtur
2907 3781 3240 3851 ambiguum.
3292 3776 3441 3832 Luca

1859 3887 2022 3944 etiam
2048 3881 2374 3954 evangelista
2424 3885 2656 3934 testante
2704 3875 2960 3930 docemur
3009 3871 3168 3940 quia,
3216 3866 3444 3923 Domino

1859 3977 2156 4036 Jerusalem
2185 3980 2528 4046 preperante,
2570 3967 2820 4040 discipuli
2867 3965 3238 4038 praecedentes
3276 3961 3444 4016 intra-

1859 4076 2053 4125 verunt
2074 4065 2261 4121 urbem
2295 4061 2783 4122 Samaritanorum,
2813 4067 2873 4112 ut
2899 4054 2974 4110 illi
3007 4059 3261 4125 pararent
3290 4047 3443 4121 (Luc.

1862 4161 1961 4229 ix).
1986 4159 2227 4227 Cumque
2249 4155 2366 4210 illos
2398 4150 2725 4209 Samaritani
2755 4147 3060 4203 nullatenus
3092 4143 3442 4213 recepissent,

1862 4248 2115 4306 commoti
2149 4244 2388 4303 Jacobus
2419 4252 2473 4300 et
2511 4241 2768 4306 Joannes,
2807 4236 3139 4294 humanitate
3184 4233 3443 4298 dictante,

1863 4340 2115 4395 dixerunt
2143 4355 2156 4392 :
2187 4354 2206 4386 ι
2251 4334 2500 4398 Domine,
2531 4333 2614 4386 vis
2639 4329 2869 4386 dicimus
2901 4335 2959 4382 ut
2996 4325 3134 4395 ignis
3156 4319 3446 4378 descendat

1863 4435 1929 4489 de
1963 4431 2100 4488 coelo
2123 4439 2178 4486 et
2202 4435 2486 4485 consumat
2517 4424 2655 4489 illos,
2680 4423 2820 4478 sicut
2845 4419 2991 4475 Elias
3012 4416 3173 4471 fecit?
3193 4433 3209 4466 ι
3243 4410 3434 4484 (Ιὺὶά.)

1867 4523 1985 4579 Mox
1999 4515 2604 4587 conversusincrepavit
2624 4512 2964 4580 illos,dicens
2988 4526 3000 4562 :
3023 4505 3282 4562 «Nescitis
3293 4501 3446 4572 cujus

1865 4618 2087 4689 spiritus
2107 4615 2240 4671 estis
2269 4633 2282 4670 :
2314 4612 2483 4667 Filius
2513 4609 2746 4666 hominis
2774 4621 2879 4662 non
2909 4603 3056 4659 venit
3085 4600 3291 4689 animas
3319 4609 3445 4689 per-

1867 4685 2016 4773 dere,
2047 4707 2140 4762 sed
2179 4705 2408 4760 salvare.
2447 4721 2466 4754 ›
2508 4699 2608 4757 Ubi
2639 4713 2764 4754 mox
2807 4694 3056 4751 subditur
3090 4710 3103 4746 :
3155 4707 3176 4740 ι
3209 4688 3276 4743 Et
3301 4685 3448 4741 abie-

1868 4807 1995 4854 runt
2025 4797 2075 4851 in
2122 4794 2265 4850 aliud
2295 4790 2580 4848 castellum
2609 4785 2829 4860 (lbid.);
2869 4803 2888 4836 ›
2926 4797 2989 4837 ac
3020 4782 3063 4838 si
3104 4795 3209 4835 non
3242 4776 3447 4846 lingua,

1867 4890 1962 4946 sed
1990 4903 2153 4958 opere
2199 4886 2555 4956 loqueretur:
2615 4879 2741 4934 date
2766 4876 2945 4931 locum
2991 4873 3106 4937 irze,
3158 4868 3242 4923 vel
3273 4867 3453 4938 potius

1867 4981 2010 5054 quod
2049 4980 2165 5049 ipse
2194 4978 2364 5035 dicit:
2427 4995 2445 5028 ‹
2488 4972 2546 5027 Si
2576 4987 2673 5030 vos
2719 4966 2992 5042 persecuti
3025 4964 3224 5022 fuerint
3263 4962 3314 5016 in
3348 4973 3454 5014 una

1869 5072 2110 5136 civitate,
2148 5070 2315 5142 fugite
2342 5066 2395 5120 in
2426 5065 2588 5119 aliam
2621 5061 2836 5137 (Matth.
2865 5057 2945 5128 x).
2981 5076 3000 5110 ι
