  <div class='ocr_page' id='page_1' title='image "/cluster/home/n/w/nwhite01/storage/ocr_20150623/144/hvd.32044010574010/163.png"; bbox 0 0 3964 5310; ppageno 0'>
   <div class='ocr_carea' id='block_1_1' title="bbox 514 368 622 436">
    <p class='ocr_par' dir='ltr' id='par_1_1' title="bbox 514 368 622 436">
     <span class='ocr_line' id='line_1_1' title="bbox 514 368 622 436; baseline -0.019 0"><span class='ocrx_word' id='word_1_1' title='bbox 514 368 622 436; x_wconf 73' lang='lat'><strong>315</strong></span> 
     </span>
    </p>
   </div>
   <div class='ocr_carea' id='block_1_2' title="bbox 1044 322 2104 431">
    <p class='ocr_par' dir='ltr' id='par_1_2' title="bbox 1044 370 2104 431">
     <span class='ocr_line' id='line_1_2' title="bbox 1044 370 2104 431; baseline -0.006 0"><span class='ocrx_word' id='word_1_2' title='bbox 1044 373 1103 431; x_wconf 91' lang='lat' dir='ltr'><strong>S.</strong></span> <span class='ocrx_word' id='word_1_3' title='bbox 1140 372 1346 431; x_wconf 82' lang='lat' dir='ltr'><strong>PETRI</strong></span> <span class='ocrx_word' id='word_1_4' title='bbox 1384 374 1668 431; x_wconf 80' lang='lat' dir='ltr'><strong>DAMIANI</strong></span> <span class='ocrx_word' id='word_1_5' title='bbox 1703 370 1853 430; x_wconf 84' lang='lat' dir='ltr'><strong>OPP.</strong></span> <span class='ocrx_word' id='word_1_6' title='bbox 1886 372 1964 428; x_wconf 82' lang='lat' dir='ltr'><strong>PA</strong></span> <span class='ocrx_word' id='word_1_7' title='bbox 1979 370 2063 427; x_wconf 76' lang='lat' dir='ltr'><strong>RS</strong></span> <span class='ocrx_word' id='word_1_8' title='bbox 2101 378 2104 424; x_wconf 69' lang='lat'><strong>1</strong></span> 
     </span>
    </p>
   </div>
   <div class='ocr_carea' id='block_1_3' title="bbox 2209 322 3260 431">
    <p class='ocr_par' dir='ltr' id='par_1_3' title="bbox 2209 322 3260 429">
     <span class='ocr_line' id='line_1_3' title="bbox 2209 322 3260 429; baseline -0.002 0"><span class='ocrx_word' id='word_1_9' title='bbox 2209 372 2230 429; x_wconf 86' lang='lat' dir='ltr'>J</span> <span class='ocrx_word' id='word_1_10' title='bbox 2261 368 2497 429; x_wconf 76' lang='lat' dir='ltr'><strong>TOMUS</strong></span> <span class='ocrx_word' id='word_1_11' title='bbox 2522 372 2561 427; x_wconf 89' lang='grc' dir='ltr'><strong>Ι.</strong></span> <span class='ocrx_word' id='word_1_12' title='bbox 2601 322 2925 427; x_wconf 54' lang='grc' dir='ltr'><strong>-Ἐριεῑ</strong></span> <span class='ocrx_word' id='word_1_13' title='bbox 2970 371 3098 427; x_wconf 86' lang='lat' dir='ltr'><strong>LIB.</strong></span> <span class='ocrx_word' id='word_1_14' title='bbox 3128 368 3260 429; x_wconf 76' lang='lat' dir='ltr'><strong>Vill.</strong></span> 
     </span>
    </p>
   </div>
   <div class='ocr_carea' id='block_1_4' title="bbox 3661 358 3761 423">
    <p class='ocr_par' dir='ltr' id='par_1_4' title="bbox 3661 358 3761 423">
     <span class='ocr_line' id='line_1_4' title="bbox 3661 358 3761 423; baseline -0.02 0"><span class='ocrx_word' id='word_1_15' title='bbox 3661 358 3761 423; x_wconf 68' lang='lat' dir='ltr'><strong>stt;</strong></span> 
     </span>
    </p>
   </div>
   <div class='ocr_carea' id='block_1_5' title="bbox 517 481 3763 558">
    <p class='ocr_par' dir='ltr' id='par_1_5' title="bbox 517 481 3763 558">
     <span class='ocr_line' id='line_1_5' title="bbox 517 481 3763 558; baseline -0 -14"><span class='ocrx_word' id='word_1_16' title='bbox 517 482 1123 557; x_wconf 54' lang='lat' dir='ltr'><strong>corriperemellaedenti</strong></span> <span class='ocrx_word' id='word_1_17' title='bbox 1148 482 1457 539; x_wconf 65' lang='lat' dir='ltr'><strong>laesionibus</strong></span> <span class='ocrx_word' id='word_1_18' title='bbox 1482 482 1836 553; x_wconf 74' lang='lat' dir='ltr'><strong>respondere;</strong></span> <span class='ocrx_word' id='word_1_19' title='bbox 1867 499 2093 553; x_wconf 69' lang='lat' dir='ltr'><strong>prmser-</strong></span> <span class='ocrx_word' id='word_1_20' title='bbox 2119 482 2166 546; x_wconf 82' lang='grc' dir='ltr'><strong>Ᾱ</strong></span> <span class='ocrx_word' id='word_1_21' title='bbox 2197 481 2441 555; x_wconf 76' lang='lat' dir='ltr'><strong>(Consule</strong></span> <span class='ocrx_word' id='word_1_22' title='bbox 2478 483 2731 557; x_wconf 78' lang='lat' dir='ltr'><strong>Scholia.)</strong></span> <span class='ocrx_word' id='word_1_23' title='bbox 2765 484 2819 539; x_wconf 83' lang='lat' dir='ltr'><strong>Si</strong></span> <span class='ocrx_word' id='word_1_24' title='bbox 2849 502 2975 558; x_wconf 86' lang='lat' dir='ltr'><strong>ergo</strong></span> <span class='ocrx_word' id='word_1_25' title='bbox 3012 503 3110 557; x_wconf 86' lang='lat' dir='ltr'><strong>pro</strong></span> <span class='ocrx_word' id='word_1_26' title='bbox 3152 484 3273 551; x_wconf 88' lang='lat' dir='ltr'><strong>fide,</strong></span> <span class='ocrx_word' id='word_1_27' title='bbox 3314 501 3418 555; x_wconf 86' lang='lat' dir='ltr'><strong>qua</strong></span> <span class='ocrx_word' id='word_1_28' title='bbox 3448 485 3763 543; x_wconf 79' lang='lat' dir='ltr'><strong>universalis</strong></span> 
     </span>
    </p>
   </div>
   <div class='ocr_carea' id='block_1_6' title="bbox 519 573 2091 646">
    <p class='ocr_par' dir='ltr' id='par_1_6' title="bbox 519 573 2091 646">
     <span class='ocr_line' id='line_1_6' title="bbox 519 573 2091 646; baseline -0.003 -12"><span class='ocrx_word' id='word_1_29' title='bbox 519 578 613 635; x_wconf 87' lang='lat' dir='ltr'><strong>tim</strong></span> <span class='ocrx_word' id='word_1_30' title='bbox 630 593 748 633; x_wconf 87' lang='lat' dir='ltr'><strong>cum</strong></span> <span class='ocrx_word' id='word_1_31' title='bbox 766 579 906 631; x_wconf 85' lang='lat' dir='ltr'><strong>inter</strong></span> <span class='ocrx_word' id='word_1_32' title='bbox 924 592 1143 645; x_wconf 79' lang='lat' dir='ltr'><strong>regnum</strong></span> <span class='ocrx_word' id='word_1_33' title='bbox 1160 587 1213 629; x_wconf 90' lang='lat' dir='ltr'><strong>et</strong></span> <span class='ocrx_word' id='word_1_34' title='bbox 1228 574 1588 629; x_wconf 82' lang='lat' dir='ltr'><strong>sacerdotium</strong></span> <span class='ocrx_word' id='word_1_35' title='bbox 1606 574 1817 646; x_wconf 87' lang='lat' dir='ltr'><strong>propria</strong></span> <span class='ocrx_word' id='word_1_36' title='bbox 1834 573 2091 643; x_wconf 79' lang='lat' dir='ltr'><strong>cujusque</strong></span> 
     </span>
    </p>
   </div>
   <div class='ocr_carea' id='block_1_7' title="bbox 518 666 2095 740">
    <p class='ocr_par' dir='ltr' id='par_1_7' title="bbox 518 666 2095 740">
     <span class='ocr_line' id='line_1_7' title="bbox 518 666 2095 740; baseline -0.004 -13"><span class='ocrx_word' id='word_1_37' title='bbox 518 670 916 740; x_wconf 72' lang='lat' dir='ltr'><strong>distinguantur</strong></span> <span class='ocrx_word' id='word_1_38' title='bbox 941 667 1138 730; x_wconf 78' lang='lat' dir='ltr'><strong>oﬂicia,</strong></span> <span class='ocrx_word' id='word_1_39' title='bbox 1161 674 1218 720; x_wconf 91' lang='lat' dir='ltr'><strong>ut</strong></span> <span class='ocrx_word' id='word_1_40' title='bbox 1240 678 1292 722; x_wconf 90' lang='lat' dir='ltr'><strong>et</strong></span> <span class='ocrx_word' id='word_1_41' title='bbox 1308 681 1397 721; x_wconf 80' lang='lat' dir='ltr'><strong>rex</strong></span> <span class='ocrx_word' id='word_1_42' title='bbox 1423 667 1590 721; x_wconf 89' lang='lat' dir='ltr'><strong>armis</strong></span> <span class='ocrx_word' id='word_1_43' title='bbox 1616 675 1799 721; x_wconf 78' lang='lat' dir='ltr'><strong>utatur</strong></span> <span class='ocrx_word' id='word_1_44' title='bbox 1824 666 2022 731; x_wconf 72' lang='lat' dir='ltr'><strong>smculi,</strong></span> <span class='ocrx_word' id='word_1_45' title='bbox 2039 675 2095 720; x_wconf 85' lang='lat' dir='ltr'><strong>et</strong></span> 
     </span>
    </p>
   </div>
   <div class='ocr_carea' id='block_1_8' title="bbox 514 758 2093 832">
    <p class='ocr_par' dir='ltr' id='par_1_8' title="bbox 514 758 2093 832">
     <span class='ocr_line' id='line_1_8' title="bbox 514 758 2093 832; baseline -0.002 -15"><span class='ocrx_word' id='word_1_46' title='bbox 514 761 769 819; x_wconf 78' lang='lat' dir='ltr'><strong>sacerdos</strong></span> <span class='ocrx_word' id='word_1_47' title='bbox 786 761 1099 832; x_wconf 84' lang='lat' dir='ltr'><strong>accingatur</strong></span> <span class='ocrx_word' id='word_1_48' title='bbox 1113 758 1288 829; x_wconf 84' lang='lat' dir='ltr'><strong>gladio</strong></span> <span class='ocrx_word' id='word_1_49' title='bbox 1302 760 1544 829; x_wconf 85' lang='lat' dir='ltr'><strong>spiritus.</strong></span> <span class='ocrx_word' id='word_1_50' title='bbox 1559 760 1647 828; x_wconf 95' lang='lat' dir='ltr'><strong>qui</strong></span> <span class='ocrx_word' id='word_1_51' title='bbox 1666 770 1749 815; x_wconf 90' lang='lat' dir='ltr'><strong>est</strong></span> <span class='ocrx_word' id='word_1_52' title='bbox 1762 761 1981 814; x_wconf 87' lang='lat' dir='ltr'><strong>verbum</strong></span> <span class='ocrx_word' id='word_1_53' title='bbox 2002 759 2093 814; x_wconf 90' lang='lat' dir='ltr'><strong>Dei</strong></span> 
     </span>
    </p>
   </div>
   <div class='ocr_carea' id='block_1_9' title="bbox 518 852 2092 927">
    <p class='ocr_par' dir='ltr' id='par_1_9' title="bbox 518 852 2092 927">
     <span class='ocr_line' id='line_1_9' title="bbox 518 852 2092 927; baseline -0.001 -20"><span class='ocrx_word' id='word_1_54' title='bbox 518 852 732 927; x_wconf 78' lang='lat' dir='ltr'><strong>(Ephes.</strong></span> <span class='ocrx_word' id='word_1_55' title='bbox 765 855 863 925; x_wconf 79' lang='grc' dir='ltr'><strong>νι).</strong></span> <span class='ocrx_word' id='word_1_56' title='bbox 899 853 973 908; x_wconf 90' lang='lat' dir='ltr'><strong>De</strong></span> <span class='ocrx_word' id='word_1_57' title='bbox 1001 853 1182 909; x_wconf 63' lang='lat' dir='ltr'><strong>saeculi</strong></span> <span class='ocrx_word' id='word_1_58' title='bbox 1219 868 1408 924; x_wconf 90' lang='lat' dir='ltr'><strong>nempe</strong></span> <span class='ocrx_word' id='word_1_59' title='bbox 1431 852 1672 923; x_wconf 83' lang='lat' dir='ltr'><strong>principe</strong></span> <span class='ocrx_word' id='word_1_60' title='bbox 1698 852 1895 908; x_wconf 79' lang='lat' dir='ltr'><strong>Paulus</strong></span> <span class='ocrx_word' id='word_1_61' title='bbox 1924 852 2053 907; x_wconf 83' lang='lat' dir='ltr'><strong>dicit</strong></span> <span class='ocrx_word' id='word_1_62' title='bbox 2077 867 2092 905; x_wconf 89' lang='lat'><strong>:</strong></span> 
     </span>
    </p>
   </div>
   <div class='ocr_carea' id='block_1_10' title="bbox 521 942 2097 1015">
    <p class='ocr_par' dir='ltr' id='par_1_10' title="bbox 521 942 2097 1015">
     <span class='ocr_line' id='line_1_10' title="bbox 521 942 2097 1015; baseline 0 -18"><span class='ocrx_word' id='word_1_63' title='bbox 521 964 540 997; x_wconf 75' lang='grc' dir='ltr'><strong>ι</strong></span> <span class='ocrx_word' id='word_1_64' title='bbox 576 944 686 999; x_wconf 82' lang='grc' dir='ltr'>Νοιι</span> <span class='ocrx_word' id='word_1_65' title='bbox 728 945 844 999; x_wconf 90' lang='lat' dir='ltr'><strong>sine</strong></span> <span class='ocrx_word' id='word_1_66' title='bbox 869 959 1028 999; x_wconf 84' lang='lat' dir='ltr'><strong>causa</strong></span> <span class='ocrx_word' id='word_1_67' title='bbox 1054 943 1286 1015; x_wconf 76' lang='lat' dir='ltr'><strong>gladium</strong></span> <span class='ocrx_word' id='word_1_68' title='bbox 1328 952 1527 1014; x_wconf 72' lang='lat' dir='ltr'><strong>portat.</strong></span> <span class='ocrx_word' id='word_1_69' title='bbox 1556 942 1651 997; x_wconf 91' lang='lat' dir='ltr'><strong>Dei</strong></span> <span class='ocrx_word' id='word_1_70' title='bbox 1679 943 1820 998; x_wconf 89' lang='lat' dir='ltr'><strong>enim</strong></span> <span class='ocrx_word' id='word_1_71' title='bbox 1853 943 2097 998; x_wconf 89' lang='lat' dir='ltr'><strong>minister</strong></span> 
     </span>
    </p>
   </div>
   <div class='ocr_carea' id='block_1_11' title="bbox 516 1026 2090 1105">
    <p class='ocr_par' dir='ltr' id='par_1_11' title="bbox 516 1026 2090 1105">
     <span class='ocr_line' id='line_1_11' title="bbox 516 1026 2090 1105; baseline -0.004 -14"><span class='ocrx_word' id='word_1_72' title='bbox 516 1046 613 1096; x_wconf 88' lang='lat' dir='ltr'><strong>est,</strong></span> <span class='ocrx_word' id='word_1_73' title='bbox 659 1037 852 1091; x_wconf 88' lang='lat' dir='ltr'><strong>vindex</strong></span> <span class='ocrx_word' id='word_1_74' title='bbox 884 1039 935 1090; x_wconf 92' lang='lat' dir='ltr'><strong>in</strong></span> <span class='ocrx_word' id='word_1_75' title='bbox 966 1037 1100 1089; x_wconf 91' lang='lat' dir='ltr'><strong>iram</strong></span> <span class='ocrx_word' id='word_1_76' title='bbox 1125 1035 1174 1089; x_wconf 90' lang='lat' dir='ltr'><strong>ei</strong></span> <span class='ocrx_word' id='word_1_77' title='bbox 1206 1026 1295 1105; x_wconf 82' lang='lat' dir='ltr'><strong>qui</strong></span> <span class='ocrx_word' id='word_1_78' title='bbox 1327 1034 1524 1093; x_wconf 81' lang='lat' dir='ltr'><strong>malum</strong></span> <span class='ocrx_word' id='word_1_79' title='bbox 1548 1035 1655 1105; x_wconf 89' lang='lat' dir='ltr'><strong>agit</strong></span> <span class='ocrx_word' id='word_1_80' title='bbox 1688 1031 1859 1101; x_wconf 82' lang='lat' dir='ltr'><strong>(Rom.</strong></span> <span class='ocrx_word' id='word_1_81' title='bbox 1889 1033 2031 1104; x_wconf 78' lang='lat' dir='ltr'><strong>xm).</strong></span> <span class='ocrx_word' id='word_1_82' title='bbox 2071 1052 2090 1085; x_wconf 70' lang='grc' dir='ltr'><strong>ι</strong></span> 
     </span>
    </p>
   </div>
   <div class='ocr_carea' id='block_1_12' title="bbox 514 1122 2095 1197">
    <p class='ocr_par' dir='ltr' id='par_1_12' title="bbox 514 1122 2095 1197">
     <span class='ocr_line' id='line_1_12' title="bbox 514 1122 2095 1197; baseline -0.001 -16"><span class='ocrx_word' id='word_1_83' title='bbox 514 1128 740 1182; x_wconf 68' lang='lat' dir='ltr'><strong>Azarias</strong></span> <span class='ocrx_word' id='word_1_84' title='bbox 765 1142 856 1182; x_wconf 90' lang='lat' dir='ltr'><strong>rex</strong></span> <span class='ocrx_word' id='word_1_85' title='bbox 877 1171 891 1195; x_wconf 92' lang='lat'><strong>,</strong></span> <span class='ocrx_word' id='word_1_86' title='bbox 918 1128 1045 1197; x_wconf 91' lang='lat' dir='ltr'><strong>quia</strong></span> <span class='ocrx_word' id='word_1_87' title='bbox 1068 1127 1402 1181; x_wconf 87' lang='lat' dir='ltr'><strong>sacerdotale</strong></span> <span class='ocrx_word' id='word_1_88' title='bbox 1431 1133 1653 1196; x_wconf 84' lang='lat' dir='ltr'><strong>usurpat</strong></span> <span class='ocrx_word' id='word_1_89' title='bbox 1673 1122 1928 1191; x_wconf 74' lang='lat' dir='ltr'><strong>oﬂicium,</strong></span> <span class='ocrx_word' id='word_1_90' title='bbox 1947 1125 2095 1196; x_wconf 86' lang='lat' dir='ltr'><strong>lepra</strong></span> 
     </span>
    </p>
   </div>
   <div class='ocr_carea' id='block_1_13' title="bbox 514 1214 2094 1293">
    <p class='ocr_par' dir='ltr' id='par_1_13' title="bbox 514 1214 2094 1293">
     <span class='ocr_line' id='line_1_13' title="bbox 514 1214 2094 1293; baseline -0.001 -19"><span class='ocrx_word' id='word_1_91' title='bbox 514 1219 859 1293; x_wconf 79' lang='lat' dir='ltr'><strong>perfunditur</strong></span> <span class='ocrx_word' id='word_1_92' title='bbox 886 1214 970 1290; x_wconf 83' lang='lat' dir='ltr'><strong>(II</strong></span> <span class='ocrx_word' id='word_1_93' title='bbox 997 1218 1232 1289; x_wconf 82' lang='lat' dir='ltr'><strong>Paralip.</strong></span> <span class='ocrx_word' id='word_1_94' title='bbox 1263 1218 1448 1290; x_wconf 71' lang='lat' dir='ltr'><strong>nvi);</strong></span> <span class='ocrx_word' id='word_1_95' title='bbox 1478 1228 1532 1273; x_wconf 90' lang='lat' dir='ltr'><strong>et</strong></span> <span class='ocrx_word' id='word_1_96' title='bbox 1574 1219 1616 1274; x_wconf 92' lang='lat' dir='ltr'><strong>si</strong></span> <span class='ocrx_word' id='word_1_97' title='bbox 1665 1220 1917 1273; x_wconf 80' lang='lat' dir='ltr'><strong>sacerdos</strong></span> <span class='ocrx_word' id='word_1_98' title='bbox 1946 1234 2094 1273; x_wconf 87' lang='lat' dir='ltr'><strong>arma</strong></span> 
     </span>
    </p>
   </div>
   <div class='ocr_carea' id='block_1_14' title="bbox 516 1310 2097 1383">
    <p class='ocr_par' dir='ltr' id='par_1_14' title="bbox 516 1310 2097 1383">
     <span class='ocr_line' id='line_1_14' title="bbox 516 1310 2097 1383; baseline -0.003 -15"><span class='ocrx_word' id='word_1_99' title='bbox 516 1313 758 1383; x_wconf 78' lang='lat' dir='ltr'><strong>Corripit,</strong></span> <span class='ocrx_word' id='word_1_100' title='bbox 789 1311 931 1382; x_wconf 90' lang='lat' dir='ltr'><strong>quod</strong></span> <span class='ocrx_word' id='word_1_101' title='bbox 971 1312 1157 1381; x_wconf 81' lang='lat' dir='ltr'><strong>utique</strong></span> <span class='ocrx_word' id='word_1_102' title='bbox 1203 1310 1463 1365; x_wconf 77' lang='lat' dir='ltr'><strong>laicorutu</strong></span> <span class='ocrx_word' id='word_1_103' title='bbox 1500 1319 1608 1374; x_wconf 88' lang='lat' dir='ltr'><strong>est,</strong></span> <span class='ocrx_word' id='word_1_104' title='bbox 1657 1311 1781 1380; x_wconf 88' lang='lat' dir='ltr'><strong>quid</strong></span> <span class='ocrx_word' id='word_1_105' title='bbox 1827 1311 2097 1364; x_wconf 82' lang='lat' dir='ltr'><strong>uteretur?</strong></span> 
     </span>
    </p>
   </div>
   <div class='ocr_carea' id='block_1_15' title="bbox 516 1398 2097 1472">
    <p class='ocr_par' dir='ltr' id='par_1_15' title="bbox 516 1398 2097 1472">
     <span class='ocr_line' id='line_1_15' title="bbox 516 1398 2097 1472; baseline -0.001 -15"><span class='ocrx_word' id='word_1_106' title='bbox 516 1402 653 1457; x_wconf 74' lang='lat' dir='ltr'><strong>Nam</strong></span> <span class='ocrx_word' id='word_1_107' title='bbox 695 1410 750 1458; x_wconf 92' lang='lat' dir='ltr'><strong>et</strong></span> <span class='ocrx_word' id='word_1_108' title='bbox 802 1400 971 1457; x_wconf 87' lang='lat' dir='ltr'><strong>David</strong></span> <span class='ocrx_word' id='word_1_109' title='bbox 1008 1401 1210 1456; x_wconf 92' lang='lat' dir='ltr'><strong>idcirco</strong></span> <span class='ocrx_word' id='word_1_110' title='bbox 1254 1409 1377 1456; x_wconf 86' lang='lat' dir='ltr'><strong>ante</strong></span> <span class='ocrx_word' id='word_1_111' title='bbox 1408 1398 1753 1472; x_wconf 83' lang='lat' dir='ltr'><strong>Evangelium</strong></span> <span class='ocrx_word' id='word_1_112' title='bbox 1792 1398 2097 1470; x_wconf 70' lang='lat' dir='ltr'><strong>evangelice</strong></span> 
     </span>
    </p>
   </div>
   <div class='ocr_carea' id='block_1_16' title="bbox 516 1489 2097 1563">
    <p class='ocr_par' dir='ltr' id='par_1_16' title="bbox 516 1489 2097 1563">
     <span class='ocr_line' id='line_1_16' title="bbox 516 1489 2097 1563; baseline 0 -18"><span class='ocrx_word' id='word_1_113' title='bbox 516 1495 717 1550; x_wconf 76' lang='lat' dir='ltr'><strong>vixisse</strong></span> <span class='ocrx_word' id='word_1_114' title='bbox 743 1494 1003 1557; x_wconf 88' lang='lat' dir='ltr'><strong>creditur,</strong></span> <span class='ocrx_word' id='word_1_115' title='bbox 1026 1493 1151 1563; x_wconf 87' lang='lat' dir='ltr'><strong>quia</strong></span> <span class='ocrx_word' id='word_1_116' title='bbox 1185 1508 1289 1548; x_wconf 90' lang='lat' dir='ltr'><strong>non</strong></span> <span class='ocrx_word' id='word_1_117' title='bbox 1318 1491 1474 1547; x_wconf 92' lang='lat' dir='ltr'><strong>modo</strong></span> <span class='ocrx_word' id='word_1_118' title='bbox 1515 1489 1691 1547; x_wconf 84' lang='lat' dir='ltr'><strong>Semei</strong></span> <span class='ocrx_word' id='word_1_119' title='bbox 1729 1502 1781 1547; x_wconf 88' lang='lat' dir='ltr'><strong>et</strong></span> <span class='ocrx_word' id='word_1_120' title='bbox 1819 1491 1965 1557; x_wconf 89' lang='lat' dir='ltr'><strong>Saul,</strong></span> <span class='ocrx_word' id='word_1_121' title='bbox 2003 1492 2097 1546; x_wconf 89' lang='lat' dir='ltr'><strong>sed</strong></span> 
     </span>
    </p>
   </div>
   <div class='ocr_carea' id='block_1_17' title="bbox 517 1582 2096 1657">
    <p class='ocr_par' dir='ltr' id='par_1_17' title="bbox 517 1582 2096 1657">
     <span class='ocr_line' id='line_1_17' title="bbox 517 1582 2096 1657; baseline -0.004 -14"><span class='ocrx_word' id='word_1_122' title='bbox 517 1590 573 1643; x_wconf 77' lang='lat' dir='ltr'><strong>et</strong></span> <span class='ocrx_word' id='word_1_123' title='bbox 616 1586 862 1657; x_wconf 89' lang='lat' dir='ltr'><strong>plurimis</strong></span> <span class='ocrx_word' id='word_1_124' title='bbox 893 1585 1181 1641; x_wconf 89' lang='lat' dir='ltr'><strong>indulsisse</strong></span> <span class='ocrx_word' id='word_1_125' title='bbox 1225 1585 1336 1639; x_wconf 88' lang='lat' dir='ltr'><strong>suis</strong></span> <span class='ocrx_word' id='word_1_126' title='bbox 1379 1583 1625 1640; x_wconf 79' lang='lat' dir='ltr'><strong>hostibus</strong></span> <span class='ocrx_word' id='word_1_127' title='bbox 1677 1585 1964 1639; x_wconf 84' lang='lat' dir='ltr'><strong>invenitur.</strong></span> <span class='ocrx_word' id='word_1_128' title='bbox 2021 1582 2096 1637; x_wconf 88' lang='lat' dir='ltr'><strong>De</strong></span> 
     </span>
    </p>
   </div>
   <div class='ocr_carea' id='block_1_18' title="bbox 517 1671 2095 1745">
    <p class='ocr_par' dir='ltr' id='par_1_18' title="bbox 517 1671 2095 1745">
     <span class='ocr_line' id='line_1_18' title="bbox 517 1671 2095 1745; baseline -0.001 -18"><span class='ocrx_word' id='word_1_129' title='bbox 517 1680 646 1745; x_wconf 85' lang='lat' dir='ltr'><strong>q&#39;uo,</strong></span> <span class='ocrx_word' id='word_1_130' title='bbox 676 1686 730 1731; x_wconf 92' lang='lat' dir='ltr'><strong>et</strong></span> <span class='ocrx_word' id='word_1_131' title='bbox 755 1676 967 1731; x_wconf 62' lang='lat' dir='ltr'><strong>caeteris</strong></span> <span class='ocrx_word' id='word_1_132' title='bbox 995 1675 1196 1729; x_wconf 81' lang='lat' dir='ltr'><strong>sanctis</strong></span> <span class='ocrx_word' id='word_1_133' title='bbox 1226 1672 1475 1728; x_wconf 89' lang='lat' dir='ltr'><strong>Patribus</strong></span> <span class='ocrx_word' id='word_1_134' title='bbox 1505 1671 1757 1728; x_wconf 88' lang='lat' dir='ltr'><strong>uonmdla</strong></span> <span class='ocrx_word' id='word_1_135' title='bbox 1789 1673 1875 1727; x_wconf 91' lang='lat' dir='ltr'><strong>hic</strong></span> <span class='ocrx_word' id='word_1_136' title='bbox 1909 1688 2095 1726; x_wconf 86' lang='lat' dir='ltr'><strong>exem-</strong></span> 
     </span>
    </p>
   </div>
   <div class='ocr_carea' id='block_1_19' title="bbox 517 1763 2094 1837">
    <p class='ocr_par' dir='ltr' id='par_1_19' title="bbox 517 1763 2094 1837">
     <span class='ocr_line' id='line_1_19' title="bbox 517 1763 2094 1837; baseline -0.001 -19"><span class='ocrx_word' id='word_1_137' title='bbox 517 1766 601 1836; x_wconf 86' lang='lat' dir='ltr'><strong>pla</strong></span> <span class='ocrx_word' id='word_1_138' title='bbox 648 1766 1093 1837; x_wconf 84' lang='lat' dir='ltr'><strong>perstringerem,</strong></span> <span class='ocrx_word' id='word_1_139' title='bbox 1124 1765 1224 1820; x_wconf 91' lang='lat' dir='ltr'><strong>nisi</strong></span> <span class='ocrx_word' id='word_1_140' title='bbox 1255 1764 1408 1820; x_wconf 84' lang='lat' dir='ltr'><strong>vobis</strong></span> <span class='ocrx_word' id='word_1_141' title='bbox 1460 1763 1951 1834; x_wconf 89' lang='lat' dir='ltr'><strong>incomparabiliter</strong></span> <span class='ocrx_word' id='word_1_142' title='bbox 1999 1778 2094 1817; x_wconf 91' lang='lat' dir='ltr'><strong>no-</strong></span> 
     </span>
    </p>
   </div>
   <div class='ocr_carea' id='block_1_20' title="bbox 2195 576 3767 657">
    <p class='ocr_par' dir='ltr' id='par_1_20' title="bbox 2195 576 3767 657">
     <span class='ocr_line' id='line_1_20' title="bbox 2195 576 3767 657; baseline 0.003 -28"><span class='ocrx_word' id='word_1_143' title='bbox 2195 576 2328 657; x_wconf 80' lang='lat' dir='ltr'><strong>vivit</strong></span> <span class='ocrx_word' id='word_1_144' title='bbox 2374 576 2630 642; x_wconf 84' lang='lat' dir='ltr'><strong>Ecclesia,</strong></span> <span class='ocrx_word' id='word_1_145' title='bbox 2663 595 2923 649; x_wconf 89' lang='lat' dir='ltr'><strong>nusquam</strong></span> <span class='ocrx_word' id='word_1_146' title='bbox 2952 578 3125 634; x_wconf 84' lang='lat' dir='ltr'><strong>ferrea</strong></span> <span class='ocrx_word' id='word_1_147' title='bbox 3155 577 3355 649; x_wconf 83' lang='lat' dir='ltr'><strong>corripi</strong></span> <span class='ocrx_word' id='word_1_148' title='bbox 3386 593 3535 632; x_wconf 89' lang='lat' dir='ltr'><strong>arma</strong></span> <span class='ocrx_word' id='word_1_149' title='bbox 3583 592 3767 634; x_wconf 86' lang='lat' dir='ltr'><strong>conoe-</strong></span> 
     </span>
    </p>
   </div>
   <div class='ocr_carea' id='block_1_21' title="bbox 2194 666 3768 749">
    <p class='ocr_par' dir='ltr' id='par_1_21' title="bbox 2194 666 3768 749">
     <span class='ocr_line' id='line_1_21' title="bbox 2194 666 3768 749; baseline 0.001 -29"><span class='ocrx_word' id='word_1_150' title='bbox 2194 666 2362 749; x_wconf 81' lang='lat' dir='ltr'><strong>ditur,</strong></span> <span class='ocrx_word' id='word_1_151' title='bbox 2387 668 2651 737; x_wconf 84' lang='lat' dir='ltr'><strong>quomodo</strong></span> <span class='ocrx_word' id='word_1_152' title='bbox 2681 684 2777 738; x_wconf 87' lang='lat' dir='ltr'><strong>pro</strong></span> <span class='ocrx_word' id='word_1_153' title='bbox 2805 670 3034 724; x_wconf 87' lang='lat' dir='ltr'><strong>terrenis</strong></span> <span class='ocrx_word' id='word_1_154' title='bbox 3063 685 3126 725; x_wconf 88' lang='lat' dir='ltr'><strong>ac</strong></span> <span class='ocrx_word' id='word_1_155' title='bbox 3152 667 3475 723; x_wconf 89' lang='lat' dir='ltr'><strong>transitoriis</strong></span> <span class='ocrx_word' id='word_1_156' title='bbox 3514 666 3768 722; x_wconf 67' lang='lat' dir='ltr'><strong>Ecclesiae</strong></span> 
     </span>
    </p>
   </div>
   <div class='ocr_carea' id='block_1_22' title="bbox 2194 755 3767 831">
    <p class='ocr_par' dir='ltr' id='par_1_22' title="bbox 2194 755 3767 831">
     <span class='ocr_line' id='line_1_22' title="bbox 2194 755 3767 831; baseline 0.001 -20"><span class='ocrx_word' id='word_1_157' title='bbox 2194 755 2541 813; x_wconf 84' lang='lat' dir='ltr'><strong>facultatibus</strong></span> <span class='ocrx_word' id='word_1_158' title='bbox 2570 759 2810 814; x_wconf 76' lang='lat' dir='ltr'><strong>loricata:</strong></span> <span class='ocrx_word' id='word_1_159' title='bbox 2842 761 2986 813; x_wconf 86' lang='lat' dir='ltr'><strong>acies</strong></span> <span class='ocrx_word' id='word_1_160' title='bbox 3018 760 3068 813; x_wconf 93' lang='lat' dir='ltr'><strong>in</strong></span> <span class='ocrx_word' id='word_1_161' title='bbox 3099 759 3303 831; x_wconf 80' lang='lat' dir='ltr'><strong>gladios</strong></span> <span class='ocrx_word' id='word_1_162' title='bbox 3327 758 3767 814; x_wconf 78' lang='lat' dir='ltr'><strong>debacchautur?</strong></span> 
     </span>
    </p>
   </div>
   <div class='ocr_carea' id='block_1_23' title="bbox 2195 849 3767 921">
    <p class='ocr_par' dir='ltr' id='par_1_23' title="bbox 2195 849 3767 921">
     <span class='ocr_line' id='line_1_23' title="bbox 2195 849 3767 921; baseline -0.001 -16"><span class='ocrx_word' id='word_1_163' title='bbox 2195 850 2383 916; x_wconf 87' lang='lat' dir='ltr'><strong>Porro,</strong></span> <span class='ocrx_word' id='word_1_164' title='bbox 2414 851 2583 905; x_wconf 87' lang='lat' dir='ltr'><strong>sancti</strong></span> <span class='ocrx_word' id='word_1_165' title='bbox 2622 852 2722 906; x_wconf 87' lang='lat' dir='ltr'><strong>viri</strong></span> <span class='ocrx_word' id='word_1_166' title='bbox 2758 868 2879 906; x_wconf 90' lang='lat' dir='ltr'><strong>cum</strong></span> <span class='ocrx_word' id='word_1_167' title='bbox 2926 850 3232 921; x_wconf 68' lang='lat' dir='ltr'><strong>praevalent,</strong></span> <span class='ocrx_word' id='word_1_168' title='bbox 3280 849 3570 905; x_wconf 64' lang='lat' dir='ltr'><strong>haereticos</strong></span> <span class='ocrx_word' id='word_1_169' title='bbox 3598 849 3767 904; x_wconf 84' lang='lat' dir='ltr'><strong>idolo-</strong></span> 
     </span>
    </p>
   </div>
   <div class='ocr_carea' id='block_1_24' title="bbox 2195 940 3771 1013">
    <p class='ocr_par' dir='ltr' id='par_1_24' title="bbox 2195 940 3771 1013">
     <span class='ocr_line' id='line_1_24' title="bbox 2195 940 3771 1013; baseline -0.001 -15"><span class='ocrx_word' id='word_1_170' title='bbox 2195 958 2421 1011; x_wconf 87' lang='lat' dir='ltr'><strong>rumque</strong></span> <span class='ocrx_word' id='word_1_171' title='bbox 2449 943 2681 997; x_wconf 87' lang='lat' dir='ltr'><strong>cultores</strong></span> <span class='ocrx_word' id='word_1_172' title='bbox 2723 958 3059 1013; x_wconf 90' lang='lat' dir='ltr'><strong>nequaquam</strong></span> <span class='ocrx_word' id='word_1_173' title='bbox 3107 941 3407 1012; x_wconf 85' lang='lat' dir='ltr'><strong>perimunt;</strong></span> <span class='ocrx_word' id='word_1_174' title='bbox 3459 942 3554 997; x_wconf 91' lang='lat' dir='ltr'><strong>sed</strong></span> <span class='ocrx_word' id='word_1_175' title='bbox 3596 940 3771 1010; x_wconf 80' lang='lat' dir='ltr'><strong>potius</strong></span> 
     </span>
    </p>
   </div>
   <div class='ocr_carea' id='block_1_25' title="bbox 2196 1030 3773 1105">
    <p class='ocr_par' dir='ltr' id='par_1_25' title="bbox 2196 1030 3773 1105">
     <span class='ocr_line' id='line_1_25' title="bbox 2196 1030 3773 1105; baseline 0 -19"><span class='ocrx_word' id='word_1_176' title='bbox 2196 1031 2263 1087; x_wconf 90' lang='lat' dir='ltr'><strong>ab</strong></span> <span class='ocrx_word' id='word_1_177' title='bbox 2287 1036 2365 1089; x_wconf 91' lang='lat' dir='ltr'><strong>eis</strong></span> <span class='ocrx_word' id='word_1_178' title='bbox 2390 1049 2487 1105; x_wconf 91' lang='lat' dir='ltr'><strong>pro</strong></span> <span class='ocrx_word' id='word_1_179' title='bbox 2515 1033 2617 1089; x_wconf 90' lang='lat' dir='ltr'><strong>fide</strong></span> <span class='ocrx_word' id='word_1_180' title='bbox 2644 1034 2903 1089; x_wconf 84' lang='lat' dir='ltr'><strong>catholica</strong></span> <span class='ocrx_word' id='word_1_181' title='bbox 2932 1032 3120 1103; x_wconf 89' lang='lat' dir='ltr'><strong>perimi</strong></span> <span class='ocrx_word' id='word_1_182' title='bbox 3163 1048 3268 1087; x_wconf 87' lang='lat' dir='ltr'><strong>non</strong></span> <span class='ocrx_word' id='word_1_183' title='bbox 3300 1030 3597 1105; x_wconf 87' lang='lat' dir='ltr'><strong>refugiunt.</strong></span> <span class='ocrx_word' id='word_1_184' title='bbox 3629 1030 3773 1098; x_wconf 83' lang='lat' dir='ltr'><strong>Quo-</strong></span> 
     </span>
    </p>
   </div>
   <div class='ocr_carea' id='block_1_26' title="bbox 2195 1122 3772 1196">
    <p class='ocr_par' dir='ltr' id='par_1_26' title="bbox 2195 1122 3772 1196">
     <span class='ocr_line' id='line_1_26' title="bbox 2195 1122 3772 1196; baseline -0.002 -17"><span class='ocrx_word' id='word_1_185' title='bbox 2195 1127 2354 1180; x_wconf 88' lang='lat' dir='ltr'><strong>modo</strong></span> <span class='ocrx_word' id='word_1_186' title='bbox 2379 1141 2508 1196; x_wconf 82' lang='lat' dir='ltr'><strong>ergo</strong></span> <span class='ocrx_word' id='word_1_187' title='bbox 2533 1141 2630 1196; x_wconf 90' lang='lat' dir='ltr'><strong>pro</strong></span> <span class='ocrx_word' id='word_1_188' title='bbox 2655 1138 2834 1179; x_wconf 88' lang='lat' dir='ltr'><strong>rerum</strong></span> <span class='ocrx_word' id='word_1_189' title='bbox 2868 1125 3052 1179; x_wconf 84' lang='lat' dir='ltr'><strong>vilium</strong></span> <span class='ocrx_word' id='word_1_190' title='bbox 3077 1124 3401 1178; x_wconf 90' lang='lat' dir='ltr'><strong>detrimento</strong></span> <span class='ocrx_word' id='word_1_191' title='bbox 3436 1122 3613 1178; x_wconf 84' lang='lat' dir='ltr'><strong>fidelis</strong></span> <span class='ocrx_word' id='word_1_192' title='bbox 3643 1122 3772 1177; x_wconf 59' lang='lat' dir='ltr'><strong>ﬁde-</strong></span> 
     </span>
    </p>
   </div>
   <div class='ocr_carea' id='block_1_27' title="bbox 2194 1215 3770 1287">
    <p class='ocr_par' dir='ltr' id='par_1_27' title="bbox 2194 1215 3770 1287">
     <span class='ocr_line' id='line_1_27' title="bbox 2194 1215 3770 1287; baseline -0.001 -17"><span class='ocrx_word' id='word_1_193' title='bbox 2194 1216 2298 1270; x_wconf 89' lang='lat' dir='ltr'><strong>lem</strong></span> <span class='ocrx_word' id='word_1_194' title='bbox 2331 1216 2521 1284; x_wconf 79' lang='lat' dir='ltr'><strong>gladiis</strong></span> <span class='ocrx_word' id='word_1_195' title='bbox 2548 1216 2791 1287; x_wconf 84' lang='lat' dir='ltr'><strong>impetat,</strong></span> <span class='ocrx_word' id='word_1_196' title='bbox 2815 1230 2974 1286; x_wconf 89' lang='lat' dir='ltr'><strong>quem</strong></span> <span class='ocrx_word' id='word_1_197' title='bbox 3008 1230 3190 1270; x_wconf 88' lang='lat' dir='ltr'><strong>secum</strong></span> <span class='ocrx_word' id='word_1_198' title='bbox 3222 1215 3405 1286; x_wconf 79' lang='lat' dir='ltr'><strong>utique</strong></span> <span class='ocrx_word' id='word_1_199' title='bbox 3432 1215 3770 1283; x_wconf 77' lang='lat' dir='ltr'><strong>redemptum</strong></span> 
     </span>
    </p>
   </div>
   <div class='ocr_carea' id='block_1_28' title="bbox 2195 1305 3097 1377">
    <p class='ocr_par' dir='ltr' id='par_1_28' title="bbox 2195 1305 3097 1377">
     <span class='ocr_line' id='line_1_28' title="bbox 2195 1305 3097 1377; baseline -0.003 -15"><span class='ocrx_word' id='word_1_200' title='bbox 2195 1305 2394 1362; x_wconf 88' lang='lat' dir='ltr'><strong>Christi</strong></span> <span class='ocrx_word' id='word_1_201' title='bbox 2425 1308 2685 1377; x_wconf 80' lang='lat' dir='ltr'><strong>sanguine</strong></span> <span class='ocrx_word' id='word_1_202' title='bbox 2713 1322 2815 1362; x_wconf 93' lang='lat' dir='ltr'><strong>non</strong></span> <span class='ocrx_word' id='word_1_203' title='bbox 2850 1306 3097 1377; x_wconf 80' lang='lat' dir='ltr'><strong>ignorat?</strong></span> 
     </span>
    </p>
   </div>
   <div class='ocr_carea' id='block_1_29' title="bbox 2265 1396 3773 1468">
    <p class='ocr_par' dir='ltr' id='par_1_29' title="bbox 2265 1396 3773 1468">
     <span class='ocr_line' id='line_1_29' title="bbox 2265 1396 3773 1468; baseline -0.002 -15"><span class='ocrx_word' id='word_1_204' title='bbox 2265 1396 2322 1453; x_wconf 84' lang='lat' dir='ltr'><strong>In</strong></span> <span class='ocrx_word' id='word_1_205' title='bbox 2359 1397 2650 1454; x_wconf 88' lang='lat' dir='ltr'><strong>Galliarum</strong></span> <span class='ocrx_word' id='word_1_206' title='bbox 2691 1397 2889 1453; x_wconf 78' lang='lat' dir='ltr'><strong>finibus</strong></span> <span class='ocrx_word' id='word_1_207' title='bbox 2931 1398 3111 1453; x_wconf 88' lang='lat' dir='ltr'><strong>audivi</strong></span> <span class='ocrx_word' id='word_1_208' title='bbox 3175 1407 3381 1468; x_wconf 85' lang='lat' dir='ltr'><strong>gestum</strong></span> <span class='ocrx_word' id='word_1_209' title='bbox 3417 1396 3585 1452; x_wconf 86' lang='lat' dir='ltr'><strong>fuisse</strong></span> <span class='ocrx_word' id='word_1_210' title='bbox 3631 1398 3773 1464; x_wconf 84' lang='lat' dir='ltr'><strong>quod</strong></span> 
     </span>
    </p>
   </div>
   <div class='ocr_carea' id='block_1_30' title="bbox 2195 1489 3777 1562">
    <p class='ocr_par' dir='ltr' id='par_1_30' title="bbox 2195 1489 3777 1562">
     <span class='ocr_line' id='line_1_30' title="bbox 2195 1489 3777 1562; baseline -0.001 -18"><span class='ocrx_word' id='word_1_211' title='bbox 2195 1489 2415 1545; x_wconf 88' lang='lat' dir='ltr'><strong>refero:</strong></span> <span class='ocrx_word' id='word_1_212' title='bbox 2450 1489 2593 1545; x_wconf 89' lang='lat' dir='ltr'><strong>Inter</strong></span> <span class='ocrx_word' id='word_1_213' title='bbox 2642 1490 2887 1546; x_wconf 86' lang='lat' dir='ltr'><strong>abbatem</strong></span> <span class='ocrx_word' id='word_1_214' title='bbox 2930 1499 2985 1546; x_wconf 90' lang='lat' dir='ltr'><strong>et</strong></span> <span class='ocrx_word' id='word_1_215' title='bbox 3031 1490 3313 1562; x_wconf 86' lang='lat' dir='ltr'><strong>quemdam</strong></span> <span class='ocrx_word' id='word_1_216' title='bbox 3346 1489 3528 1546; x_wconf 62' lang='lat' dir='ltr'><strong>seculi</strong></span> <span class='ocrx_word' id='word_1_217' title='bbox 3570 1504 3777 1559; x_wconf 61' lang='lat' dir='ltr'><strong>praepo-</strong></span> 
     </span>
    </p>
   </div>
   <div class='ocr_carea' id='block_1_31' title="bbox 2194 1580 3774 1653">
    <p class='ocr_par' dir='ltr' id='par_1_31' title="bbox 2194 1580 3774 1653">
     <span class='ocr_line' id='line_1_31' title="bbox 2194 1580 3774 1653; baseline -0.001 -18"><span class='ocrx_word' id='word_1_218' title='bbox 2194 1587 2396 1636; x_wconf 83' lang='lat' dir='ltr'><strong>tentem</strong></span> <span class='ocrx_word' id='word_1_219' title='bbox 2423 1590 2539 1636; x_wconf 88' lang='lat' dir='ltr'><strong>orta</strong></span> <span class='ocrx_word' id='word_1_220' title='bbox 2569 1590 2652 1636; x_wconf 91' lang='lat' dir='ltr'><strong>est</strong></span> <span class='ocrx_word' id='word_1_221' title='bbox 2692 1597 2799 1636; x_wconf 91' lang='lat' dir='ltr'><strong>non</strong></span> <span class='ocrx_word' id='word_1_222' title='bbox 2839 1581 2971 1637; x_wconf 81' lang='lat' dir='ltr'><strong>levis</strong></span> <span class='ocrx_word' id='word_1_223' title='bbox 3012 1583 3079 1637; x_wconf 89' lang='lat' dir='ltr'><strong>de</strong></span> <span class='ocrx_word' id='word_1_224' title='bbox 3108 1580 3449 1653; x_wconf 86' lang='lat' dir='ltr'><strong>possessione</strong></span> <span class='ocrx_word' id='word_1_225' title='bbox 3477 1581 3774 1637; x_wconf 83' lang='lat' dir='ltr'><strong>contentio.</strong></span> 
     </span>
    </p>
   </div>
   <div class='ocr_carea' id='block_1_32' title="bbox 2195 1673 3776 1751">
    <p class='ocr_par' dir='ltr' id='par_1_32' title="bbox 2195 1673 3776 1751">
     <span class='ocr_line' id='line_1_32' title="bbox 2195 1673 3776 1751; baseline -0.002 -22"><span class='ocrx_word' id='word_1_226' title='bbox 2195 1673 2435 1743; x_wconf 83' lang='lat' dir='ltr'><strong>Cumque</strong></span> <span class='ocrx_word' id='word_1_227' title='bbox 2463 1690 2490 1726; x_wconf 87' lang='lat' dir='ltr'><strong>a</strong></span> <span class='ocrx_word' id='word_1_228' title='bbox 2518 1675 2686 1743; x_wconf 89' lang='lat' dir='ltr'><strong>partis</strong></span> <span class='ocrx_word' id='word_1_229' title='bbox 2707 1674 2988 1744; x_wconf 90' lang='lat' dir='ltr'><strong>utriusque</strong></span> <span class='ocrx_word' id='word_1_230' title='bbox 3016 1674 3316 1751; x_wconf 86' lang='lat' dir='ltr'><strong>fautoribus</strong></span> <span class='ocrx_word' id='word_1_231' title='bbox 3342 1673 3505 1730; x_wconf 86' lang='lat' dir='ltr'><strong>minis</strong></span> <span class='ocrx_word' id='word_1_232' title='bbox 3542 1674 3634 1729; x_wconf 91' lang='lat' dir='ltr'><strong>diu</strong></span> <span class='ocrx_word' id='word_1_233' title='bbox 3659 1687 3776 1729; x_wconf 80' lang='lat' dir='ltr'><strong>cer-</strong></span> 
     </span>
    </p>
   </div>
   <div class='ocr_carea' id='block_1_33' title="bbox 2150 1763 3778 1841">
    <p class='ocr_par' dir='ltr' id='par_1_33' title="bbox 2150 1763 3778 1841">
     <span class='ocr_line' id='line_1_33' title="bbox 2150 1763 3778 1841; baseline -0.001 -23"><span class='ocrx_word' id='word_1_234' title='bbox 2150 1828 2165 1841; x_wconf 30' lang='lat'><strong><em>~</em></strong></span> <span class='ocrx_word' id='word_1_235' title='bbox 2196 1773 2404 1819; x_wconf 87' lang='lat' dir='ltr'><strong>taretur</strong></span> <span class='ocrx_word' id='word_1_236' title='bbox 2432 1772 2486 1819; x_wconf 89' lang='lat' dir='ltr'><strong>et</strong></span> <span class='ocrx_word' id='word_1_237' title='bbox 2516 1763 2723 1836; x_wconf 78' lang='lat' dir='ltr'><strong>iurgiis,</strong></span> <span class='ocrx_word' id='word_1_238' title='bbox 2756 1765 2970 1820; x_wconf 86' lang='lat' dir='ltr'><strong>tandem</strong></span> <span class='ocrx_word' id='word_1_239' title='bbox 3019 1774 3078 1820; x_wconf 92' lang='lat' dir='ltr'><strong>ut</strong></span> <span class='ocrx_word' id='word_1_240' title='bbox 3124 1765 3291 1820; x_wconf 87' lang='lat' dir='ltr'><strong>armis</strong></span> <span class='ocrx_word' id='word_1_241' title='bbox 3319 1773 3574 1835; x_wconf 79' lang='lat' dir='ltr'><strong>ageretur</strong></span> <span class='ocrx_word' id='word_1_242' title='bbox 3611 1763 3778 1818; x_wconf 88' lang='lat' dir='ltr'><strong>utrin-</strong></span> 
     </span>
    </p>
   </div>
   <div class='ocr_carea' id='block_1_34' title="bbox 521 1849 3780 1927">
    <p class='ocr_par' dir='ltr' id='par_1_34' title="bbox 521 1849 3780 1927">
     <span class='ocr_line' id='line_1_34' title="bbox 521 1849 3780 1927; baseline -0.001 -15"><span class='ocrx_word' id='word_1_243' title='bbox 521 1856 653 1913; x_wconf 89' lang='lat' dir='ltr'><strong>tiora</strong></span> <span class='ocrx_word' id='word_1_244' title='bbox 686 1872 847 1927; x_wconf 90' lang='lat' dir='ltr'><strong>quam</strong></span> <span class='ocrx_word' id='word_1_245' title='bbox 880 1857 1010 1911; x_wconf 90' lang='lat' dir='ltr'><strong>mibi</strong></span> <span class='ocrx_word' id='word_1_246' title='bbox 1035 1858 1149 1912; x_wconf 65' lang='lat' dir='ltr'><strong>haec</strong></span> <span class='ocrx_word' id='word_1_247' title='bbox 1176 1866 1229 1911; x_wconf 91' lang='lat' dir='ltr'><strong>et</strong></span> <span class='ocrx_word' id='word_1_248' title='bbox 1261 1856 1345 1912; x_wconf 88' lang='lat' dir='ltr'><strong>his</strong></span> <span class='ocrx_word' id='word_1_249' title='bbox 1370 1855 1564 1912; x_wconf 89' lang='lat' dir='ltr'><strong>similia</strong></span> <span class='ocrx_word' id='word_1_250' title='bbox 1590 1864 1800 1912; x_wconf 84' lang='lat' dir='ltr'><strong>certum</strong></span> <span class='ocrx_word' id='word_1_251' title='bbox 1832 1864 2091 1910; x_wconf 87' lang='lat' dir='ltr'><strong>tenerem.</strong></span> <span class='ocrx_word' id='word_1_252' title='bbox 2128 1849 2169 1906; x_wconf 80' lang='grc' dir='ltr'><strong>Β</strong></span> <span class='ocrx_word' id='word_1_253' title='bbox 2197 1872 2301 1926; x_wconf 85' lang='lat' dir='ltr'><strong>que</strong></span> <span class='ocrx_word' id='word_1_254' title='bbox 2348 1855 2653 1911; x_wconf 90' lang='lat' dir='ltr'><strong>condictum</strong></span> <span class='ocrx_word' id='word_1_255' title='bbox 2699 1864 2801 1911; x_wconf 92' lang='lat' dir='ltr'><strong>est.</strong></span> <span class='ocrx_word' id='word_1_256' title='bbox 2850 1855 2918 1910; x_wconf 84' lang='lat' dir='ltr'><strong>Et</strong></span> <span class='ocrx_word' id='word_1_257' title='bbox 2969 1855 3242 1912; x_wconf 69' lang='lat' dir='ltr'><strong>saecularis</strong></span> <span class='ocrx_word' id='word_1_258' title='bbox 3291 1857 3529 1927; x_wconf 84' lang='lat' dir='ltr'><strong>quidem.</strong></span> <span class='ocrx_word' id='word_1_259' title='bbox 3577 1856 3780 1925; x_wconf 83' lang='lat' dir='ltr'><strong>paratis</strong></span> 
     </span>
    </p>
   </div>
   <div class='ocr_carea' id='block_1_35' title="bbox 516 1945 2095 2020">
    <p class='ocr_par' dir='ltr' id='par_1_35' title="bbox 516 1945 2095 2020">
     <span class='ocr_line' id='line_1_35' title="bbox 516 1945 2095 2020; baseline -0.004 -16"><span class='ocrx_word' id='word_1_260' title='bbox 516 1949 682 2005; x_wconf 83' lang='lat' dir='ltr'><strong>Plane</strong></span> <span class='ocrx_word' id='word_1_261' title='bbox 720 1948 842 2020; x_wconf 90' lang='lat' dir='ltr'><strong>quis</strong></span> <span class='ocrx_word' id='word_1_262' title='bbox 862 1965 967 2004; x_wconf 92' lang='lat' dir='ltr'><strong>non</strong></span> <span class='ocrx_word' id='word_1_263' title='bbox 996 1949 1171 2003; x_wconf 85' lang='lat' dir='ltr'><strong>videat</strong></span> <span class='ocrx_word' id='word_1_264' title='bbox 1212 1963 1373 2017; x_wconf 87' lang='lat' dir='ltr'><strong>quam</strong></span> <span class='ocrx_word' id='word_1_265' title='bbox 1413 1948 1482 2003; x_wconf 90' lang='lat' dir='ltr'><strong>sit</strong></span> <span class='ocrx_word' id='word_1_266' title='bbox 1505 1947 1787 2002; x_wconf 91' lang='lat' dir='ltr'><strong>inhonesta</strong></span> <span class='ocrx_word' id='word_1_267' title='bbox 1830 1945 2095 2011; x_wconf 87' lang='lat' dir='ltr'><strong>confusio,</strong></span> 
     </span>
    </p>
   </div>
   <div class='ocr_carea' id='block_1_36' title="bbox 518 2038 2097 2116">
    <p class='ocr_par' dir='ltr' id='par_1_36' title="bbox 518 2038 2097 2116">
     <span class='ocr_line' id='line_1_36' title="bbox 518 2038 2097 2116; baseline -0.003 -20"><span class='ocrx_word' id='word_1_268' title='bbox 518 2050 575 2116; x_wconf 77' lang='lat' dir='ltr'><strong>ut</strong></span> <span class='ocrx_word' id='word_1_269' title='bbox 600 2041 741 2112; x_wconf 90' lang='lat' dir='ltr'><strong>quod</strong></span> <span class='ocrx_word' id='word_1_270' title='bbox 769 2040 1031 2112; x_wconf 89' lang='lat' dir='ltr'><strong>agendum</strong></span> <span class='ocrx_word' id='word_1_271' title='bbox 1061 2040 1298 2094; x_wconf 87' lang='lat' dir='ltr'><strong>Ecclesia</strong></span> <span class='ocrx_word' id='word_1_272' title='bbox 1330 2042 1575 2110; x_wconf 80' lang='lat' dir='ltr'><strong>denegat,</strong></span> <span class='ocrx_word' id='word_1_273' title='bbox 1606 2038 1948 2108; x_wconf 90' lang='lat' dir='ltr'><strong>impudenter</strong></span> <span class='ocrx_word' id='word_1_274' title='bbox 1982 2038 2097 2106; x_wconf 86' lang='lat' dir='ltr'><strong>ipsa</strong></span> 
     </span>
    </p>
   </div>
   <div class='ocr_carea' id='block_1_37' title="bbox 518 2126 2101 2200">
    <p class='ocr_par' dir='ltr' id='par_1_37' title="bbox 518 2126 2101 2200">
     <span class='ocr_line' id='line_1_37' title="bbox 518 2126 2101 2200; baseline -0.006 -10"><span class='ocrx_word' id='word_1_275' title='bbox 518 2132 825 2190; x_wconf 76' lang='lat' dir='ltr'><strong>cdmmittat</strong></span> <span class='ocrx_word' id='word_1_276' title='bbox 852 2140 906 2186; x_wconf 88' lang='lat' dir='ltr'><strong>et</strong></span> <span class='ocrx_word' id='word_1_277' title='bbox 932 2147 1053 2186; x_wconf 91' lang='lat' dir='ltr'><strong>cum</strong></span> <span class='ocrx_word' id='word_1_278' title='bbox 1080 2130 1199 2184; x_wconf 89' lang='lat' dir='ltr'><strong>aliis</strong></span> <span class='ocrx_word' id='word_1_279' title='bbox 1228 2129 1481 2200; x_wconf 76' lang='lat' dir='ltr'><strong>przedicet</strong></span> <span class='ocrx_word' id='word_1_280' title='bbox 1510 2128 1845 2199; x_wconf 86' lang='lat' dir='ltr'><strong>patientiam,</strong></span> <span class='ocrx_word' id='word_1_281' title='bbox 1874 2126 2101 2181; x_wconf 76' lang='lat' dir='ltr'><strong>infde-</strong></span> 
     </span>
    </p>
   </div>
   <div class='ocr_carea' id='block_1_38' title="bbox 521 2217 2102 2291">
    <p class='ocr_par' dir='ltr' id='par_1_38' title="bbox 521 2217 2102 2291">
     <span class='ocr_line' id='line_1_38' title="bbox 521 2217 2102 2291; baseline -0.003 -15"><span class='ocrx_word' id='word_1_282' title='bbox 521 2221 747 2276; x_wconf 80' lang='lat' dir='ltr'><strong>rabilem</strong></span> <span class='ocrx_word' id='word_1_283' title='bbox 772 2220 888 2291; x_wconf 89' lang='lat' dir='ltr'><strong>ipsa</strong></span> <span class='ocrx_word' id='word_1_284' title='bbox 917 2229 1103 2274; x_wconf 90' lang='lat' dir='ltr'><strong>contra</strong></span> <span class='ocrx_word' id='word_1_285' title='bbox 1129 2221 1440 2274; x_wconf 87' lang='lat' dir='ltr'><strong>innocentes</strong></span> <span class='ocrx_word' id='word_1_286' title='bbox 1470 2220 1792 2274; x_wconf 88' lang='lat' dir='ltr'><strong>accendatur</strong></span> <span class='ocrx_word' id='word_1_287' title='bbox 1823 2218 1876 2272; x_wconf 92' lang='lat' dir='ltr'><strong>in</strong></span> <span class='ocrx_word' id='word_1_288' title='bbox 1923 2217 2102 2272; x_wconf 88' lang='lat' dir='ltr'><strong>iram?</strong></span> 
     </span>
    </p>
   </div>
   <div class='ocr_carea' id='block_1_39' title="bbox 519 2310 2097 2382">
    <p class='ocr_par' dir='ltr' id='par_1_39' title="bbox 519 2310 2097 2382">
     <span class='ocr_line' id='line_1_39' title="bbox 519 2310 2097 2382; baseline -0.004 -13"><span class='ocrx_word' id='word_1_289' title='bbox 519 2312 754 2377; x_wconf 82' lang='lat' dir='ltr'><strong>Contigit</strong></span> <span class='ocrx_word' id='word_1_290' title='bbox 796 2312 939 2367; x_wconf 91' lang='lat' dir='ltr'><strong>enim</strong></span> <span class='ocrx_word' id='word_1_291' title='bbox 980 2311 1082 2366; x_wconf 87' lang='lat' dir='ltr'><strong>hoc</strong></span> <span class='ocrx_word' id='word_1_292' title='bbox 1129 2310 1345 2367; x_wconf 90' lang='lat' dir='ltr'><strong>facienti</strong></span> <span class='ocrx_word' id='word_1_293' title='bbox 1393 2311 1535 2382; x_wconf 91' lang='lat' dir='ltr'><strong>quod</strong></span> <span class='ocrx_word' id='word_1_294' title='bbox 1580 2310 1871 2380; x_wconf 82' lang='lat' dir='ltr'><strong>Apostolus</strong></span> <span class='ocrx_word' id='word_1_295' title='bbox 1915 2311 2047 2365; x_wconf 87' lang='lat' dir='ltr'><strong>dicit</strong></span> <span class='ocrx_word' id='word_1_296' title='bbox 2084 2328 2097 2364; x_wconf 90' lang='lat'><strong>:</strong></span> 
     </span>
    </p>
   </div>
   <div class='ocr_carea' id='block_1_40' title="bbox 525 2401 2104 2476">
    <p class='ocr_par' dir='ltr' id='par_1_40' title="bbox 525 2401 2104 2476">
     <span class='ocr_line' id='line_1_40' title="bbox 525 2401 2104 2476; baseline -0.003 -16"><span class='ocrx_word' id='word_1_297' title='bbox 525 2425 545 2460; x_wconf 74' lang='grc' dir='ltr'><strong>ι</strong></span> <span class='ocrx_word' id='word_1_298' title='bbox 589 2405 669 2462; x_wconf 84' lang='lat' dir='ltr'><strong>Ne</strong></span> <span class='ocrx_word' id='word_1_299' title='bbox 698 2423 820 2463; x_wconf 91' lang='lat' dir='ltr'><strong>cum</strong></span> <span class='ocrx_word' id='word_1_300' title='bbox 867 2404 985 2462; x_wconf 90' lang='lat' dir='ltr'><strong>aliis</strong></span> <span class='ocrx_word' id='word_1_301' title='bbox 1011 2405 1434 2476; x_wconf 73' lang='lat' dir='ltr'><strong>praedicaret-im,</strong></span> <span class='ocrx_word' id='word_1_302' title='bbox 1469 2404 1580 2475; x_wconf 90' lang='lat' dir='ltr'><strong>ipse</strong></span> <span class='ocrx_word' id='word_1_303' title='bbox 1619 2403 1877 2475; x_wconf 87' lang='lat' dir='ltr'><strong>reprobus</strong></span> <span class='ocrx_word' id='word_1_304' title='bbox 1901 2401 2104 2459; x_wconf 83' lang='lat' dir='ltr'><strong>efliciar</strong></span> 
     </span>
    </p>
   </div>
   <div class='ocr_carea' id='block_1_41' title="bbox 522 2491 2097 2569">
    <p class='ocr_par' dir='ltr' id='par_1_41' title="bbox 522 2491 2097 2569">
     <span class='ocr_line' id='line_1_41' title="bbox 522 2491 2097 2569; baseline -0.004 -18"><span class='ocrx_word' id='word_1_305' title='bbox 522 2495 581 2569; x_wconf 83' lang='grc' dir='ltr'><strong>(Ι</strong></span> <span class='ocrx_word' id='word_1_306' title='bbox 596 2495 718 2554; x_wconf 86' lang='lat' dir='ltr'><strong>Cor.</strong></span> <span class='ocrx_word' id='word_1_307' title='bbox 749 2497 829 2569; x_wconf 84' lang='grc' dir='ltr'>ιιι)</span> <span class='ocrx_word' id='word_1_308' title='bbox 865 2515 879 2552; x_wconf 90' lang='lat'><strong>:</strong></span> <span class='ocrx_word' id='word_1_309' title='bbox 918 2516 936 2549; x_wconf 75' lang='grc' dir='ltr'><strong>ι</strong></span> <span class='ocrx_word' id='word_1_310' title='bbox 974 2495 1058 2552; x_wconf 88' lang='lat' dir='ltr'><strong>vel</strong></span> <span class='ocrx_word' id='word_1_311' title='bbox 1078 2495 1207 2551; x_wconf 89' lang='lat' dir='ltr'><strong>illud</strong></span> <span class='ocrx_word' id='word_1_312' title='bbox 1234 2495 1412 2566; x_wconf 88' lang='lat' dir='ltr'><strong>potius</strong></span> <span class='ocrx_word' id='word_1_313' title='bbox 1437 2494 1577 2564; x_wconf 91' lang='lat' dir='ltr'><strong>quod</strong></span> <span class='ocrx_word' id='word_1_314' title='bbox 1608 2495 1670 2548; x_wconf 85' lang='lat' dir='ltr'><strong>ad</strong></span> <span class='ocrx_word' id='word_1_315' title='bbox 1696 2492 1967 2546; x_wconf 80' lang='lat' dir='ltr'><strong>Romanos</strong></span> <span class='ocrx_word' id='word_1_316' title='bbox 1992 2491 2097 2546; x_wconf 89' lang='lat' dir='ltr'><strong>ait:</strong></span> 
     </span>
    </p>
   </div>
   <div class='ocr_carea' id='block_1_42' title="bbox 527 2582 2102 2659">
    <p class='ocr_par' dir='ltr' id='par_1_42' title="bbox 527 2582 2102 2659">
     <span class='ocr_line' id='line_1_42' title="bbox 527 2582 2102 2659; baseline -0.003 -19"><span class='ocrx_word' id='word_1_317' title='bbox 527 2606 547 2640; x_wconf 73' lang='grc' dir='ltr'><strong>ι</strong></span> <span class='ocrx_word' id='word_1_318' title='bbox 581 2586 681 2655; x_wconf 80' lang='lat' dir='ltr'><strong>Qui</strong></span> <span class='ocrx_word' id='word_1_319' title='bbox 712 2602 841 2659; x_wconf 90' lang='lat' dir='ltr'><strong>ergo</strong></span> <span class='ocrx_word' id='word_1_320' title='bbox 867 2586 1032 2642; x_wconf 91' lang='lat' dir='ltr'><strong>alium</strong></span> <span class='ocrx_word' id='word_1_321' title='bbox 1064 2586 1245 2653; x_wconf 90' lang='lat' dir='ltr'><strong>doces,</strong></span> <span class='ocrx_word' id='word_1_322' title='bbox 1279 2585 1625 2655; x_wconf 88' lang='lat' dir='ltr'><strong>teipsumnon</strong></span> <span class='ocrx_word' id='word_1_323' title='bbox 1642 2583 1825 2646; x_wconf 90' lang='lat' dir='ltr'><strong>doces,</strong></span> <span class='ocrx_word' id='word_1_324' title='bbox 1854 2582 1943 2651; x_wconf 88' lang='lat' dir='ltr'><strong>qui</strong></span> <span class='ocrx_word' id='word_1_325' title='bbox 1972 2596 2102 2650; x_wconf 79' lang='lat' dir='ltr'><strong>prae—</strong></span> 
     </span>
    </p>
   </div>
   <div class='ocr_carea' id='block_1_43' title="bbox 523 2675 2104 2749">
    <p class='ocr_par' dir='ltr' id='par_1_43' title="bbox 523 2675 2104 2749">
     <span class='ocr_line' id='line_1_43' title="bbox 523 2675 2104 2749; baseline -0.006 -13"><span class='ocrx_word' id='word_1_326' title='bbox 523 2680 673 2737; x_wconf 87' lang='lat' dir='ltr'><strong>dicas</strong></span> <span class='ocrx_word' id='word_1_327' title='bbox 700 2697 805 2736; x_wconf 92' lang='lat' dir='ltr'><strong>non</strong></span> <span class='ocrx_word' id='word_1_328' title='bbox 822 2679 1136 2745; x_wconf 90' lang='lat' dir='ltr'><strong>furandum,</strong></span> <span class='ocrx_word' id='word_1_329' title='bbox 1168 2678 1397 2744; x_wconf 66' lang='lat' dir='ltr'><strong>futuris;</strong></span> <span class='ocrx_word' id='word_1_330' title='bbox 1432 2678 1522 2749; x_wconf 92' lang='lat' dir='ltr'><strong>qui</strong></span> <span class='ocrx_word' id='word_1_331' title='bbox 1542 2677 1676 2731; x_wconf 89' lang='lat' dir='ltr'><strong>dicis</strong></span> <span class='ocrx_word' id='word_1_332' title='bbox 1702 2691 1805 2730; x_wconf 91' lang='lat' dir='ltr'><strong>nou</strong></span> <span class='ocrx_word' id='word_1_333' title='bbox 1824 2675 2104 2729; x_wconf 88' lang='lat' dir='ltr'><strong>moecban-</strong></span> 
     </span>
    </p>
   </div>
   <div class='ocr_carea' id='block_1_44' title="bbox 522 2767 2101 2846">
    <p class='ocr_par' dir='ltr' id='par_1_44' title="bbox 522 2767 2101 2846">
     <span class='ocr_line' id='line_1_44' title="bbox 522 2767 2101 2846; baseline -0.007 -16"><span class='ocrx_word' id='word_1_334' title='bbox 522 2774 672 2839; x_wconf 89' lang='lat' dir='ltr'><strong>dum,</strong></span> <span class='ocrx_word' id='word_1_335' title='bbox 715 2775 1042 2838; x_wconf 71' lang='lat' dir='ltr'><strong>tumcltaris;</strong></span> <span class='ocrx_word' id='word_1_336' title='bbox 1079 2773 1170 2846; x_wconf 90' lang='lat' dir='ltr'><strong>qui</strong></span> <span class='ocrx_word' id='word_1_337' title='bbox 1203 2771 1531 2827; x_wconf 89' lang='lat' dir='ltr'><strong>abominaris</strong></span> <span class='ocrx_word' id='word_1_338' title='bbox 1565 2769 1725 2832; x_wconf 89' lang='lat' dir='ltr'><strong>idola,</strong></span> <span class='ocrx_word' id='word_1_339' title='bbox 1762 2767 2101 2836; x_wconf 69' lang='lat' dir='ltr'><strong>sacrilegium</strong></span> 
     </span>
    </p>
   </div>
   <div class='ocr_carea' id='block_1_45' title="bbox 523 2858 2104 2937">
    <p class='ocr_par' dir='ltr' id='par_1_45' title="bbox 523 2858 2104 2937">
     <span class='ocr_line' id='line_1_45' title="bbox 523 2858 2104 2937; baseline -0.006 -18"><span class='ocrx_word' id='word_1_340' title='bbox 523 2865 849 2937; x_wconf 82' lang='lat' dir='ltr'><strong>facis(Rom.</strong></span> <span class='ocrx_word' id='word_1_341' title='bbox 868 2864 952 2937; x_wconf 85' lang='lat' dir='ltr'><strong>tt).</strong></span> <span class='ocrx_word' id='word_1_342' title='bbox 980 2885 997 2916; x_wconf 74' lang='grc' dir='ltr'><strong>ι</strong></span> <span class='ocrx_word' id='word_1_343' title='bbox 1021 2862 1181 2934; x_wconf 73' lang='grc' dir='ltr'><strong>ιιθ</strong></span> <span class='ocrx_word' id='word_1_344' title='bbox 1198 2863 1260 2916; x_wconf 81' lang='lat' dir='ltr'><strong>Et</strong></span> <span class='ocrx_word' id='word_1_345' title='bbox 1275 2862 1540 2932; x_wconf 80' lang='lat' dir='ltr'><strong>praecipue</strong></span> <span class='ocrx_word' id='word_1_346' title='bbox 1566 2861 1617 2915; x_wconf 90' lang='lat' dir='ltr'><strong>id</strong></span> <span class='ocrx_word' id='word_1_347' title='bbox 1638 2859 1779 2930; x_wconf 92' lang='lat' dir='ltr'><strong>quod</strong></span> <span class='ocrx_word' id='word_1_348' title='bbox 1808 2858 1892 2912; x_wconf 88' lang='lat' dir='ltr'><strong>bis</strong></span> <span class='ocrx_word' id='word_1_349' title='bbox 1909 2864 2104 2926; x_wconf 75' lang='lat' dir='ltr'><strong>praesto</strong></span> 
     </span>
    </p>
   </div>
   <div class='ocr_carea' id='block_1_46' title="bbox 525 2948 2104 3027">
    <p class='ocr_par' dir='ltr' id='par_1_46' title="bbox 525 2948 2104 3027">
     <span class='ocr_line' id='line_1_46' title="bbox 525 2948 2104 3027; baseline -0.006 -17"><span class='ocrx_word' id='word_1_350' title='bbox 525 2955 818 3027; x_wconf 71' lang='lat' dir='ltr'><strong>subiungit,</strong></span> <span class='ocrx_word' id='word_1_351' title='bbox 867 2956 1136 3011; x_wconf 84' lang='lat' dir='ltr'><strong>sacerdoti</strong></span> <span class='ocrx_word' id='word_1_352' title='bbox 1169 2968 1465 3025; x_wconf 76' lang='lat' dir='ltr'><strong>congruere</strong></span> <span class='ocrx_word' id='word_1_353' title='bbox 1501 2953 1712 3007; x_wconf 68' lang='lat' dir='ltr'><strong>videtur</strong></span> <span class='ocrx_word' id='word_1_354' title='bbox 1756 2968 1767 3003; x_wconf 88' lang='lat'><strong>:</strong></span> <span class='ocrx_word' id='word_1_355' title='bbox 1827 2968 1845 3000; x_wconf 75' lang='grc' dir='ltr'><strong>ι</strong></span> <span class='ocrx_word' id='word_1_356' title='bbox 1896 2949 2002 3015; x_wconf 85' lang='lat' dir='ltr'><strong>Qui</strong></span> <span class='ocrx_word' id='word_1_357' title='bbox 2051 2948 2104 3001; x_wconf 89' lang='lat' dir='ltr'><strong>in</strong></span> 
     </span>
    </p>
   </div>
   <div class='ocr_carea' id='block_1_47' title="bbox 525 3040 2105 3125">
    <p class='ocr_par' dir='ltr' id='par_1_47' title="bbox 525 3040 2105 3125">
     <span class='ocr_line' id='line_1_47' title="bbox 525 3040 2105 3125; baseline -0.004 -25"><span class='ocrx_word' id='word_1_358' title='bbox 525 3044 641 3116; x_wconf 81' lang='lat' dir='ltr'><strong>lege</strong></span> <span class='ocrx_word' id='word_1_359' title='bbox 666 3045 933 3117; x_wconf 80' lang='lat' dir='ltr'><strong>gloriaris,</strong></span> <span class='ocrx_word' id='word_1_360' title='bbox 960 3061 1055 3117; x_wconf 90' lang='lat' dir='ltr'><strong>per</strong></span> <span class='ocrx_word' id='word_1_361' title='bbox 1076 3043 1569 3114; x_wconf 64' lang='lat' dir='ltr'><strong>praevaricationem</strong></span> <span class='ocrx_word' id='word_1_362' title='bbox 1598 3042 1740 3125; x_wconf 39' lang='lat' dir='ltr'><strong>legis.</strong></span> <span class='ocrx_word' id='word_1_363' title='bbox 1760 3043 1925 3096; x_wconf 87' lang='lat' dir='ltr'><strong>Deum</strong></span> <span class='ocrx_word' id='word_1_364' title='bbox 1956 3040 2105 3095; x_wconf 87' lang='lat' dir='ltr'><strong>inbo-</strong></span> 
     </span>
    </p>
   </div>
   <div class='ocr_carea' id='block_1_48' title="bbox 528 3133 2105 3211">
    <p class='ocr_par' dir='ltr' id='par_1_48' title="bbox 528 3133 2105 3211">
     <span class='ocr_line' id='line_1_48' title="bbox 528 3133 2105 3211; baseline -0.005 -17"><span class='ocrx_word' id='word_1_365' title='bbox 528 3155 693 3194; x_wconf 89' lang='lat' dir='ltr'><strong>noras</strong></span> <span class='ocrx_word' id='word_1_366' title='bbox 721 3137 931 3211; x_wconf 84' lang='lat' dir='ltr'><strong>(Ibid.).</strong></span> <span class='ocrx_word' id='word_1_367' title='bbox 967 3157 985 3190; x_wconf 70' lang='grc' dir='ltr'><strong>ι</strong></span> <span class='ocrx_word' id='word_1_368' title='bbox 1017 3138 1073 3192; x_wconf 83' lang='grc' dir='ltr'><strong>ιιι</strong></span> <span class='ocrx_word' id='word_1_369' title='bbox 1100 3138 1215 3208; x_wconf 81' lang='lat' dir='ltr'><strong>lege</strong></span> <span class='ocrx_word' id='word_1_370' title='bbox 1247 3137 1442 3207; x_wconf 90' lang='lat' dir='ltr'><strong>quippe</strong></span> <span class='ocrx_word' id='word_1_371' title='bbox 1467 3135 1558 3190; x_wconf 88' lang='lat' dir='ltr'><strong>Dei</strong></span> <span class='ocrx_word' id='word_1_372' title='bbox 1592 3135 1843 3189; x_wconf 88' lang='lat' dir='ltr'><strong>sacerdos</strong></span> <span class='ocrx_word' id='word_1_373' title='bbox 1875 3150 1977 3188; x_wconf 76' lang='lat' dir='ltr'><strong>non</strong></span> <span class='ocrx_word' id='word_1_374' title='bbox 2004 3133 2105 3187; x_wconf 88' lang='lat' dir='ltr'><strong>im-</strong></span> 
     </span>
    </p>
   </div>
   <div class='ocr_carea' id='block_1_49' title="bbox 528 3224 2106 3301">
    <p class='ocr_par' dir='ltr' id='par_1_49' title="bbox 528 3224 2106 3301">
     <span class='ocr_line' id='line_1_49' title="bbox 528 3224 2106 3301; baseline -0.003 -18"><span class='ocrx_word' id='word_1_375' title='bbox 528 3226 726 3283; x_wconf 81' lang='lat' dir='ltr'><strong>merito</strong></span> <span class='ocrx_word' id='word_1_376' title='bbox 750 3227 1032 3301; x_wconf 87' lang='lat' dir='ltr'><strong>gloriatur,</strong></span> <span class='ocrx_word' id='word_1_377' title='bbox 1049 3226 1138 3297; x_wconf 92' lang='lat' dir='ltr'><strong>qui</strong></span> <span class='ocrx_word' id='word_1_378' title='bbox 1164 3226 1447 3283; x_wconf 90' lang='lat' dir='ltr'><strong>ministerii</strong></span> <span class='ocrx_word' id='word_1_379' title='bbox 1478 3225 1653 3281; x_wconf 90' lang='lat' dir='ltr'><strong>locum</strong></span> <span class='ocrx_word' id='word_1_380' title='bbox 1682 3225 1745 3280; x_wconf 90' lang='lat' dir='ltr'><strong>ad</strong></span> <span class='ocrx_word' id='word_1_381' title='bbox 1769 3224 2106 3296; x_wconf 65' lang='lat' dir='ltr'><strong>praedicanda</strong></span> 
     </span>
    </p>
   </div>
   <div class='ocr_carea' id='block_1_50' title="bbox 529 3318 2105 3390">
    <p class='ocr_par' dir='ltr' id='par_1_50' title="bbox 529 3318 2105 3390">
     <span class='ocr_line' id='line_1_50' title="bbox 529 3318 2105 3390; baseline -0.002 -16"><span class='ocrx_word' id='word_1_382' title='bbox 529 3319 662 3390; x_wconf 87' lang='lat' dir='ltr'><strong>legis</strong></span> <span class='ocrx_word' id='word_1_383' title='bbox 688 3320 940 3376; x_wconf 88' lang='lat' dir='ltr'><strong>mandata</strong></span> <span class='ocrx_word' id='word_1_384' title='bbox 968 3321 1192 3376; x_wconf 89' lang='lat' dir='ltr'><strong>sortitus</strong></span> <span class='ocrx_word' id='word_1_385' title='bbox 1220 3331 1323 3382; x_wconf 90' lang='lat' dir='ltr'><strong>est,</strong></span> <span class='ocrx_word' id='word_1_386' title='bbox 1350 3320 1441 3373; x_wconf 91' lang='lat' dir='ltr'><strong>sed</strong></span> <span class='ocrx_word' id='word_1_387' title='bbox 1472 3334 1568 3387; x_wconf 87' lang='lat' dir='ltr'><strong>per</strong></span> <span class='ocrx_word' id='word_1_388' title='bbox 1609 3318 2105 3388; x_wconf 67' lang='lat' dir='ltr'><strong>praavaricationem</strong></span> 
     </span>
    </p>
   </div>
   <div class='ocr_carea' id='block_1_51' title="bbox 530 3406 2107 3481">
    <p class='ocr_par' dir='ltr' id='par_1_51' title="bbox 530 3406 2107 3481">
     <span class='ocr_line' id='line_1_51' title="bbox 530 3406 2107 3481; baseline -0.003 -18"><span class='ocrx_word' id='word_1_389' title='bbox 530 3409 665 3481; x_wconf 84' lang='lat' dir='ltr'><strong>legis</strong></span> <span class='ocrx_word' id='word_1_390' title='bbox 695 3410 863 3465; x_wconf 92' lang='lat' dir='ltr'><strong>Deum</strong></span> <span class='ocrx_word' id='word_1_391' title='bbox 885 3410 1210 3466; x_wconf 84' lang='lat' dir='ltr'><strong>inbonorare</strong></span> <span class='ocrx_word' id='word_1_392' title='bbox 1230 3409 1590 3473; x_wconf 83' lang='lat' dir='ltr'><strong>convincitur,</strong></span> <span class='ocrx_word' id='word_1_393' title='bbox 1618 3423 1737 3462; x_wconf 93' lang='lat' dir='ltr'><strong>cum</strong></span> <span class='ocrx_word' id='word_1_394' title='bbox 1764 3409 1897 3462; x_wconf 87' lang='lat' dir='ltr'><strong>scita</strong></span> <span class='ocrx_word' id='word_1_395' title='bbox 1916 3406 2107 3476; x_wconf 79' lang='lat' dir='ltr'><strong>legalia</strong></span> 
     </span>
    </p>
   </div>
   <div class='ocr_carea' id='block_1_52' title="bbox 534 3487 2109 3570">
    <p class='ocr_par' dir='ltr' id='par_1_52' title="bbox 534 3487 2109 3570">
     <span class='ocr_line' id='line_1_52' title="bbox 534 3487 2109 3570; baseline -0.002 -18"><span class='ocrx_word' id='word_1_396' title='bbox 534 3487 834 3570; x_wconf 79' lang='lat' dir='ltr'><strong>transgredi</strong></span> <span class='ocrx_word' id='word_1_397' title='bbox 883 3514 988 3555; x_wconf 93' lang='lat' dir='ltr'><strong>non</strong></span> <span class='ocrx_word' id='word_1_398' title='bbox 1018 3504 1253 3555; x_wconf 82' lang='lat' dir='ltr'><strong>veretur.</strong></span> <span class='ocrx_word' id='word_1_399' title='bbox 1307 3498 1547 3568; x_wconf 90' lang='lat' dir='ltr'><strong>Dumque</strong></span> <span class='ocrx_word' id='word_1_400' title='bbox 1601 3497 1743 3551; x_wconf 89' lang='lat' dir='ltr'><strong>aliud</strong></span> <span class='ocrx_word' id='word_1_401' title='bbox 1786 3498 1915 3568; x_wconf 84' lang='lat' dir='ltr'><strong>agit,</strong></span> <span class='ocrx_word' id='word_1_402' title='bbox 1966 3494 2109 3549; x_wconf 83' lang='lat' dir='ltr'><strong>aliud</strong></span> 
     </span>
    </p>
   </div>
   <div class='ocr_carea' id='block_1_53' title="bbox 532 3586 2111 3666">
    <p class='ocr_par' dir='ltr' id='par_1_53' title="bbox 532 3586 2111 3666">
     <span class='ocr_line' id='line_1_53' title="bbox 532 3586 2111 3666; baseline -0.002 -20"><span class='ocrx_word' id='word_1_403' title='bbox 532 3593 807 3666; x_wconf 76' lang='lat' dir='ltr'><strong>przedicat,</strong></span> <span class='ocrx_word' id='word_1_404' title='bbox 831 3596 1090 3663; x_wconf 88' lang='lat' dir='ltr'><strong>quantum</strong></span> <span class='ocrx_word' id='word_1_405' title='bbox 1120 3592 1172 3645; x_wconf 93' lang='lat' dir='ltr'><strong>in</strong></span> <span class='ocrx_word' id='word_1_406' title='bbox 1198 3606 1256 3646; x_wconf 89' lang='lat' dir='ltr'><strong>se</strong></span> <span class='ocrx_word' id='word_1_407' title='bbox 1278 3600 1379 3656; x_wconf 90' lang='lat' dir='ltr'><strong>est,</strong></span> <span class='ocrx_word' id='word_1_408' title='bbox 1408 3605 1596 3645; x_wconf 91' lang='lat' dir='ltr'><strong>omnes</strong></span> <span class='ocrx_word' id='word_1_409' title='bbox 1624 3588 1692 3645; x_wconf 91' lang='lat' dir='ltr'><strong>ab</strong></span> <span class='ocrx_word' id='word_1_410' title='bbox 1717 3586 1954 3659; x_wconf 86' lang='lat' dir='ltr'><strong>ejusdem</strong></span> <span class='ocrx_word' id='word_1_411' title='bbox 1979 3587 2111 3658; x_wconf 88' lang='lat' dir='ltr'><strong>legis</strong></span> 
     </span>
    </p>
   </div>
   <div class='ocr_carea' id='block_1_54' title="bbox 532 3679 2111 3755">
    <p class='ocr_par' dir='ltr' id='par_1_54' title="bbox 532 3679 2111 3755">
     <span class='ocr_line' id='line_1_54' title="bbox 532 3679 2111 3755; baseline -0.003 -17"><span class='ocrx_word' id='word_1_412' title='bbox 532 3683 909 3740; x_wconf 82' lang='lat' dir='ltr'><strong>observatione</strong></span> <span class='ocrx_word' id='word_1_413' title='bbox 932 3685 1235 3755; x_wconf 88' lang='lat' dir='ltr'><strong>perturbat,</strong></span> <span class='ocrx_word' id='word_1_414' title='bbox 1275 3684 1415 3738; x_wconf 91' lang='lat' dir='ltr'><strong>sicut</strong></span> <span class='ocrx_word' id='word_1_415' title='bbox 1457 3680 1663 3738; x_wconf 85' lang='lat' dir='ltr'><strong>Scribis</strong></span> <span class='ocrx_word' id='word_1_416' title='bbox 1716 3690 1771 3736; x_wconf 91' lang='lat' dir='ltr'><strong>et</strong></span> <span class='ocrx_word' id='word_1_417' title='bbox 1821 3679 2111 3735; x_wconf 71' lang='lat' dir='ltr'><strong>Pharismis</strong></span> 
     </span>
    </p>
   </div>
   <div class='ocr_carea' id='block_1_55' title="bbox 537 3772 2112 3845">
    <p class='ocr_par' dir='ltr' id='par_1_55' title="bbox 537 3772 2112 3845">
     <span class='ocr_line' id='line_1_55' title="bbox 537 3772 2112 3845; baseline -0.002 -16"><span class='ocrx_word' id='word_1_418' title='bbox 537 3772 795 3831; x_wconf 84' lang='lat' dir='ltr'><strong>Dominus</strong></span> <span class='ocrx_word' id='word_1_419' title='bbox 825 3775 993 3831; x_wconf 87' lang='lat' dir='ltr'><strong>dicit:</strong></span> <span class='ocrx_word' id='word_1_420' title='bbox 1049 3795 1067 3828; x_wconf 79' lang='grc' dir='ltr'><strong>ι</strong></span> <span class='ocrx_word' id='word_1_421' title='bbox 1100 3773 1191 3830; x_wconf 71' lang='lat' dir='ltr'><strong>Vae</strong></span> <span class='ocrx_word' id='word_1_422' title='bbox 1229 3775 1400 3839; x_wconf 86' lang='lat' dir='ltr'><strong>vobis,</strong></span> <span class='ocrx_word' id='word_1_423' title='bbox 1443 3773 1534 3845; x_wconf 90' lang='lat' dir='ltr'><strong>qui</strong></span> <span class='ocrx_word' id='word_1_424' title='bbox 1583 3772 1878 3829; x_wconf 75' lang='lat' dir='ltr'><strong>abstulisds</strong></span> <span class='ocrx_word' id='word_1_425' title='bbox 1934 3773 2112 3827; x_wconf 89' lang='lat' dir='ltr'><strong>claves</strong></span> 
     </span>
    </p>
   </div>
   <div class='ocr_carea' id='block_1_56' title="bbox 535 3862 2113 3935">
    <p class='ocr_par' dir='ltr' id='par_1_56' title="bbox 535 3862 2113 3935">
     <span class='ocr_line' id='line_1_56' title="bbox 535 3862 2113 3935; baseline -0.003 -16"><span class='ocrx_word' id='word_1_426' title='bbox 535 3866 812 3935; x_wconf 65' lang='lat' dir='ltr'><strong>sapientiae</strong></span> <span class='ocrx_word' id='word_1_427' title='bbox 859 3874 914 3920; x_wconf 91' lang='lat' dir='ltr'><strong>et</strong></span> <span class='ocrx_word' id='word_1_428' title='bbox 966 3864 1227 3931; x_wconf 66' lang='lat' dir='ltr'><strong>scientiae,</strong></span> <span class='ocrx_word' id='word_1_429' title='bbox 1286 3865 1379 3920; x_wconf 89' lang='lat' dir='ltr'><strong>sed</strong></span> <span class='ocrx_word' id='word_1_430' title='bbox 1416 3864 1514 3934; x_wconf 92' lang='lat' dir='ltr'><strong>ipsi</strong></span> <span class='ocrx_word' id='word_1_431' title='bbox 1565 3880 1669 3917; x_wconf 87' lang='lat' dir='ltr'><strong>non</strong></span> <span class='ocrx_word' id='word_1_432' title='bbox 1723 3862 2008 3927; x_wconf 84' lang='lat' dir='ltr'><strong>introistis,</strong></span> <span class='ocrx_word' id='word_1_433' title='bbox 2058 3868 2113 3916; x_wconf 89' lang='lat' dir='ltr'><strong>et</strong></span> 
     </span>
    </p>
   </div>
   <div class='ocr_carea' id='block_1_57' title="bbox 539 3942 2109 4026">
    <p class='ocr_par' dir='ltr' id='par_1_57' title="bbox 539 3942 2109 4026">
     <span class='ocr_line' id='line_1_57' title="bbox 539 3942 2109 4026; baseline -0.001 -19"><span class='ocrx_word' id='word_1_434' title='bbox 539 3942 755 4023; x_wconf 84' lang='lat' dir='ltr'><strong>insuper</strong></span> <span class='ocrx_word' id='word_1_435' title='bbox 782 3955 916 4010; x_wconf 89' lang='lat' dir='ltr'><strong>alios</strong></span> <span class='ocrx_word' id='word_1_436' title='bbox 957 3954 1181 4012; x_wconf 90' lang='lat' dir='ltr'><strong>introire</strong></span> <span class='ocrx_word' id='word_1_437' title='bbox 1212 3955 1452 4011; x_wconf 85' lang='lat' dir='ltr'><strong>volentes</strong></span> <span class='ocrx_word' id='word_1_438' title='bbox 1495 3953 1847 4025; x_wconf 86' lang='lat' dir='ltr'><strong>probibuistis</strong></span> <span class='ocrx_word' id='word_1_439' title='bbox 1893 3952 2109 4026; x_wconf 76' lang='lat' dir='ltr'><strong>(Matth.</strong></span> 
     </span>
    </p>
   </div>
   <div class='ocr_carea' id='block_1_58' title="bbox 537 4042 2114 4115">
    <p class='ocr_par' dir='ltr' id='par_1_58' title="bbox 537 4042 2114 4115">
     <span class='ocr_line' id='line_1_58' title="bbox 537 4042 2114 4115; baseline 0.001 -18"><span class='ocrx_word' id='word_1_440' title='bbox 537 4043 699 4111; x_wconf 83' lang='lat' dir='ltr'><strong>xxtt).</strong></span> <span class='ocrx_word' id='word_1_441' title='bbox 733 4063 748 4095; x_wconf 75' lang='grc' dir='ltr'><strong>ι</strong></span> <span class='ocrx_word' id='word_1_442' title='bbox 777 4042 845 4098; x_wconf 88' lang='lat' dir='ltr'><strong>Et</strong></span> <span class='ocrx_word' id='word_1_443' title='bbox 872 4056 1056 4099; x_wconf 87' lang='lat' dir='ltr'><strong>revera</strong></span> <span class='ocrx_word' id='word_1_444' title='bbox 1081 4060 1186 4114; x_wconf 90' lang='lat' dir='ltr'><strong>qua</strong></span> <span class='ocrx_word' id='word_1_445' title='bbox 1224 4042 1416 4108; x_wconf 86' lang='lat' dir='ltr'><strong>fronte,</strong></span> <span class='ocrx_word' id='word_1_446' title='bbox 1457 4059 1561 4115; x_wconf 87' lang='lat' dir='ltr'><strong>qua</strong></span> <span class='ocrx_word' id='word_1_447' title='bbox 1585 4042 1849 4099; x_wconf 86' lang='lat' dir='ltr'><strong>libertatis</strong></span> <span class='ocrx_word' id='word_1_448' title='bbox 1888 4044 2114 4099; x_wconf 87' lang='lat' dir='ltr'><strong>audacia</strong></span> 
     </span>
    </p>
   </div>
   <div class='ocr_carea' id='block_1_59' title="bbox 540 4133 2115 4204">
    <p class='ocr_par' dir='ltr' id='par_1_59' title="bbox 540 4133 2115 4204">
     <span class='ocr_line' id='line_1_59' title="bbox 540 4133 2115 4204; baseline 0.002 -17"><span class='ocrx_word' id='word_1_449' title='bbox 540 4133 792 4188; x_wconf 74' lang='lat' dir='ltr'><strong>Sacerdos</strong></span> <span class='ocrx_word' id='word_1_450' title='bbox 840 4133 1063 4204; x_wconf 91' lang='lat' dir='ltr'><strong>quilibet</strong></span> <span class='ocrx_word' id='word_1_451' title='bbox 1118 4136 1170 4189; x_wconf 90' lang='lat' dir='ltr'><strong>in</strong></span> <span class='ocrx_word' id='word_1_452' title='bbox 1231 4134 1603 4190; x_wconf 88' lang='lat' dir='ltr'><strong>dissidentium</strong></span> <span class='ocrx_word' id='word_1_453' title='bbox 1655 4133 2115 4190; x_wconf 71' lang='lat' dir='ltr'><strong>confmderatione</strong></span> 
     </span>
    </p>
   </div>
   <div class='ocr_carea' id='block_1_60' title="bbox 542 4222 2116 4297">
    <p class='ocr_par' dir='ltr' id='par_1_60' title="bbox 542 4222 2116 4297">
     <span class='ocr_line' id='line_1_60' title="bbox 542 4222 2116 4297; baseline 0.002 -17"><span class='ocrx_word' id='word_1_454' title='bbox 542 4222 795 4290; x_wconf 88' lang='lat' dir='ltr'><strong>desudet;</strong></span> <span class='ocrx_word' id='word_1_455' title='bbox 832 4242 954 4281; x_wconf 89' lang='lat' dir='ltr'><strong>cum</strong></span> <span class='ocrx_word' id='word_1_456' title='bbox 981 4226 1097 4297; x_wconf 90' lang='lat' dir='ltr'><strong>ipse</strong></span> <span class='ocrx_word' id='word_1_457' title='bbox 1139 4228 1250 4281; x_wconf 90' lang='lat' dir='ltr'><strong>suis</strong></span> <span class='ocrx_word' id='word_1_458' title='bbox 1295 4226 1575 4282; x_wconf 72' lang='lat' dir='ltr'><strong>laesoribus</strong></span> <span class='ocrx_word' id='word_1_459' title='bbox 1627 4243 1733 4282; x_wconf 93' lang='lat' dir='ltr'><strong>non</strong></span> <span class='ocrx_word' id='word_1_460' title='bbox 1780 4226 2116 4284; x_wconf 87' lang='lat' dir='ltr'><strong>remissionis</strong></span> 
     </span>
    </p>
   </div>
   <div class='ocr_carea' id='block_1_61' title="bbox 542 4314 2116 4389">
    <p class='ocr_par' dir='ltr' id='par_1_61' title="bbox 542 4314 2116 4389">
     <span class='ocr_line' id='line_1_61' title="bbox 542 4314 2116 4389; baseline 0.002 -18"><span class='ocrx_word' id='word_1_461' title='bbox 542 4316 815 4389; x_wconf 89' lang='lat' dir='ltr'><strong>indulgeat</strong></span> <span class='ocrx_word' id='word_1_462' title='bbox 856 4319 1089 4385; x_wconf 85' lang='lat' dir='ltr'><strong>veniam,</strong></span> <span class='ocrx_word' id='word_1_463' title='bbox 1142 4317 1235 4373; x_wconf 88' lang='lat' dir='ltr'><strong>sed</strong></span> <span class='ocrx_word' id='word_1_464' title='bbox 1284 4314 1536 4373; x_wconf 74' lang='lat' dir='ltr'><strong>efferatur</strong></span> <span class='ocrx_word' id='word_1_465' title='bbox 1593 4317 2005 4389; x_wconf 85' lang='lat' dir='ltr'><strong>implacabiliter</strong></span> <span class='ocrx_word' id='word_1_466' title='bbox 2047 4320 2116 4374; x_wconf 87' lang='lat' dir='ltr'><strong>ad</strong></span> 
     </span>
    </p>
   </div>
   <div class='ocr_carea' id='block_1_62' title="bbox 540 4410 2116 4481">
    <p class='ocr_par' dir='ltr' id='par_1_62' title="bbox 540 4410 2116 4481">
     <span class='ocr_line' id='line_1_62' title="bbox 540 4410 2116 4481; baseline 0 -16"><span class='ocrx_word' id='word_1_467' title='bbox 540 4411 870 4466; x_wconf 76' lang='lat' dir='ltr'><strong>vindictam?</strong></span> <span class='ocrx_word' id='word_1_468' title='bbox 891 4410 1035 4466; x_wconf 83' lang='lat' dir='ltr'><strong>Inter</strong></span> <span class='ocrx_word' id='word_1_469' title='bbox 1059 4424 1247 4466; x_wconf 89' lang='lat' dir='ltr'><strong>omnes</strong></span> <span class='ocrx_word' id='word_1_470' title='bbox 1273 4424 1403 4465; x_wconf 90' lang='lat' dir='ltr'><strong>sane</strong></span> <span class='ocrx_word' id='word_1_471' title='bbox 1419 4410 1676 4465; x_wconf 87' lang='lat' dir='ltr'><strong>virtutum</strong></span> <span class='ocrx_word' id='word_1_472' title='bbox 1700 4419 1963 4481; x_wconf 80' lang='lat' dir='ltr'><strong>gemmas,</strong></span> <span class='ocrx_word' id='word_1_473' title='bbox 1980 4424 2116 4480; x_wconf 87' lang='lat' dir='ltr'><strong>quas</strong></span> 
     </span>
    </p>
   </div>
   <div class='ocr_carea' id='block_1_63' title="bbox 543 4488 2118 4567">
    <p class='ocr_par' dir='ltr' id='par_1_63' title="bbox 543 4488 2118 4567">
     <span class='ocr_line' id='line_1_63' title="bbox 543 4488 2118 4567; baseline 0.002 -12"><span class='ocrx_word' id='word_1_474' title='bbox 543 4488 791 4557; x_wconf 81' lang='lat' dir='ltr'><strong>Salvator</strong></span> <span class='ocrx_word' id='word_1_475' title='bbox 826 4511 1012 4559; x_wconf 90' lang='lat' dir='ltr'><strong>noster</strong></span> <span class='ocrx_word' id='word_1_476' title='bbox 1040 4505 1104 4558; x_wconf 92' lang='lat' dir='ltr'><strong>de</strong></span> <span class='ocrx_word' id='word_1_477' title='bbox 1128 4501 1264 4558; x_wconf 64' lang='lat' dir='ltr'><strong>caelo</strong></span> <span class='ocrx_word' id='word_1_478' title='bbox 1313 4501 1532 4557; x_wconf 89' lang='lat' dir='ltr'><strong>veniens</strong></span> <span class='ocrx_word' id='word_1_479' title='bbox 1557 4501 1757 4567; x_wconf 89' lang='lat' dir='ltr'><strong>attulit,</strong></span> <span class='ocrx_word' id='word_1_480' title='bbox 1808 4503 1941 4558; x_wconf 91' lang='lat' dir='ltr'><strong>duas</strong></span> <span class='ocrx_word' id='word_1_481' title='bbox 1988 4501 2118 4558; x_wconf 89' lang='lat' dir='ltr'><strong>insi-</strong></span> 
     </span>
    </p>
   </div>
   <div class='ocr_carea' id='block_1_64' title="bbox 542 4584 2195 4673">
    <p class='ocr_par' dir='ltr' id='par_1_64' title="bbox 542 4584 2195 4673">
     <span class='ocr_line' id='line_1_64' title="bbox 542 4584 2195 4673; baseline 0 -26"><span class='ocrx_word' id='word_1_482' title='bbox 542 4594 697 4663; x_wconf 92' lang='lat' dir='ltr'><strong>gnius</strong></span> <span class='ocrx_word' id='word_1_483' title='bbox 725 4604 887 4665; x_wconf 83' lang='lat' dir='ltr'><strong>atque</strong></span> <span class='ocrx_word' id='word_1_484' title='bbox 933 4593 1241 4665; x_wconf 66' lang='lat' dir='ltr'><strong>praeclarius</strong></span> <span class='ocrx_word' id='word_1_485' title='bbox 1284 4593 1505 4649; x_wconf 89' lang='lat' dir='ltr'><strong>rutilare</strong></span> <span class='ocrx_word' id='word_1_486' title='bbox 1534 4592 1876 4662; x_wconf 89' lang='lat' dir='ltr'><strong>monstravit,</strong></span> <span class='ocrx_word' id='word_1_487' title='bbox 1902 4608 2035 4665; x_wconf 92' lang='lat' dir='ltr'><strong>quas</strong></span> <span class='ocrx_word' id='word_1_488' title='bbox 2062 4603 2118 4673; x_wconf 82' lang='lat' dir='ltr'><strong>et</strong></span> <span class='ocrx_word' id='word_1_489' title='bbox 2143 4584 2195 4645; x_wconf 87' lang='lat' dir='ltr'><strong>D</strong></span> 
     </span>
    </p>
   </div>
   <div class='ocr_carea' id='block_1_65' title="bbox 544 4685 2111 4757">
    <p class='ocr_par' dir='ltr' id='par_1_65' title="bbox 544 4685 2111 4757">
     <span class='ocr_line' id='line_1_65' title="bbox 544 4685 2111 4757; baseline 0.001 -18"><span class='ocrx_word' id='word_1_490' title='bbox 544 4685 595 4739; x_wconf 93' lang='lat' dir='ltr'><strong>in</strong></span> <span class='ocrx_word' id='word_1_491' title='bbox 641 4700 700 4739; x_wconf 90' lang='lat' dir='ltr'><strong>se</strong></span> <span class='ocrx_word' id='word_1_492' title='bbox 728 4685 878 4757; x_wconf 90' lang='lat' dir='ltr'><strong>prius</strong></span> <span class='ocrx_word' id='word_1_493' title='bbox 902 4685 1186 4754; x_wconf 83' lang='lat' dir='ltr'><strong>expressit,</strong></span> <span class='ocrx_word' id='word_1_494' title='bbox 1228 4694 1281 4741; x_wconf 90' lang='lat' dir='ltr'><strong>et</strong></span> <span class='ocrx_word' id='word_1_495' title='bbox 1329 4696 1387 4741; x_wconf 87' lang='lat' dir='ltr'><strong>ut</strong></span> <span class='ocrx_word' id='word_1_496' title='bbox 1444 4686 1600 4742; x_wconf 92' lang='lat' dir='ltr'><strong>nobis</strong></span> <span class='ocrx_word' id='word_1_497' title='bbox 1648 4686 2111 4757; x_wconf 88' lang='lat' dir='ltr'><strong>imprimerentur,</strong></span> 
     </span>
    </p>
   </div>
   <div class='ocr_carea' id='block_1_66' title="bbox 542 4774 2116 4848">
    <p class='ocr_par' dir='ltr' id='par_1_66' title="bbox 542 4774 2116 4848">
     <span class='ocr_line' id='line_1_66' title="bbox 542 4774 2116 4848; baseline 0.004 -20"><span class='ocrx_word' id='word_1_498' title='bbox 542 4774 775 4841; x_wconf 80' lang='lat' dir='ltr'><strong>edocuit,</strong></span> <span class='ocrx_word' id='word_1_499' title='bbox 828 4777 1147 4832; x_wconf 88' lang='lat' dir='ltr'><strong>charitatem</strong></span> <span class='ocrx_word' id='word_1_500' title='bbox 1179 4775 1388 4832; x_wconf 91' lang='lat' dir='ltr'><strong>scilicet</strong></span> <span class='ocrx_word' id='word_1_501' title='bbox 1433 4778 1488 4832; x_wconf 89' lang='lat' dir='ltr'><strong>et</strong></span> <span class='ocrx_word' id='word_1_502' title='bbox 1537 4779 1875 4848; x_wconf 90' lang='lat' dir='ltr'><strong>patientiam.</strong></span> <span class='ocrx_word' id='word_1_503' title='bbox 1908 4776 1997 4843; x_wconf 52' lang='lat' dir='ltr'><strong>{Et</strong></span> <span class='ocrx_word' id='word_1_504' title='bbox 2047 4777 2116 4834; x_wconf 92' lang='lat' dir='ltr'><strong>de</strong></span> 
     </span>
    </p>
   </div>
   <div class='ocr_carea' id='block_1_67' title="bbox 543 4866 2114 4941">
    <p class='ocr_par' dir='ltr' id='par_1_67' title="bbox 543 4866 2114 4941">
     <span class='ocr_line' id='line_1_67' title="bbox 543 4866 2114 4941; baseline 0.002 -19"><span class='ocrx_word' id='word_1_505' title='bbox 543 4866 807 4923; x_wconf 77' lang='lat' dir='ltr'><strong>charitate</strong></span> <span class='ocrx_word' id='word_1_506' title='bbox 827 4866 1043 4939; x_wconf 90' lang='lat' dir='ltr'><strong>quidem</strong></span> <span class='ocrx_word' id='word_1_507' title='bbox 1073 4868 1203 4923; x_wconf 92' lang='lat' dir='ltr'><strong>dicit</strong></span> <span class='ocrx_word' id='word_1_508' title='bbox 1232 4867 1553 4939; x_wconf 83' lang='lat' dir='ltr'><strong>Apostolus:</strong></span> <span class='ocrx_word' id='word_1_509' title='bbox 1588 4890 1607 4922; x_wconf 76' lang='grc' dir='ltr'><strong>ι</strong></span> <span class='ocrx_word' id='word_1_510' title='bbox 1639 4869 1868 4941; x_wconf 84' lang='lat' dir='ltr'><strong>Propter</strong></span> <span class='ocrx_word' id='word_1_511' title='bbox 1892 4871 2114 4925; x_wconf 90' lang='lat' dir='ltr'><strong>nimiam</strong></span> 
     </span>
    </p>
   </div>
   <div class='ocr_carea' id='block_1_68' title="bbox 544 4957 2113 5031">
    <p class='ocr_par' dir='ltr' id='par_1_68' title="bbox 544 4957 2113 5031">
     <span class='ocr_line' id='line_1_68' title="bbox 544 4957 2113 5031; baseline 0.004 -20"><span class='ocrx_word' id='word_1_512' title='bbox 544 4957 861 5014; x_wconf 90' lang='lat' dir='ltr'><strong>charilatem</strong></span> <span class='ocrx_word' id='word_1_513' title='bbox 884 4976 1055 5025; x_wconf 91' lang='lat' dir='ltr'><strong>suam,</strong></span> <span class='ocrx_word' id='word_1_514' title='bbox 1089 4975 1194 5031; x_wconf 86' lang='lat' dir='ltr'><strong>qua</strong></span> <span class='ocrx_word' id='word_1_515' title='bbox 1226 4960 1410 5016; x_wconf 82' lang='lat' dir='ltr'><strong>dilexit</strong></span> <span class='ocrx_word' id='word_1_516' title='bbox 1450 4960 1591 5017; x_wconf 92' lang='lat' dir='ltr'><strong>Deus</strong></span> <span class='ocrx_word' id='word_1_517' title='bbox 1621 4962 1894 5027; x_wconf 88' lang='lat' dir='ltr'><strong>mundum,</strong></span> <span class='ocrx_word' id='word_1_518' title='bbox 1920 4961 2113 5018; x_wconf 88' lang='lat' dir='ltr'><strong>Filium</strong></span> 
     </span>
    </p>
   </div>
   <div class='ocr_carea' id='block_1_69' title="bbox 544 5043 2114 5124">
    <p class='ocr_par' dir='ltr' id='par_1_69' title="bbox 544 5043 2114 5124">
     <span class='ocr_line' id='line_1_69' title="bbox 544 5043 2114 5124; baseline 0.003 -18"><span class='ocrx_word' id='word_1_519' title='bbox 544 5065 701 5106; x_wconf 85' lang='lat' dir='ltr'><strong>suum</strong></span> <span class='ocrx_word' id='word_1_520' title='bbox 753 5052 899 5106; x_wconf 87' lang='lat' dir='ltr'><strong>misit</strong></span> <span class='ocrx_word' id='word_1_521' title='bbox 946 5043 1159 5124; x_wconf 74' lang='lat' dir='ltr'><strong>(Ephes.</strong></span> <span class='ocrx_word' id='word_1_522' title='bbox 1201 5053 1284 5115; x_wconf 88' lang='grc' dir='ltr'>ιι).</span> <span class='ocrx_word' id='word_1_523' title='bbox 1337 5072 1353 5105; x_wconf 77' lang='grc' dir='ltr'><strong>ι</strong></span> <span class='ocrx_word' id='word_1_524' title='bbox 1406 5052 1482 5109; x_wconf 92' lang='lat' dir='ltr'><strong>De</strong></span> <span class='ocrx_word' id='word_1_525' title='bbox 1528 5055 1784 5124; x_wconf 86' lang='lat' dir='ltr'><strong>patientia</strong></span> <span class='ocrx_word' id='word_1_526' title='bbox 1817 5070 1949 5110; x_wconf 90' lang='lat' dir='ltr'><strong>vero</strong></span> <span class='ocrx_word' id='word_1_527' title='bbox 2001 5055 2114 5110; x_wconf 89' lang='lat' dir='ltr'><strong>ait:</strong></span> 
     </span>
    </p>
   </div>
   <div class='ocr_carea' id='block_1_70' title="bbox 550 5142 2120 5212">
    <p class='ocr_par' dir='ltr' id='par_1_70' title="bbox 550 5142 2120 5212">
     <span class='ocr_line' id='line_1_70' title="bbox 550 5142 2120 5212; baseline 0.002 -16"><span class='ocrx_word' id='word_1_528' title='bbox 550 5160 569 5196; x_wconf 78' lang='grc' dir='ltr'><strong>ι</strong></span> <span class='ocrx_word' id='word_1_529' title='bbox 606 5142 945 5211; x_wconf 67' lang='lat' dir='ltr'><strong>Quaecunque</strong></span> <span class='ocrx_word' id='word_1_530' title='bbox 972 5144 1171 5212; x_wconf 87' lang='lat' dir='ltr'><strong>scripta</strong></span> <span class='ocrx_word' id='word_1_531' title='bbox 1217 5153 1362 5210; x_wconf 90' lang='lat' dir='ltr'><strong>sunt,</strong></span> <span class='ocrx_word' id='word_1_532' title='bbox 1420 5145 1486 5199; x_wconf 90' lang='lat' dir='ltr'><strong>ad</strong></span> <span class='ocrx_word' id='word_1_533' title='bbox 1532 5153 1770 5200; x_wconf 89' lang='lat' dir='ltr'><strong>nostram</strong></span> <span class='ocrx_word' id='word_1_534' title='bbox 1819 5146 2120 5200; x_wconf 89' lang='lat' dir='ltr'><strong>doctrinam</strong></span> 
     </span>
    </p>
   </div>
   <div class='ocr_carea' id='block_1_71' title="bbox 544 5233 2121 5306">
    <p class='ocr_par' dir='ltr' id='par_1_71' title="bbox 544 5233 2121 5306">
     <span class='ocr_line' id='line_1_71' title="bbox 544 5233 2121 5306; baseline 0 -15"><span class='ocrx_word' id='word_1_535' title='bbox 544 5233 745 5304; x_wconf 84' lang='lat' dir='ltr'><strong>scripta</strong></span> <span class='ocrx_word' id='word_1_536' title='bbox 776 5241 918 5300; x_wconf 91' lang='lat' dir='ltr'><strong>sunt,</strong></span> <span class='ocrx_word' id='word_1_537' title='bbox 967 5244 1025 5290; x_wconf 88' lang='lat' dir='ltr'><strong>ut</strong></span> <span class='ocrx_word' id='word_1_538' title='bbox 1068 5248 1164 5306; x_wconf 87' lang='lat' dir='ltr'><strong>per</strong></span> <span class='ocrx_word' id='word_1_539' title='bbox 1212 5235 1548 5306; x_wconf 88' lang='lat' dir='ltr'><strong>patientiam,</strong></span> <span class='ocrx_word' id='word_1_540' title='bbox 1596 5248 1650 5292; x_wconf 91' lang='lat' dir='ltr'><strong>et</strong></span> <span class='ocrx_word' id='word_1_541' title='bbox 1697 5235 2121 5293; x_wconf 86' lang='lat' dir='ltr'><strong>consolationem</strong></span> 
     </span>
    </p>
   </div>
   <div class='ocr_carea' id='block_1_72' title="bbox 2198 1944 3778 2017">
    <p class='ocr_par' dir='ltr' id='par_1_72' title="bbox 2198 1944 3778 2017">
     <span class='ocr_line' id='line_1_72' title="bbox 2198 1944 3778 2017; baseline 0 -17"><span class='ocrx_word' id='word_1_542' title='bbox 2198 1944 2426 2000; x_wconf 90' lang='lat' dir='ltr'><strong>militum</strong></span> <span class='ocrx_word' id='word_1_543' title='bbox 2478 1945 2685 2017; x_wconf 91' lang='lat' dir='ltr'><strong>copiis,</strong></span> <span class='ocrx_word' id='word_1_544' title='bbox 2748 1961 2997 2017; x_wconf 91' lang='lat' dir='ltr'><strong>campum</strong></span> <span class='ocrx_word' id='word_1_545' title='bbox 3053 1947 3397 2016; x_wconf 71' lang='lat' dir='ltr'><strong>praeliaturus</strong></span> <span class='ocrx_word' id='word_1_546' title='bbox 3458 1946 3778 2017; x_wconf 91' lang='lat' dir='ltr'><strong>ingreditur,</strong></span> 
     </span>
    </p>
   </div>
   <div class='ocr_carea' id='block_1_73' title="bbox 2200 2037 3777 2108">
    <p class='ocr_par' dir='ltr' id='par_1_73' title="bbox 2200 2037 3777 2108">
     <span class='ocr_line' id='line_1_73' title="bbox 2200 2037 3777 2108; baseline 0 -17"><span class='ocrx_word' id='word_1_547' title='bbox 2200 2039 2344 2091; x_wconf 87' lang='lat' dir='ltr'><strong>acies</strong></span> <span class='ocrx_word' id='word_1_548' title='bbox 2376 2037 2552 2100; x_wconf 89' lang='lat' dir='ltr'><strong>struit,</strong></span> <span class='ocrx_word' id='word_1_549' title='bbox 2584 2052 2786 2096; x_wconf 89' lang='lat' dir='ltr'><strong>cuneos</strong></span> <span class='ocrx_word' id='word_1_550' title='bbox 2810 2038 3028 2094; x_wconf 88' lang='lat' dir='ltr'><strong>ordinat</strong></span> <span class='ocrx_word' id='word_1_551' title='bbox 3058 2047 3218 2108; x_wconf 87' lang='lat' dir='ltr'><strong>atque</strong></span> <span class='ocrx_word' id='word_1_552' title='bbox 3246 2038 3313 2093; x_wconf 86' lang='lat' dir='ltr'><strong>ad</strong></span> <span class='ocrx_word' id='word_1_553' title='bbox 3361 2037 3577 2092; x_wconf 88' lang='lat' dir='ltr'><strong>fortiter</strong></span> <span class='ocrx_word' id='word_1_554' title='bbox 3621 2052 3777 2105; x_wconf 86' lang='lat' dir='ltr'><strong>agen-</strong></span> 
     </span>
    </p>
   </div>
   <div class='ocr_carea' id='block_1_74' title="bbox 2199 2126 3781 2186">
    <p class='ocr_par' dir='ltr' id='par_1_74' title="bbox 2199 2126 3781 2186">
     <span class='ocr_line' id='line_1_74' title="bbox 2199 2126 3781 2186; baseline -0.001 -3"><span class='ocrx_word' id='word_1_555' title='bbox 2199 2129 2326 2183; x_wconf 89' lang='lat' dir='ltr'><strong>dum</strong></span> <span class='ocrx_word' id='word_1_556' title='bbox 2353 2128 2591 2183; x_wconf 89' lang='lat' dir='ltr'><strong>onmium</strong></span> <span class='ocrx_word' id='word_1_557' title='bbox 2638 2138 2840 2184; x_wconf 89' lang='lat' dir='ltr'><strong>mentes</strong></span> <span class='ocrx_word' id='word_1_558' title='bbox 2880 2130 3181 2186; x_wconf 87' lang='lat' dir='ltr'><strong>acerrimus</strong></span> <span class='ocrx_word' id='word_1_559' title='bbox 3227 2130 3546 2185; x_wconf 86' lang='lat' dir='ltr'><strong>cohurtator</strong></span> <span class='ocrx_word' id='word_1_560' title='bbox 3575 2126 3781 2183; x_wconf 75' lang='lat' dir='ltr'><strong>inﬂam-</strong></span> 
     </span>
    </p>
   </div>
   <div class='ocr_carea' id='block_1_75' title="bbox 2202 2218 3782 2290">
    <p class='ocr_par' dir='ltr' id='par_1_75' title="bbox 2202 2218 3782 2290">
     <span class='ocr_line' id='line_1_75' title="bbox 2202 2218 3782 2290; baseline -0.002 -14"><span class='ocrx_word' id='word_1_561' title='bbox 2202 2231 2334 2276; x_wconf 88' lang='lat' dir='ltr'><strong>mat.</strong></span> <span class='ocrx_word' id='word_1_562' title='bbox 2366 2218 2670 2277; x_wconf 88' lang='lat' dir='ltr'><strong>Silvcscunt</strong></span> <span class='ocrx_word' id='word_1_563' title='bbox 2693 2220 2871 2275; x_wconf 89' lang='lat' dir='ltr'><strong>omnia</strong></span> <span class='ocrx_word' id='word_1_564' title='bbox 2901 2220 3115 2290; x_wconf 85' lang='lat' dir='ltr'><strong>gladiis,</strong></span> <span class='ocrx_word' id='word_1_565' title='bbox 3149 2220 3345 2275; x_wconf 87' lang='lat' dir='ltr'><strong>rubent</strong></span> <span class='ocrx_word' id='word_1_566' title='bbox 3386 2220 3580 2290; x_wconf 84' lang='lat' dir='ltr'><strong>clypei,</strong></span> <span class='ocrx_word' id='word_1_567' title='bbox 3634 2219 3782 2273; x_wconf 83' lang='lat' dir='ltr'><strong>voci-</strong></span> 
     </span>
    </p>
   </div>
   <div class='ocr_carea' id='block_1_76' title="bbox 2202 2300 3783 2378">
    <p class='ocr_par' dir='ltr' id='par_1_76' title="bbox 2202 2300 3783 2378">
     <span class='ocr_line' id='line_1_76' title="bbox 2202 2300 3783 2378; baseline -0.004 -11"><span class='ocrx_word' id='word_1_568' title='bbox 2202 2300 2490 2369; x_wconf 80' lang='lat' dir='ltr'><strong>ferantium</strong></span> <span class='ocrx_word' id='word_1_569' title='bbox 2540 2312 2743 2367; x_wconf 88' lang='lat' dir='ltr'><strong>clamor</strong></span> <span class='ocrx_word' id='word_1_570' title='bbox 2794 2311 3095 2378; x_wconf 88' lang='lat' dir='ltr'><strong>attollitur,</strong></span> <span class='ocrx_word' id='word_1_571' title='bbox 3157 2313 3399 2366; x_wconf 88' lang='lat' dir='ltr'><strong>minaces</strong></span> <span class='ocrx_word' id='word_1_572' title='bbox 3445 2319 3783 2364; x_wconf 84' lang='lat' dir='ltr'><strong>armatorum</strong></span> 
     </span>
    </p>
   </div>
   <div class='ocr_carea' id='block_1_77' title="bbox 2202 2398 3788 2474">
    <p class='ocr_par' dir='ltr' id='par_1_77' title="bbox 2202 2398 3788 2474">
     <span class='ocr_line' id='line_1_77' title="bbox 2202 2398 3788 2474; baseline -0.005 -15"><span class='ocrx_word' id='word_1_573' title='bbox 2202 2405 2451 2459; x_wconf 78' lang='lat' dir='ltr'><strong>fremitus</strong></span> <span class='ocrx_word' id='word_1_574' title='bbox 2482 2405 2883 2469; x_wconf 86' lang='lat' dir='ltr'><strong>inhorrescunt,</strong></span> <span class='ocrx_word' id='word_1_575' title='bbox 2930 2403 3035 2458; x_wconf 87' lang='lat' dir='ltr'><strong>tela</strong></span> <span class='ocrx_word' id='word_1_576' title='bbox 3086 2403 3447 2474; x_wconf 88' lang='lat' dir='ltr'><strong>stringuntur,</strong></span> <span class='ocrx_word' id='word_1_577' title='bbox 3494 2400 3645 2456; x_wconf 88' lang='lat' dir='ltr'><strong>solus</strong></span> <span class='ocrx_word' id='word_1_578' title='bbox 3692 2398 3788 2451; x_wconf 55' lang='lat' dir='ltr'><strong>ad-</strong></span> 
     </span>
    </p>
   </div>
   <div class='ocr_carea' id='block_1_78' title="bbox 2202 2490 3789 2568">
    <p class='ocr_par' dir='ltr' id='par_1_78' title="bbox 2202 2490 3789 2568">
     <span class='ocr_line' id='line_1_78' title="bbox 2202 2490 3789 2568; baseline -0.007 -18"><span class='ocrx_word' id='word_1_579' title='bbox 2202 2512 2373 2551; x_wconf 86' lang='lat' dir='ltr'><strong>versae</strong></span> <span class='ocrx_word' id='word_1_580' title='bbox 2402 2496 2570 2568; x_wconf 88' lang='lat' dir='ltr'><strong>partis</strong></span> <span class='ocrx_word' id='word_1_581' title='bbox 2599 2495 2828 2565; x_wconf 86' lang='lat' dir='ltr'><strong>impetus</strong></span> <span class='ocrx_word' id='word_1_582' title='bbox 2854 2493 2918 2548; x_wconf 87' lang='lat' dir='ltr'><strong>ad</strong></span> <span class='ocrx_word' id='word_1_583' title='bbox 2946 2493 3347 2565; x_wconf 89' lang='lat' dir='ltr'><strong>congruendum</strong></span> <span class='ocrx_word' id='word_1_584' title='bbox 3377 2490 3628 2546; x_wconf 90' lang='lat' dir='ltr'><strong>accensis</strong></span> <span class='ocrx_word' id='word_1_585' title='bbox 3673 2502 3789 2541; x_wconf 89' lang='lat' dir='ltr'><strong>ma-</strong></span> 
     </span>
    </p>
   </div>
   <div class='ocr_carea' id='block_1_79' title="bbox 2206 2582 3789 2659">
    <p class='ocr_par' dir='ltr' id='par_1_79' title="bbox 2206 2582 3789 2659">
     <span class='ocr_line' id='line_1_79' title="bbox 2206 2582 3789 2659; baseline -0.006 -16"><span class='ocrx_word' id='word_1_586' title='bbox 2206 2589 2367 2643; x_wconf 85' lang='lat' dir='ltr'><strong>nibus</strong></span> <span class='ocrx_word' id='word_1_587' title='bbox 2412 2595 2777 2659; x_wconf 89' lang='lat' dir='ltr'><strong>exspectatur.</strong></span> <span class='ocrx_word' id='word_1_588' title='bbox 2822 2585 3003 2641; x_wconf 86' lang='lat' dir='ltr'><strong>Abbas</strong></span> <span class='ocrx_word' id='word_1_589' title='bbox 3038 2594 3217 2640; x_wconf 88' lang='lat' dir='ltr'><strong>autem</strong></span> <span class='ocrx_word' id='word_1_590' title='bbox 3251 2600 3354 2640; x_wconf 91' lang='lat' dir='ltr'><strong>non</strong></span> <span class='ocrx_word' id='word_1_591' title='bbox 3386 2583 3440 2638; x_wconf 93' lang='lat' dir='ltr'><strong>in</strong></span> <span class='ocrx_word' id='word_1_592' title='bbox 3479 2582 3649 2636; x_wconf 88' lang='lat' dir='ltr'><strong>armis</strong></span> <span class='ocrx_word' id='word_1_593' title='bbox 3682 2590 3789 2634; x_wconf 86' lang='lat' dir='ltr'><strong>ter-</strong></span> 
     </span>
    </p>
   </div>
   <div class='ocr_carea' id='block_1_80' title="bbox 2205 2671 3787 2750">
    <p class='ocr_par' dir='ltr' id='par_1_80' title="bbox 2205 2671 3787 2750">
     <span class='ocr_line' id='line_1_80' title="bbox 2205 2671 3787 2750; baseline -0.008 -15"><span class='ocrx_word' id='word_1_594' title='bbox 2205 2681 2351 2735; x_wconf 88' lang='lat' dir='ltr'><strong>renis</strong></span> <span class='ocrx_word' id='word_1_595' title='bbox 2387 2695 2535 2750; x_wconf 87' lang='lat' dir='ltr'><strong>spem</strong></span> <span class='ocrx_word' id='word_1_596' title='bbox 2583 2693 2756 2744; x_wconf 90' lang='lat' dir='ltr'><strong>suam,</strong></span> <span class='ocrx_word' id='word_1_597' title='bbox 2803 2678 2897 2733; x_wconf 89' lang='lat' dir='ltr'><strong>sed</strong></span> <span class='ocrx_word' id='word_1_598' title='bbox 2950 2678 3002 2732; x_wconf 93' lang='lat' dir='ltr'><strong>in</strong></span> <span class='ocrx_word' id='word_1_599' title='bbox 3040 2677 3288 2731; x_wconf 68' lang='lat' dir='ltr'><strong>humana:</strong></span> <span class='ocrx_word' id='word_1_600' title='bbox 3340 2671 3533 2730; x_wconf 87' lang='lat' dir='ltr'><strong>salutis</strong></span> <span class='ocrx_word' id='word_1_601' title='bbox 3566 2680 3787 2726; x_wconf 87' lang='lat' dir='ltr'><strong>auctore</strong></span> 
     </span>
    </p>
   </div>
   <div class='ocr_carea' id='block_1_81' title="bbox 2206 2766 3786 2839">
    <p class='ocr_par' dir='ltr' id='par_1_81' title="bbox 2206 2766 3786 2839">
     <span class='ocr_line' id='line_1_81' title="bbox 2206 2766 3786 2839; baseline -0.008 -12"><span class='ocrx_word' id='word_1_602' title='bbox 2206 2772 2558 2837; x_wconf 82' lang='lat' dir='ltr'><strong>constituens,</strong></span> <span class='ocrx_word' id='word_1_603' title='bbox 2602 2769 2832 2835; x_wconf 90' lang='lat' dir='ltr'><strong>cunctis,</strong></span> <span class='ocrx_word' id='word_1_604' title='bbox 2862 2768 2953 2839; x_wconf 91' lang='lat' dir='ltr'><strong>qui</strong></span> <span class='ocrx_word' id='word_1_605' title='bbox 2994 2782 3092 2838; x_wconf 92' lang='lat' dir='ltr'><strong>pro</strong></span> <span class='ocrx_word' id='word_1_606' title='bbox 3120 2774 3179 2822; x_wconf 66' lang='lat' dir='ltr'><strong>s’e</strong></span> <span class='ocrx_word' id='word_1_607' title='bbox 3216 2766 3478 2821; x_wconf 90' lang='lat' dir='ltr'><strong>dimicare</strong></span> <span class='ocrx_word' id='word_1_608' title='bbox 3516 2776 3786 2818; x_wconf 80' lang='lat' dir='ltr'><strong>convene-</strong></span> 
     </span>
    </p>
   </div>
   <div class='ocr_carea' id='block_1_82' title="bbox 2210 2857 3787 2933">
    <p class='ocr_par' dir='ltr' id='par_1_82' title="bbox 2210 2857 3787 2933">
     <span class='ocr_line' id='line_1_82' title="bbox 2210 2857 3787 2933; baseline -0.007 -15"><span class='ocrx_word' id='word_1_609' title='bbox 2210 2871 2352 2931; x_wconf 89' lang='lat' dir='ltr'><strong>rant,</strong></span> <span class='ocrx_word' id='word_1_610' title='bbox 2400 2879 2555 2919; x_wconf 92' lang='lat' dir='ltr'><strong>suum</strong></span> <span class='ocrx_word' id='word_1_611' title='bbox 2587 2861 2863 2933; x_wconf 88' lang='lat' dir='ltr'><strong>prohibuit</strong></span> <span class='ocrx_word' id='word_1_612' title='bbox 2899 2861 3235 2925; x_wconf 89' lang='lat' dir='ltr'><strong>comitatum,</strong></span> <span class='ocrx_word' id='word_1_613' title='bbox 3268 2857 3411 2913; x_wconf 92' lang='lat' dir='ltr'><strong>solos</strong></span> <span class='ocrx_word' id='word_1_614' title='bbox 3455 2863 3641 2910; x_wconf 88' lang='lat' dir='ltr'><strong>autem</strong></span> <span class='ocrx_word' id='word_1_615' title='bbox 3678 2867 3787 2907; x_wconf 90' lang='lat' dir='ltr'><strong>mo-</strong></span> 
     </span>
    </p>
   </div>
   <div class='ocr_carea' id='block_1_83' title="bbox 2207 2944 3791 3023">
    <p class='ocr_par' dir='ltr' id='par_1_83' title="bbox 2207 2944 3791 3023">
     <span class='ocr_line' id='line_1_83' title="bbox 2207 2944 3791 3023; baseline -0.008 -12"><span class='ocrx_word' id='word_1_616' title='bbox 2207 2957 2412 3011; x_wconf 90' lang='lat' dir='ltr'><strong>nachos</strong></span> <span class='ocrx_word' id='word_1_617' title='bbox 2451 2968 2578 3010; x_wconf 89' lang='lat' dir='ltr'><strong>suos</strong></span> <span class='ocrx_word' id='word_1_618' title='bbox 2606 2952 2759 3023; x_wconf 90' lang='lat' dir='ltr'><strong>equis</strong></span> <span class='ocrx_word' id='word_1_619' title='bbox 2801 2952 3073 3022; x_wconf 92' lang='lat' dir='ltr'><strong>imposuit,</strong></span> <span class='ocrx_word' id='word_1_620' title='bbox 3106 2951 3283 3022; x_wconf 88' lang='lat' dir='ltr'><strong>capita</strong></span> <span class='ocrx_word' id='word_1_621' title='bbox 3323 2948 3552 3005; x_wconf 90' lang='lat' dir='ltr'><strong>cucullis</strong></span> <span class='ocrx_word' id='word_1_622' title='bbox 3589 2944 3791 3019; x_wconf 69' lang='lat' dir='ltr'><strong>Operiri</strong></span> 
     </span>
    </p>
   </div>
   <div class='ocr_carea' id='block_1_84' title="bbox 2208 3039 3790 3120">
    <p class='ocr_par' dir='ltr' id='par_1_84' title="bbox 2208 3039 3790 3120">
     <span class='ocr_line' id='line_1_84' title="bbox 2208 3039 3790 3120; baseline -0.006 -17"><span class='ocrx_word' id='word_1_623' title='bbox 2208 3048 2482 3120; x_wconf 78' lang='lat' dir='ltr'><strong>praecepit,</strong></span> <span class='ocrx_word' id='word_1_624' title='bbox 2517 3046 2702 3116; x_wconf 91' lang='lat' dir='ltr'><strong>sicque</strong></span> <span class='ocrx_word' id='word_1_625' title='bbox 2729 3061 2854 3100; x_wconf 90' lang='lat' dir='ltr'><strong>cum</strong></span> <span class='ocrx_word' id='word_1_626' title='bbox 2878 3045 3000 3109; x_wconf 90' lang='lat' dir='ltr'><strong>illis,</strong></span> <span class='ocrx_word' id='word_1_627' title='bbox 3030 3044 3175 3100; x_wconf 87' lang='lat' dir='ltr'><strong>velut</strong></span> <span class='ocrx_word' id='word_1_628' title='bbox 3201 3043 3446 3115; x_wconf 88' lang='lat' dir='ltr'><strong>galeatis,</strong></span> <span class='ocrx_word' id='word_1_629' title='bbox 3471 3049 3527 3096; x_wconf 91' lang='lat' dir='ltr'><strong>et</strong></span> <span class='ocrx_word' id='word_1_630' title='bbox 3549 3039 3790 3095; x_wconf 83' lang='lat' dir='ltr'><strong>loricatis</strong></span> 
     </span>
    </p>
   </div>
   <div class='ocr_carea' id='block_1_85' title="bbox 2216 3134 3790 3202">
    <p class='ocr_par' dir='ltr' id='par_1_85' title="bbox 2216 3134 3790 3202">
     <span class='ocr_line' id='line_1_85' title="bbox 2216 3134 3790 3202; baseline -0.006 -8"><span class='ocrx_word' id='word_1_631' title='bbox 2216 3141 2335 3194; x_wconf 83' lang='lat' dir='ltr'><strong>fidei</strong></span> <span class='ocrx_word' id='word_1_632' title='bbox 2376 3140 2726 3202; x_wconf 88' lang='lat' dir='ltr'><strong>munimento,</strong></span> <span class='ocrx_word' id='word_1_633' title='bbox 2758 3137 3043 3200; x_wconf 82' lang='lat' dir='ltr'><strong>crucisque</strong></span> <span class='ocrx_word' id='word_1_634' title='bbox 3073 3136 3270 3191; x_wconf 83' lang='lat' dir='ltr'><strong>vexillo</strong></span> <span class='ocrx_word' id='word_1_635' title='bbox 3302 3134 3368 3190; x_wconf 86' lang='lat' dir='ltr'><strong>ad</strong></span> <span class='ocrx_word' id='word_1_636' title='bbox 3396 3134 3579 3189; x_wconf 81' lang='lat' dir='ltr'><strong>locum</strong></span> <span class='ocrx_word' id='word_1_637' title='bbox 3611 3140 3790 3187; x_wconf 83' lang='lat' dir='ltr'><strong>certa-</strong></span> 
     </span>
    </p>
   </div>
   <div class='ocr_carea' id='block_1_86' title="bbox 2136 3192 3791 3300">
    <p class='ocr_par' dir='ltr' id='par_1_86' title="bbox 2136 3192 3791 3300">
     <span class='ocr_line' id='line_1_86' title="bbox 2136 3192 3791 3300; baseline -0.007 -13"><span class='ocrx_word' id='word_1_638' title='bbox 2136 3192 2181 3260; x_wconf 77' lang='lat' dir='ltr'>C</span> <span class='ocrx_word' id='word_1_639' title='bbox 2212 3233 2373 3288; x_wconf 88' lang='lat' dir='ltr'><strong>minis</strong></span> <span class='ocrx_word' id='word_1_640' title='bbox 2402 3230 2826 3300; x_wconf 87' lang='lat' dir='ltr'><strong>venit.Cumque</strong></span> <span class='ocrx_word' id='word_1_641' title='bbox 2858 3230 2937 3283; x_wconf 83' lang='lat' dir='ltr'><strong>vir</strong></span> <span class='ocrx_word' id='word_1_642' title='bbox 2962 3229 3049 3284; x_wconf 84' lang='lat' dir='ltr'><strong>ille</strong></span> <span class='ocrx_word' id='word_1_643' title='bbox 3072 3245 3176 3284; x_wconf 92' lang='lat' dir='ltr'><strong>non</strong></span> <span class='ocrx_word' id='word_1_644' title='bbox 3198 3225 3397 3290; x_wconf 85' lang='lat' dir='ltr'><strong>ferrea,</strong></span> <span class='ocrx_word' id='word_1_645' title='bbox 3425 3233 3488 3278; x_wconf 90' lang='lat' dir='ltr'><strong>ut</strong></span> <span class='ocrx_word' id='word_1_646' title='bbox 3513 3224 3791 3294; x_wconf 83' lang='lat' dir='ltr'><strong>sperabat,</strong></span> 
     </span>
    </p>
   </div>
   <div class='ocr_carea' id='block_1_87' title="bbox 2211 3314 3787 3389">
    <p class='ocr_par' dir='ltr' id='par_1_87' title="bbox 2211 3314 3787 3389">
     <span class='ocr_line' id='line_1_87' title="bbox 2211 3314 3787 3389; baseline -0.004 -14"><span class='ocrx_word' id='word_1_647' title='bbox 2211 3338 2361 3377; x_wconf 90' lang='lat' dir='ltr'><strong>arma</strong></span> <span class='ocrx_word' id='word_1_648' title='bbox 2414 3321 2774 3389; x_wconf 89' lang='lat' dir='ltr'><strong>conspiceret,</strong></span> <span class='ocrx_word' id='word_1_649' title='bbox 2831 3318 2926 3375; x_wconf 85' lang='lat' dir='ltr'><strong>sed</strong></span> <span class='ocrx_word' id='word_1_650' title='bbox 2982 3327 3236 3388; x_wconf 88' lang='lat' dir='ltr'><strong>tanquam</strong></span> <span class='ocrx_word' id='word_1_651' title='bbox 3285 3315 3441 3387; x_wconf 77' lang='lat'><strong>117</strong></span> <span class='ocrx_word' id='word_1_652' title='bbox 3480 3314 3787 3378; x_wconf 59' lang='lat' dir='ltr'><strong>celestem,</strong></span> 
     </span>
    </p>
   </div>
   <div class='ocr_carea' id='block_1_88' title="bbox 2210 3405 3794 3483">
    <p class='ocr_par' dir='ltr' id='par_1_88' title="bbox 2210 3405 3794 3483">
     <span class='ocr_line' id='line_1_88' title="bbox 2210 3405 3794 3483; baseline -0.006 -15"><span class='ocrx_word' id='word_1_653' title='bbox 2210 3424 2371 3483; x_wconf 88' lang='lat' dir='ltr'><strong>atque</strong></span> <span class='ocrx_word' id='word_1_654' title='bbox 2425 3413 2723 3482; x_wconf 84' lang='lat' dir='ltr'><strong>angelicam</strong></span> <span class='ocrx_word' id='word_1_655' title='bbox 2769 3411 2942 3466; x_wconf 86' lang='lat' dir='ltr'><strong>aciem</strong></span> <span class='ocrx_word' id='word_1_656' title='bbox 2980 3405 3282 3463; x_wconf 83' lang='lat' dir='ltr'><strong>adventare</strong></span> <span class='ocrx_word' id='word_1_657' title='bbox 3325 3406 3576 3462; x_wconf 88' lang='lat' dir='ltr'><strong>cominus</strong></span> <span class='ocrx_word' id='word_1_658' title='bbox 3607 3405 3794 3460; x_wconf 81' lang='lat' dir='ltr'><strong>adver-</strong></span> 
     </span>
    </p>
   </div>
   <div class='ocr_carea' id='block_1_89' title="bbox 2210 3496 3795 3572">
    <p class='ocr_par' dir='ltr' id='par_1_89' title="bbox 2210 3496 3795 3572">
     <span class='ocr_line' id='line_1_89' title="bbox 2210 3496 3795 3572; baseline -0.006 -12"><span class='ocrx_word' id='word_1_659' title='bbox 2210 3508 2383 3572; x_wconf 85' lang='lat' dir='ltr'><strong>tisset,</strong></span> <span class='ocrx_word' id='word_1_660' title='bbox 2414 3514 2594 3559; x_wconf 90' lang='lat' dir='ltr'><strong>tantus</strong></span> <span class='ocrx_word' id='word_1_661' title='bbox 2631 3519 2755 3559; x_wconf 90' lang='lat' dir='ltr'><strong>eum</strong></span> <span class='ocrx_word' id='word_1_662' title='bbox 2801 3518 2923 3558; x_wconf 92' lang='lat' dir='ltr'><strong>cum</strong></span> <span class='ocrx_word' id='word_1_663' title='bbox 2955 3501 3067 3557; x_wconf 89' lang='lat' dir='ltr'><strong>suis</strong></span> <span class='ocrx_word' id='word_1_664' title='bbox 3088 3499 3338 3556; x_wconf 89' lang='lat' dir='ltr'><strong>omnibus</strong></span> <span class='ocrx_word' id='word_1_665' title='bbox 3368 3497 3535 3554; x_wconf 88' lang='lat' dir='ltr'><strong>divini</strong></span> <span class='ocrx_word' id='word_1_666' title='bbox 3587 3496 3795 3552; x_wconf 87' lang='lat' dir='ltr'><strong>timoris</strong></span> 
     </span>
    </p>
   </div>
   <div class='ocr_carea' id='block_1_90' title="bbox 2213 3590 3794 3663">
    <p class='ocr_par' dir='ltr' id='par_1_90' title="bbox 2213 3590 3794 3663">
     <span class='ocr_line' id='line_1_90' title="bbox 2213 3590 3794 3663; baseline -0.005 -12"><span class='ocrx_word' id='word_1_667' title='bbox 2213 3599 2403 3652; x_wconf 88' lang='lat' dir='ltr'><strong>horror</strong></span> <span class='ocrx_word' id='word_1_668' title='bbox 2434 3598 2629 3651; x_wconf 84' lang='lat' dir='ltr'><strong>invasit</strong></span> <span class='ocrx_word' id='word_1_669' title='bbox 2650 3605 2706 3651; x_wconf 87' lang='lat' dir='ltr'><strong>ut</strong></span> <span class='ocrx_word' id='word_1_670' title='bbox 2726 3595 3032 3651; x_wconf 88' lang='lat' dir='ltr'><strong>desilientes</strong></span> <span class='ocrx_word' id='word_1_671' title='bbox 3061 3609 3127 3649; x_wconf 85' lang='lat' dir='ltr'><strong>ex</strong></span> <span class='ocrx_word' id='word_1_672' title='bbox 3159 3591 3315 3663; x_wconf 91' lang='lat' dir='ltr'><strong>equis</strong></span> <span class='ocrx_word' id='word_1_673' title='bbox 3351 3590 3609 3663; x_wconf 84' lang='lat' dir='ltr'><strong>protinus</strong></span> <span class='ocrx_word' id='word_1_674' title='bbox 3646 3603 3794 3643; x_wconf 78' lang='lat' dir='ltr'><strong>arma</strong></span> 
     </span>
    </p>
   </div>
   <div class='ocr_carea' id='block_1_91' title="bbox 2213 3680 3799 3758">
    <p class='ocr_par' dir='ltr' id='par_1_91' title="bbox 2213 3680 3799 3758">
     <span class='ocr_line' id='line_1_91' title="bbox 2213 3680 3799 3758; baseline -0.004 -16"><span class='ocrx_word' id='word_1_675' title='bbox 2213 3688 2555 3758; x_wconf 85' lang='lat' dir='ltr'><strong>prujicerent,</strong></span> <span class='ocrx_word' id='word_1_676' title='bbox 2585 3697 2739 3742; x_wconf 73' lang='lat' dir='ltr'><strong>terrm</strong></span> <span class='ocrx_word' id='word_1_677' title='bbox 2770 3703 2828 3743; x_wconf 91' lang='lat' dir='ltr'><strong>se</strong></span> <span class='ocrx_word' id='word_1_678' title='bbox 2854 3686 3131 3742; x_wconf 88' lang='lat' dir='ltr'><strong>humiliter</strong></span> <span class='ocrx_word' id='word_1_679' title='bbox 3156 3691 3481 3747; x_wconf 84' lang='lat' dir='ltr'><strong>sternerent,</strong></span> <span class='ocrx_word' id='word_1_680' title='bbox 3514 3680 3799 3753; x_wconf 87' lang='lat' dir='ltr'><strong>indulgen-</strong></span> 
     </span>
    </p>
   </div>
   <div class='ocr_carea' id='block_1_92' title="bbox 2214 3771 3799 3848">
    <p class='ocr_par' dir='ltr' id='par_1_92' title="bbox 2214 3771 3799 3848">
     <span class='ocr_line' id='line_1_92' title="bbox 2214 3771 3799 3848; baseline -0.006 -14"><span class='ocrx_word' id='word_1_681' title='bbox 2214 3781 2343 3835; x_wconf 88' lang='lat' dir='ltr'><strong>tiam</strong></span> <span class='ocrx_word' id='word_1_682' title='bbox 2382 3777 2706 3848; x_wconf 77' lang='lat' dir='ltr'><strong>ﬂagitarent.</strong></span> <span class='ocrx_word' id='word_1_683' title='bbox 2738 3777 2849 3841; x_wconf 89' lang='lat' dir='ltr'><strong>Sic,</strong></span> <span class='ocrx_word' id='word_1_684' title='bbox 2901 3777 2979 3832; x_wconf 89' lang='lat' dir='ltr'><strong>sic</strong></span> <span class='ocrx_word' id='word_1_685' title='bbox 3028 3776 3284 3831; x_wconf 90' lang='lat' dir='ltr'><strong>nimirum</strong></span> <span class='ocrx_word' id='word_1_686' title='bbox 3330 3772 3517 3830; x_wconf 87' lang='lat' dir='ltr'><strong>titulos</strong></span> <span class='ocrx_word' id='word_1_687' title='bbox 3555 3771 3799 3827; x_wconf 67' lang='lat' dir='ltr'><strong>victoria</strong></span> 
     </span>
    </p>
   </div>
   <div class='ocr_carea' id='block_1_93' title="bbox 2217 3860 3797 3939">
    <p class='ocr_par' dir='ltr' id='par_1_93' title="bbox 2217 3860 3797 3939">
     <span class='ocr_line' id='line_1_93' title="bbox 2217 3860 3797 3939; baseline -0.006 -15"><span class='ocrx_word' id='word_1_688' title='bbox 2217 3868 2554 3939; x_wconf 88' lang='lat' dir='ltr'><strong>triumphalis</strong></span> <span class='ocrx_word' id='word_1_689' title='bbox 2586 3866 2837 3931; x_wconf 88' lang='lat' dir='ltr'><strong>obtinuit,</strong></span> <span class='ocrx_word' id='word_1_690' title='bbox 2871 3866 2963 3935; x_wconf 91' lang='lat' dir='ltr'><strong>qui</strong></span> <span class='ocrx_word' id='word_1_691' title='bbox 3003 3880 3107 3921; x_wconf 91' lang='lat' dir='ltr'><strong>non</strong></span> <span class='ocrx_word' id='word_1_692' title='bbox 3135 3864 3189 3920; x_wconf 92' lang='lat' dir='ltr'><strong>in</strong></span> <span class='ocrx_word' id='word_1_693' title='bbox 3219 3862 3599 3936; x_wconf 86' lang='lat' dir='ltr'><strong>frequentibus</strong></span> <span class='ocrx_word' id='word_1_694' title='bbox 3621 3860 3797 3931; x_wconf 86' lang='lat' dir='ltr'><strong>equis,</strong></span> 
     </span>
    </p>
   </div>
   <div class='ocr_carea' id='block_1_94' title="bbox 2216 3954 3800 4030">
    <p class='ocr_par' dir='ltr' id='par_1_94' title="bbox 2216 3954 3800 4030">
     <span class='ocr_line' id='line_1_94' title="bbox 2216 3954 3800 4030; baseline -0.004 -15"><span class='ocrx_word' id='word_1_695' title='bbox 2216 3976 2321 4017; x_wconf 91' lang='lat' dir='ltr'><strong>non</strong></span> <span class='ocrx_word' id='word_1_696' title='bbox 2346 3961 2401 4016; x_wconf 88' lang='lat' dir='ltr'><strong>in</strong></span> <span class='ocrx_word' id='word_1_697' title='bbox 2427 3959 2748 4015; x_wconf 88' lang='lat' dir='ltr'><strong>micantibus</strong></span> <span class='ocrx_word' id='word_1_698' title='bbox 2776 3956 2966 4030; x_wconf 81' lang='lat' dir='ltr'><strong>gladiis</strong></span> <span class='ocrx_word' id='word_1_699' title='bbox 2984 3971 3133 4026; x_wconf 90' lang='lat' dir='ltr'><strong>spem</strong></span> <span class='ocrx_word' id='word_1_700' title='bbox 3158 3956 3355 4028; x_wconf 84' lang='lat' dir='ltr'><strong>posuit,</strong></span> <span class='ocrx_word' id='word_1_701' title='bbox 3386 3954 3482 4011; x_wconf 87' lang='lat' dir='ltr'><strong>sed</strong></span> <span class='ocrx_word' id='word_1_702' title='bbox 3502 3969 3575 4010; x_wconf 86' lang='lat' dir='ltr'><strong>ex</strong></span> <span class='ocrx_word' id='word_1_703' title='bbox 3603 3955 3800 4010; x_wconf 68' lang='lat' dir='ltr'><strong>divina</strong></span> 
     </span>
    </p>
   </div>
   <div class='ocr_carea' id='block_1_95' title="bbox 2218 4048 3330 4122">
    <p class='ocr_par' dir='ltr' id='par_1_95' title="bbox 2218 4048 3330 4122">
     <span class='ocr_line' id='line_1_95' title="bbox 2218 4048 3330 4122; baseline -0.003 -15"><span class='ocrx_word' id='word_1_704' title='bbox 2218 4060 2425 4107; x_wconf 90' lang='lat' dir='ltr'><strong>tantum</strong></span> <span class='ocrx_word' id='word_1_705' title='bbox 2459 4051 2709 4122; x_wconf 68' lang='lat' dir='ltr'><strong>potentiae</strong></span> <span class='ocrx_word' id='word_1_706' title='bbox 2742 4050 2941 4105; x_wconf 88' lang='lat' dir='ltr'><strong>virtute</strong></span> <span class='ocrx_word' id='word_1_707' title='bbox 2967 4048 3330 4120; x_wconf 68' lang='lat' dir='ltr'><strong>praesumpsit.</strong></span> 
     </span>
    </p>
   </div>
   <div class='ocr_carea' id='block_1_96' title="bbox 2288 4136 3800 4213">
    <p class='ocr_par' dir='ltr' id='par_1_96' title="bbox 2288 4136 3800 4213">
     <span class='ocr_line' id='line_1_96' title="bbox 2288 4136 3800 4213; baseline -0.004 -16"><span class='ocrx_word' id='word_1_708' title='bbox 2288 4143 2369 4199; x_wconf 86' lang='lat' dir='ltr'><strong>Ad</strong></span> <span class='ocrx_word' id='word_1_709' title='bbox 2400 4144 2515 4198; x_wconf 50' lang='lat' dir='ltr'><strong>haec</strong></span> <span class='ocrx_word' id='word_1_710' title='bbox 2540 4142 2584 4197; x_wconf 90' lang='lat' dir='ltr'><strong>si</strong></span> <span class='ocrx_word' id='word_1_711' title='bbox 2611 4142 2732 4213; x_wconf 88' lang='lat' dir='ltr'><strong>quis</strong></span> <span class='ocrx_word' id='word_1_712' title='bbox 2756 4140 2973 4210; x_wconf 89' lang='lat' dir='ltr'><strong>objiciat</strong></span> <span class='ocrx_word' id='word_1_713' title='bbox 3010 4140 3217 4196; x_wconf 84' lang='lat' dir='ltr'><strong>bellicis</strong></span> <span class='ocrx_word' id='word_1_714' title='bbox 3248 4139 3434 4196; x_wconf 84' lang='lat' dir='ltr'><strong>usibus</strong></span> <span class='ocrx_word' id='word_1_715' title='bbox 3460 4136 3705 4193; x_wconf 87' lang='lat' dir='ltr'><strong>Leonem</strong></span> <span class='ocrx_word' id='word_1_716' title='bbox 3740 4150 3800 4192; x_wconf 87' lang='lat' dir='ltr'><strong>se</strong></span> 
     </span>
    </p>
   </div>
   <div class='ocr_carea' id='block_1_97' title="bbox 2220 4232 3799 4306">
    <p class='ocr_par' dir='ltr' id='par_1_97' title="bbox 2220 4232 3799 4306">
     <span class='ocr_line' id='line_1_97' title="bbox 2220 4232 3799 4306; baseline -0.004 -15"><span class='ocrx_word' id='word_1_717' title='bbox 2220 4236 2530 4306; x_wconf 86' lang='lat' dir='ltr'><strong>frequenter</strong></span> <span class='ocrx_word' id='word_1_718' title='bbox 2594 4233 2926 4304; x_wconf 90' lang='lat' dir='ltr'><strong>implicuisse</strong></span> <span class='ocrx_word' id='word_1_719' title='bbox 2994 4232 3349 4304; x_wconf 82' lang='lat' dir='ltr'><strong>pontificem,</strong></span> <span class='ocrx_word' id='word_1_720' title='bbox 3397 4238 3799 4298; x_wconf 49' lang='lat' dir='ltr'><strong>,verumtameu</strong></span> 
     </span>
    </p>
   </div>
   <div class='ocr_carea' id='block_1_98' title="bbox 2219 4317 3799 4395">
    <p class='ocr_par' dir='ltr' id='par_1_98' title="bbox 2219 4317 3799 4395">
     <span class='ocr_line' id='line_1_98' title="bbox 2219 4317 3799 4395; baseline -0.007 -9"><span class='ocrx_word' id='word_1_721' title='bbox 2219 4338 2466 4386; x_wconf 88' lang='lat' dir='ltr'><strong>sanctum</strong></span> <span class='ocrx_word' id='word_1_722' title='bbox 2495 4342 2632 4383; x_wconf 88' lang='lat' dir='ltr'><strong>esse.</strong></span> <span class='ocrx_word' id='word_1_723' title='bbox 2668 4325 2796 4381; x_wconf 91' lang='lat' dir='ltr'><strong>Dico</strong></span> <span class='ocrx_word' id='word_1_724' title='bbox 2824 4325 2968 4395; x_wconf 90' lang='lat' dir='ltr'><strong>quod</strong></span> <span class='ocrx_word' id='word_1_725' title='bbox 3015 4324 3211 4390; x_wconf 90' lang='lat' dir='ltr'><strong>sentio,</strong></span> <span class='ocrx_word' id='word_1_726' title='bbox 3253 4322 3510 4392; x_wconf 88' lang='lat' dir='ltr'><strong>quoniam</strong></span> <span class='ocrx_word' id='word_1_727' title='bbox 3545 4335 3651 4376; x_wconf 87' lang='lat' dir='ltr'><strong>nec</strong></span> <span class='ocrx_word' id='word_1_728' title='bbox 3697 4317 3799 4375; x_wconf 82' lang='lat' dir='ltr'><strong>Pe-</strong></span> 
     </span>
    </p>
   </div>
   <div class='ocr_carea' id='block_1_99' title="bbox 2220 4412 3802 4489">
    <p class='ocr_par' dir='ltr' id='par_1_99' title="bbox 2220 4412 3802 4489">
     <span class='ocr_line' id='line_1_99' title="bbox 2220 4412 3802 4489; baseline -0.006 -14"><span class='ocrx_word' id='word_1_729' title='bbox 2220 4429 2337 4475; x_wconf 89' lang='lat' dir='ltr'><strong>trus</strong></span> <span class='ocrx_word' id='word_1_730' title='bbox 2364 4420 2433 4475; x_wconf 91' lang='lat' dir='ltr'><strong>ob</strong></span> <span class='ocrx_word' id='word_1_731' title='bbox 2476 4419 2579 4477; x_wconf 85' lang='lat' dir='ltr'><strong>hoc</strong></span> <span class='ocrx_word' id='word_1_732' title='bbox 2622 4415 2975 4489; x_wconf 91' lang='lat' dir='ltr'><strong>apostolicum</strong></span> <span class='ocrx_word' id='word_1_733' title='bbox 3019 4417 3226 4471; x_wconf 88' lang='lat' dir='ltr'><strong>obtinet</strong></span> <span class='ocrx_word' id='word_1_734' title='bbox 3262 4414 3627 4486; x_wconf 86' lang='lat' dir='ltr'><strong>principatum</strong></span> <span class='ocrx_word' id='word_1_735' title='bbox 3677 4412 3802 4485; x_wconf 84' lang='lat' dir='ltr'><strong>quia</strong></span> 
     </span>
    </p>
   </div>
   <div class='ocr_carea' id='block_1_100' title="bbox 2224 4504 3803 4582">
    <p class='ocr_par' dir='ltr' id='par_1_100' title="bbox 2224 4504 3803 4582">
     <span class='ocr_line' id='line_1_100' title="bbox 2224 4504 3803 4582; baseline -0.004 -17"><span class='ocrx_word' id='word_1_736' title='bbox 2224 4510 2439 4582; x_wconf 87' lang='lat' dir='ltr'><strong>negavit</strong></span> <span class='ocrx_word' id='word_1_737' title='bbox 2459 4509 2653 4582; x_wconf 77' lang='lat' dir='ltr'><strong>(Marc.</strong></span> <span class='ocrx_word' id='word_1_738' title='bbox 2672 4509 2801 4575; x_wconf 80' lang='lat' dir='ltr'><strong>xiv),</strong></span> <span class='ocrx_word' id='word_1_739' title='bbox 2823 4523 2922 4562; x_wconf 89' lang='lat' dir='ltr'><strong>nec</strong></span> <span class='ocrx_word' id='word_1_740' title='bbox 2944 4507 3108 4562; x_wconf 89' lang='lat' dir='ltr'><strong>David</strong></span> <span class='ocrx_word' id='word_1_741' title='bbox 3137 4506 3338 4563; x_wconf 89' lang='lat' dir='ltr'><strong>idcirco</strong></span> <span class='ocrx_word' id='word_1_742' title='bbox 3365 4504 3668 4575; x_wconf 71' lang='lat' dir='ltr'><strong>prophetia:</strong></span> <span class='ocrx_word' id='word_1_743' title='bbox 3693 4517 3803 4559; x_wconf 85' lang='lat' dir='ltr'><strong>me-</strong></span> 
     </span>
    </p>
   </div>
   <div class='ocr_carea' id='block_1_101' title="bbox 2221 4595 3805 4669">
    <p class='ocr_par' dir='ltr' id='par_1_101' title="bbox 2221 4595 3805 4669">
     <span class='ocr_line' id='line_1_101' title="bbox 2221 4595 3805 4669; baseline -0.004 -12"><span class='ocrx_word' id='word_1_744' title='bbox 2221 4612 2374 4657; x_wconf 89' lang='lat' dir='ltr'><strong>retur</strong></span> <span class='ocrx_word' id='word_1_745' title='bbox 2439 4600 2718 4656; x_wconf 89' lang='lat' dir='ltr'><strong>oraculum</strong></span> <span class='ocrx_word' id='word_1_746' title='bbox 2786 4597 2914 4669; x_wconf 85' lang='lat' dir='ltr'><strong>quia</strong></span> <span class='ocrx_word' id='word_1_747' title='bbox 2971 4606 3146 4653; x_wconf 90' lang='lat' dir='ltr'><strong>torum</strong></span> <span class='ocrx_word' id='word_1_748' title='bbox 3218 4595 3378 4652; x_wconf 90' lang='lat' dir='ltr'><strong>alieni</strong></span> <span class='ocrx_word' id='word_1_749' title='bbox 3444 4596 3547 4651; x_wconf 87' lang='lat' dir='ltr'><strong>viri</strong></span> <span class='ocrx_word' id='word_1_750' title='bbox 3606 4596 3805 4652; x_wconf 86' lang='lat' dir='ltr'><strong>invasit</strong></span> 
     </span>
    </p>
   </div>
   <div class='ocr_carea' id='block_1_102' title="bbox 2221 4688 3803 4764">
    <p class='ocr_par' dir='ltr' id='par_1_102' title="bbox 2221 4688 3803 4764">
     <span class='ocr_line' id='line_1_102' title="bbox 2221 4688 3803 4764; baseline -0.003 -17"><span class='ocrx_word' id='word_1_751' title='bbox 2221 4690 2309 4764; x_wconf 86' lang='lat' dir='ltr'><strong>(II</strong></span> <span class='ocrx_word' id='word_1_752' title='bbox 2339 4689 2463 4763; x_wconf 81' lang='lat' dir='ltr'><strong>Reg.</strong></span> <span class='ocrx_word' id='word_1_753' title='bbox 2505 4690 2617 4761; x_wconf 75' lang='lat' dir='ltr'><strong>XI);</strong></span> <span class='ocrx_word' id='word_1_754' title='bbox 2658 4705 2782 4746; x_wconf 90' lang='lat' dir='ltr'><strong>cum</strong></span> <span class='ocrx_word' id='word_1_755' title='bbox 2826 4689 2988 4756; x_wconf 91' lang='lat' dir='ltr'><strong>mala,</strong></span> <span class='ocrx_word' id='word_1_756' title='bbox 3024 4689 3104 4745; x_wconf 88' lang='lat' dir='ltr'><strong>vel</strong></span> <span class='ocrx_word' id='word_1_757' title='bbox 3133 4690 3275 4746; x_wconf 88' lang='lat' dir='ltr'><strong>bona</strong></span> <span class='ocrx_word' id='word_1_758' title='bbox 3322 4704 3427 4744; x_wconf 92' lang='lat' dir='ltr'><strong>non</strong></span> <span class='ocrx_word' id='word_1_759' title='bbox 3460 4702 3558 4760; x_wconf 90' lang='lat' dir='ltr'><strong>pro</strong></span> <span class='ocrx_word' id='word_1_760' title='bbox 3592 4688 3803 4743; x_wconf 88' lang='lat' dir='ltr'><strong>meritis</strong></span> 
     </span>
    </p>
   </div>
   <div class='ocr_carea' id='block_1_103' title="bbox 2219 4778 3803 4850">
    <p class='ocr_par' dir='ltr' id='par_1_103' title="bbox 2219 4778 3803 4850">
     <span class='ocr_line' id='line_1_103' title="bbox 2219 4778 3803 4850; baseline -0.004 -12"><span class='ocrx_word' id='word_1_761' title='bbox 2219 4782 2630 4838; x_wconf 89' lang='lat' dir='ltr'><strong>considerentur</strong></span> <span class='ocrx_word' id='word_1_762' title='bbox 2676 4779 3010 4845; x_wconf 90' lang='lat' dir='ltr'><strong>habentium,</strong></span> <span class='ocrx_word' id='word_1_763' title='bbox 3043 4781 3137 4835; x_wconf 90' lang='lat' dir='ltr'><strong>sed</strong></span> <span class='ocrx_word' id='word_1_764' title='bbox 3184 4795 3251 4835; x_wconf 92' lang='lat' dir='ltr'><strong>ex</strong></span> <span class='ocrx_word' id='word_1_765' title='bbox 3297 4778 3533 4850; x_wconf 91' lang='lat' dir='ltr'><strong>propriis</strong></span> <span class='ocrx_word' id='word_1_766' title='bbox 3569 4778 3803 4840; x_wconf 69' lang='lat' dir='ltr'><strong>debeant</strong></span> 
     </span>
    </p>
   </div>
   <div class='ocr_carea' id='block_1_104' title="bbox 2219 4868 3800 4943">
    <p class='ocr_par' dir='ltr' id='par_1_104' title="bbox 2219 4868 3800 4943">
     <span class='ocr_line' id='line_1_104' title="bbox 2219 4868 3800 4943; baseline 0 -16"><span class='ocrx_word' id='word_1_767' title='bbox 2219 4872 2566 4943; x_wconf 85' lang='lat' dir='ltr'><strong>qualitatibus</strong></span> <span class='ocrx_word' id='word_1_768' title='bbox 2579 4869 2831 4940; x_wconf 76' lang='lat' dir='ltr'><strong>iudicari.</strong></span> <span class='ocrx_word' id='word_1_769' title='bbox 2856 4868 3105 4942; x_wconf 77' lang='lat' dir='ltr'><strong>Nunquid</strong></span> <span class='ocrx_word' id='word_1_770' title='bbox 3130 4871 3233 4926; x_wconf 90' lang='lat' dir='ltr'><strong>hoc</strong></span> <span class='ocrx_word' id='word_1_771' title='bbox 3256 4871 3470 4942; x_wconf 85' lang='lat' dir='ltr'><strong>legitur,</strong></span> <span class='ocrx_word' id='word_1_772' title='bbox 3492 4870 3578 4925; x_wconf 87' lang='lat' dir='ltr'><strong>vel</strong></span> <span class='ocrx_word' id='word_1_773' title='bbox 3598 4872 3800 4942; x_wconf 84' lang='lat' dir='ltr'><strong>egisse,</strong></span> 
     </span>
    </p>
   </div>
   <div class='ocr_carea' id='block_1_105' title="bbox 2220 4960 3807 5033">
    <p class='ocr_par' dir='ltr' id='par_1_105' title="bbox 2220 4960 3807 5033">
     <span class='ocr_line' id='line_1_105' title="bbox 2220 4960 3807 5033; baseline -0.002 -14"><span class='ocrx_word' id='word_1_774' title='bbox 2220 4964 2307 5021; x_wconf 90' lang='lat' dir='ltr'><strong>vel</strong></span> <span class='ocrx_word' id='word_1_775' title='bbox 2351 4963 2543 5019; x_wconf 90' lang='lat' dir='ltr'><strong>litteris</strong></span> <span class='ocrx_word' id='word_1_776' title='bbox 2586 4962 2834 5018; x_wconf 87' lang='lat' dir='ltr'><strong>docuisse</strong></span> <span class='ocrx_word' id='word_1_777' title='bbox 2879 4960 3194 5033; x_wconf 85' lang='lat' dir='ltr'><strong>Gregorius,</strong></span> <span class='ocrx_word' id='word_1_778' title='bbox 3222 4963 3314 5033; x_wconf 91' lang='lat' dir='ltr'><strong>qui</strong></span> <span class='ocrx_word' id='word_1_779' title='bbox 3349 4972 3425 5016; x_wconf 90' lang='lat' dir='ltr'><strong>tot</strong></span> <span class='ocrx_word' id='word_1_780' title='bbox 3475 4962 3697 5033; x_wconf 83' lang='lat' dir='ltr'><strong>rapinas</strong></span> <span class='ocrx_word' id='word_1_781' title='bbox 3740 4975 3807 5017; x_wconf 81' lang='lat' dir='ltr'><strong>ac</strong></span> 
     </span>
    </p>
   </div>
   <div class='ocr_carea' id='block_1_106' title="bbox 2222 5051 3803 5124">
    <p class='ocr_par' dir='ltr' id='par_1_106' title="bbox 2222 5051 3803 5124">
     <span class='ocr_line' id='line_1_106' title="bbox 2222 5051 3803 5124; baseline -0.001 -16"><span class='ocrx_word' id='word_1_782' title='bbox 2222 5054 2505 5110; x_wconf 86' lang='lat' dir='ltr'><strong>violentias</strong></span> <span class='ocrx_word' id='word_1_783' title='bbox 2542 5070 2572 5108; x_wconf 88' lang='lat' dir='ltr'><strong>a</strong></span> <span class='ocrx_word' id='word_1_784' title='bbox 2603 5051 3079 5124; x_wconf 72' lang='lat' dir='ltr'><strong>Langobardorum</strong></span> <span class='ocrx_word' id='word_1_785' title='bbox 3108 5060 3189 5108; x_wconf 91' lang='lat' dir='ltr'><strong>est</strong></span> <span class='ocrx_word' id='word_1_786' title='bbox 3236 5052 3449 5108; x_wconf 83' lang='lat' dir='ltr'><strong>feritate</strong></span> <span class='ocrx_word' id='word_1_787' title='bbox 3475 5053 3803 5123; x_wconf 73' lang='lat' dir='ltr'><strong>perpessus?</strong></span> 
     </span>
    </p>
   </div>
   <div class='ocr_carea' id='block_1_107' title="bbox 2223 5143 3801 5214">
    <p class='ocr_par' dir='ltr' id='par_1_107' title="bbox 2223 5143 3801 5214">
     <span class='ocr_line' id='line_1_107' title="bbox 2223 5143 3801 5214; baseline -0.001 -13"><span class='ocrx_word' id='word_1_788' title='bbox 2223 5147 2359 5202; x_wconf 81' lang='lat' dir='ltr'><strong>Num</strong></span> <span class='ocrx_word' id='word_1_789' title='bbox 2386 5148 2701 5202; x_wconf 85' lang='lat' dir='ltr'><strong>Ambrosius</strong></span> <span class='ocrx_word' id='word_1_790' title='bbox 2729 5144 2928 5201; x_wconf 90' lang='lat' dir='ltr'><strong>bellum</strong></span> <span class='ocrx_word' id='word_1_791' title='bbox 2972 5145 3187 5199; x_wconf 83' lang='lat' dir='ltr'><strong>Arianis</strong></span> <span class='ocrx_word' id='word_1_792' title='bbox 3217 5160 3277 5201; x_wconf 90' lang='lat' dir='ltr'><strong>se</strong></span> <span class='ocrx_word' id='word_1_793' title='bbox 3316 5159 3575 5214; x_wconf 86' lang='lat' dir='ltr'><strong>suamque</strong></span> <span class='ocrx_word' id='word_1_794' title='bbox 3612 5143 3801 5200; x_wconf 61' lang='lat' dir='ltr'><strong>Eccleo</strong></span> 
     </span>
    </p>
   </div>
   <div class='ocr_carea' id='block_1_108' title="bbox 2224 5234 3803 5306">
    <p class='ocr_par' dir='ltr' id='par_1_108' title="bbox 2224 5234 3803 5306">
     <span class='ocr_line' id='line_1_108' title="bbox 2224 5234 3803 5306; baseline -0.001 -13"><span class='ocrx_word' id='word_1_795' title='bbox 2224 5239 2358 5293; x_wconf 89' lang='lat' dir='ltr'><strong>siam</strong></span> <span class='ocrx_word' id='word_1_796' title='bbox 2412 5237 2699 5294; x_wconf 90' lang='lat' dir='ltr'><strong>crudeliter</strong></span> <span class='ocrx_word' id='word_1_797' title='bbox 2753 5235 3129 5292; x_wconf 88' lang='lat' dir='ltr'><strong>infestantibus</strong></span> <span class='ocrx_word' id='word_1_798' title='bbox 3178 5234 3395 5290; x_wconf 81' lang='lat' dir='ltr'><strong>intulit?</strong></span> <span class='ocrx_word' id='word_1_799' title='bbox 3442 5234 3699 5306; x_wconf 85' lang='lat' dir='ltr'><strong>Nunquid</strong></span> <span class='ocrx_word' id='word_1_800' title='bbox 3748 5234 3803 5291; x_wconf 90' lang='lat' dir='ltr'><strong>in</strong></span> 
     </span>
    </p>
   </div>
  </div>
