3964 5310
187 230 285 291 39.!

754 333 1084 393 EPISTOLA
1114 330 1206 387 XI.

189 472 253 513 AD
300 467 637 510 TBEODOSIUI
673 461 1130 507 SENOGALLIEESE)!
1158 486 1173 509 ,
1212 458 1282 500 ετ
1321 451 1640 498 ιιουυινιιυι
1673 449 1771 492 ευ*

690 535 920 578 ϐυΒΙΝυὶι
976 530 1271 573 ειηεοορος.

191 638 584 696 Aacuussrun.
608 665 678 674 —
715 630 1076 688 Theodosium
1104 625 1559 696 Senogalliensem
1582 631 1637 678 et
1659 622 1770 676 Ro-

261 708 520 776 dulphum
551 704 892 777 Eugubinum
920 700 1189 777 antistites
1213 738 1227 762 ,
1247 697 1771 777 librorumsuorum

251 769 462 850 judices
482 786 538 830 et
557 769 710 848 quasi
733 786 988 850 censores
1008 769 1670 850 constituit,.przecipitque
1688 770 1774 850 ut,

348 840 638 918 diligentér
662 843 946 915 perlectis,
977 840 1237 910 quidquid
1269 840 1442 891 visum
1472 840 1663 918 fuerit,
1682 841 1775 888 aut

257 927 405 980 ante,
437 915 532 972 aut
555 923 676 986 post
719 929 870 986 suam
919 920 1147 968 mortem
1190 921 1513 980 quacunque
1563 915 1774 960 ratione

258 989 542 1060 eorrigant
555 984 625 1042 'et
652 984 960 1040 emendent.

255 1095 746 1154 Reverendissimis
766 1091 1053 1164 episcopis,
1077 1089 1382 1146 Tusonosno
1408 1083 1776 1156 ocnogallicn-

192 1188 258 1258 si,
283 1197 339 1244 et
380 1187 677 1244 Ronunpno
703 1184 982 1257 Eugubino
1005 1222 1021 1249 ,
1047 1180 1264 1237 Penus
1290 1187 1544 1250 peccator
1587 1190 1776 1232 mona-

192 1282 324 1338 chus
354 1281 695 1337 servitutem.

259 1370 487 1426 Noverit
511 1369 774 1442 sanctitas
807 1377 1011 1432 vestra,
1059 1363 1393 1421 dilectissimi
1436 1377 1566 1417 mtm
1594 1369 1778 1431 patres

195 1468 246 1516 et
267 1460 499 1525 domini,
541 1459 666 1529 quia
695 1457 1014 1529 prmsumpsi
1063 1455 1307 1528 quadam
1346 1451 1602 1524 opuscula
1645 1449 1779 1506 scri-

198 1549 343 1616 bere,
374 1566 487 1606 non
511 1558 621 1605 tam
647 1549 900 1605 videlicet
925 1557 984 1603 ut
1024 1547 1215 1618 legivis
1241 1546 1488 1619 (legibus)
1519 1543 1779 1599 ecclesia-

195 1639 384 1706 sticis,
437 1639 581 1710 quod
643 1639 988 1694 temerarium
1051 1637 1226 1692 fuerat
1284 1635 1484 1705 aliquid
1527 1634 1780 1689 adderem

1348 212 1548 270 LlBER
1587 205 1938 278 QUARTUS,
1980 203 2194 261 EPIST.
2240 201 2327 257 XII

1797 327 1851 387 Α
1874 319 2153 390 Εῡοιιιηο
2184 315 2246 370 γ.
2280 314 2728 373 reverendissimo
2758 311 3028 382 episcopo,
3071 310 3288 370 [’sraus
3319 326 3448 381 pec-

3344 153 3450 254 522

1873 419 2049 478 calor,
2076 411 2327 468 salutem.

1942 501 2075 558 Nolo
2104 511 2157 556 te
2184 501 2371 567 lateat,
2401 500 2730 556 venerabilis
2760 507 2947 565 Irater,
2979 498 3105 569 quia
3143 498 3209 554 de
3237 498 3452 568 praediis

1871 594 2113 651 ecclesiae
2159 601 2284 658 tum,
2321 608 2440 663 qua:
2489 591 2790 647 distrahere
2834 592 3048 658 diceris,
3099 607 3204 647 non
3253 606 3452 663 parvus

1873 707 2060 746 rumor
2085 689 2337 754 increvit,
2356 703 2481 743 nam
2509 696 2564 742 et
2595 702 2690 742 cor
2720 696 2964 742 nostrqu
2992 702 3097 742 non
3124 686 3227 741 levi
3255 701 3453 742 Interri-

1873 784 1949 839 ris
2001 781 2186 838 aculeo
2224 795 2392 852 nuper
2443 780 2628 835 eadem
2675 778 2815 833 fama
2860 779 3148 834 transﬁxit.
3201 775 3453 848 Nunquid

1873 874 2074 934 oblitus
2099 891 2158 932 es
2193 876 2334 946 quod
2363 881 2488 929 ante
2517 872 2630 929 fere
2653 873 3076 944 quinquennium
3105 871 3291 928 Victor
3320 886 3452 942 apo-

1874 968 2077 1024 stolica:
2107 967 2260 1022 Sedis
2301 967 2582 1038 episcopus
2624 964 2790 1038 (Vict.
2825 981 2886 1038 u.
2907 966 3064 1037 papa)
3111 965 3165 1021 in
3211 965 3454 1036 plcnario

1875 1060 2108 1117 concilio
2132 1058 2419 1114 Florentiae
2442 1058 2735 1123 celebrato,
2761 1057 2847 1111 cui
2878 1057 3037 1112 simul
3063 1066 3115 1112 et
3146 1058 3273 1128 imp.
3306 1058 3454 1113 Hen-

1875 1154 2021 1208 ricus
2051 1150 2316 1217 interfuit,
2359 1152 2462 1206 hoc
2495 1150 2596 1206 sub
2625 1150 3195 1206 excommunicationis
3229 1166 3455 1206 censura

1875 1244 2188 1316 prohibuit?
2215 1243 2296 1298 An
2330 1242 2548 1313 ignoras
2572 1242 2695 1312 quia
2727 1242 2796 1297 ad
2844 1242 2946 1298 hoc
2980 1241 3226 1296 ecclesiis
3254 1243 3456 1313 praedia

1877 1336 2229 1391 conferuntur
2261 1375 2276 1400 ,
2339 1342 2399 1388 ut
2446 1350 2512 1390 ex
2572 1333 2658 1390 bis
2707 1349 2972 1406 pauperes
3041 1343 3454 1401 sustententur,

1877 1428 2177 1498 indigentes
2220 1427 2466 1490 alantur,
2517 1434 2577 1481 ut
2617 1441 2684 1481 ex
2747 1426 2869 1493 his,
2929 1427 3103 1482 viduis
3149 1438 3310 1498 atque
3363 1443 3461 1498 pu-

1877 1520 2020 1592 pillis
2077 1519 2370 1576 subsidium
2416 1519 2781 1590 procuretur?
2834 1519 3088 1577 Ecclesia:
3134 1523 3331 1592 quippe
3372 1539 3463 1578 na-

1882 1613 2085 1668 scentis
2138 1612 2292 1666 initio
2335 1611 2423 1666 hic
2463 1627 2579 1666 mos
2619 1611 2872 1677 inolevit,
2898 1623 2957 1666 ut
2986 1615 3213 1683 quilibet
3243 1616 3462 1671 venien-

194 1695 472 1800 quam'ob‘
501 1730 608 1786 hoc
633 1729 903 1800 praecipue
939 1729 1062 1798 quia
1106 1729 1222 1782 sine
1250 1695 1489 1798 quofibel
1517 1724 1780 1780 exercitio
1807 1695 1857 1756 Β
1885 1713 1968 1760 tes
2003 1705 2071 1759 ad
2121 1703 2735 1800 tideni,_possessi0iiuni
2761 1721 2999 1800 suarum
3027 1706 3150 1800 jura
3195 1707 3463 1764 distrahe-

195 1821 386 1881 inertis
422 1820 520 1876 otii
550 1829 607 1876 et
644 1819 952 1876 remotioris
981 1819 1188 1874 cellulae
1236 1817 1392 1872 taedia
1441 1832 1547 1871 non
1577 1813 1785 1885 perfer-

202 1926 331 1969 rem.
356 1918 422 1965 ut
453 1910 544 1980 qui
588 1909 843 1980 operibus
881 1923 1138 1963 manuum
1167 1905 1372 1960 utiliter
1399 1905 1650 1959 insudare
1677 1918 1784 1957 non

197 2013 461 2074 poteram,
494 2017 590 2057 eor
617 2016 810 2071 vagum
838 2010 1001 2070 atque
1046 1997 1305 2052 lascivum
1335 1997 1567 2067 quodam
1599 1993 1782 2048 medi-

199 2093 420 2148 tationis
465 2091 584 2147 loro
629 2090 1035 2161 restringerem,
1066 2087 1251 2158 sicque
1291 2086 1678 2157 cogitationum
1705 2083 1788 2139 in-

198 2183 508 2253 gruentium
555 2182 864 2252 strepitum,
914 2189 1074 2250 atque
1123 2179 1322 2234 acedia:
1351 2177 1662 2248 obrepentis
1706 2176 1787 2231 in-

196 2275 450 2330 stantiam
522 2273 735 2330 facilius
785 2273 1178 2344 propulsarem.
1227 2271 1334 2326 Sed
1379 2270 1633 2340 quoniam
1672 2267 1786 2338 jam

198 2367 340 2422 illius
390 2367 660 2422 examinis
687 2367 1048 2422 tribunalibus
1098 2363 1490 2436 appropinquo,
1540 2363 1630 2418 ubi
1681 2378 1788 2418 non

202 2456 362 2511 modo
385 2455 453 2511 de
473 2456 655 2512 verbis
682 2463 739 2510 et
761 2455 998 2526 scriptis,
1022 2453 1164 2509 ultro
1187 2454 1351 2508 etiam
1381 2453 1448 2507 de
1486 2451 1790 2506 minutissi-

199 2548 300 2602 mis
346 2547 764 2618 cogitationibus
813 2545 1204 2602 discussionem
1245 2543 1616 2599 ventilandum
1664 2558 1786 2599 esse

200 2651 304 2692 non
357 2638 575 2709 ambigo
603 2678 621 2705 ,
669 2637 976 2693 sanctitatis
1017 2646 1212 2692 vestrae
1255 2634 1636 2707 prudentiam,
1684 2649 1789 2705 qua

197 2729 370 2794 valeo,
404 2729 797 2800 supplicatione
821 2729 1078 2799 deposco,
1109 2735 1190 2793 ut,
1219 2735 1313 2782 aut
1338 2743 1423 2781 me
1446 2725 1788 2791 adveniente,

200 2822 245 2877 si
286 2830 466 2886 vacat,
510 2829 607 2875 aut
646 2833 933 2891 postquam
985 2836 1071 2876 me
1099 2819 1252 2876 obire
1281 2819 1588 2891 contigerit,
1634 2818 1792 2889 quid-

201 2913 330 2983 quid
361 2913 742 2982 opusculorum
763 2929 1005 2970 meorum
1035 2913 1279 2969 invenire
1305 2913 1553 2982 potestis,
1584 2920 1789 2967 attenta

207 3003 485 3074 diligentia
526 3003 835 3076 perlegatis.
864 3004 932 3059 Et
973 3007 1017 3060 si
1043 3003 1171 3074 quid
1201 3004 1252 3058 in
1283 3004 1370 3059 his
1403 3003 1679 3059 catholicae
1707 3017 1790 3057 re-

1851 1866 1859 1874 .
1887 1806 2028 1862 rent,
2061 1805 2222 1864 atque
2259 1795 2324 1849 ad
2369 1796 2534 1866 pedes
2570 1795 2932 1866 apostolorum
2960 1796 3189 1866 pretium
3219 1798 3360 1866 quod
3395 1813 3462 1854 ex

1883 1887 1970 1942 his
1999 1887 2331 1952 sumebatur,
2360 1885 2634 1942 oﬁ‘errent.
2665 1886 2817 1942 Unde
2858 1895 2914 1942 et
2944 1887 2995 1942 in
3023 1901 3210 1943 eorum
3239 1889 3464 1946 Actibus

1884 1976 2083 2048 legitur
2112 1994 2124 2030 :
2157 1996 2174 2027 ‹
2206 1976 2520 2048 Quotquot,
2550 1977 2754 2048 inquit,
2800 1992 3137 2048 possessores
3186 1994 3461 2051 agrorum,

1885 2080 1979 2124 aut
2033 2069 2313 2124 domorum
2350 2077 2550 2134 erant,
2601 2068 2894 2124 vendentes
2941 2068 3236 2126 aﬁ'erebant
3293 2072 3466 2141 pretia

1887 2175 2071 2217 eorum
2104 2175 2224 2230 qua:
2254 2160 2579 2236 vendebant,
2607 2167 2662 2215 et
2691 2160 2959 2230 ponebant
2992 2169 3118 2215 ante
3146 2163 3310 2231 pedes
3337 2179 3467 2232 apo-

1887 2253 2146 2308 stolorum
2193 2252 2350 2323 (Act.
2397 2252 2513 2323 ιν).
2578 2272 2598 2306 ι
2641 2251 2985 2308 Ρταξεεὰθηιθ
3040 2270 3170 2310 vero
3225 2264 3468 2324 tempore

1887 2345 2094 2401 sanctis
2133 2344 2499 2400 Eeclesiarum
2532 2345 2833 2401 rectoribus
2881 2345 3052 2400 visum
3101 2354 3206 2413 est,
3249 2357 3308 2401 ut
3348 2347 3466 2416 ipsa

1886 2436 2066 2508 potius
2111 2435 2354 2491 ecclesiis
2401 2435 2600 2506 praedia
2642 2435 3002 2491 traderentur.
3059 2435 3210 2493 Unde
3263 2437 3468 2492 scilicet

1890 2546 1994 2584 non
2025 2531 2184 2587 modo
2209 2529 2434 2583 clericos
2458 2528 2626 2584 sacris
2654 2527 2981 2584 excubantes
3007 2527 3202 2584 officiis
3227 2528 3468 2584 ecclesiae

1889 2634 2156 2692 pasceret,
2189 2622 2282 2677 sed
2322 2631 2374 2676 et
2415 2621 2680 2690 refrigerii
2704 2621 2894 2690 stipem
2924 2620 3152 2676 diversis
3181 2621 3470 2692 indigenti-

1891 2717 2009 2778 bus,
2055 2725 2109 2770 ct
2153 2715 2331 2784 inopia
2382 2713 2752 2770 laborantibus
2790 2712 3141 2768 ministraret.
3189 2711 3468 2783 Perpende

1893 2812 2073 2882 igitur,
2098 2807 2425 2864 venerabilis
2450 2806 2654 2871 frater,
2693 2813 3016 2876 quantorum
3053 2806 3468 2862 homicidiorum

1892 2901 1945 2956 in
1991 2901 2075 2956 die
2119 2898 2309 2969 judicii
2359 2913 2484 2953 reus
2532 2897 2658 2963 erit,
2687 2896 2779 2966 qui
2810 2896 2968 2952 modo
2996 2903 3074 2951 tot
3101 2897 3356 2968 orphanis
3390 2897 3470 2954 dic

1892 2992 2174 3062 versisque
2201 2990 2550 3060 pauperibus,
2579 2987 2721 3042 unde
2750 2986 2930 3042 vivere
2959 2985 3207 3052 debeant,
3250 2987 3466 3043 subtra-
3538 3025 3540 3027 ›

202 3092 337 3161 gula:
394 3075 718 3158 dissonum,
772 3094 816 3147 si
875 3092 1002 3162 quid
1055 3107 1335 3147 sacrarunt
1386 3075 1860 3162 SeripturarumC
1893 3082 1990 3138 hit.
2044 3081 2124 3135 Ad
2183 3077 2416 3135 tribunal
2482 3077 2624 3133 illius
2666 3077 2760 3147 qui
2811 3091 3075 3147 pauperes
3123 3077 3472 3147 singulariter

201 3182 509 3236 auctoritati
541 3182 811 3254 reperitur
837 3183 1119 3237 adversum
1139 3221 1154 3247 ,
1198 3190 1357 3252 prout
1388 3181 1562 3236 vismn
1603 3181 1786 3247 fuerit,

202 3272 285 3328 vel
335 3288 560 3342 prorsus
616 3273 1071 3339 abscindere,vel
1103 3275 1168 3329 ad
1220 3291 1409 3330 sanum
1459 3275 1788 3330 intellectum

207 3377 506 3422 correctam
538 3368 864 3424 sententiam
893 3383 1166 3433 revocare,
1193 3378 1458 3438 quatenus
1486 3369 1627 3439 quod
1657 3385 1789 3425 mea:

210 3455 520 3512 stoliditatis
557 3458 858 3528 ignorantia
891 3459 1237 3529 depravatur,
1280 3459 1346 3513 ad
1375 3473 1535 3515 rectm
1577 3461 1700 3515 ﬁdei
1725 3460 1791 3514 li-

207 3562 362 3602 neam
419 3559 617 3605 vestrae
664 3550 969 3605 sanctitatis
1020 3550 1295 3620 diligentia
1357 3550 1704 3618 reformctur,
1736 3561 1792 3606 et

203 3635 300 3692 hoc
344 3653 443 3708 per
476 3654 574 3694 vos
603 3641 852 3695 emendet
894 3640 1153 3706 cliaritas,
1190 3657 1309 3710 qua:
1353 3641 1616 3707 aediﬁcat,
1648 3643 1791 3710 quod

207 3742 305 3798 per
363 3745 453 3785 me
499 3731 726 3801 deliquit
771 3731 1017 3795 scientia,
1073 3747 1192 3801 qua:
1245 3731 1491 3787 fortassis
1548 3732 1787 3788 inﬂabat.

205 3821 340 3888 Quid
396 3822 545 3877 enim
592 3825 790 3878 mirum
820 3864 835 3889 ,
886 3825 930 3879 si
983 3840 1082 3896 ego
1115 3825 1396 3895 imperitus
1443 3834 1496 3878 et
1545 3826 1792 3881 animalis

204 3913 366 3968 h'omo
416 3913 825 3970 dictatiunculis
875 3917 1008 3971 meis
1057 3927 1273 3972 sanctos
1320 3917 1467 3972 viros
1509 3917 1792 3973 adhibeam

198 4000 438 4071 judices,
478 4006 911 4076 quandoquidem
949 4005 1123 4062 Lucas
1170 4016 1226 4061 ct
1271 4006 1484 4063 Marcus
1537 4008 1589 4062 in
1620 4008 1794 4064 Evan-

201 4096 384 4163 geliis,
442 4112 565 4166 qua:
615 4098 819 4168 Spiritu
865 4109 1055 4154 sancto
1088 4100 1324 4156 dictante
1372 4100 1790 4171 descripserant,

203 4181 418 4240 Petrum
443 4195 501 4240 et
522 4185 755 4242 Paulum
779 4189 1047 4259 apostolos
1065 4189 1300 4245 habuere
1325 4192 1612 4247 censores?
1637 4191 1792 4263 123

203 4276 370 4335 Porro
401 4290 585 4337 autem
615 4281 871 4352 qudniam
903 4298 968 4338 ex
1002 4285 1086 4340 his
1134 4285 1223 4355 qui
1256 4286 1540 4340 exercitati
1585 4295 1709 4342 sunt
1740 4287 1794 4340 in

204 4370 648 4427 meditationibus
703 4370 1150 4442 Scripturarum,
1203 4375 1437 4442 purioris
1493 4375 1638 4429 circa
1703 4389 1792 4430 me

205 4454 347 4522 fidei,
381 4466 442 4512 et
489 4435 897 4516 abundantioris
925 4435 1219 4516 cliaritatis-
1249 4463 1481 4534 aliquem
1529 4477 1655 4519 esse
1684 4477 1790 4520 non
1819 4435 1870 4496 D

201 4548 456 4613 arbitror,
487 4550 688 4606 idcirco
713 4551 867 4606 vobis
895 4552 1230 4622 potissimum
1276 4553 1435 4623 hujus
1465 4553 1662 4609 fascem
1709 4555 1788 4610 la-

204 4637 347 4694 boris
374 4639 616 4712 injungo.
651 4641 742 4698 Sic
773 4642 956 4712 igitur,
991 4642 1326 4699 dilectissimi
1357 4685 1370 4707 ,
1404 4645 1457 4698 in
1494 4645 1594 4700 hoc
1619 4645 1792 4715 pieta-

203 4728 271 4780 tis
292 4744 457 4800 opere
476 4733 640 4787 etiam
671 4747 758 4788 me
787 4731 1040 4789 defuncto
1068 4734 1250 4790 ﬁdeles
1278 4743 1473 4802 estote,
1502 4737 1581 4799 sic
1603 4737 1788 4792 ultima

208 4818 408 4871 veteris
438 4819 690 4876 amicitia:
713 4821 840 4890 jura
876 4821 1164 4888 persolvite
1192 4832 1250 4878 ut
1277 4831 1331 4878 et
1366 4838 1473 4887 me,
1508 4824 1550 4878 si
1575 4839 1677 4893 qua
1706 4840 1793 4879 re»

207 4909 430 4974 peritur,
485 4914 686 4970 erroris
721 4915 830 4970 ntei
871 4928 1012 4967 noxa
1058 4930 1164 4970 non
1196 4923 1376 4971 teneat
1398 4954 1414 4980 ,
1462 4925 1517 4970 et
1545 4916 1698 4971 vobis
1727 4929 1794 4970 ex

209 4998 449 5070 impenso
507 5005 788 5063 cbaritatis
845 5004 1026 5060 ofﬁcio
1082 5007 1425 5063 ormndorum
1489 5008 1792 5064 cielestium

209 5103 423 5148 merces
452 5109 739 5156 accrescat.

691 5207 1111 5271 EPISTOLA
1164 5210 1309 5266 XII.

1892 3172 2086 3243 diligit,
2122 3171 2210 3241 qui
2253 3185 2312 3225 se
2339 3171 2391 3224 in
2434 3185 2670 3240 paupere
2699 3167 2872 3237 reﬁci,
2899 3167 2953 3224 in
2999 3183 3234 3240 paupere
3261 3185 3320 3225 se
3343 3184 3470 3240 per-

1889 3264 2038 3318 hibet
2083 3262 2292 3316 esurire
2332 3259 2546 3332 (Matth.
2577 3261 2741 3332 xxv);
2794 3259 2859 3313 ad
2906 3259 3179 3325 tribunal,
3227 3260 3471 3330 inquam,

1890 3353 2034 3408 illius
2065 3368 2169 3422 qua
2197 3350 2524 3406 conscientia
2567 3350 2734 3416 venit,
2767 3351 2857 3420 qui
2887 3350 3145 3406 alimenta
3171 3365 3231 3406 se
3257 3352 3472 3406 subtra-

1889 3443 2036 3498 xisse
2075 3442 2402 3511 pauperibus
2433 3440 2812 3510 recognoscit?
2840 3439 2897 3494 Si
2927 3440 3216 3494 damnatur
3245 3439 3356 3504 ille,
3379 3441 3472 3510 qui
3491 3495 3509 3510 ,

1889 3533 1974 3588 vel
2003 3547 2166 3584 υηιιηι
2196 3531 2466 3585 hominem
2508 3529 2737 3600 peremit
2767 3528 2932 3595 ferro,
2959 3543 3062 3600 qua
3106 3530 3368 3584 sententia
3393 3529 3478 3585 di-

1891 3640 2024 3695 guns
2051 3623 2174 3688 erit,
2195 3622 2285 3693 qui
2308 3621 2446 3676 bona
2471 3620 2725 3677 Ecclesia:
2745 3619 3096 3691 proﬁigando,
3124 3620 3472 3690 quamplures

1892 3714 2153 3772 interficit
2201 3714 2358 3770 famis
2401 3724 2453 3769 et
2482 3714 2674 3783 inopiae
2710 3713 2919 3784 gladio?
2947 3712 3024 3769 De
3051 3714 3248 3783 quibus
3291 3713 3474 3768 divina

1890 3827 2025 3867 voce
2071 3807 2211 3863 malo
2249 3807 2466 3862 cuilibet
2503 3806 2766 3862 venditori
2810 3807 2922 3877 jam
2979 3807 3178 3863 dicitur
3214 3825 3227 3860 :
3267 3823 3286 3857 ‹
3337 3805 3476 3862 Ecce

1894 3895 1996 3960 vox
2044 3901 2324 3973 sanguinis
2360 3899 2542 3954 fratris
2593 3900 2665 3953 tui
2714 3899 2914 3975 clamat
2963 3899 3030 3955 ad
3077 3915 3165 3955 me
3213 3897 3372 3971 124.
3410 3898 3478 3954 de

1896 4006 2036 4052 terra
2065 3994 2220 4067 (Gen.
2248 3993 2345 4059 IV).
2373 4012 2389 4046 ι
2415 3993 2480 4047 Et
2515 3992 2606 4048 ille
2632 3993 2850 4063 quidem
2877 3991 3102 4049 fratrem
3125 3993 3359 4063 peremit
3397 3994 3478 4048 in-

1893 4090 2056 4155 vidia,
2083 4088 2210 4159 quia
2236 4087 2561 4143 sacriﬁcium
2586 4084 2702 4154 ejus
2728 4101 2834 4140 non
2865 4094 2966 4151 est,
2996 4086 3106 4142 Deo
3134 4087 3476 4158 reprobantc,

1895 4190 2220 4252 susceptum.
2258 4179 2352 4235 lsti
2394 4180 2708 4251 plerumque
2753 4179 2858 4234 tale
2888 4179 3015 4250 quid
3061 4181 3266 4236 faciunt
3293 4197 3478 4238 amore

1896 4275 2158 4346 pecunia},
2191 4294 2208 4326 ‹
2242 4274 2384 4345 quod
2412 4282 2495 4330 est
2518 4273 2748 4329 servitus
2777 4272 3040 4328 idolorum
3071 4271 3419 4345 (Ερ1188.111).
3452 4293 3471 4327 ι

1899 4364 2005 4420 Sed
2040 4364 2163 4434 quia
2190 4364 2414 4420 conveni
2440 4373 2514 4430 te,
2543 4378 2607 4418 ac
2634 4378 2796 4433 super
2823 4363 2906 4417 his
2933 4377 3040 4432 qua
3072 4361 3267 4418 licebat
3297 4371 3476 4419 auste~

1896 4462 2056 4516 ritate
2105 4459 2340 4529 corripui
2367 4500 2379 4522 ,
2438 4457 2758 4529 respondisti
2809 4471 3001 4526 parum
3032 4457 3159 4526 quid
3187 4471 3306 4511 esse
3334 4457 3477 4524 quod

1897 4552 2081 4607 datum
2113 4562 2214 4616 est,
2248 4565 2346 4604 nec
2375 4549 2448 4604 rei
2478 4549 2694 4603 modum
2727 4547 2962 4602 tenuisse
2983 4547 3128 4617 quod
3151 4547 3305 4612 mihi,
3335 4545 3477 4601 fama

1897 4643 2190 4712 vulgante,
2245 4641 2507 4710 perlatum
2555 4650 2658 4696 est.
2712 4639 2792 4693 Ad
2827 4641 2969 4712 quod
3026 4656 3148 4712 ego.
3193 4640 3481 4710 aliquando

1898 4734 2148 4808 guttatim
2175 4735 2350 4803 liquor
2383 4742 2623 4796 emanat,
2655 4732 2745 4801 qui
2775 4741 2954 4784 tamen
2983 4746 3082 4787 vas
3106 4745 3327 4802 prorsus
3355 4746 3484 4785 eva-

1898 4839 2058 4895 cziat;
2111 4831 2244 4884 uber
2289 4828 2450 4881 etiam
2500 4823 2923 4895 promptuarium
2952 4863 2967 4887 ,
3026 4824 3170 4882 unde
3215 4823 3486 4880 modicum

1899 4921 2023 4992 quid
2070 4920 2311 4988 quotidie
2363 4916 2566 4970 tollitur
2595 4960 2610 4984 ,
2651 4912 2870 4969 tandem
2917 4913 3210 4986 aliquando
3258 4929 3486 4968 vacuum

1898 5011 2189 5081 reperitur.
2230 5009 2473 5078 ldipsum
2520 5015 2707 5066 tamen
2745 5005 2887 5073 quod
2935 5019 3132 5074 parum
3181 5013 3234 5060 ct
3280 5003 3491 5074 perexi-

1899 5119 2061 5173 guum
2090 5101 2248 5163 dicis,
2280 5097 2572 5166 judicantis
2603 5094 2787 5152 omnia
2822 5093 3110 5152 scientiam
3142 5109 3246 5152 non
3288 5090 3490 5147 evadit.

1900 5181 2034 5252 Audi
2072 5193 2200 5262 quid
2235 5190 2494 5246 Jeremias
2548 5190 2695 5260 dicat
2745 5205 2758 5241 :
2809 5207 2825 5238 ι
2871 5187 3100 5244 Factum
3153 5195 3237 5240 est
3270 5183 3489 5237 verbum

1903 5286 2114 5310 nunt“:
2159 5285 2221 5310 ΑΔ
2259 5301 2343 5310 ..αλ
2386 5283 2565 5310 ,ἰείη-...-
2603 5305 2613 5310 -
2651 5284 2792 5310 ῘῘΛΛΛ
2842 5281 3110 5310 Αηηιηειέηιι
3149 5272 3488 5310 ῗΔηαηιΔΙὶΩΙΙ

2603 5305 2613 5310 -
2651 5284 2792 5310 ιἠηη
