3964 5310
521 273 630 332 323

1057 271 1118 329 S.
1157 267 1363 329 PETRI
1401 269 1688 329 DAMIANI
1724 270 1876 329 OPP.
1916 271 2099 332 PARS
2134 272 2268 331 SEU
2308 271 2548 332 TOMUS
2570 274 2614 331 I.
2653 305 2724 318 —
2759 274 2979 334 EPIST.
3012 277 3141 334 LIB.
3181 276 3318 336 VIII.

3682 281 3789 340 325

512 358 649 450 bum
681 390 893 447 Domini
924 397 1086 457 esset,
1111 397 1165 444 et
1194 390 1298 445 emi
1330 403 1516 461 agrum
1556 387 1625 445 ab
1663 387 1943 443 Ananehel
1990 388 2098 446 tilio
2123 390 2174 454 Α
2199 386 2386 460 plebes
2426 388 2771 445 molaribus
2821 391 3067 457 tradunt;
3099 392 3135 447 ii
3176 391 3429 447 nimirum
3481 399 3634 449 tanto
3662 408 3791 465 gra-

516 483 782 555 patruetis
830 480 955 546 mei,
1008 479 1100 549 qui
1143 487 1227 537 est
1270 480 1323 534 in
1368 478 1664 544 Anathoth,
1691 485 1748 533 et
1794 479 2019 550 appendi
2051 479 2103 535 ei

522 583 897 647 argumentum
955 583 1162 644 septem
1214 580 1444 628 statores
1488 580 1543 626 et
1588 570 1773 627 decem
1817 579 2104 643 argenteos

523 666 738 739 (larem.
765 669 962 736 um).
985 664 1165 735 (Ecce
1190 678 1352 733 quam
1374 662 1552 726 exilis,
1574 677 1736 732 quam
1755 675 1952 731 parvus
1972 673 2103 731 ager

510 754 608 811 ille
633 754 797 819 fuisse
830 753 1202 825 perpenditur,
1241 761 1299 807 ιιι
1324 753 1508 808 decem
1535 752 1801 807 duntaxat
1829 751 2101 821 argenteis

506 857 571 903 et
592 858 804 919 septem
848 847 1144 904 stateribus
1167 855 1460 911 eniteretur,
1489 854 1544 902 ot
1572 855 1749 903 tamen
1780 859 1945 915 super
1974 858 2099 907 eum

510 940 743 996 verbum
766 940 975 995 Domini
995 939 1063 995 ad
1086 952 1150 995 se
1170 937 1373 994 factum
1397 937 1656 1009 propheta
1686 943 1935 994 testatur.
1965 933 2099 991 Nam

506 1038 572 1086 at
599 1029 774 1087 eidem
804 1028 1054 1087 Ieremia:
1096 1031 1231 1084 tanti
1259 1028 1360 1083 fuit
1387 1025 1610 1097 agellus,
1639 1035 1697 1080 ut
1720 1026 1787 1080 de
1814 1040 1881 1081 eo
1911 1024 2056 1079 dicat
2082 1040 2095 1077 :

520 1136 543 1173 ς
578 1119 647 1175 Et
684 1119 876 1189 scripsi
913 1118 966 1173 in
1013 1117 1173 1182 libro,
1205 1124 1259 1172 et
1297 1115 1523 1186 signavi,
1566 1124 1621 1170 et
1648 1113 1864 1169 adhibui
1908 1119 2097 1180 testes,

506 1219 572 1271 et
620 1210 852 1282 appeodi
900 1217 1182 1279 argentum
1228 1208 1282 1262 in
1330 1214 1556 1270 statera,
1606 1214 1660 1261 et
1689 1203 1869 1273 accepi
1901 1204 2097 1258 librum

506 1303 875 1374 possessionis
904 1303 1195 1372 signatum,
1220 1299 1622 1368 stipulationes,
1646 1306 1701 1353 et
1728 1306 1843 1352 rata
1865 1305 1918 1352 et
1946 1297 2098 1368 signa

514 1392 815 1449 forinsecus
841 1392 1005 1454 (Ibid.
1031 1390 1086 1458 );
1121 1410 1139 1443 ι
1179 1398 1234 1445 et
1258 1390 1362 1443 alia
1398 1388 1549 1460 plura
1573 1403 1694 1454 quae
1720 1387 1810 1443 hic
1838 1386 2098 1442 adnotare

502 1466 919 1557 postponimus,
974 1499 1042 1540 ne
1102 1482 1375 1539 lastidium
1424 1480 1740 1553 legentibus
1768 1493 2094 1552 ingeramus.

512 1577 652 1639 Dum
697 1592 829 1648 ergo
870 1586 980 1633 tam
1024 1589 1188 1645 parva
1234 1575 1501 1645 possessio
1524 1589 1557 1627 a
1589 1573 1850 1643 propheta
1882 1581 1989 1624 tam
2015 1585 2098 1626 so-

512 1667 763 1726 lemniter
786 1668 1007 1734 emitur,
1038 1676 1099 1720 ut
1122 1667 1283 1721 etiam
1312 1665 1505 1721 divinae
1547 1664 1694 1720 vocis
1720 1662 1937 1718 oraculo
1961 1676 2096 1731 prat-

2204 478 2324 532 vius
2358 478 2674 548 delinquunt
2709 489 2914 550 quanto
2942 491 3003 535 et
3052 481 3389 552 sacrilegium
3445 484 3790 539 committere

2203 571 2619 636 cmivincuntur,
2652 574 2779 642 quia
2811 581 2867 627 et
2903 582 3085 627 sancta
3112 573 3417 643 profanant,
3443 585 3498 629 et
3524 577 3631 640 his,
3663 578 3786 646 qui-

2202 658 2304 715 bus
2331 660 2488 730 quasi
2536 662 2853 718 beneﬁcium
2902 673 3257 737 praerogatur,
3288 681 3553 721 venenum
3591 667 3787 725 lethale

2192 752 2511 829 propitiant.
2561 752 2699 821 Quid
2726 762 2810 808 est
2855 755 2996 809 enim
3049 756 3288 813 decimas
3330 756 3571 832 in‘usum
3618 772 3788 827 saecu-

2200 841 2395 901 lariqu
2426 855 2659 909 vertere,
2695 846 2794 900 nisi
2822 846 3160 901 mortiferum
3209 848 3290 903 eis
3333 848 3506 915 virus,
3528 864 3639 921 quo
3666 862 3784 920 per-

2188 942 2351 998 .eant,
2400 934 2698 990 exhibere?
2752 934 2867 991 Huc
2924 938 3134 993 accedit
3180 936 3324 1007 quod
3361 948 3418 995 et
3477 940 3781 1008 plebesanis

2194 1024 2339 1096 jnsta
2370 1026 2530 1082 datur
2566 1028 2797 1088 occasio.
2822 1040 2881 1082 ut
2910 1029 3222 1084 matricibus
3241 1031 3354 1085 suis
3382 1032 3632 1087 ecclesiis
3658 1033 3782 1087 obe-

2202 1120 2458 1174 dientiam
2487 1121 2829 1186 subtrahant,
2861 1130 2918 1177 ut
2943 1137 3050 1178 non
3076 1122 3157 1177 eis
3181 1122 3417 1203 legitima
3447 1124 3777 1187 decimarum

2203 1210 2403 1266 tributa
2426 1210 2768 1283 persolvant;
2800 1219 2853 1266 et
2878 1212 2993 1267 haec
3023 1227 3210 1267 revera
3242 1223 3365 1266 sunt
3394 1216 3615 1283 egregia
3642 1215 3776 1269 dona

2201 1301 2493 1373 pontificis,
2522 1303 2718 1375 quibus
2744 1303 2997 1358 nimirum
3031 1304 3205 1359 honor
3253 1305 3499 1360 ecclesiis
3528 1307 3735 1361 tollitur
3760 1326 3773 1361 :

2200 1395 2468 1463 accipient
2498 1396 2640 1465 quod
2673 1396 2831 1450 datur
2857 1396 2908 1450 in
2947 1396 3241 1465 perniciem
3284 1398 3533 1461 vertitur,
3554 1398 3778 1467 populus

2200 1503 2230 1555 a
2260 1486 2551 1555 Christiani
2583 1488 2717 1542 ritus
2759 1488 3060 1545 ohedientia
3096 1499 3395 1543 revocatur.
3445 1489 3527 1544 Ah
3559 1490 3644 1544 his
3672 1490 3776 1555 ,ita-

2199 1592 2305 1649 que
2356 1578 2633 1650 sacrilegis
2683 1581 2860 1645 donis,
2915 1579 3264 1635 dilectissime
3319 1578 3506 1645 frater,
3561 1597 3775 1635 manum

2200 1671 2438 1736 retrahc,
2485 1670 2668 1725 abhis
2711 1670 2951 1731 nefariis,
3012 1670 3360 1741 profanisque
3410 1673 3776 1729 contractibus

513 1764 744 1827 dicatis.
773 1759 1024 1831 Quaelibet
1044 1757 1398 1813 ecclesiastici
1421 1756 1562 1828 juris
1583 1754 1871 1815 haereditas
1894 1762 2095 1822 quanto
2127 1782 2168 1841 ῃ
2197 1776 2354 1818 cauta
2382 1778 2593 1833 semper
2633 1778 2699 1818 ac
2741 1763 3149 1834 diligentissima
3179 1773 3232 1818 te
3282 1765 3594 1835 provisione
3625 1780 3775 1819 com-

514 1855 582 1911 ad
610 1853 942 1909 vendendum
976 1849 1135 1906 debet
1181 1864 1300 1904 esse
1349 1847 1567 1912 terrori,
1610 1860 1675 1899 ex
1706 1860 1809 1915 qua
1847 1842 2097 1897 videlicet
2126 1918 2135 1921 ν

510 1948 758 2004 Christus
792 1946 846 2001 in
890 1944 1004 1999 suis
1042 1943 1202 1999 debet
1228 1940 1591 2011 indigentibus
1631 1937 1960 1993 sustentari?
1990 1935 2097 1990 Sed

512 2039 643 2109 quid
689 2038 755 2092 de
801 2036 1111 2103 venditione
1158 2032 1468 2103 loquimur?
1508 2046 1629 2085 cum
1664 2044 1767 2086 non
1799 2029 1959 2083 modo
2008 2042 2094 2093 ea,

514 2145 635 2199 quae
669 2128 1085 2198 empliyteuseos
1114 2133 1242 2179 sunt
1285 2123 1457 2177 locata
1500 2129 1816 2185 contractu,
1849 2118 1930 2173 vel
1970 2116 2095 2197 jure

504 2221 855 2293 proveniunt,
897 2218 1011 2273 sive
1037 2218 1200 2273 etiam
1230 2230 1350 2285 quae
1381 2212 1645 2268 libellario
1674 2211 1889 2266 nomine
1919 2209 2097 2278 pensi-

513 2322 715 2376 tantnr,
751 2311 846 2368 sed
876 2310 965 2369 illa
994 2324 1230 2380 quoque,
1275 2322 1395 2376 qua:
1425 2307 1522 2361 sub
1550 2304 1691 2359 nudo
1732 2303 1977 2360 beneficii
2006 2318 2096 2359 v0-

500 2400 701 2458 cabulo
754 2399 1041 2455 saeculares
1095 2396 1389 2468 accipiunt,
1446 2395 1688 2450 revocari
1740 2394 1807 2449 de
1860 2403 2089 2455 cancro.

498 2502 671 2562 atque
724 2491 934 2548 restitui
1002 2488 1249 2545 ecclesiis
1307 2486 1451 2543 Iltlllt)
1504 2486 1663 2540 modo
1716 2482 1970 2555 possunt?
2016 2484 2143 2541 lta..

507 2581 704 2653 quippe
741 2596 932 2639 manus
962 2579 1325 2649 diripientium
1371 2576 1650 2633 diabolicae
1683 2574 1905 2630 tenacia:
1933 2574 2093 2644 gluti-

502 2674 593 2737 nis
623 2674 978 2737 inviscantur,
1009 2680 1070 2729 ut
1096 2670 1337 2741 quolibet
1382 2671 1539 2725 modo
1564 2669 1729 2723 semel
1760 2668 2089 2736 acceperint,

492 2766 750 2826 ecclesiis
802 2765 1025 2822 reddere
1053 2780 1148 2827 sua
1180 2764 1321 2821 bona
1363 2761 1671 2819 nullatenus
1709 2761 2088 2830 acqnicsranl;

504 2867 698 2916 etnon
740 2857 907 2917 modo
955 2856 1076 2928 ipsi,
1104 2854 1233 2911 dum
1277 2854 1465 2908 vivunt
1491 2894 1506 2920 ,
1554 2851 1909 2924 proprietario
1936 2848 2088 2921 quasi

486 2950 624 3021 jure
646 2950 984 3022 possideant,
1014 2948 1109 3007 sed
1135 2948 1188 3003 in
1214 2957 1461 3019 posteros
1486 2947 1569 3000 sui
1596 2945 1852 3016 germinis
1879 2944 2090 2997 eminus

502 3041 825 3112 possidenda
876 3038 1264 3097 transmittant.
1315 3039 1508 3094 Petunt
1545 3038 1636 3092 tibi
1682 3037 1965 3092 smculares
2001 3052 2091 3090 cc-

2196 1869 2375 1925 pesce.
2410 1853 2567 1909 Prius
2601 1854 2831 1915 animas,
2870 1853 2962 1908 tibi
3000 1855 3335 1919 connnissas,
3378 1855 3576 1911 deinde
3612 1856 3775 1909 etiam

2197 1942 2479 1999 facultates
2534 1944 2777 2000 ecclesia:
2810 1955 2915 1999 tam
2949 1944 3194 2015 pervigili
3243 1960 3455 2017 semper
3482 1945 3776 1999 attentione

2190 2036 2457 2109 guberna,
2482 2044 2537 2089 ut
2564 2035 2738 2089 stadio
2779 2036 2852 2089 tui
2894 2035 3165 2091 villicatus
3201 2050 3442 2102 emenso,
3481 2050 3611 2101 non,
3634 2034 3775 2106 quod

2197 2130 2358 2194 absit,
2401 2128 2645 2184 ecclesiae
2694 2128 3001 2199 dissipator,
3038 2130 3128 2183 sed
3157 2126 3388 2183 celebris
3441 2128 3601 2183 fama
3630 2128 3777 2183 testi-

2195 2220 2378 2287 monio
2426 2229 2610 2275 custos
2658 2219 2857 2273 dicaris
2888 2228 2941 2273 et
2968 2228 3174 2289 pastor.
3208 2218 3467 2286 Obsecro,
3489 2219 3681 2282 frater,
3711 2234 3775 2273 ne

2193 2312 2414 2383 gravius
2440 2310 2531 2365 tibi
2561 2311 2805 2364 videatur
2833 2314 2935 2363 ista
2965 2311 3251 2382 correptio.
3280 2310 3415 2365 Nam
3436 2312 3561 2382 quia
3589 2321 3773 2366 nostro

2193 2402 2372 2457 studio
2416 2409 2469 2457 te
2526 2409 2840 2470 provectum
2908 2401 2973 2454 ad
3022 2402 3366 2471 episcopatus
3410 2402 3619 2472 apicem
3670 2416 3773 2456 non

2195 2493 2433 2566 ignoras,
2455 2493 2673 2565 dignum
2692 2502 2768 2546 est
2783 2534 2795 2553 ,
2816 2501 2873 2546 ut
2896 2492 3037 2547 sicut
3058 2494 3466 2562 provehentem,
3486 2493 3557 2548 ita
3584 2492 3777 2549 nihilo-

2193 2583 2372 2639 minus
2442 2591 2497 2637 et
2554 2582 2968 2653 redarguenlem
3042 2583 3329 2654 aliquando
3397 2583 3775 2654 aequanimiter

2193 2676 2355 2734 feras.
2381 2673 2517 2729 Nam
2547 2685 2601 2731 et
2626 2676 2739 2746 ipse
2765 2675 3024 2730 Dominus
3052 2675 3270 2730 Petrum
3297 2676 3589 2730 universali
3622 2676 3772 2744 prius

2194 2766 2447 2822 Ecclesia:
2486 2766 2741 2838 pratulit,
2793 2766 2988 2822 deinde
3030 2768 3177 2837 gravi
3224 2768 3661 2838 reprehensionis
3691 2768 3774 2822 iu-

2192 2858 2437 2915 vectioue
2482 2857 2740 2929 pulsavit.
2774 2855 2905 2913 Nam
2954 2873 3077 2914 cum
3126 2858 3332 2914 diceret
3365 2877 3378 2912 :
3418 2874 3436 2910 ι
3475 2857 3597 2914 Tibi
3641 2858 3775 2916 dabo

2192 2948 2369 3006 claves
2428 2949 2577 3020 regni
2624 2948 2906 3013 caelorum,
2957 2958 3012 3005 et
3075 2949 3434 3020 quodcunque
3487 2948 3773 3022 ligaveris,

2192 3039 2306 3094 sive
2353 3040 2578 3094 solveris
2606 3055 2769 3111 super
2802 3049 2999 3095 terram
3022 3082 3036 3105 ,
3071 3039 3326 3112 ligabitur
3371 3048 3424 3095 et
3455 3039 3699 3096 solvetur
3723 3040 3776 3096 in

486 3130 808 3189 -clesiastica
832 3128 1058 3201 przedia,
1104 3130 1442 3198 importunos
1490 3143 1548 3182 se
1579 3128 1847 3197 ingerunt,
1880 3123 2086 3211 suppli-

2210 3129 2740 3202 'mlis_(Mauh.lxvt);
2768 3154 2783 3181 ›
2814 3131 2973 3202 paulo
2990 3135 3255 3202 posticum
3286 3140 3391 3186 tam
3420 3141 3638 3187 austere
3657 3147 3777 3187 cor-

494 3234 695 3289 .cantes
722 3223 983 3283 insistunt
1005 3261 1020 3287 ,
1049 3230 1105 3275 et
1126 3236 1237 3283 non
1270 3222 1371 3276 sub
1398 3220 1873 3290 astipulationibus
1913 3217 2087 3272 ιιιυηὶ-

492 3316 695 3380 Jnenti,
718 3315 817 3372 sed
861 3322 1069 3381 tantum
1098 3311 1238 3369 forte
1263 3312 1477 3367 nomine
1508 3311 1775 3373 benefit-ii,
1803 3311 1945 3380 quod
1982 3310 2087 3364 uti-

506 3422 612 3477 que
639 3406 973 3465 tantumdem
1004 3413 1107 3471 est,
1150 3420 1216 3459 ac
1241 3405 1286 3459 si
1315 3405 1664 3459 adamantino
1703 3403 1848 3474 stylo
1892 3402 2088 3459 tabulis

494 3498 663 3563 areis
696 3496 1083 3552 scriberentur.
1135 3494 1368 3550 Veniunt
1403 3495 1584 3565 itaque
1611 3494 1677 3547 ad
1727 3503 1797 3557 te,
1848 3494 2088 3547 dicentes

503 3607 628 3648 cum
652 3591 842 3649 Achab
868 3604 993 3661 rege
1018 3588 1279 3645 Samaria:
1312 3606 1325 3640 :
1359 3608 1377 3640 ‹
1416 3587 1489 3642 Da
1516 3588 1643 3642 mihi
1676 3587 1885 3641 vineam
1916 3596 2083 3649 tuam,

438 3660 457 3673 0
504 3695 565 3741 ut
588 3684 787 3743 faciam
819 3660 951 3739 mihi
996 3682 1212 3739 hortum
1257 3681 1487 3745 olerum,
1519 3681 1644 3750 quia
1690 3680 1863 3733 vicina
1902 3687 2005 3743 est,
2033 3685 2090 3733 et

500 3789 671 3845 prope
738 3773 960 3829 domum
1012 3787 1186 3827 meam
1235 3769 1353 3842 (III
1407 3768 1531 3840 Reg.
1588 3777 1721 3839 xxv).
1771 3788 1788 3821 ι
1833 3767 1910 3824 Tu
1962 3782 2087 3822 cum

502 3866 712 3923 Naboth
758 3864 1042 3922 Jezraelite
1071 3872 1268 3935 praesto
1310 3862 1574 3932 responde
1605 3880 1616 3915 :
1664 3882 1682 3912 ι
1717 3860 1989 3932 Propitius
2018 3860 2089 3914 sit

503 3948 633 4014 mihi
662 3959 939 4022 Dominus,
967 3972 1034 4012 ne
1059 3958 1180 4012 dem
1210 3957 1573 4011 hereditatem
1597 3962 1811 4024 patrum
1843 3968 2084 4009 meormn

492 4051 600 4107 .tihi
631 4050 819 4122 (una)
846 4088 869 4105 .
905 4068 926 4101 ι

480 4192 481 4195 η
575 4150 845 4207 Praeterea
869 4165 973 4206 non
1026 4150 1243 4221 ignoras
1284 4148 1430 4218 quia,
1462 4164 1583 4205 cuni
1618 4163 1646 4201 a
1694 4146 2086 4217 paenitentibus

506 4253 681 4298 terras
703 4238 1015 4309 accipimus,
1045 4241 1201 4311 juxta
1247 4254 1559 4295 mensuram
1607 4239 1845 4293 muneris
1893 4239 1971 4293 eis
2019 4238 2086 4301 de

501 4330 1147 4404 quantitateipmnitentize
1162 4329 1486 4394 relaxamns,
1503 4329 1659 4399 125
1675 4331 1807 4383 sicut
1825 4330 2085 4400 scriptum

482 4436 630 4487 .est:
670 4406 872 4481 Divitiae
914 4422 1177 4489 hominis,
1227 4423 1508 4492 redemptio
1545 4423 1657 4491 ejus
1699 4419 1879 4490 (Prov.
1941 4422 2083 4495 xm).

502 4515 785 4587 Perpende
814 4515 997 4586 igitur,
1029 4524 1083 4570 et
1115 4529 1351 4584 congrua
1393 4514 1600 4568 ratione
1627 4515 1905 4570 considera
1937 4516 2085 4585 quia,
2120 4519 2165 4577 υ

502 4610 645 4666 sicut
669 4610 715 4664 is
736 4608 829 4678 qui
850 4607 1046 4678 praedia
1076 4607 1282 4676 praebet
1314 4606 1581 4669 ecclesiis,
1613 4607 1944 4675 poenitentiae
1977 4623 2090 4665 suae

502 4700 740 4771 pondere
796 4699 987 4756 merito
1047 4697 1332 4768 levigatur,
1381 4698 1462 4752 sic
1512 4696 1600 4752 ille
1647 4698 1736 4767 qui
1794 4695 2085 4766 subtrahit,

503 4793 793 4852 subeunda:
837 4792 1171 4863 paniteutiae
1214 4792 1374 4862 digna
1405 4791 1916 4862 mole-deprimitur.
1949 4788 2085 4849 Nam

502 4884 551 4940 si
600 4885 755 4940 dator
799 4884 1117 4948 absolvitur,
1170 4898 1506 4953 consequens
1564 4892 1647 4938 est
1690 4895 1749 4937 ut
1790 4892 2087 4954 praereptor

506 4973 736 5018 vinculis
781 4973 1089 5020 innmletnr-
1138 4981 1396 5022 tantamne
1455 4975 1541 5022 hic
1596 4974 1778 5024 debito
1835 4982 2085 5026 teneatur

2190 3221 2378 3291 ripuit,
2411 3231 2468 3275 ut
2512 3221 2756 3276 diceret:
2793 3239 2811 3271 ι
2852 3221 2996 3275 Vade
3024 3232 3145 3292 post
3175 3237 3294 3287 me,
3347 3221 3579 3289 Sataua,
3618 3237 3778 3278 scan-

2190 3313 2369 3366 dalum
2403 3328 2462 3366 es
2487 3312 2641 3377 mihi,
2673 3311 2797 3381 quia
2833 3327 2937 3367 non
2967 3314 3115 3383 sapis
3143 3329 3205 3368 ea
3232 3328 3352 3383 qua:
3384 3313 3478 3369 Dei
3506 3323 3657 3380 sunt,
3682 3322 3775 3369 sed

2187 3416 2251 3456 ea
2313 3417 2432 3473 qua:
2470 3403 2744 3456 hominum
2782 3422 2800 3454 ›
2838 3404 2855 3474 ζ
2872 3401 3061 3473 Ibid.).
3111 3402 3168 3458 In
3198 3417 3306 3474 quo
3332 3403 3593 3458 nimirum
3621 3403 3775 3460 nobis

2191 3492 2337 3547 dedit
2364 3491 2693 3563 exemplum,
2725 3503 2784 3547 ut
2808 3510 2945 3564 quos
2974 3496 3039 3547 ad
3069 3493 3293 3549 honoris
3321 3493 3537 3549 culmen
3568 3493 3773 3549 attolli-

2192 3599 2330 3649 mus,
2363 3584 2464 3639 sub
2501 3584 2795 3654 disciplinze
2827 3600 3039 3657 semper
3071 3586 3384 3659 magisterio
3410 3584 3773 3649 refrenemus,

2189 3683 2243 3729 et
2275 3691 2343 3737 ne
2384 3676 2481 3746 ipsi
2510 3692 2571 3731 se
2599 3676 2943 3733 lenocinante
2976 3678 3192 3752 fastigio
3225 3677 3571 3748 in‘superbiaa
3594 3687 3777 3750 tyran-

2192 3769 2368 3823 nidem
2399 3769 2631 3839 erigant,
2668 3769 2912 3840 lllaglslt‘l
2944 3784 3037 3826 eos
3090 3771 3349 3827 custodia:
3394 3786 3504 3825 sua:
3534 3769 3775 3826 calcibus

2190 3871 2456 3929 premant.
2632 3864 2640 3873 ‘

2721 3948 3049 4007 EPISTOLA
3100 3950 3234 4006 XIII.

2547 4058 2613 4096 AD
2653 4059 2703 4095 ν.
2731 4056 3020 4097 ειιιεοοιιωί
3060 4057 3414 4099 ελκεικλτεκ.

2160 4134 2163 4137 ’
2189 4127 2585 4208 Ancuusuruu.
2613 4164 2680 4172 —
2705 4132 3260 4208 ASarsinatigepiscopo
3274 4134 3482 4208 gratias
3508 4135 3776 4208 agitquod

2256 4204 2508 4276 juvenem
2533 4205 2816 4276 quemdam
2835 4204 3107 4273 prteclarae
3124 4204 3333 4276 indolis,
3362 4208 3456 4261 sed
3481 4204 3612 4260 casu
3642 4204 3775 4276 pau-

2262 4275 2577 4398 perrimum.
2632 4275 2792 4345 126
2812 4290 2969 4343 quem
3019 4276 3134 4343 ipse
3149 4274 3219 4329 illi
3275 4274 3775 4343 commendaverat,

2287 4345 2497 4398 ibenter
2521 4349 2803 4398 ainutexus
2819 4354 2967 4398 esset
2987 4349 3199 4398 etomni
3233 4345 3576 4398 liberalitatis
3601 4346 3775 4398 adicio

2287 4345 2497 4399 ibenter
2521 4349 2803 4415 amplexus
2819 4354 2967 4399 esset
2987 4349 3199 4403 etomni
3233 4345 3576 4403 liberalitatis
3601 4346 3775 4405 oﬂicio

2262 4416 2444 4488 fovere
2493 4433 2601 4488 non
2638 4424 2898 4488 cessaret.
2950 4415 3206 4471 Hortatur
3243 4426 3302 4471 ut
3348 4425 3535 4488 pergat
3582 4420 3649 4474 de
3688 4433 3773 4483 eo,

2264 4486 2371 4540 imo
2402 4487 2467 4543 de
2497 4487 2629 4547 Deo,
2660 4486 2875 4555 pietatis
2903 4488 3157 4553 operibus
3192 4488 3327 4541 bene
3350 4486 3583 4541 ‘n-e'rcri.
3619 4489 3776 4545 Obte-

2267 4565 2446 4629 statur
2470 4568 2687 4629 «pioque
2722 4566 2962 4629 utqsuani
3002 4557 3228 4611 salutem
3257 4573 3361 4629 non
3386 4560 3643 4629 negligat,
3678 4572 3774 4614 nec

2265 4626 2410 4680 velut
2434 4626 2678 4693 lethargo
2699 4627 2906 4696 sopitus
2921 4625 3124 4693 jaceat,
3148 4629 3241 4682 sed
3269 4627 3440 4682 ﬂuxas
3459 4625 3772 4684 inti-talium

2265 4712 2404 4767 spes,
2447 4697 2847 4771 lit'cvissitntuu,
2885 4709 2939 4771 ct
2977 4714 3176 4769 anceps
3207 4700 3328 4754 vitae
3355 4698 3774 4771 proximumque

2262 4778 2317 4822 et
2342 4767 2703 4840 certissimum
2740 4769 2928 4821 mortis
2951 4767 3158 4836 tempus
3185 4780 3307 4825 ante
3342 4767 3530 4823 Oculos
3558 4767 3768 4840 ponat:

2260 4837 2616 4906 caelestesque
2648 4839 3087 4907 etisaupiteruas
3136 4854 3233 4907 pro
3264 4840 3495 4893 terrenis
3517 4837 3576 4892 et
3604 4840 3770 4893 cadu-

2259 4909 2490 5026 cizdpliils
2534 4909 2590 4962 in
2620 4906 2759 4965 cado
2785 4917 3002 4976 paratas
3044 4906 3177 4979 opes
3202 4911 3417 4965 assidua
3445 4910 3772 4981 cogitatione

2259 4994 2310 5026 m
2386 4995 2399 5026 I
2447 5021 2456 5026 .
2485 4994 2568 5026 lll'.

2259 4986 2568 5026 meditetur.
