3964 5310
237 333 344 388 523

1383 325 1586 384 LlBER
1625 324 1976 396 QUARTUS,
2007 325 2230 386 EPIST.
2265 327 2378 386 XV.

3397 341 3506 404 590

237 451 554 524 suppliciter
579 449 828 508 obsecro,
870 415 1078 514 perﬁce
1109 455 1228 512 qua:
1267 442 1504 514 ccepisti,
1553 441 1734 512 planta
1767 441 1820 495 in
1849 449 1895 508 Α
1925 441 2025 496 bus
2053 442 2307 514 cingitur,
2345 444 2670 502 habitamus.
2711 446 2806 504 llis
2853 463 2998 522 ergo
3029 451 3202 522 portis
3231 469 3384 512 seras
3405 473 3504 530 ap.

235 549 393 602 horto
425 543 686 599 Ecclesia
747 549 852 594 tuae
886 537 1181 600 surculum.
1215 552 1373 607 quem
1423 537 1492 592 ab
1541 537 1686 592 omni
1721 537 1822 590 hu-

233 621 380 694 mani
409 633 666 706 adjutorii
693 631 874 685 radice
903 628 1210 700 praecisum,
1259 627 1358 680 sub
1388 625 1577 680 umbra
1605 625 1820 680 miseri-

231 732 432 788 cordiae
460 737 566 782 tute
596 723 994 786 absconditum,
1027 719 1160 775 mori
1197 733 1366 788 usque
1395 719 1556 772 modo
1578 733 1681 772 non
1701 733 1821 787 per-

231 823 540 888 misisti,ne
582 833 742 890 quem
775 827 878 870 tute
903 812 1120 884 pietatis
1153 811 1348 865 humor
1379 811 1445 862 ad
1478 819 1688 878 tempus
1707 823 1822 862 scr-

227 925 342 980 vat,
371 922 539 970 matus
589 907 932 980 postmodum
981 904 1203 958 veniens
1258 901 1438 956 nimiae
1487 899 1820 972 paupertatis

227 1017 374 1064 urat.
405 1005 517 1061 Sed
541 1019 641 1059 cur
679 1015 780 1073 ego
810 997 1126 1072 magistrum
1153 995 1355 1050 doceo?
1382 995 1460 1048 sic
1499 994 1640 1047 circa
1672 991 1820 1046 illum

225 1109 439 1169 satage,
467 1092 844 1156 dilectissime,
897 1104 1004 1142 non
1048 1093 1106 1140 ut
1153 1099 1272 1140 mea
1319 1085 1548 1140 balbutit
1607 1083 1818 1156 ignavia

225 1201 436 1262 petere,
463 1191 556 1245 sed
591 1188 732 1244 sicut
784 1183 1094 1240 acutissima
1144 1189 1230 1236 tua
1289 1177 1572 1250 prudentia
1625 1175 1818 1238 animae

225 1300 337 1339 sua:
363 1281 616 1356 providet
644 1276 918 1348 expedire.

295 1377 374 1432 De
401 1387 624 1438 cetero,
648 1370 1024 1432 dilectissime,
1055 1367 1177 1420 vide
1197 1364 1326 1436 quid
1351 1379 1500 1436 agas,
1531 1361 1816 1418 considera

225 1469 290 1520 ad
323 1481 488 1534 quem
519 1463 681 1518 linem
705 1463 821 1516 haec
843 1469 933 1512 tua
965 1455 1332 1528 tranquillitas
1355 1453 1558 1510 tendat.
1583 1451 1628 1510 Ο
1651 1467 1815 1522 quam

225 1558 488 1612 miserum
515 1564 599 1609 est
649 1554 704 1608 in
755 1552 914 1620 hujus
957 1549 1139 1605 sreculi
1191 1548 1553 1618 prosperitate
1605 1547 1815 1600 modico

223 1658 470 1718 tempore
495 1647 702 1708 vivere,
729 1652 784 1698 et
836 1643 902 1696 ad
931 1641 1119 1696 aeterni
1173 1640 1313 1710 ignis
1341 1637 1648 1692 incendium
1683 1652 1816 1706 quo-

199 1739 356 1792 ‘tidie
379 1736 583 1790 clausis
613 1732 785 1788 oculis
821 1731 963 1785 velut
1011 1731 1062 1783 in
1095 1729 1288 1784 lectica
1341 1728 1574 1800 positum
1625 1742 1814 1798 prope-

1925 533 2196 604 ponimus,
2247 535 2332 592 his
2379 539 2654 610 repagula,
2687 552 2868 598 vectes
2901 557 2962 598 ac
2990 545 3233 614 pessulos
3281 549 3507 608 adbibe—

1925 641 2065 690 mus.
2098 641 2218 680 cum
2245 643 2499 682 sensuum
2535 641 2842 688 nostrorum
2865 634 3042 689 aditus
3073 653 3102 690 a
3125 637 3272 694 vitiis
3297 641 3508 700 irruen-

1925 716 2068 770 tibus
2083 733 2144 770 ac
2169 720 2351 774 nnmdi
2371 721 2700 778 vanitatibus
2727 723 2952 780 sollicite
2979 729 3332 786 custodimus.
3353 731 3508 790 Tunc

1921 807 2065 863 cnim
2117 821 2300 864 nostra
2349 811 2655 884 Pcutapolis
2687 816 2968 872 incolumis
3001 819 3208 890 integra
3247 839 3504 894 perseve-

1923 909 2028 966 rat,
2059 917 2179 956 cum
2213 903 2324 958 suis
2348 915 2598 960 contenta
2633 907 2912 976 limitibus,
2949 927 3049 967 nec
3077 915 3144 966 ad
3175 915 3362 972 hostes
3389 919 3506 990 ipsa

1923 992 2217 1048 insolenter
2245 997 2540 1066 egreditur,
2571 1014 2668 1052 nec
2695 1001 2775 1056 eis
2822 1003 3125 1076 irrumpere
3155 1008 3506 1066 molientibus

1921 1085 2178 1156 aperitur,
2210 1097 2264 1139 ut
2311 1087 2558 1142 vidclicct
2611 1105 2761 1148 mens
2807 1103 2991 1154 nostra
3035 1098 3087 1152 in
3143 1102 3343 1156 montis
3374 1101 3505 1158 Sion

1919 1191 2044 1230 arce
2075 1178 2408 1244 consistens,
2442 1195 2560 1250 qum
2609 1199 2822 1238 sursum
2852 1196 2978 1242 sunt
3007 1199 3236 1256 quaerat,
3283 1207 3390 1247 non
3437 1193 3508 1248 ad

1921 1269 2152 1324 carnalis
2181 1271 2446 1328 illecebrze
2475 1273 2613 1328 ﬂuxa
2658 1275 2974 1330 dcsccmlat.
3009 1279 3090 1336 Ad
3142 1281 3286 1336 illam
3315 1283 3510 1340 Hieru-

1917 1359 2108 1424 salem,
2133 1377 2252 1430 qua:
2283 1379 2496 1418 sursum
2542 1375 2624 1419 est
2653 1365 2846 1428 libera.
2874 1379 2928 1422 et.
2955 1381 3038 1426 cst
3081 1382 3254 1428 mater
3295 1383 3507 1442 nostra,

1915 1454 2172 1522 suspiret,
2205 1455 2350 1508 illam
2384 1473 2512 1510 Vero
2562 1475 2681 1530 qua:
2729 1463 2916 1527 servit,
2957 1479 3079 1520 cum
3107 1465 3234 1524 ﬁliis
3271 1470 3386 1524 suis
3413 1470 3510 1536 de-

1917 1545 2153 1614 spiciens
2203 1547 2395 1602 calcet.
2451 1547 2701 1618 Alioquin
2749 1553 2794 1606 si
2839 1553 2890 1606 in
2935 1553 3126 1610 vallem
3175 1557 3502 1628 silvestrem,

1915 1649 2036 1704 qua:
2059 1651 2201 1688 nunc
2241 1646 2327 1690 est
2383 1653 2533 1692 mare
2584 1639 2734 1706 salis,
2772 1641 2838 1696 ad
2868 1641 3344 1702 Gomorrhaeorum
3375 1665 3504 1719 pro-

1915 1725 2192 1793 grediatur
2218 1727 2544 1796 exemplum,
2581 1729 2684 1782 hoc
2711 1740 2815 1794 est,
2843 1733 2887 1786 si
2917 1732 3266 1794 infructuosa:
3291 1739 3416 1794 vitae
3445 1753 3508 1796 se

223 1829 377 1882 rare!
431 1826 564 1893 Quis
612 1825 736 1888 scit,
789 1837 952 1892 quam
1010 1822 1310 1892 propinqua
1353 1829 1439 1874 est
1483 1835 1649 1882 mors,
1693 1817 1888 1888 quaeB
1919 1813 1973 1868 in
2023 1815 2128 1869 ima
2178 1817 2412 1892 dcjiciat,
2466 1817 2510 1870 si
2565 1828 2794 1874 terrerue
2848 1823 3130 1892 sapientiae
3178 1826 3507 1895 salsuginem

223 1933 366 1971 nunc
397 1915 690 1985 improvisa
722 1912 867 1966 velut
897 1911 948 1964 in
981 1911 1190 1965 insidiis
1218 1910 1416 1972 latitat,
1439 1923 1600 1976 quam
1633 1909 1812 1964 brevis

155 1997 158 1999 Α
219 2009 502 2075 vita,qnae
549 2001 922 2058 fraudulenter
969 2001 1250 2054 blandiens
1305 2014 1567 2070 prospera
1619 2007 1810 2052 cuncta

221 2095 521 2151 ministrat.
549 2093 656 2148 Sed
690 2093 819 2162 quia
851 2087 990 2161 apud
1017 2087 1403 2159 sapientiorem
1433 2087 1556 2158 plus
1587 2087 1811 2141 forsitan

219 2187 374 2241 valeo
419 2183 692 2256 precando
747 2197 910 2252 quam
953 2181 1317 2251 praedicando,
1369 2181 1594 2234 obsecro
1632 2187 1699 2242 te,
1727 2178 1812 2232 di-

219 2275 518 2330 lectissime
563 2282 722 2343 pater
779 2281 832 2326 et
877 2269 1116 2336 domine,
1167 2285 1264 2340 per
1315 2269 1497 2324 Jesum
1547 2267 1808 2332 excitare.

220 2370 624 2441 expergiscere,
657 2366 869 2438 evigila,
916 2365 1064 2434 aperi
1118 2363 1322 2426 oculos,
1357 2365 1564 2432 respice
1591 2361 1810 2428 ccelnm,

217 2471 270 2516 et
299 2477 398 2531 per
421 2467 814 2514 momentaneae
853 2455 1116 2511 illusionis
1147 2455 1416 2509 somnium
1459 2469 1563 2507 non
1617 2453 1814 2524 perdas

220 2555 616 2624 sempiternum
685 2565 828 2604 vera:
898 2547 1248 2603 beatitudinis
1307 2545 1609 2616 praemium.
1661 2543 1810 2614 Rogo

220 2646 383 2699 etiam
411 2645 476 2699 de
505 2643 828 2699 charissima
857 2649 912 2694 et
941 2639 1252 2694 dulcissimo
1303 2637 1469 2691 fratre
1497 2637 1730 2691 Henrico
1755 2645 1815 2690 ut

221 2751 344 2791 eum
375 2735 518 2806 apud
555 2745 608 2788 te
661 2733 808 2787 velut
862 2732 1240 2792 charissimam
1287 2729 1454 2782 [ilium
1487 2737 1710 2796 teneas,
1761 2741 1816 2784 et

219 2841 460 2879 amorem
495 2823 598 2878 sibi
631 2833 871 2894 paternae
901 2821 1183 2876 charitatis
1214 2821 1512 2889 impendas,
1543 2830 1813 2892 quatenus

221 2931 498 2986 nunquam
525 2913 676 2967 illum
706 2913 956 2983 praeconii
989 2911 1270 2981 laudisque
1301 2913 1582 2981 pteniteat,
1606 2927 1726 2982 qua:
1747 2911 1814 2968 de

223 3019 294 3072 te,
321 3019 650 3078 quocunque
679 3005 821 3070 ierit,
845 3003 1052 3058 reicrre
1081 3019 1184 3056 non
1219 3011 1415 3057 cessat.
1439 3001 1584 3056 Bene
1609 3003 1810 3072 valeas,

217 3111 270 3154 et
301 3101 354 3154 in
385 3099 558 3153 sacris
588 3096 924 3152 orationibus
953 3097 1062 3151 tuis
1091 3095 1198 3150 mei
1247 3095 1550 3170 peccatoris
1601 3109 1812 3166 memo-

221 3193 353 3247 riam
375 3191 642 3260 deprecor
663 3195 722 3243 ut
758 3187 981 3244 habeas.
1709 3217 1714 3220 -
1761 3173 1764 3178 ’

747 3303 1082 3360 EPISTOLA
1127 3271 1266 3358 xiv.

755 3411 823 3450 an
861 3411 914 3450 v.
954 3410 1263 3464 Episcopal.

426 3491 694 3566 (Habetur
721 3499 849 3546 tom.
891 3487 950 3544 ΙΙ
962 3487 1010 3554 1,
1046 3497 1220 3558 estque
1263 3501 1444 3558 opusc.
1475 3483 1594 3558 26.)

669 3581 828 3652 ιε’]
871 3576 1202 3634 EPISTOLA
1239 3577 1359 3632 xv.

731 3688 824 3744 ‘AD
863 3687 914 3726 ν.
955 3685 1270 3726 Εριεοοιδυιι.

216 3767 610 3822 Assenserunt.
643 3795 714 3805 —-
740 3761 1010 3834 Quinque‘
1035 3763 1280 3834 corporis
1329 3765 1555 3834 sensus,
1611 3772 1812 3834 quibus

287 3839 550 3908 neglectis
581 3837 636 3891 in
663 3829 980 3908 turpissima
1007 3829 1212 3908 scelera
1239 3833 1488 3908 homines
1515 3829 1810 3908 prolabun-

289 3901 404 3970 ιιιιῆ
437 3919 686 3978 utquam
711 3901 1033 3978 arctissima:
1065 3903 1361 3978 disciplinze
1383 3901 1630 3958 custodia
1655 3915 1812 3978 coen-

285 3972 862 4046 ceanturfprudenter
911 3975 1184 4036 admonet,
1217 3975 1642 4046 epiSCOpumque
1685 3972 1816 4046 hor-

289 4059 454 4112 tatur,
487 4043 548 4102 ut
568 4043 678 4104 non
729 4047 891 4100 modo
932 4047 1049 4114 ipse
1082 4046 1203 4116 hoc,
1231 4053 1491 4116 ριίιιεςιιξι,Δ
1519 4043 1616 4098 sed
1640 4043 1812 4116 etiam

285 4119 437 4184 alios,
471 4119 565 4190 qui
599 4131 711 4172 sure
741 4133 885 4190 curae
933 4113 1390 4190 c’onnnissi'sunt,
1440 4113 1582 4167 idem
1629 4113 1811 4166 facere

281 4186 604 4260 compellat,
635 4195 690 4242 et
721 4187 988 4260 praecipue
1013 4195 1073 4240 ut
1103 4187 1154 4239 in
1183 4186 1525 4260 presbyteros
1547 4191 1810 4260 et__sac_er-

281 4253 437 4318 dotes
459 4263 514 4316 in
534 4264 632 4314 hac
653 4275 710 4314 re
722 4253 1064 4330 potissimum
1085 4253 1396 4330 peccantes,
1417 4254 1556 4330 nulla
1579 4253 1816 4330 dignita-

257 4349 260 4352 ‘
283 4335 373 4400 tis,
401 4344 459 4386 ut
483 4323 887 4400 :etatis,‘b'abita
917 4323 1272 4400 ration—equino
1301 4335 1360 4380 ut
1385 4325 1612 4400 quisque
1633 4323 1814 4390 digna.-

285 4394 430 4459 tione
473 4394 708 4456 maxime
751 4399 954 4464 anteit,
1011 4394 1358 4452 severissime
1395 4394 1810 4449 animadvertat.

283 4496 496 4558 Domno
541 4490 610 4545 V.
663 4488 1126 4548 reverendissimo
1177 4489 1454 4557 episcopo,
1510 4495 1565 4540 ct
1605 4483 1811 4538 sanctis

1915 1917 2144 1980 quaerat,
2177 1924 2300 1963 mox
2329 1909 2483 1964 hoste
2513 1910 2792 1965 victoriam
2815 1913 3096 1970 obtinente
3119 1919 3502 1987 prosternitur,

1913 2003 2168 2074 quoniam
2197 2003 2466 2058 obseratis
2491 2005 2639 2059 urbis
2663 2007 2895 2078 propriae
2931 2011 3202 2066 moenibus
3239 2027 3346 2068 non
3381 1989 3506 2068 mu»:

1915 2097 2082 2150 nitur.
2118 2095 2202 2151 An
2231 2107 2416 2168 portas
2448 2095 2608 2166 hujus
2641 2107 2841 2154 nostra;
2868 2100 3105 2156 civitatis
3133 2117 3244 2158 non
3289 2104 3506 2166 obserat

1915 2189 2200 2260 propheta,
2232 2204 2354 2242 cum
2381 2186 2514 2243 dicit
2543 2207 2554 2241 :
2595 2208 2612 2240 ι
2642 2187 2744 2256 Qui
2794 2189 3012 2250 obturat
3057 2207 3220 2246 aures
3259 2209 3406 2260 snas,
3437 2209 3508 2252 ne

1915 2277 2100 2332 audiat
2129 2277 2474 2350 sanguinem,
2505 2287 2558 2332 et
2589 2277 2789 2332 claudit
2846 2279 3054 2344 oculos,
3087 2295 3155 2337 ne
3191 2282 3368 2336 videat
3387 2297 3508 2340 ina-

1913 2371 2046 2436 lum,
2080 2371 2183 2426 iste
2231 2371 2282 2424 in
2315 2369 2544 2425 excelsis
2601 2369 2902 2426 habitabit?
2937 2391 2956 2422 ι
3007 2371 3163 2444 (lsai.
3209 2373 3504 2446 xxxv.)An

1915 2477 2020 2515 non
2053 2471 2104 2516 et
2137 2461 2396 2515 Dominus
2425 2471 2617 2530 gustus
2668 2462 2840 2516 nostri
2889 2463 3065 2518 munit
3112 2463 3342 2530 aditum,
3381 2481 3504 2524 cum

1915 2551 2043 2608 dicit
2069 2570 2080 2604 :
2113 2531 2341 2606 «cavete
2365 2565 2430 2604 ne
2459 2561 2756 2622 graventur
2776 2553 2938 2606 corda
2967 2560 3144 2608 vestra
3180 2553 3402 2624 crapula
3449 2535 3508 2612 ot

1914 2642 2210 2697 ebrietaw!
2243 2639 2392 2712 (Luc.
2447 2641 2585 2711 XXI.)
2627 2661 2645 2692 ι
2687 2640 2761 2696 De
2787 2641 3014 2696 odoratu
3059 2659 3189 2700 vero
3216 2644 3510 2716 dicitApo-

1915 2733 2086 2788 stolus
2113 2752 2124 2786 :
2163 2753 2180 2783 ι
2220 2733 2346 2802 quia
2371 2733 2576 2787 Christi
2620 2735 2796 2788 bonus
2821 2735 2955 2788 odor
2981 2750 3167 2790 sumus
3197 2736 3304 2798 Deo
3336 2736 3388 2790 in
3421 2737 3506 2798 his

1915 2826 2004 2896 qui
2031 2824 2166 2880 salvi
2199 2824 2334 2877 ﬁunt
2366 2823 2450 2895 (Il
2534 2823 2658 2879 Cor.
2708 2825 2790 2894 ιι).
2833 2844 2852 2878 ι
2883 2825 2953 2880 At
2999 2815 3187 2882 eontra
3243 2807 3504 2882 odoratus

1915 2916 1998 2970 sui
2051 2915 2192 2972 male
2264 2916 2598 2985 spiramenta
2661 2915 3014 2982 laxaverant,
3065 2916 3156 2987 qui
3201 2917 3501 2973 dicebant:

1921 3027 1940 3058 ‹
1979 3003 2282 3076 Unguentis
2311 3023 2412 3060 nos
2441 3007 2763 3082 impleamus
2791 3015 2847 3062 et
2869 3021 2976 3088 non
3019 3017 3306 3078 prietereat
3345 3009 3508 3084 128

1919 3105 2022 3156 nos
2057 3099 2160 3154 ιιοέ
2190 3099 2480 3170 temporis;
2513 3115 2836 3156 coronemus
2883 3116 2981 3156 nos
3028 3099 3170 3156 rosis
3216 3110 3506 3174 antequam

1837 3192 1884 3274 Ε
1917 3201 2256 3274 triarcesc_ant
2284 3191 2434 3260 (Sap.
2470 3190 2548 3264 ιι).
2593 3211 2613 3243 ›
2651 3190 2852 3247 Tactus
2881 3205 3007 3252 vero
3037 3201 3227 3248 noster
3275 3191 3508 3266 idipsum

1916 3287 2071 3340 debet
2098 3285 2410 3340 desiderare
2454 3283 2596 3354 quod
2625 3293 2835 3352 gustus.
2881 3281 3015 3338 Nam
3043 3283 3186 3354 quod
3233 3281 3506 3352 Propheta

1913 3373 2044 3430 dicit
2077 3393 2089 3428 :
2129 3373 2147 3426 ι
2181 3373 2410 3430 Gustate
2439 3382 2496 3428 et
2524 3373 2706 3428 videte
2733 3387 2896 3442 quam
2952 3373 3133 3428 suavis
3186 3382 3268 3428 est
3321 3371 3504 3426 Domi-

1915 3483 2015 3522 nus
2048 3455 2221 3539 (Paul.
2257 3465 2485 3538 xxxiii);
2528 3485 2546 3518 ι
2581 3465 2721 3522 idem
2753 3474 2808 3520 et
2849 3465 3084 3522 Joannes
3137 3467 3213 3522 ait
3245 3484 3260 3522 :
3297 3483 3314 3518 ι
3352 3465 3508 3540 Quod

1913 3577 2107 3616 manus
2179 3571 2380 3614 ltOSll‘iB
2446 3569 2928 3614 contrectaverunt
2998 3560 3062 3616 de
3127 3559 3306 3616 Verbo
3384 3561 3505 3616 vitae

1913 3653 2095 3728 (Joan.
2130 3652 2213 3724 ιι).
2252 3671 2271 3704 ι
2323 3651 2439 3706 Hoc
2491 3666 2656 3721 porro
2720 3661 3027 3718 certamen,
3081 3652 3227 3724 quod
3272 3666 3498 3718 aversus

1913 3744 2153 3814 quinque
2174 3742 2422 3812 corporis
2471 3755 2664 3814 sensus
2691 3743 2923 3812 geritur,
2971 3755 3072 3812 per
3123 3741 3363 3812 quinque
3392 3739 3508 3796 Ma.

1913 3813 2242 3890 dianitarum
2281 3848 2436 3904 reges
2485 3813 2714 3904 mystice
2743 3832 3009 3903 figuratur
3045 3845 3059 3884 :
3097 3848 3118 3882 ι
3153 3832 3398 3893 Armate,
3427 3831 3504 3896 in:

1913 3927 2029 4000 quit
2050 3925 2284 3998 Moyses,
2314 3940 2378 3980 ex
2408 3923 2560 3980 vobis
2586 3925 2732 3979 viros
2771 3924 2838 3978 ad
2881 3939 3139 4000 pugnam,
3171 3924 3260 3992 qui
3291 3924 3504 3992 possint

1913 4019 2170 4076 ultionem
2229 4017 2438 4072 Domini
2499 4027 2755 4088 expetere
2817 4017 2883 4071 de
2935 4015 3247 4070 Madianitis
3295 4013 3502 4086 (Nam.

1913 4112 2085 4180 χχιιι).
2125 4131 2144 4166 ι
2175 4110 2418 4180 Cmnque
2445 4118 2781 4180 pugnassent
2824 4117 3016 4166 contra
3065 4107 3416 4172 Madianitas,
3445 4115 3506 4182 ut

1913 4218 2068 4258 sacra
2103 4209 2289 4256 narrat
2319 4201 2568 4266 historia,
2597 4210 2763 4270 atque
2790 4200 3076 4264 vicissent,
3108 4213 3298 4256 omnes
3325 4214 3506 4260 Inares

1914 4293 2231 4348 occiderunt
2279 4301 2334 4344 et
2361 4305 2516 4362 reges
2552 4305 2764 4355 eorum,
2795 4289 2915 4354 Eri,
2948 4299 3002 4346 et
3025 4290 3249 4356 Recem,
3277 4300 3332 4344 et
3373 4289 3504 4358 Sur,

1913 4396 1966 4440 et
1996 4385 2124 4449 Bur,
2157 4393 2210 4437 et
2241 4383 2409 4450 Rebe,
2431 4384 2672 4452 quinque
2697 4384 2972 4454 principes
2999 4383 3200 4454 gentis.
3229 4383 3323 4438 Ενί
3347 4381 3506 4452 plane

1915 4478 2196 4538 beltuinua,
2250 4477 2363 4530 sive
2395 4477 2595 4546 ferinus
2649 4477 3062 4548 interpretatur.
3116 4473 3276 4530 Hunc
3321 4475 3506 4544 itaque

213 4588 458 4644 ecclesiae
489 4599 604 4641 suae
633 4581 933 4648 canonicis,
965 4579 1182 4636 Psruus
1215 4588 1470 4652 peccator
1512 4577 1810 4632 monachus
1837 4559 1887 4620 Ι)
1914 4581 2096 4638 regem
2151 4566 2201 4618 in
2260 4565 2416 4622 nobis
2467 4566 2734 4634 spirituali
2783 4580 3046 4622 mucrone
3089 4565 3504 4636 :transﬁgimus,

215 4681 558 4735 servitutem.

283 4775 340 4827 ln
389 4771 678 4844 procinctu
747 4767 998 4823 militaris
1059 4774 1332 4822 exercitus
1383 4763 1588 4820 idcirco
1646 4761 1808 4824 tubae,

215 4861 356 4928 litui,
387 4863 637 4917 buccinae
667 4868 721 4914 et
751 4857 979 4913 classica
1037 4861 1472 4926 comportantur,
1509 4863 1569 4907 ut
1620 4866 1812 4906 eorum

215 4955 563 5026 clangoribus
594 4959 904 5024 castrenses
943 4948 1248 5003 excitentur
1293 4945 1537 5002 excubize
1583 4959 1811 5014 seseque

215 5048 434 5102 valeant
481 5045 689 5104 milites
723 5059 755 5098 a
803 5051 1068 5098 nocturna
1100 5039 1311 5094 hostilis
1359 5037 1593 5106 impetus
1625 5039 1810 5092 incur-

1346 5139 1468 5150 -“I..
1487 5139 1574 5150 -lz-
1607 5139 1809 5150 —.—-:I:I.M

1913 4673 2034 4712 cum
2093 4653 2296 4710 ferinos
2353 4671 2382 4710 a
2412 4655 2566 4728 nobis
2613 4671 2794 4712 mores
2835 4655 3224 4722 abscindimus,
3259 4671 3380 4710 cum
3413 4656 3509 4708 bc-

1914 4751 2083 4808 stialis
2106 4749 2401 4822 iracundiae
2432 4748 2638 4804 rabiem
2667 4764 2698 4804 a
2725 4757 2912 4808 nostro
2950 4758 3173 4822 pectore
3217 4748 3506 4802 detrunca-

1917 4857 2054 4894 mus.
2085 4841 2216 4896 Nam
2249 4855 2372 4895 cum
2421 4839 2684 4898 Dominus
2710 4840 2896 4896 dicat:
2931 4858 2952 4891 ι
2981 4839 3135 4894 Beati
3161 4837 3342 4900 mites,
3373 4853 3506 4906 quo-

1916 4933 2060 4988 niam
2087 4934 2186 5004 ipsi
2213 4933 2572 5004 possidebunt
2593 4941 2798 4988 terram
2829 4931 3046 5004 (Matth.
3073 4930 3128 5002 γ)
3149 4947 3164 4998 ;
3189 4950 3210 4986 ›
3236 4929 3506 5000 quomodo

1915 5026 2122 5096 poteris
2177 5035 2586 5084 mansuetorum
2634 5023 2884 5078 obtinere
2925 5021 3342 5084 beatitudinem,
3403 5019 3508 5076 nisi

1919 5117 2135 5150 hall-uin:
2169 5117 2388 5150 enimah-un
2423 5119 2475 5150 :n
2526 5125 2580 5150 In
2634 5116 2890 5150 ard-siluae:
2949 5107 3264 5150 Γονὶιαιληιν
3309 5111 3508 5150 Romam
