3964 5310
440 297 578 379 ίδετ

945 311 1002 370 S.
1029 313 1242 371 'I’ETRI
1276 314 1560 372 DAMIANI
1599 315 1748 374 OPP.
1788 315 1969 374 PARS
1991 317 2122 378 SEU
2162 319 2396 379 'I‘OMUS
2620 299 2836 382 EPIST.
2880 324 3008 386 LIB.
3057 327 3188 384 VIII.

3339 273 3392 304 η..

3619 315 3720 388 32's

473 437 625 508 cipit,
649 448 816 490 vanos
837 432 1031 488 emciat
1076 415 1136 488 et
1175 433 1422 489 homines
1469 433 1940 503 mnndnm,'qnem
1971 433 2049 490 in-
2078 442 2127 504 Α
2155 436 2335 509 (Joan.
2379 455 2482 510 ιιι).
2523 458 2541 491 ι
2575 441 2646 496 At
2677 447 2867 498 contra
2897 442 2963 498 de
2992 457 3075 510 eo,
3115 445 3207 516 qui
3235 443 3456 502 verbum
3485 446 3724 506 Salvato-

477 539 608 581 sane
637 524 884 595 diligunt,
930 523 983 576 in
1011 523 1305 578 vanitatem
1350 531 1579 577 vertant.
1630 521 1782 578 Hunc
1813 536 1942 592 ergo
1971 537 2051 578 re-

476 631 596 684 gem
627 615 717 673 Dei
751 614 905 668 miles
933 613 1171 684 perimit,
1210 627 1371 669 verus
1421 612 1664 670 Israelita
1716 614 1974 680 concidit,
2006 615 2052 670 si

476 706 608 762 nihil
638 704 926 775 superflue,
953 705 1094 760 nihil
1123 705 1380 773 inaniter,
1412 705 1497 764 vel
1528 705 1671 777 quod
1714 707 1782 762 ad
1809 721 1922 763 rem
1945 721 2054 763 non

475 801 731 874 pertinet,
760 809 934 869 gerat,
962 801 1055 856 sed
1081 803 1345 872 graviter,
1383 811 1438 858 et
1473 802 1867 860 rationabiliter
1913 803 2053 860 divi-

477 910 559 950 na:
584 894 717 966 legis
757 894 980 964 implere
1012 895 1265 950 mandata
1293 893 1604 951 contendat.
1635 894 1852 953 Tertius
1873 905 2052 953 autem

477 984 892 1041 Madianitarum
923 1000 1040 1052 rex,
1081 984 1189 1041 Sur
1240 987 1458 1053 dicitur,
1485 987 1626 1058 quod
1672 987 1913 1058 profecto
1940 1005 2057 1044 mu-

479 1091 589 1138 rus,
628 1076 740 1129 sive
762 1074 1023 1142 robustus,
1055 1075 1140 1131 vel
1166 1076 1330 1131 etiam
1359 1077 1602 1148 angustia
1644 1076 2052 1148 interpretatur.

479 1167 617 1236 Quid
665 1183 793 1222 vero
837 1183 937 1238 per
979 1183 1212 1232 murum,
1260 1169 1374 1224 sive
1407 1170 1709 1237 robustum,
1755 1170 1872 1226 nisi
1911 1171 2058 1226 durae

449 1257 679 1312 'mentis
729 1257 1044 1326 obstinatio,
1101 1259 1187 1314 vel
1235 1260 1538 1331 pervicacia
1581 1260 1739 1316 debet
1794 1261 2056 1334 intelligi?

479 1351 624 1416 quod
651 1363 797 1415 vero,
853 1359 907 1404 et
954 1354 1201 1422 angustia
1252 1351 1594 1423 interpretari
1641 1353 1858 1421 dicitur,
1883 1370 2057 1425 neque

483 1437 587 1491 hoc
651 1437 861 1509 longius
910 1452 941 1492 a
995 1440 1128 1495 vitio
1186 1440 1400 1496 duritia:
1448 1451 1751 1513 separatur,
1801 1445 2056 1516 quoniam

404 1533 422 1603 ξ
481 1528 727 1598 quisquis
773 1529 843 1584 ad
901 1530 1217 1588 dimittenda
1262 1533 1509 1603 proximo
1568 1534 1747 1590 debita
1793 1535 1958 1592 durus
2002 1547 2058 1594 et

401 1600 418 1619 ”
482 1615 786 1675 obstinatus
813 1628 920 1686 est,
944 1621 1190 1693 angustia
1229 1600 1622 1696 constringitur
1667 1626 1894 1694 mentis,
1929 1627 2054 1684 dum

482 1709 626 1765 nulla
671 1711 925 1768 dilatetur
972 1713 1324 1784 amplitudine
1344 1715 1603 1772 charitas.
1637 1717 1712 1772 De
1759 1733 1864 1789 qua
1892 1718 2055 1774 nimi-

2158 529 2229 585 ris
2257 530 2426 596 audit,
2452 531 2650 587 dicitur
2677 549 2692 587 :
2729 550 2748 585 t
2785 531 2921 600 Quia
2945 533 3000 588 in
3023 533 3285 602 judicium
3311 552 3420 592 non
3447 538 3616 601 venit.
3638 541 3724 596 sed

2157 621 2348 676 transit
2377 621 2442 677 de
2468 631 2641 678 morte
2661 623 2716 678 in
2737 623 2900 680 vitam
2926 623 2979 696 (1
3007 625 3168 681 Joan.
3209 627 3284 695 v).
3334 648 3352 682 ι
3385 628 3522 685 Illud
3554 633 3725 702 potius

2154 709 2442 780 unicuique
2481 712 2804 770 studendum
2835 723 2936 780 est,
2966 725 3026 771 ut
3057 732 3116 773 se
3141 718 3194 773 in
3225 719 3482 790 operibus
3526 725 3725 781 sanctis

2153 810 2426 868 exerceat,
2463 812 2523 857 ut
2550 817 2671 859 sese
2709 805 2762 859 in
2789 807 3037 863 omnibus
3065 808 3356 878 puriﬁcare
3397 826 3464 868 ac
3491 815 3727 870 sanetiﬁc

2153 904 2281 948 care
2301 893 2610 948 contendat.
2635 892 2748 950 Hoc
2770 899 3142 955 tantummodo
3166 902 3520 974 semetipsum
3549 905 3723 979 insug-

2155 981 2357 1054 gillare,
2389 993 2445 1039 et
2470 983 2766 1053 dijudicare
2794 1003 2905 1044 nou
2961 990 3192 1048 desinat.
3226 991 3358 1049 Nam
3391 996 3486 1066 qui
3536 1009 3728 1054 semct-

2155 1071 2331 1142 ipsum
2360 1072 2596 1143 perfecte
2645 1075 2923 1146 dijudicat,
2951 1076 3216 1146 judicium
3270 1098 3378 1139 non
3427 1096 3725 1158 exspectat.

2155 1161 2400 1219 Perfecte
2421 1173 2602 1220 autem
2627 1167 2974 1238 semetipsum
3005 1169 3302 1240 diiudicare
3327 1184 3432 1244 cst,
3462 1186 3522 1233 et
3551 1193 3729 1249 repre-

2156 1255 2436 1312 hendenda
2466 1273 2572 1312 non
2599 1273 2780 1328 agere,
2804 1268 2860 1316 ct
2883 1276 3001 1331 quae
3035 1261 3591 1332 irreprehensibiliter
3613 1280 3728 1326 acta

2157 1357 2279 1403 sunt
2321 1349 2507 1404 timide
2558 1359 2869 1408 retractare.
2901 1353 3072 1410 Porro
3110 1367 3292 1412 autem
3345 1360 3600 1432 quisquis
3634 1363 3732 1419 hoc

2157 1440 2284 1512 agit,
2311 1439 2398 1496 ille
2420 1455 2543 1496 vere
2562 1440 2974 1498 Madianitarum
2996 1460 3152 1516 reges
3172 1447 3391 1518 perimit
3413 1468 3426 1504 :
3462 1451 3555 1506 ille
3578 1454 3732 1508 Ama.

2156 1530 2437 1587 Iecitarum
2483 1532 2754 1604 principes
2787 1536 3002 1602 sternit,
3034 1547 3089 1592 et
3121 1553 3311 1595 omnes
3336 1555 3367 1595 a
3391 1557 3453 1600 se
3477 1543 3732 1601 vitiorum

2154 1631 2333 1694 pestes
2361 1621 2619 1677 excludit.
2645 1621 2784 1680 Hinc
2809 1635 2894 1682 est
2923 1625 3068 1696 quod
3094 1628 3285 1686 eadem
3317 1645 3475 1687 sacra
3506 1643 3737 1690 testatur

2156 1713 2392 1772 Historia
2419 1735 2431 1770 :
2478 1733 2497 1768 ι
2529 1716 2795 1784 Quoniam
2820 1721 3026 1790 egressi
3059 1720 3152 1776 lilii
3177 1721 3342 1780 Israel
3369 1736 3643 1782 venerunt
3670 1730 3735 1784 ad

480 1816 600 1856 rum
643 1803 911 1863 charitate
972 1822 1070 1878 per
1119 1807 1442 1878 Prophetam
1494 1810 1743 1866 dicitur:
1792 1829 1810 1862 ‹
1859 1811 2054 1867 Latum
2083 1801 2130 1863 B
2160 1807 2363 1864 fontem
2410 1808 2622 1879 judicii,
2683 1829 2703 1862 ι
2753 1811 2840 1866 hic
2868 1821 2952 1868 est
2974 1814 3167 1883 Gades,
3201 1834 3220 1868 ι
3259 1825 3314 1873 et
3347 1817 3738 1876 interfecerunt

455 1895 795 1950 -mandatum
829 1906 978 1952 tuum
1019 1899 1180 1954 nimis
1212 1899 1385 1970 (Psal.
1427 1902 1638 1973 cxvm).
1679 1921 1697 1956 ›
1734 1901 1860 1958 Sive
1889 1906 2054 1960 etiam

480 1983 584 2039 hoc
613 1985 756 2040 valet
800 1987 1043 2059 intelligi,
1095 1989 1220 2058 quia
1256 1991 1512 2046 duritiam
1567 1994 1768 2048 mentis
1810 1995 2055 2060 sequitur

479 2077 726 2145 angustia
749 2077 1128 2134 damnationis.
1161 2079 1310 2135 Unde
1323 2096 1418 2151 per
1445 2082 1787 2138 Salomonem
1809 2085 2009 2140 dicitur
2033 2101 2048 2140 :

485 2183 506 2217 ι
548 2166 747 2223 Beatus
793 2169 898 2234 vir,
938 2169 1028 2238 qui
1079 2184 1294 2242 semper
1332 2183 1416 2228 est
1458 2174 1682 2244 pavidus
1712 2192 1724 2228 :
1756 2177 1846 2247 qui
1874 2187 2052 2232 autem

453 2258 676 2312 “mentis
703 2267 785 2314 est
811 2259 978 2326 durte,
1012 2271 1233 2317 corruet
1262 2263 1315 2318 in
1351 2265 1550 2321 malum
1583 2265 1766 2336 (Prov.
1797 2273 2044 2339 xxvm).i

479 2347 714 2415 Quartus
757 2362 1015 2420 praeterea
1066 2352 1481 2411 Madianitarum
1535 2373 1652 2424 rex,
1683 2358 1792 2413 Bur
1835 2361 2054 2428 dicitur,

477 2443 623 2512 quod
675 2441 903 2498 irritatio
961 2445 1366 2516 interpretatur.
1406 2447 1568 2505 Vides
1613 2466 1762 2521 ergo,
1795 2453 1919 2521 quia
1952 2467 2053 2507 no-

477 2532 623 2587 mina
651 2547 838 2604 regum
869 2535 1071 2590 umbra:
1096 2547 1220 2592 sunt
1258 2547 1311 2593 et
1361 2538 1622 2610 imagines
1649 2541 1923 2597 vitiorum.
1951 2543 2052 2609 Qui

455 2623 624 2678 'enim
662 2639 828 2680 onera
876 2627 1060 2698 gravia
1095 2643 1193 2699 per
1239 2640 1421 2699 portas
1471 2645 1597 2686 suas
1643 2631 2056 2704 infcrunt,pro-

467 2707 619 2770 ’fecto
648 2714 950 2773 forinsecus
995 2718 1367 2790 obstrepentia
1409 2737 1505 2793 per
1532 2738 1784 2778 sensuum
1830 2739 2052 2779 suorum

475 2803 655 2859 aditus
706 2804 760 2860 in
804 2816 1088 2876 pectorum
1133 2826 1357 2866 suorum
1408 2827 1604 2867 arcana
1648 2813 2051 2882 transfnndunt,

475 2892 644 2948 Deum
690 2895 1058 2954 indubitanter
1105 2899 1339 2968 irritant,
1393 2919 1551 2973 quem
1581 2904 1826 2960 videlicet
1871 2907 1957 2962 his
1985 2906 2053 2962 ad

476 2985 836 3059 inferendam
870 2991 1090 3051 ultionis
1147 2998 1472 3052 sententiam
1529 3010 1845 3070 provocant.
1902 3001 2055 3058 Unde

474 3076 737 3148 scriptum
772 3091 854 3137 est
899 3101 912 3136 :
955 3101 974 3135 t
1023 3084 1398 3152 Simulatores,
1437 3097 1492 3144 et
1525 3089 1703 3144 callidi
1754 3101 2056 3162 provocant

2157 1914 2345 1955 omnes
2374 1900 2646 1972 principes
2670 1901 2952 1971 Amalech,
2981 1915 3033 1960 et
3066 1907 3430 1977 Amorrbaaos,
3462 1914 3559 1983 qui
3589 1915 3740 1970 babic

2159 1991 2345 2047 labant
2400 1993 2454 2046 in
2496 1992 2828 2051 Tharansem
2861 1995 3331 2073 [Asasonthamar]
3359 2001 3517 2072 (Gen.
3553 2005 3689 2074 xiv).
3713 2024 3733 2058 ι

2155 2084 2329 2141 Cades
2353 2094 2533 2141 autem
2555 2087 2902 2157 sanctiﬁcatio
2925 2089 3330 2162 interpretatur.
3361 2093 3422 2150 In
3447 2096 3631 2152 Cades
3651 2111 3738 2152 er-

2155 2191 2242 2244 go,
2272 2178 2362 2248 qui
2399 2175 2523 2234 fons
2548 2188 2628 2235 est
2655 2178 2864 2247 iudicii,
2887 2181 3232 2248 Amalecitas,
3263 2184 3426 2240 simul
3453 2195 3511 2242 et
3537 2186 3738 2244 Amor-

2154 2270 2333 2325 rhzcos
2370 2270 2726 2340 spiritualiter
2776 2271 3153 2340 interﬁeimus,
3201 2291 3323 2330 cum
3351 2285 3406 2332 et
3438 2278 3614 2334 vitam
3646 2294 3742 2334 no-

2154 2369 2322 2416 stram
2350 2361 2452 2432 piis
2474 2363 2724 2432 Operibus
2745 2365 3088 2422 sanctiﬁcare
3112 2368 3446 2438 satagimus;
3473 2379 3533 2426 et
3557 2384 3736 2428 tamen

2152 2448 2255 2519 ipsi
2283 2463 2379 2504 nos
2409 2459 2660 2520 tanquam
2694 2461 2976 2519 nocentes,
3015 2468 3078 2509 ac
3117 2457 3574 2526 reprehensibiles
3601 2459 3740 2529 judio

2154 2556 2359 2596 camus.
2399 2539 2531 2596 Cum
2563 2542 2904 2599 elaboramus
2936 2558 3151 2617 semper
3187 2547 3740 2620 irrepreheusibiliter

2151 2631 2360 2698 vivere,
2411 2647 2508 2702 per
2544 2632 2959 2691 sollicitudinem
2987 2645 3165 2694 tamen
3212 2638 3445 2696 districti
3471 2644 3739 2700 examinis

2152 2735 2315 2791 opera
2351 2731 2539 2776 nostra
2564 2737 2669 2778 non
2693 2723 3002 2782 desistimus
3034 2742 3312 2785 accusare.
3345 2730 3414 2786 Et
3437 2735 3737 2790 notandum

2153 2809 2409 2880 quoniam
2462 2821 2516 2867 et
2544 2811 2664 2868 fons
2688 2813 2894 2884 judicii,
2938 2824 2991 2871 et
3014 2816 3206 2888 Gades,
3258 2820 3350 2891 qui
3379 2824 3737 2880 sanctiﬁcatio

2153 2902 2372 2970 dicitur,
2415 2920 2554 2962 unus
2577 2907 2831 2978 idemque
2871 2907 3023 2967 locus
3050 2921 3179 2968 est:
3214 2914 3338 2983 quia
3373 2915 3635 2971 nimirum
3654 2918 3739 2986 ju-

2154 3002 2269 3052 stus
2297 2997 2524 3067 quisque
2555 2999 2923 3070 semetipsum,
2954 3003 3082 3056 dum
3105 3014 3294 3060 sancte
3315 3005 3468 3072 vivit,
3493 3017 3736 3074 accusat,

2155 3093 2212 3140 et
2254 3101 2313 3141 se
2342 3087 2711 3159 dijudicando,
2752 3090 2834 3145 vel
2870 3095 3196 3161 accusando,
3246 3095 3416 3166 magis
3456 3097 3741 3168 magisque

479 3166 620 3224 iram
671 3169 768 3226 Dei
811 3171 933 3243 (Job
965 3175 1206 3246 xxxvr).s
1238 3177 1305 3231 Et
1347 3178 1414 3233 de
1451 3180 1647 3249 quibus
1707 3195 1848 3252 διερθ
1912 3183 2053 3252 apud
2079 3165 2126 3231 C
2157 3177 2484 3234 sanctificat.
2543 3179 2657 3236 Hoc
2702 3181 2885 3254 itaque
2908 3186 3070 3242 modo
3112 3187 3217 3242 vita
3256 3165 3574 3244 sanctorum
3604 3165 3670 3244 ei
3683 3190 3737 3245 in

473 3257 809 3342 Ezechielem
885 3266 1132 3322 dicitur:
1189 3286 1208 3320 ι
1245 3270 1380 3338 Quia
1460 3271 1656 3328 domus
1717 3288 2049 3346 exasperans

473 3360 568 3426 est
609 3353 833 3425 (Ezech.
865 3359 939 3428 ιι)
970 3378 989 3412 ι
1028 3359 1092 3415 Ει
1139 3360 1424 3418 Psahnista
1457 3383 1470 3420 :
1520 3384 1538 3418 ι
1569 3363 1638 3421 Ut
1661 3366 1816 3443 quid,
1870 3367 2047 3436 Deus,

475 3443 862 3516 itupropcravit
917 3451 1204 3520 inimicus,
1250 3455 1428 3510 irritat
1475 3457 1816 3514 adversarius
1854 3475 2050 3516 nomen

481 3541 631 3589 tuum
657 3535 711 3591 in
744 3536 940 3594 ﬁnem?
976 3560 996 3594 ι
1032 3543 1202 3612 (Psat.
1235 3546 1456 3618 χχχιιι.)
1484 3546 1628 3602 Rebe
1658 3563 1810 3615 vero,
1841 3550 1931 3620 qui
1963 3566 2052 3606 or-

471 3623 690 3683 dinatus
728 3628 888 3702 129
921 3632 1134 3699 dicitur,
1176 3650 1282 3690 non
1325 3636 1482 3692 aliter
1530 3639 1616 3693 hic
1650 3641 1916 3709 procedit,
1948 3641 2050 3698 nisi

470 3728 532 3775 ut
553 3733 651 3789 per
677 3720 926 3790 ironiam,
958 3724 1040 3779 vel
1067 3727 1418 3795 antiphrasim
1443 3729 1645 3784 dictum
1675 3730 2047 3801 intelligatur;

474 3819 740 3881 quatenus
791 3813 883 3884 qui
934 3815 1219 3871 ordinatus
1250 3817 1461 3883 dicitur,
1492 3835 1522 3873 e
1544 3821 1815 3876 contrario
1847 3821 2052 3877 incrdi-

473 3913 632 3958 natus
680 3905 750 3960 sit
793 3914 850 3960 et
895 3905 1170 3963 confusus.
1221 3909 1458 3964 Vitiosns
1491 3912 1634 3965 enim
1669 3912 2050 3982 quisque,ctsi

473 3994 759 4065 superﬁcie
785 4005 939 4053 tenus
965 4000 1119 4069 quasi
1149 4010 1293 4055 recte
1328 4001 1539 4056 vivendi
1566 4005 1868 4073 praetendat
1900 4005 2052 4061 ordi-

474 4098 621 4148 nem,
655 4084 892 4139 confusae
919 4094 1097 4142 tamen
1127 4099 1180 4143 et
1218 4089 1539 4144 inordinata:
1564 4091 1909 4160 cogitationis
1929 4109 2053 4148 ver-

473 4179 557 4226 sat
579 4171 631 4224 in
654 4171 816 4226 corde
845 4172 1147 4242 caliginem.
1187 4176 1292 4231 Per
1325 4178 1563 4248 quinque
1597 4195 1727 4252 ergo
1757 4197 1910 4252 reges
1936 4182 2050 4238 Ma-

471 4260 826 4328 dianitarum,
891 4265 1130 4336 quinque
1172 4267 1454 4338 signantur
1500 4272 1747 4340 corporis
1800 4287 1992 4328 sensus
2032 4289 2046 4327 :

471 4356 596 4425 quia
624 4371 786 4411 omne
826 4358 1039 4424 vitium,
1073 4362 1213 4430 quod
1251 4371 1438 4433 regnat
1463 4362 1518 4418 in
1557 4379 1806 4434 corpore,
1837 4366 1903 4420 ab
1934 4365 2052 4422 istis

473 4446 711 4519 quinque
763 4448 1010 4506 sensibus
1059 4451 1276 4521 pendet.
1311 4453 1348 4507 Ii
1391 4469 1519 4526 ergo
1565 4465 1692 4512 tunc
1722 4473 1753 4511 a
1783 4458 1937 4513 nobis
1958 4473 2052 4512 ex-

2150 3271 2384 3341 propriis
2432 3272 2849 3342 cogitationibus
2899 3280 3336 3349 reprehenditur,
3367 3291 3422 3338 et
3470 3291 3655 3338 tamen
3683 3287 3738 3338 in

2149 3361 2408 3428 cperibus
2431 3361 2999 3432 irreprebensibilibus
3020 3369 3314 3428 invenitur.
3348 3372 3499 3429 Unde
3521 3383 3580 3428 et
3601 3388 3738 3443 pra:-

2151 3445 2308 3515 cipua
2337 3448 2467 3503 urbs
2489 3448 2574 3502 illa
2616 3453 2769 3522 regni
2800 3452 2941 3508 Seon
2969 3466 3192 3512 vocatur
3229 3459 3465 3526 Esebon,
3499 3474 3623 3530 quae
3657 3460 3740 3516 ni-

2151 3537 2350 3592 mirum
2406 3539 2744 3611 cogitationes
2783 3543 3195 3617 interpretatur.
3239 3549 3341 3606 Pcr
3389 3552 3536 3623 quod
3580 3549 3741 3615 datur

2151 3626 2402 3700 intelligi,
2442 3631 2567 3701 quia
2615 3634 2853 3690 maxima
2906 3653 3034 3708 pars
3066 3641 3346 3700 diabolica:
3367 3653 3656 3717 potestatis
3685 3654 3739 3710 in

2151 3724 2569 3795 c0gitationibus
2620 3738 2834 3797 regnat.
2887 3730 2994 3787 Per
3053 3733 3196 3792 Seon
3244 3739 3442 3812 quippe
3481 3747 3740 3815 nequitia:

2151 3815 2374 3884 spiritus
2407 3817 2672 3888 ﬁguratur
2705 3834 2720 3873 :
2751 3821 2846 3876 sed
2883 3821 3096 3880 Esebon
3125 3841 3193 3881 ex
3251 3827 3456 3887 ditione
3487 3833 3652 3899 Seon,
3686 3837 3737 3892 in

2149 3903 2517 3962 lsraelitarum
2575 3909 2734 3980 130
2779 3910 2904 3981 jura
2937 3915 3289 3985 transfertur,
3329 3935 3454 3978 cum
3483 3927 3741 3996 cogitatio

2149 4005 2358 4063 nostra,
2388 4012 2508 4068 quae
2541 4000 2808 4071 superbiae
2855 4012 3008 4074 peste
3040 4015 3312 4065 tnmuerat
3341 4011 3410 4066 ad
3436 4017 3740 4085 reprehen-

2150 4091 2321 4148 sionis
2350 4107 2462 4148 sua:
2493 4091 2785 4164 judicium,
2805 4113 2902 4168 per
2929 4101 3162 4168 gratiam
3189 4117 3252 4160 se
3281 4119 3422 4162 vera:
3458 4107 3740 4169 humilita-

2151 4182 2224 4238 tis
2254 4182 2498 4251 tnclinat,
2533 4193 2592 4240 ut
2612 4201 2732 4255 qua:
2765 4204 2826 4244 se
2865 4189 3064 4246 dudum
3091 4205 3412 4266 arroganter
3439 4201 3737 4278 extulerat,

2145 4272 2260 4346 jam
2296 4288 2393 4329 sua
2431 4273 2572 4331 facta
2615 4276 2938 4349 dijudieans,
2965 4295 3031 4338 ac
3066 4283 3355 4351 diligenter
3389 4272 3738 4362 examinans,

2150 4366 2426 4423 humiliter
2450 4371 2818 4439 reprehendit.

2221 4458 2280 4514 In
2318 4459 2490 4517 Cades
2527 4478 2678 4534 ergo,
2709 4465 2905 4534 quiest
2933 4467 3056 4526 fons
3085 4470 3298 4542 judicii,
3333 4476 3667 4540 Amalecitas
3685 4491 3740 4542 et

472 4541 778 4610 stinguendi
822 4550 974 4608 sunt,
995 4552 1050 4598 et
1075 4543 1266 4613 gladiis
1291 4545 1673 4613 obtruncandi,
1704 4563 1827 4604 cum
1864 4551 2054 4604 adver-
2081 4535 2131 4596 Ῐ)
2155 4549 2498 4608 Αιηοιτιιτεοε
2531 4553 2708 4624 gladio
2747 4568 2974 4616 vorante
2998 4535 3312 4632 dejicimus';
3349 4569 3477 4638 quia
3508 4535 3738 4632 tu'nc‘vi-

472 4645 590 4687 sum
628 4647 728 4687 nos
759 4633 814 4686 in
844 4631 986 4688 bello
1009 4644 1357 4706 consurgunt,
1416 4651 1538 4692 cum
1567 4653 1666 4693 nos
1686 4637 2057 4695 scandalizare

473 4733 580 4774 non
619 4721 891 4778 desinunt.
929 4723 1013 4777 An
1045 4737 1153 4779 non
1191 4725 1325 4780 istos
1363 4741 1517 4798 reges
1541 4727 1829 4798 exstingui,
1861 4735 1914 4781 et
1941 4728 2055 4797 spi-

474 4814 614 4869 ritus
652 4831 911 4871 mucrone
947 4817 1119 4873 occidi
1158 4820 1401 4890 praecipit
1449 4820 1730 4886 Dominus,
1753 4837 1876 4876 cum
1898 4836 2056 4877 scan-

476 4903 798 4960 dalizantem
819 4907 1030 4962 oculqu
1063 4911 1202 4977 erui,
1231 4926 1353 4966 cum
1380 4927 1619 4977 manum,
1643 4911 1730 4966 vel
1759 4911 1946 4982 pedem
1969 4911 2056 4981 ju-

475 4991 567 5046 bet
597 4993 840 5049 abscindi
876 4996 901 5048 ?
941 5014 961 5047 ι
1007 4997 1196 5054 Melius
1224 5008 1331 5064 est,
1363 5000 1556 5070 inquit,
1586 5015 1709 5056 cum
1738 5015 1845 5055 uno
1874 5000 2050 5065 oculo,

477 5081 564 5138 vel
603 5080 833 5138 debilem
876 5089 943 5140 ad
996 5087 1161 5142 vitam
1201 5089 1429 5160 ingredi,
1486 5105 1646 5160 quam
1687 5089 1822 5147 duos
1843 5090 2052 5156 oculos,

476 5175 678 5246 pedes,
730 5190 794 5230 ac
839 5192 1031 5232 manus
1078 5179 1404 5247 habentem,
1451 5182 1504 5238 in
1559 5182 1770 5238 inferna
1815 5183 2051 5254 demergi

2157 4642 2357 4698 tiorum
2383 4644 2620 4699 omnium
2649 4645 2955 4704 barbariem
2990 4653 3310 4722 sternimus,
3332 4663 3465 4716 tunc
3496 4670 3736 4732 potesta-

2158 4743 2242 4791 tes
2281 4749 2467 4792 aercas
2497 4737 2849 4795 invictissime
2892 4741 3242 4813 debellamns,
3265 4749 3313 4804 si
3340 4759 3395 4806 et
3418 4751 3737 4811 innocenter

2156 4825 2416 4889 vivimus,
2458 4835 2512 4880 et
2560 4837 2739 4883 tamen
2781 4845 2904 4886 reos
2940 4847 3056 4896 nos.
3092 4850 3158 4889 ac
3194 4839 3432 4908 peccatis
3472 4841 3735 4900 obnoxios

2151 4913 2477 4984 judicamus,
2517 4916 2759 4975 dicentes
2797 4934 2920 4976 cum
2943 4923 3240 4994 Apostolo:
3277 4948 3296 4982 ι
3331 4928 3388 4986 Si
3415 4932 3731 5005 dixerimus,

2156 5005 2280 5074 quia
2308 5015 2587 5075 peccatum
2605 5024 2711 5063 non
2733 5011 3009 5080 habemus,
3026 5019 3385 5091 nosmetipsos
3405 5024 3729 5090 seducimus,

2153 5103 2209 5149 ct
2255 5095 2454 5150 veritas
2498 5097 2550 5150 in
2577 5099 2733 5156 nobis
2775 5118 2882 5158 non
2931 5113 3013 5160 est
3068 5107 3120 5177 (I
3147 5108 3308 5165 Joan.
3340 5115 3401 5185 ι).
3436 5133 3456 5166 ι
3505 5116 3572 5172 Ει
3610 5129 3731 5175 tunc

2155 5188 2387 5254 Esebon,
2417 5205 2578 5254 quam
2624 5195 2964 5254 coqt'tationes
3002 5199 3352 5254 intemretari
3400 5207 3646 5254 ιΙίεῑηιιις.
3676 5211 3724 5254 in
