3964 5310
179 199 286 258 329

1281 205 1482 262 LIBER
1523 207 1882 276 QLAIl'l'US,
1931 213 2148 272 El’lST.
2189 217 2304 274 XV.

3347 231 3456 290 350

173 307 464 370 virtutibus
509 323 616 366 non
669 313 917 370 resultat.
971 297 1283 374 Sulliciebat
1337 320 1554 390 quidem
1618 321 1754 391 legis
1787 332 1832 390 Α
1863 325 1928 380 de
1957 341 2050 384 eos
2090 331 2144 386 in
2181 334 2438 402 patibulis
2467 348 2656 395 contra
2685 342 2876 410 solem,
2909 353 2970 400 ut
2997 354 3275 406 avertatur
3301 349 3458 410 furor

177 401 411 470 antiquae
457 400 782 470 cultoribus,
829 415 888 460 ut
938 417 1087 464 recta
1132 409 1396 466 duntaxat
1423 413 1764 470 extrinsecus

173 505 390 566 agerent
409 509 426 558 ;
445 493 603 550 nobis
621 505 804 552 autem
819 497 1112 572 Evangelio
1135 503 1451 560 terribiliter
1480 505 1762 564 intonante

167 584 498 658 praecipitur,
527 595 590 642 ut
616 588 742 642 dum
768 591 1020 660 operibus
1063 596 1244 664 pravis
1269 597 1548 664 exuimur,
1591 601 1759 654 etiam

169 679 592 748 cogitationibus
647 681 934 752 pervigiles
976 683 1360 744 obluctemur:
1401 709 1418 742 ι
1491 692 1756 760 Audistis,

169 769 358 838 inquit,
389 770 520 838 quia
551 771 758 828 dictum
786 784 871 830 est
905 777 1146 849 antiquis
1179 798 1192 834 :
1225 779 1341 837 Non
1369 785 1755 843 mtechaberis.

169 859 282 931 Ego
324 870 504 918 autem
551 862 674 920 dico
715 866 892 934 vobis,
920 870 1046 940 quia
1083 872 1395 946 quicunque
1422 877 1618 934 viderit
1641 896 1754 936 mu-

167 951 350 1010 lierem
375 953 446 1010 ad
471 959 963 1030 concupiscendum
986 979 1136 1030 eam,
1178 967 1292 1037 jam
1335 971 1640 1029 mtecbatus
1671 981 1754 1030 cst

125 1023 284 1122 (eam
313 1047 364 1101 in
391 1050 558 1106 corde
583 1023 683 1108 suo
709 1053 926 1124 (Matth.
956 1055 1034 1128 v).
1083 1077 1102 1112 ι
1123 1023 1278 1116 Ἰιῖιιο
1301 1023 1750 1134 estquod—Joan-

125 1125 144 1194 i
169 1154 268 1194 nes
293 1138 554 1211 Baptista,
582 1158 682 1214 per
709 1161 869 1217 quem
897 1125 1163 1207 lex'vetus
1189 1154 1530 1224 exprimitur,
1554 1173 1750 1216 zonam

165 1229 438 1302 pelliceam
469 1233 523 1288 in
546 1233 746 1292 lumbis
775 1236 1036 1296 habuisse
1055 1243 1370 1312 perhibetur
1395 1246 1610 1317 (Matth.
1643 1249 1748 1322 ιιι).

168 1320 410 1376 Salvator
431 1333 641 1390 noster,
672 1327 764 1397 qui
797 1339 990 1385 auctor
1013 1341 1098 1388 est
1145 1333 1440 1407 Evangelii.
1495 1337 1640 1394 inter
1665 1320 1750 1396 se-

165 1423 304 1484 ptem
343 1416 670 1474 candelabra
717 1436 884 1478 aurea
925 1425 1072 1480 visus
1097 1437 1180 1483 cst
1215 1445 1244 1483 a
1275 1429 1484 1487 Joanne
1518 1433 1748 1490 vestitus

165 1505 378 1576 pedere,
425 1516 484 1563 ct
533 1510 860 1579 praecinctus
909 1515 978 1570 ad
1026 1518 1324 1574 mamillam
1374 1537 1508 1577 zona
1557 1519 1742 1580 aurea.

165 1593 294 1661 Quid
321 1605 402 1654 est
439 1613 573 1671 ergo
593 1617 730 1657 zona
763 1604 987 1675 pellieea
1023 1609 1170 1664 circa
1201 1611 1432 1677 lumbos,
1463 1617 1564 1670 nisi
1599 1619 1742 1686 quod

1869 433 2021 474 meus
2050 421 2117 475 ab
2139 421 2302 478 Israel
2334 425 2522 498 (Nunt.
2559 433 2708 504 xxv).
2731 454 2751 487 ι
2773 435 2910 504 Quid
2939 448 3022 494 est
3051 442 3192 511 quod
3225 443 3456 516 populus

1865 507 2180 568 in'luxurize
2215 519 2528 587 voraginem
2559 523 2779 592 labitur,
2803 539 2856 584 et
2898 531 2951 586 in
2973 548 3162 588 eorum
3193 542 3451 611 pra‘posi:

1863 609 1946 655 tos
1987 603 2332 664 vindicatur?
2370 611 2582 670 Subditi
2633 619 2974 691 delinquunt,
3018 635 3074 681 et
3101 603 3372 702 principes
3395 634 3449 690 in

1859 691 2114 760 patibulis
2142 702 2582 768 suspenduntur?
2631 708 2852 768 Scilicet
2882 716 3019 772 alius
3056 691 3160 786 est,
3192 691 3294 792 qui
3323 740 3450 794 pec-

1859 793 1981 850 cat;
2013 787 2150 844 alius
2173 791 2284 859 ille,
2317 797 2408 865 qui
2443 802 2681 870 vapulat.
2714 805 2824 860 Cur
2849 809 2970 876 hoc,
3003 811 3104 868 nisi
3137 787 3262 885 quia
3295 787 3447 888 c-ulp‘i

1857 875 2196 958 subditorum
2228 883 2280 938 in
2311 891 2722 958 prazpositortun
2761 901 3027 958 redundat
3048 909 3400 976 Opprobrium
3433 933 3445 968 :

1853 975 1908 1022 et
1955 970 2099 1038 quod
2151 975 2219 1029 ab
2262 977 2454 1035 ovibus
2503 994 2756 1054 erratur,
2817 970 3160 1066 negligentiae
3209 1007 3446 1072 pastoris

1855 1061 2188 1118 ascribitur?
2217 1066 2280 1120 Et
2307 1069 2454 1136 vide,
2493 1089 2656 1142 quam
2709 1061 3058 1142 formidolosa
3085 1088 3158 1144 sit
3207 1061 3446 1151 conditio

1851 1153 2283 1224 priesidentium,
2336 1171 2390 1216 ut
2444 1182 2550 1220 non
2599 1170 2760 1226 modo
2809 1189 2906 1242 pro
2967 1179 3098 1244 suis,
3146 1183 3319 1240 sedet
3347 1204 3446 1258 pro

1851 1245 2190 1302 subditorum
2241 1253 2539 1320 puniantur
2586 1258 2827 1318 offensis.
2869 1267 3064 1339 Argnit
3089 1287 3182 1328 eos
3209 1245 3442 1349 Moyses,

1849 1334 1976 1402 quia
2003 1335 2086 1390 lex
2139 1338 2232 1395 Dei
2283 1345 2622 1416 negligentia:
2669 1351 2786 1409 illos
2837 1373 2900 1412 ac
2930 1363 3161 1432 torporis
3198 1381 3440 1426 accusat.

1850 1423 1951 1492 Qui
1983 1433 2260 1500 suspendit
2293 1451 2388 1492 eos
2423 1439 2490 1494 ad
2518 1441 2710 1510 solem,
2743 1450 2998 1518 quoniam
3033 1455 3098 1509 ad
3123 1462 3442 1518 examinan-

1847 1513 1977 1570 dum
2029 1522 2422 1590 producuntur,
2482 1540 2536 1584 et
2591 1547 2896 1605 arguuntur
2948 1559 2976 1596 a
3009 1543 3145 1602 luce.
3179 1567 3198 1600 ι
3251 1551 3440 1610 Omnis

1845 1607 2042 1674 enimp
2074 1620 2130 1664 ut
2163 1613 2422 1672 Dominus
2452 1620 2548 1686 ait,
2583 1641 2602 1674 ι
2626 1627 2718 1694 qui
2741 1630 2880 1684 mala
2917 1634 3048 1704 agit,
3082 1639 3196 1694 odit
3237 1641 3432 1712 lucem,

2643 1686 2659 1694 -
2951 1686 3048 1704 υ--ι
3087 1686 3196 1694 ----
3237 1686 3432 1712 "HV-"1

162 1686 388 1756 antiquis
433 1688 640 1746 dictum
670 1702 792 1748 est;
831 1713 849 1746 ι
891 1693 1008 1752 Non
1039 1701 1434 1759 "memberis?
1467 1724 1484 1756 ι
1521 1705 1587 1760 Ει
1613 1706 1740 1776 quid
1769 1715 1818 1775 Β
1845 1707 2024 1756 etnon
2057 1705 2204 1760 venit
2227 1709 2294 1762 ad
2315 1709 2514 1779 lucem,
2545 1723 2604 1768 ut
2625 1733 2734 1773 non
2755 1735 3054 1792 arguantur
3080 1745 3242 1800 opera
3269 1734 3386 1804 ejus
3417 1753 3434 1793 :

161 1786 238 1832 est
263 1793 394 1835 zona
441 1795 613 1838 aurea
655 1785 724 1839 ad
773 1787 1090 1856 mamillam,
1117 1791 1218 1846 nisi
1252 1795 1393 1862 quod
1417 1793 1740 1852 Christiana:

159 1855 272 1924 lid'ei
303 1870 602 1930 cultoribus
635 1875 838 1932 dicitur
871 1893 887 1932 ε
921 1897 940 1930 ι
978 1855 1082 1948 Qui
1117 1883 1313 1938 viderit
1353 1885 1634 1942 mulierem
1669 1887 1736 1944 ad

157 1962 639 2032 concupiscendmn
685 1981 830 2034 eam,
886 1967 1000 2040 jam
1051 1976 1356 2030 mmehatus
1386 1988 1469 2032 est
1510 1995 1630 2034 eam
1681 1981 1734 2036 in

159 2054 309 2108 corde
327 2057 468 2110 suo?
501 2075 521 2110 ι
559 2057 698 2114 llinc
719 2060 885 2116 etiam
911 2077 1008 2134 per
1032 2066 1352 2135 prophetam
1378 2069 1555 2124 divina
1607 2087 1735 2127 voce

159 2141 462 2213 praecipitur
489 2163 502 2200 :
543 2166 562 2198 ι
593 2145 760 2216 Lava,
788 2147 1110 2220 Jerusalem,
1141 2171 1172 2210 a
1203 2157 1408 2212 malitia
1437 2175 1532 2216 cor
1557 2171 1730 2228 tuum;

159 2245 420 2304 usquequo
451 2243 814 2296 morabuntur
835 2243 888 2298 in
917 2253 970 2299 te
991 2246 1352 2316 cogitationes
1384 2252 1562 2308 noxiae
1593 2253 1726 2324 (Jer.

157 2323 242 2394 ιν).
273 2344 294 2377 ι
325 2326 390 2382 Et
431 2329 560 2387 alibi
617 2349 630 2386 .-
677 2353 696 2386 ι
749 2335 993 2402 Attendi,
1041 2339 1238 2410 inquit,
1290 2353 1346 2398 et.
1398 2323 1728 2415 auscultavi;

157 2430 320 2483 nemo,
350 2421 492 2490 quod
523 2422 724 2480 bonum
771 2435 874 2494 est,
911 2429 1095 2485 hiatnr
1134 2431 1270 2504 (Jer.
1295 2437 1436 2506 vin).
1475 2457 1496 2491 ›
1531 2438 1600 2493 Et
1617 2435 1728 2496 'Sa-

156 2504 322 2564 lomon
376 2513 497 2568 ait:
533 2532 554 2567 ι
601 2515 838 2588 Spiritus
888 2533 1114 2580 sanctus
1169 2504 1466 2600 disciplina:
1506 2531 1729 2605 effugiet

155 2596 342 2668 fictum,
372 2613 428 2660 et
453 2606 668 2664 auferet
693 2624 753 2666 se
781 2625 812 2666 a
843 2614 1286 2688 cogitationibus,
1305 2596 1433 2692 qua:
1453 2636 1580 2681 sunt
1606 2596 1727 2684 sine

155 2687 404 2751 intellectu
431 2697 584 2770 (δίῳ.
615 2701 678 2772 ι).
713 2719 732 2754 ι
764 2705 1108 2776 Arripiamus
1147 2726 1278 2783 ergo
1305 2687 1542 2783 gladium
1569 2718 1726 2788 spiri-

153 2790 243 2848 tus,
273 2795 326 2841 et
353 2797 540 2846 contra
571 2793 960 2864 cogitationum
993 2815 1093 2857 nos
1125 2800 1498 2862 infestantium
1521 2823 1724 2866 cuneos

153 2870 578 2936 iiiftedcrabiliter
619 2883 963 2944 dimicemus.
1017 2889 1273 2964 Legimus
1328 2893 1517 2966 (Num.
1569 2899 1718 2972 xxv),

155 2965 258 3032 quia
288 2965 516 3027 Phinees
549 2976 832 3044 sacerdos,
858 2993 982 3036 cum
1019 2982 1245 3040 vidisset
1273 2965 1570 3046 lsraelitem
1598 3007 1722 3047 cum

153 3051 474 3116 Madianitide
499 3073 788 3121 coeuntem
808 3107 823 3132 ,
865 3071 1154 3141 pugionem
1186 3055 1406 3146 repente
1435 3080 1714 3152 corripuit,

152 3156 196 3200 et
225 3151 538 3224 sacrilegam
577 3155 968 3217 fornicantium
1011 3163 1190 3236 bigam
1229 3169 1420 3240 copula
1451 3151 1595 3228 inter
1619 3191 1722 3245 pu-

155 3239 302 3298 denda
331 3247 638 3304 transfodit.
687 3247 802 3308 Hoc
835 3253 1039 3311 factum
1079 3259 1316 3339 priorem
1371 3239 1722 3324 aedificaverit

153 3337 402 3405 populum.
447 3342 528 3397 Tu
578 3353 786 3413 autem,
833 3349 926 3419 qui
957 3337 1198 3410 alterius.
1231 3355 1353 3410 belli
1403 3358 1718 3428 magisterio

151 3425 420 3490 instructus
461 3449 544 3502 es,
593 3447 651 3493 et
691 3440 990 3510 Spiritualis
1024 3444 1132 3499 dux
1154 3449 1356 3520 gregis,
1388 3425 1716 3524 non-corpo-

149 3519 264 3576 ralis
305 3523 520 3596 allatus,
575 3530 622 3586 si
677 3547 840 3604 quem
885 3541 1234 3606 conspexeris
1276 3543 1344 3597 de
1387 3545 1587 3618 populo
1621 3519 1714 3603 iuo

149 3621 250 3676 post
283 3629 498 3674 sensum
543 3619 600 3675 in
647 3620 1068 3682 Madianitarum
1101 3643 1341 3685 amorem
1371 3642 1614 3702 euntem,
1658 3645 1714 3692 et

150 3701 449 3766 illecebrosis
483 3725 545 3768 se
587 3715 1012 3786 cogitationibus
1043 3720 1399 3792 volutantem,
1433 3726 1556 3782 nolo
1585 3743 1714 3798 par-

149 3805 242 3859 cas,
269 3797 386 3854 nolo
411 3801 741 3872 dissimules,
764 3807 860 3862 sed
877 3809 1024 3867 illico
1052 3823 1297 3882 percute,
1320 3815 1437 3872 sine
1453 3818 1709 3876 dilatione

148 3887 389 3960 trauslige.
421 3891 600 3963 Ipsam
637 3910 854 3967 quoque
881 3901 1126 3969 vulvam,
1165 3905 1217 3960 id
1241 3915 1349 3972 est,
1379 3918 1587 3964 secreta
1613 3927 1708 3966 na-

148 3983 257 4034 turai
275 3981 588 4050 discutiens,
615 3997 778 4058 atque
804 3989 994 4048 intime
1014 4004 1328 4064 penetrans,
1357 3999 1506 4054 illum
1527 4001 1706 4072 ipsum

147 4075 368 4134 peccandi
391 4075 640 4134 fomitem
667 4081 911 4151 perfode,
935 4101 1006 4142 ne
1029 4087 1206 4144 valeat
1231 4091 1370 4145 ultra
1395 4094 1699 4166 concipere,

147 4160 214 4214 vel
234 4165 546 4225 virulentam
577 4172 730 4244 131
769 4177 1033 4245 sobolem,
1058 4197 1179 4251 quae
1205 4182 1498 4242 Israelitica
1524 4197 1701 4245 castra

149 4257 474 4326 contaminet,
520 4277 802 4333 generare.
853 4267 1114 4338 Gladius,
1167 4273 1431 4344 inquam,
1480 4279 1700 4345 spiritus

103 4399 108 4404 .
148 4341 288 4412 ipsum
309 4354 570 4421 peccandi
597 4362 1042 4430 conceptaculum
1063 4341 1258 4432 feriat,
1279 4368 1370 4438 qui
1401 4372 1698 4440 petulantia

147 4433 440 4504 lascivientis
493 4448 892 4508 oblectamenta
939 4457 1120 4512 carnis
1171 4433 1498 4532 exstinguat.
1543 4465 1698 4533 Quod
1728 4459 1776 4520 Ι)

147 4543 243 4589 cum
283 4541 532 4598 omnibus
583 4559 684 4614 pro
727 4561 826 4602 suo
876 4549 1070 4619 cuique
1121 4553 1338 4610 modulo
1368 4570 1590 4613 necesse
1627 4559 1700 4614 sit

145 4637 293 4698 agere,
352 4634 460 4690 illis
523 4644 706 4693 tamen
755 4639 860 4694 hoc
911 4644 1232 4713 propensius
1279 4646 1559 4718 imminet,
1603 4653 1695 4722 qui

146 4713 290 4778 locum
329 4727 612 4800 regiminis
679 4740 892 4796 tenent,
942 4735 1034 4804 qui
1084 4737 1386 4793 commissis
1435 4739 1696 4799 fratribus

145 4815 414 4878 president.
460 4821 612 4890 Quos
643 4824 916 4884 nimirum
959 4841 1184 4883 necesse
1229 4839 1332 4894 est,
1393 4839 1450 4886 ut
1503 4843 1692 4890 contra

147 4900 248 4960 Vilia
289 4910 622 4969 subditorum
650 4915 1006 4972 sacerdotalis
1056 4918 1154 4974 zeli
1188 4918 1370 4976 fervor
1409 4927 1689 4992 accendat,

147 5003 320 5057 etcum
363 5005 598 5064 Pbinees
645 5009 840 5066 aeterni
888 5011 1318 5082 sacerdotiijura
1344 5017 1689 5088 possideant;

149 5092 262 5154 quod
289 5096 328 5150 si
357 5098 578 5156 desidiae
603 5101 750 5158 circa
779 5099 1174 5171 delinquentes,
1215 5113 1432 5174 torpore
1472 5109 1694 5184 langue-

149 5192 292 5251 scunt,
311 5191 486 5247 nudati
510 5193 846 5260 sacerdotio,
878 5208 1000 5248 cum
1031 5193 1148 5251 Heli
1171 5196 1360 5253 fractis
1397 5199 1452 5254 in
1489 5215 1688 5264 terram

149 5276 399 5310 oni-rvina“...
449 5283 531 5310 ιιι
575 5284 672 5310 ο-..
744 5282 824 5310 -..ι

877 5284 1144 5310 ΑΙξιε...-ι--..
1221 5289 1318 5310 ..8--

1845 1796 1936 1864 qui
1979 1807 2160 1852 autem
2221 1801 2352 1858 facit
2401 1808 2707 1877 veritatem,
2753 1816 2900 1870 venit
2941 1819 3008 1872 ad
3039 1820 3214 1878 lucem
3248 1826 3430 1898 (Joan.

1842 1887 1946 1956 ιιι).
1983 1907 2001 1940 ι
2037 1890 2120 1946 Ad
2169 1891 2342 1949 lucem
2391 1899 2588 1971 quippe
2645 1905 2822 1972 venit,
2853 1910 2944 1978 qui
2969 1913 3180 1969 occulta
3205 1887 3301 1973 sua
3335 1935 3434 1990 per

1838 1995 1989 2050 parte
2014 1984 2372 2046 confessionis
2397 1993 2602 2050 aditum
2629 2000 2836 2066 pandit.
2863 2001 3174 2062 Curandum
3198 1984 3432 2084 estergo

1841 2075 2142 2132 rectoribus
2173 2079 2564 2152 Ecclesiarum,
2595 2097 2652 2142 ut
2681 2091 2822 2147 filios
2849 2109 3110 2164 generent
3135 2101 3190 2156 in
3217 2102 3381 2160 lsrael
3414 2125 3428 2161 :

1837 2173 1892 2218 et
1939 2181 2044 2222 non
2096 2159 2561 2247 qualetncunque,
2607 2183 2702 2238 sed
2747 2185 2921 2244 virilis
2969 2205 3133 2248 sexus
3185 2198 3430 2256 sobolem

1837 2260 2105 2329 nutriant,
2140 2281 2258 2334 qua:
2291 2269 2540 2328 videlicet
2562 2276 2628 2330 ad
2659 2279 3012 2346 praeliandum
3041 2287 3182 2344 bella
3215 2292 3426 2350 Domini

1835 2351 2053 2412 fortiter
2090 2363 2454 2420 convalescat.
2522 2368 2778 2442 Quisquis
2829 2377 2974 2432 enim
3021 2395 3120 2450 per
3173 2383 3427 2454 injuncta'.

1832 2448 2236 2514 praedicationis
2278 2455 2512 2512 cilicium
2543 2459 2609 2514 ad
2657 2448 3185 2534 pugnandum—alios
3213 2448 3426 2545 incitat,

1832 2539 1927 2592 sed
1979 2539 2093 2610 ipse
2128 2558 2236 2598 non
2281 2556 2505 2618 pugnat,
2558 2550 2634 2606 illi
2685 2553 2879 2611 similis
2907 2567 3008 2625 est,
3047 2563 3138 2632 qui
3181 2539 3428 2624 buccinai

1831 2625 2174 2700 clangoribus
2226 2637 2512 2710 obstrepit,
2561 2641 2658 2697 sed
2707 2649 2966 2719 congredi
3016 2655 3265 2714 cominus
3313 2672 3422 2716 non

1829 2724 2128 2790 priesuinit.
2173 2725 2273 2782 llic
2315 2730 2500 2799 itaque
2541 2750 2650 2791 non
2687 2737 2898 2795 virilem
2934 2757 3158 2814 generat
3193 2765 3418 2821 sexum,

1830 2811 1956 2866 dum
1986 2814 2060 2870 sit
2086 2827 2243 2886 pater
2269 2819 2516 2892 ignavus.
2547 2826 2718 2894 Quem
2741 2811 2988 2900 profecto
3025 2837 3296 2912 Salphaad
3327 2811 3422 2903 ille

1827 2905 2082 2976 signavit,
2113 2913 2204 2981 qui
2233 2929 2338 2970 non
2369 2916 2564 2988 filium,
2604 2924 2698 2977 sed
2736 2927 2978 2999 quinque
3007 2933 3150 2990 ﬁlias
3171 2939 3416 2998 moriens

1827 2999 2115 3073 dereliquit
2133 3005 2322 3078 (Nunt.
2339 3014 2534 3084 xxvn).
2555 3014 2824 3086 Salphaad
2847 3022 3116 3095 siquidem
3145 3030 3418 3104 interpre-

1745 3087 1790 3152 C
1823 3101 1972 3148 tatur
1997 3097 2180 3152 umbra
2219 3101 2272 3154 in
2302 3119 2390 3157 ore
2411 3105 2546 3175 ejus.
2587 3109 2846 3182 Quisquis
2868 3087 3012 3172 enim
3036 3117 3196 3177 fortia
3219 3087 3418 3194 praedi-

1824 3194 1934 3252 cat,
1971 3197 2024 3243 et
2051 3193 2331 3250 enerviter
2356 3197 2506 3264 vivit,
2535 3215 2603 3256 ne
2635 3206 2808 3275 turpis
2835 3221 3110 3280 appareat,
3135 3193 3292 3285 quasi
3315 3223 3417 3278 sub

1818 3275 1965 3334 foliis
1991 3294 2052 3336 se
2096 3281 2312 3340 honesti
2363 3294 2632 3351 sermonis
2679 3297 2916 3356 occultat
2945 3319 2958 3356 :
2987 3305 3088 3360 sub
3130 3311 3323 3366 umbra
3353 3329 3416 3370 se

1815 3371 2024 3442 preprii
2058 3373 2171 3430 oris
2202 3375 2509 3448 abscondit,
2537 3386 2664 3441 dum
2695 3389 2750 3442 in
2791 3405 3042 3462 campum
3091 3403 3413 3460 certaminis

1815 3474 1916 3530 per
1967 3465 2047 3520 sui
2082 3470 2316 3538 torporis
2369 3472 2638 3544 ignaviam
2679 3496 2785 3536 non
2812 3486 3078 3552 procedit.
3107 3487 3207 3546 Hic
3230 3493 3413 3564 itaque

1815 3567 2077 3622 quantum
2108 3559 2173 3612 ad
2202 3576 2262 3616 se
2282 3577 2390 3616 non
2417 3565 2646 3634 virilem,
2672 3571 2765 3626 sed
2798 3573 3116 3633 muliebrem
3143 3581 3408 3653 sobolem,

1813 3652 1870 3700 et
1925 3647 2068 3704 hanc
2103 3651 2204 3706 sub
2228 3655 2478 3724 quinario
2524 3675 2752 3718 numero
2781 3677 3024 3735 generat,
3054 3670 3180 3726 dum
3213 3690 3410 3746 sequa-

1813 3749 1904 3790 ces
1956 3751 2084 3793 suos
2132 3755 2240 3796 non
2291 3745 2360 3798 ad
2411 3746 2579 3802 robur
2599 3750 2896 3818 Spiritualis
2920 3757 3181 3827 audaciae,
3218 3745 3312 3820 sed
3334 3770 3402 3822 ad

1811 3827 1981 3882 otium
2038 3829 2235 3887 educat
2283 3833 2530 3906 ignobilis
2561 3839 2705 3895 vitat.
2744 3842 2890 3910 Quos
2924 3849 3109 3920 utique
3137 3854 3263 3910 dum
3293 3874 3401 3914 non

1809 3928 1966 3972 curat
2020 3919 2286 3978 industria
2343 3942 2538 3998 pugna:
2593 3932 2891 4000 spiritualis
2947 3919 3210 4012 imbuere,
3259 3951 3406 4022 cogit

1808 4014 2170 4072 exterioribus
2203 4022 2432 4091 negotiis
2452 4063 2466 4089 ,
2498 4027 2650 4095 quasi
2687 4031 2926 4102 quinque
2967 4040 3247 4108 corporeis
3279 4058 3402 4100 seu-

1807 4107 1960 4164 sibus
1990 4111 2288 4168 deservire.

1876 4201 1986 4258 Has
2019 4206 2202 4276 itaque
2229 4213 2588 4282 corporalium
2627 4233 2882 4276 sensuum
2913 4239 3118 4293 portas,
3153 4229 3398 4288 dilectis-

1803 4294 1964 4362 simi,
1997 4307 2054 4352 et
2085 4300 2341 4356 vitiorum
2387 4305 2710 4366 irruentium
2755 4315 3050 4386 phalanges
3091 4321 3394 4392 obstruite,

1803 4392 1857 4438 ct
1901 4385 2157 4442 virtutum
2209 4392 2570 4460 spiritualium
2617 4403 2922 4470 agminibus
2962 4385 3202 4476 aperite.
3244 4411 3396 4470 Mens

1804 4476 2001 4547 quippe
2073 4480 2261 4536 militis
2319 4483 2564 4552 Christi,
2633 4493 2784 4560 quasi
2849 4496 3005 4567 132
3071 4502 3392 4562 retiaculum

1807 4567 1966 4624 debet
2030 4575 2309 4642 expandi,
2374 4594 2492 4647 qua:
2556 4582 2763 4638 scilicet
2819 4597 2876 4640 et
2941 4590 3181 4648 inanium
3248 4598 3396 4668 cogi-

1810 4659 2072 4714 tationum
2135 4662 2336 4720 ﬂuenta
2398 4677 2754 4739 transportat,
2808 4685 2864 4730 et
2919 4681 3096 4737 sancti
3129 4659 3395 4755 'Spiritlts

1805 4749 2158 4810 incitamenta
2221 4761 2577 4830 concipiens,
2653 4767 2807 4838 quasi
2877 4770 3059 4840 pisces
3130 4777 3393 4835 includat.

1803 4838 2076 4900 Robustos
2121 4862 2218 4902 vos
2264 4859 2428 4921 atque
2460 4856 2752 4928 pervigiles
2784 4838 3084 4921 nocturnus
3114 4866 3404 4926 insidiator

1803 4929 2066 5002 inveniat,
2122 4947 2182 4992 ut
2228 4950 2562 5008 castrorum,
2592 4962 2690 5016 pro
2727 4949 2927 5017 quibus
2952 4957 3130 5023 statis,
3163 4958 3268 5013 hoc
3291 4969 3400 5024 est,

1801 5023 2046 5080 cordium
2085 5035 2391 5087 vestrorum
2422 5031 2624 5104 aditus,
2665 5053 2773 5094 non
2820 5039 3112 5119 irrumpat.
3145 5047 3400 5104 Erectum

1799 5115 2086 5173 adversum
2127 5135 2184 5174 se
2216 5137 2435 5197 semper
2473 5129 2708 5199 aSpiciat
2743 5135 2923 5190 crucis
2956 5141 3284 5210 triumphale
3312 5155 3405 5194 ve-

1797 5206 2010 5275 xillum,
2036 5219 2094 5264 ut
2119 5227 2224 5266 non
2255 5230 2286 5268 a
2320 5216 2496 5283 vobis,
2527 5224 2676 5290 quod
2711 5225 2876 5293 absit,
2913 5229 3095 5288 victor
3117 5206 3400 5286 manubias
