3964 5310
548 322 649 378 551

1083 320 1139 379 S.
1175 320 1382 379 PETRI
1420 319 1715 380 DAMIANI'
1745 320 1901 382 OPI’.
1940 323 2123 380 PARS
2163 324 2295 384 SEU
2332 324 2568 385 TOMUS
2605 327 2647 384 I.
2687 359 2757 373 -
2793 329 3012 388 EPIST.
3054 329 3180 387 LIB.
3220 329 3353 387 VIII.

3696 337 3788 394 3‘5}

547 453 655 493 non
686 510 693 515 μ
729 434 907 491 denuo
969 433 1245 505 Iudicandi
1274 476 1290 502 ,
1336 436 1449 509 sed
1513 434 1737 507 gloriam
1802 438 2126 510 percepturi.
2157 455 2207 516 Α
2236 439 2471 497 tionibus
2520 444 2733 500 assidue
2764 456 3105 516 perseverat;
3144 447 3213 503 Et
3237 448 3362 519 quia
3393 462 3545 505 mane
3571 450 3693 509 lucis
3711 471 3784 512 no-

1077 548 1416 607 EPISTOLA
1463 548 1510 605 Χ
1522 547 1602 605 VI.

1096 659 1166 699 an
1190 658 1241 698 v.
1267 634 1597 699 serscortnr.‘

548 738 944 809 ARGUIENTUI.
986 765 1059 809 -—;
1094 734 1351 792 Octavam
1402 736 1573 809 sancti
1608 733 1832 809 Joannis
1883 735 2140 809 Baptista:

621 808 921 889 nativitatis
937 807 1135 889 eadem
1181 806 1555 889 veneratione,
1594 807 1907 889 quanipsam
1946 806 2140 889 nativi-

622 889 788 935 tatem
819 878 1198 934 celebrandam
1227 892 1350 933 esse
1378 876 1674 933 contendit.
1704 876 1907 933 Deinde
1928 879 1994 934 de
2017 888 2142 934 octo

621 951 836 1008 Veteris
864 949 1200 1020 Testamenti
1242 947 1625 1020 festivitatibus
1655 948 1915 1018 disputat,
1939 964 2143 1020 easque

625 1024 691 1079 ad
735 1020 1060 1094 evangelicae
1098 1018 1218 1075 fidei
1277 1034 1520 1094 normam
1556 1019 1845 1092 allegorica
1872 1018 2143 1094 interpre—

625 1094 827 1148 tatione
855 1090 1112 1146 transfert
1132 1098 1186 1144 et
1208 1093 1602 1147 accommodat.

626 1183 832 1238 Domno
862 1182 925 1237 ν.
960 1180 1285 1237 venerandae
1314 1181 1621 1237 sanctitatis
1660 1182 1936 1254 episcopo,
1970 1198 2033 1241 ac
2059 1198 2144 1240 re-

554 1275 763 1348 ligiosis
798 1274 1057 1329 Ecclesiae
1111 1288 1222 1329 sua:
1266 1272 1577 1342 canonicis,
1630 1273 1849 1332 Penus
1890 1287 2146 1348 peccator

555 1368 855 1424 monachus
874 1366 1210 1421 servitutem.

627 1460 801 1516 Divini
838 1459 1011 1514 cultus
1036 1458 1354 1531 obsequium
1384 1468 1513 1516 tunc
1532 1468 1612 1516 est
1636 1461 1820 1532 procul
1844 1461 2005 1518 dubio
2030 1461 2144 1517 lau-

555 1553 624 1608 de
652 1551 894 1622 dignum,
928 1565 1051 1606 cum
1095 1550 1257 1605 fuerit
1308 1549 1652 1606 laudabiliter
1686 1561 2142 1608 consummatum.

555 1644 825 1701 Caeterum
848 1644 977 1714 quid
1007 1642 1248 1715 prodest,
1296 1644 1341 1698 si
1373 1654 1521 1699 recte
1551 1645 1676 1715 quis
1697 1645 1975 1715 quodlibet
2008 1663 2145 1718 opus

556 1736 801 1807 incipiat,
856 1734 958 1789 nisi
1001 1741 1148 1789 recto
1189 1733 1313 1789 illud
1353 1734 1458 1790 fine
1501 1735 1790 1791 concludat
1831 1736 2142 1792 ?Novimus

2241 540 2369 589 διε-ω
2406 534 2490 591 lex
2544 546 2625 591 est
2687 548 2740 593 et
2779 540 3073 610 prephetze,
3128 554 3417 612 vesperum
3464 553 3630 599 autem
3673 547 3787 606 lucis

2239 622 2418 694 hujus,
2451 636 2712 697 quantum
2744 631 2813 683 ad
2845 631 3091 686 ordinem
3126 642 3446 703 temporum,
3476 634 3785 708 Evangelium

2240 725 2342 784 est,
2376 718 2516 775 sicut
2545 721 2672 775 dicit
2699 723 3007 792 Apostolus.
3041 726 3107 779 ad
3152 740 3271 791 nos,
3323 726 3375 780 in
3405 742 3541 798 quos
3563 728 3683 787 lines
3707 749 3790 791 ste-

2242 809 2485 866 eulorum
2506 812 2838 868 devenerunt
2856 813 2907 886 (f
2922 813 3040 869 Cor.
3062 815 3137 888 χ).
3158 817 3219 872 Et
3246 819 3358 889 ipse
3386 819 3579 876 David:
3606 824 3789 881 «Eiem

2243 905 2320 959 tio
2350 918 2607 960 manuum
2634 922 2879 962 mearum
2908 908 3234 965 sacrificium
3258 914 3620 984 vespertinum
3645 916 3785 987 (Paul.

2242 996 2387 1069 exn).
2428 1017 2447 1051 ι
2510 997 2830 1055 Matutinum
2888 1016 3103 1072 semper
3148 1012 3205 1058 et
3251 1006 3615 1075 vespertinum
3663 1008 3790 1066 offert

2242 1087 2473 1146 Domino
2482 1091 2832 1160 sacrificium,
2848 1095 2938 1164 qui
2966 1097 3314 1166 semetipsum
3330 1114 3360 1154 a
3379 1101 3707 1159 saecularibus
3719 1123 3789 1160 nc-

2243 1185 2410 1259 gotiis
2435 1194 2703 1253 mactans,
2729 1194 2982 1244 versatur
3003 1191 3221 1246 assidue
3251 1192 3305 1246 in
3359 1204 3617 1249 novarum
3643 1213 3696 1253 ac
3720 1214 3789 1254 ve-

2244 1285 2421 1333 terum
2483 1278 2923 1335 meditationibus
2970 1278 3378 1351 Scripturarum
3412 1301 3426 1337 :
3458 1284 3569 1341 sive
3614 1289 3794 1342 matuti~
3894 1288 3895 1299 ‘

2243 1380 2372 1425 num
2400 1381 2471 1423 ac
2488 1368 2857 1439 vespertinum
2889 1369 3120 1426 Domino
3147 1372 3481 1429 sacrificium
3507 1375 3792 1449 jugiterim-

2243 1458 2530 1524 molamus,
2564 1473 2688 1513 cum
2743 1468 2797 1514 et
2825 1450 3023 1531 dignas'
3053 1461 3101 1517 ei
3131 1465 3431 1533 gratiarum
3481 1469 3704 1525 actiones
3742 1472 3792 1525 de

2243 1559 2432 1605 nostra
2458 1549 2830 1620 redemptione
2862 1551 3165 1621 referimus,
3185 1552 3407 1626 ejusque
3431 1559 3793 1638 terribilejudio

2245 1655 2388 1696 crum
2414 1639 2792 1701 formidantes.
2813 1640 2923 1711 jam
2956 1645 3111 1714 quasi
3141 1645 3506 1704 tribunalibus
3528 1652 3791 1720 przesidenti

2245 1738 2539 1785 trementes
2567 1738 2682 1786 asta
2690 1746 2826 1787 mus.

554 1826 762 1897 itaque,
795 1824 1154 1890 dilectissimi,
1196 1826 1324 1897 quia
1361 1825 1710 1883 festivitatem
1748 1828 1887 1883 beati
1917 1828 2142 1884 Joannis

2316 1819 2443 1876 Post
2471 1821 2601 1893 juge
2653 1837 2782 1877 vero
2827 1823 3153 1880 sacriﬁcium
3210 1824 3511 1884 Sabbatum
3563 1833 3790 1902 ponitur,

552 1917 830 1989 Baptistae,
883 1926 1044 1986 prout
1099 1916 1319 1987 dignum
1355 1929 1459 1984 est,
1506 1918 1721 1988 quidem
1767 1919 2148 1974 venerabiliter

555 2011 754 2076 colitis,
796 2011 891 2065 sed
938 2011 1144 2065 octavis
1194 2008 1310 2079 ejus
1351 2012 1512 2066 trium
1549 2012 1843 2068 lectionum
1882 2013 2148 2068 brevitate

553 2101 815 2166 contenti,
843 2117 948 2155 non
989 2112 1129 2166 eam,
1155 2117 1261 2171 qua
1284 2102 1459 2173 digna:
1483 2112 1629 2167 sunt,
1662 2105 2022 2159 reverentiam
2053 2120 2151 2160 ex-

553 2193 775 2250 hibetis.
804 2192 937 2247 Nam
962 2195 1007 2249 si
1038 2194 1287 2250 lectionis
1307 2195 1633 2268 evangelicae
1676 2205 1835 2253 tenor
1863 2197 2149 2270 diligenter

558 2287 881 2351 attenditur,
912 2286 1111 2341 nullius
1142 2288 1315 2341 sancti
1362 2288 1629 2345 festivitas
1653 2290 1705 2344 in
1748 2289 1998 2346 Ecclesia
2017 2292 2147 2347 coli-

554 2391 662 2444 tur,
720 2378 874 2450 cujus
918 2379 1124 2434 octavis
1176 2387 1324 2434 tanta
1373 2382 1679 2436 reverentia
1732 2383 2009 2437 debeatur.
2058 2385 2149 2443 Ait

550 2475 693 2527 enim
736 2471 962 2544 angelus
988 2470 1269 2526 Zachariae
1302 2490 1313 2525 :
1350 2489 1369 2523 ι
1396 2472 1513 2527 Erit
1540 2472 1633 2528 tibi
1658 2473 1935 2546 gaudium,
1968 2483 2023 2529 et
2046 2491 2146 2529 ex-

552 2564 809 2630 sultatio,
865 2570 922 2618 et
981 2563 1136 2618 multi
1191 2564 1244 2618 in
1296 2564 1580 2621 nativitate
1650 2556 1768 2637 ejus
1832 2567 2148 2639 gaudebunt

550 2657 702 2725 (Luc.
746 2653 807 2726 ι).
850 2675 866 2706 ι
913 2653 1066 2722 Quod
1104 2654 1290 2725 procul
1331 2654 1493 2711 dubio
1548 2672 1652 2711 non
1681 2657 1798 2727 ipso
1846 2657 2147 2713 nativitatis

549 2743 659 2810 die,
700 2745 794 2800 sed
831 2754 1024 2800 octavo
1050 2745 1231 2816 potius
1264 2760 1371 2801 non
1408 2746 1701 2819 ambigitur
1723 2745 1890 2804 fuisse
1916 2747 2147 2817 comple-

552 2846 686 2889 tum.
719 2835 924 2891 Octavo
968 2836 1168 2906 quippe
1206 2836 1313 2902 die,
1353 2852 1461 2907 quo
1500 2838 1856 2894 circumcisus
1890 2847 1997 2906 est,
2033 2854 2143 2896 non

551 2935 635 2981 est
665 2927 786 2981 sine
832 2926 1126 2981 multorum
1165 2928 1362 2998 gaudio
1399 2928 1679 2984 Zachariae
1707 2929 1976 3001 angelitus
2009 2947 2148 2986 nun-

551 3019 769 3084 tiatum,
806 3028 863 3074 et
890 3018 1169 3075 Elisabeth
1198 3021 1459 3076 divinitus
1484 3022 1827 3092 inspiratum,
1858 3037 2028 3093 puero
2048 3039 2146 3080 no-

552 3124 677 3167 men
699 3109 1019 3182 imponitur,
1059 3126 1120 3166 os
1158 3113 1327 3182 patris
1361 3114 1502 3183 quod
1541 3113 1631 3168 diu
1670 3112 1917 3168 clausum
1942 3113 2142 3181 fuerat,

2248 1912 2501 1967 videlicet
2521 1922 2580 1968 ut
2607 1915 2673 1970 ab
2697 1915 3047 1986 omnioperis
3065 1916 3280 1972 servilis
3299 1922 3643 1978 exsecutione
3668 1938 3793 1979 vace-

2249 2017 2358 2064 tur.
2380 2006 2694 2066 Christiano
2714 2026 2843 2068 vero
2872 2014 3150 2084 spirituale
3165 2013 3464 2073 Sabbatum
3493 2034 3662 2092 agere,
3686 2030 3750 2076 cst
3770 2038 3793 2077 a

2248 2098 2516 2155 laboriosa
2549 2116 2731 2157 rerum
2776 2106 3154 2175 temporalium
3206 2110 3507 2179 cupiditate
3537 2113 3792 2182 quiescere,

2249 2189 2380 2248 solis
2406 2193 2713 2248 orationum
2743 2210 2808 2251 ac
2832 2194 3124 2253 lectionum
3146 2200 3341 2256 studiis
3367 2200 3638 2267 insudare,
3659 2216 3795 2259 δέεαι-
3894 2218 3895 2223 ‘

2248 2280 2442 2337 larium
2481 2284 2819 2355 negotiorum
2862 2288 3073 2356 pondus
3103 2288 3170 2344 de
3198 2292 3398 2346 mentis
3428 2293 3640 2349 cervice
3663 2290 3795 2363 proji-

2251 2387 2395 2438 cere,
2440 2372 2507 2428 ad
2539 2376 2949 2446 contemplanda
2994 2378 3234 2435 ccelestia
3288 2388 3397 2436 tota
3428 2383 3607 2440 cordis
3662 2383 3801 2443 inten-

2244 2465 2397 2521 tione
2433 2480 2657 2532 vacare;
2707 2469 2888 2524 carnis
2934 2470 3330 2528 oblecramenta
3383 2474 3799 2544 contemnemde

2249 2557 2361 2613 sola
2407 2572 2503 2628 spe
2552 2559 2854 2615 ctelestium
2913 2562 3181 2631 spirituali
3206 2564 3551 2634 iucunditate
3592 2567 3797 2638 gaudere.

2246 2652 2324 2707 De
2353 2652 2455 2708 hoc
2481 2654 2627 2709 enim
2676 2654 2804 2709 dicit
2830 2655 3156 2725 Apostolus:
3189 2657 3553 2729 Relinquetur
3571 2674 3688 2732 ergo
3707 2659 3801 2715 sab-

2246 2743 2510 2799 batismus
2531 2743 2729 2814 popqu
2759 2743 2852 2799 Dei
2885 2743 3074 2816 (Hebr.
3103 2748 3201 2817 tv).
3237 2742 3328 2805 ille
3357 2764 3524 2818 porro
3554 2750 3801 2807 Sabbatum

2247 2832 2475 2890 Domino
2502 2836 2772 2890 veraciter
2792 2835 3051 2905 celebrat,
3076 2840 3168 2909 qui
3199 2840 3279 2896 sic
3303 2840 3371 2896 ab
3407 2842 3519 2907 his,
3547 2856 3660 2914 quae
3686 2854 3803 2897 mun-

2248 2924 2299 2978 di
2329 2933 2458 2981 sunt
2488 2925 2766 2996 operibus,
2820 2938 2997 2995 vacat,
3043 2938 3100 2985 ut
3157 2945 3186 2985 a
3238 2932 3612 3002 Spiritualibus
3660 2943 3803 2987 tamen

2247 3016 2457 3073 actibus
2496 3032 2605 3073 non
2631 3019 2898 3089 quiescat.
2936 3019 3089 3077 Unde
3116 3019 3331 3078 Veritas
3361 3025 3440 3078 ait
3477 3042 3491 3078 :
3528 3042 3548 3077 ‹
3598 3026 3697 3080 Aut
3720 3037 3803 3078 non

2246 3110 2476 3181 legistis,
2525 3112 2654 3183 quia
2685 3114 3003 3171 sacerdotes
3033 3116 3088 3170 in
3143 3116 3342 3189 templo
3390 3116 3681 3174 Sabbatum
3711 3116 3804 3169 vio-

550 3201 818 3276 aperitur.
856 3201 924 3256 Et
947 3203 1038 3272 qui
1064 3211 1289 3258 eatenus
1337 3203 1648 3259 communia
1677 3203 1868 3261 saltem
1896 3205 2144 3275 proferre
2168 3191 2216 3254 Ε
2247 3201 2381 3269 lant,
2402 3213 2458 3259 et
2474 3200 2590 3261 sine
2611 3205 2838 3261 crimine
2859 3208 3020 3262 sunt»?
3050 3227 3068 3260 ι
3090 3207 3284 3262 Matth.
3317 3223 3488 3278 svnt;
3515 3209 3669 3265 Joan.
3692 3206 3806 3277 vni.)

547 3294 718 3351 verba
763 3309 870 3350 non
900 3303 1135 3367 poterat,
1167 3296 1393 3369 mystica
1434 3294 1548 3365 jam
1578 3290 1910 3369 prephetalis
1933 3298 2144 3355 oraculi

549 3398 894 3446 sacramenta
947 3386 1227 3444 fundebat.
1280 3387 1477 3443 Totum
1522 3403 1653 3460 ergo
1691 3390 1969 3461 gaudium,
1998 3390 2146 3462 quod

549 3480 794 3555 angelica
816 3481 994 3537 fuerat
1023 3482 1430 3538 denuntiatione
1449 3485 1801 3556 promissum,
1825 3495 2018 3541 octavo
2045 3504 2147 3543 na-

551 3575 784 3632 tivitatis
818 3575 907 3631 die
927 3576 1190 3646 probatur
1216 3574 1538 3630 exhibitum.
1571 3575 1837 3633 Nativitas
1871 3577 2054 3648 itaque
2078 3577 2141 3634 Β.

548 3664 779 3724 Joannis
799 3680 907 3723 non
938 3675 1048 3722 tam
1077 3668 1251 3738 gratia
1288 3668 1521 3738 propriae
1550 3668 1829 3739 dignitatis
1852 3670 2141 3739 attollitur,

550 3777 712 3833 quam
762 3761 943 3818 octavi
998 3760 1082 3817 sui
1130 3760 1411 3833 privilegio
1459 3762 1769 3818 decoratur.
1801 3761 2146 3836 Quapropter

553 3852 829 3922 :equitatis
852 3851 993 3907 ratio
1020 3851 1208 3915 dictat,
1234 3860 1294 3906 ut
1315 3852 1457 3907 sicut
1487 3851 1602 3923 ipsa
1633 3853 1909 3919 nativitas,
1949 3862 2003 3910 et
2027 3853 2144 3923 ejus

550 3953 742 3999 octava
767 3942 1119 3997 nihilominus
1161 3942 1477 4009 honoretur,
1510 3957 1575 3999 ex
1617 3958 1723 4013 qua
1749 3943 2004 4000 videlicet
2026 3947 2143 4016 ipsa

550 4034 814 4089 nativitas
850 4034 1171 4102 illustratur,
1200 4043 1255 4090 et
1281 4035 1350 4091 ab
1370 4050 1431 4089 ea
1454 4035 1706 4106 percipit,
1743 4035 1885 4090 unde
1913 4035 2145 4094 celebris

550 4132 607 4180 et
650 4125 881 4196 insignis
925 4125 1175 4181 habetur.
1222 4125 1379 4197 133
1405 4125 1488 4181 Ab
1518 4134 1707 4180 octava
1750 4125 2018 4196 siquidem
2045 4142 2142 4184 sua

550 4218 880 4274 venerabilis
934 4218 1050 4274 haec
1102 4218 1357 4274 nativitas
1388 4219 1608 4288 accipit,
1643 4219 1785 4273 unde
1829 4228 2141 4276 sanctorum

549 4311 795 4368 omnium
823 4312 1195 4367 nativitatibus
1224 4309 1516 4366 antecellit.
1537 4308 1717 4379 Atque
1738 4310 1860 4366 ideo
1882 4326 1986 4366 non
2012 4327 2140 4382 sup-

546 4418 737 4477 parem
766 4405 834 4460 ab
856 4418 918 4460 ea
949 4414 1192 4460 meretur
1213 4404 1494 4465 honorem,
1527 4403 1612 4457 cui
1638 4402 1844 4473 praebet
1870 4415 1937 4456 ex
1964 4417 2023 4459 se
2045 4403 2138 4459 ho-

549 4497 703 4555 noris
731 4512 795 4553 ae
819 4497 1051 4554 celebris
1077 4497 1395 4554 reverentiae
1420 4493 1764 4566 dignitatem.
1799 4495 1909 4551 Nec
1940 4497 2138 4551 mirum

2248 3292 2351 3362 Qui
2396 3308 2528 3366 ergo
2550 3294 2619 3349 ab
2642 3296 2918 3351 actionum
2944 3297 3286 3353 sarcularium
3327 3299 3605 3356 laboribus
3646 3304 3807 3363 cessat,

2247 3392 2304 3439 et
2321 3384 2518 3440 divinae
2529 3387 2805 3442 servitutis
2818 3389 3071 3458 operibus
3087 3399 3267 3457 vacat,
3281 3390 3369 3448 ille
3389 3391 3702 3449 Christianae
3716 3389 3811 3445 reli-

2245 3475 2422 3547 gionis
2439 3476 2733 3533 Sabhatum
2757 3478 3015 3535 celebrat.
3039 3479 3146 3537 Iste
3168 3496 3276 3537 non
3305 3484 3507 3539 servile
3535 3499 3665 3557 opus
3685 3483 3809 3546 facit,

2246 3569 2374 3639 quia
2408 3584 2468 3625 se
2506 3571 2713 3639 peccati
2740 3573 3147 3643 perpetratione
3171 3576 3428 3631 custodit.
3464 3577 3567 3646 Qui
3597 3577 3727 3633 enim
3746 3574 3809 3629 fa-

2247 3661 2325 3717 cit
2376 3670 2660 3732 peccatum
2692 3677 2882 3719 servus
2927 3674 3010 3721 est
3047 3667 3280 3736 peccati.
3322 3665 3431 3722 iste
3460 3683 3567 3723 non
3596 3668 3648 3723 in
3678 3666 3810 3722 domo

2246 3768 2342 3808 sua
2375 3754 2556 3825 ignem
2604 3756 2876 3823 accendit,
2908 3758 3034 3827 quia
3083 3771 3275 3816 omnes
3303 3760 3564 3816 vitiorum
3609 3759 3810 3823 fomites,

2247 3854 2302 3901 et
2326 3846 2441 3915 irae,
2466 3854 2523 3903 et
2545 3846 2837 3905 simultatis
2867 3849 3133 3922 igniculus
3158 3864 3227 3907 ex
3251 3851 3532 3908 demicilio
3568 3867 3673 3908 suae
3692 3866 3813 3906 men-

2248 3938 2315 3992 tis
2338 3937 2656 4009 exstinguit,
2687 3940 2754 3993 ab
2780 3939 2875 3995 illo
2899 3954 3100 3997 cavens
3146 3942 3294 4014 igne,
3327 3944 3394 4000 de
3447 3958 3561 4015 quo
3588 3944 3813 4014 scriptum

2246 4037 2333 4085 est
2360 4046 2373 4084 :
2405 4048 2423 4082 ‹
2445 4029 2525 4085 lte
2555 4030 2607 4085 in
2642 4030 2844 4087 lumine
2869 4031 3011 4104 ignis
3033 4035 3218 4100 vestri,
3248 4042 3305 4091 et
3332 4035 3386 4091 in
3416 4033 3653 4100 ﬂamma,
3678 4044 3814 4105 quam

2245 4122 2573 4177 accendistis
2621 4121 2759 4194 (fsa.
2791 4137 2823 4179 ι.
2849 4123 2893 4195 ).
2925 4142 2943 4176 ι
3004 4123 3105 4181 llic
3157 4126 3390 4197 denique
3432 4126 3642 4197 pondus
3671 4124 3720 4179 in
3744 4120 3811 4175 via

2245 4228 2353 4269 non
2396 4222 2599 4284 portat,
2642 4217 2897 4285 quoniam
2960 4217 3362 4273 incnrvantium
3393 4233 3452 4274 se
3500 4218 3812 4289 iniquitaturn

2245 4305 2550 4371 ruderibus,
2587 4320 2682 4361 cor
2710 4322 2808 4377 per
2857 4310 3235 4379 pmnitentiam
3292 4310 3513 4382 levi'gat.
3545 4310 3622 4365 De
3647 4306 3813 4379 quibus

2244 4411 2341 4466 per
2364 4396 2687 4468 Prophetam
2710 4400 2938 4456 dicitur:
2961 4420 2979 4453 ‹
2999 4401 3262 4469 Quoniam
3282 4402 3598 4474 iniqnitales
3611 4412 3732 4456 mete
3746 4409 3812 4451 sn-

2245 4503 2543 4561 pergressa:
2558 4499 2683 4545 sunt
2702 4500 2865 4561 caput
2893 4492 3053 4567 13a,
3075 4509 3274 4560 meum,
3291 4504 3345 4550 et
3366 4495 3509 4551 sicut
3523 4508 3659 4549 onus
3677 4501 3813 4565 grave

550 4590 598 4648 si
622 4590 822 4647 clarior
842 4598 897 4645 et
916 4590 1143 4661 insignis
1163 4604 1392 4661 quaeque
1416 4589 1685 4644 festivitas
1713 4596 1907 4643 octavo
1931 4588 2141 4653 dierum
2173 4567 2486 4654 Dgravaue
2531 4592 2657 4639 sunt
2705 4599 2868 4655 super
2912 4602 2997 4641 Ine
3040 4585 3469 4659 (Psal.xxxvn).
3511 4605 3531 4640 ι
3581 4586 3646 4642 Et
3680 4579 3811 4654 paulo

550 4683 755 4740 circulo
776 4698 920 4737 nunc
948 4683 1003 4737 in
1030 4682 1279 4737 Ecclesia
1310 4681 1625 4752 proteletur,
1653 4696 1775 4737 cum
1798 4689 1924 4737 octo
1946 4680 2139 4752 praeci-

2246 4683 2367 4745 post
2400 4692 2414 4728 :
2449 4693 2467 4728 ‹
2508 4673 2826 4731 Incurvatus
2853 4691 2995 4746 sum,
3046 4687 3100 4733 et
3129 4678 3445 4734 humiliatus
3467 4692 3592 4735 sum
3640 4683 3810 4744 usque-

550 4789 684 4847 puas
712 4774 1085 4830 solemnitates
1114 4787 1210 4844 per
1246 4786 1689 4841 unumquemque
1716 4774 1842 4827 anni
1873 4772 2140 4828 circulum
2246 4782 2460 4841 quaque
2484 4766 2696 4840 (fbid.).
2729 4788 2745 4821 ι
2780 4769 2886 4825 iste
2914 4782 3177 4842 praeterea
3207 4772 3260 4828 in
3292 4774 3413 4829 loco
3448 4786 3550 4828 suo
3577 4769 3807 4830 residens.

552 4866 607 4919 in
638 4867 752 4939 lege
778 4866 948 4920 veteri
976 4865 1235 4919 Dominus
1266 4862 1567 4919 instituisse
1590 4862 1820 4932 legatur.
1850 4862 1981 4931 Quae
2009 4878 2139 4935 pro-
2243 4863 2458 4935 longius
2481 4877 2585 4917 non
2628 4864 2889 4932 procedit,
2918 4865 3045 4935 quia
3074 4864 3355 4923 Christum
3382 4865 3482 4923 sibi
3515 4863 3808 4919 fundamen-

556 4955 697 5012 fecto
730 4957 1047 5014 festivitates
1080 4966 1136 5017 et
1166 4958 1324 5013 nobis
1370 4964 1518 5023 sunt,
1558 4966 1613 5012 et
1647 4956 1754 5012 illis
1802 4973 1902 5029 pro
1935 4965 2146 5028 tempo-
2244 4964 2359 5012 tum
2386 4955 2558 5027 ponit,
2598 4957 2653 5011 in
2691 4973 2800 5027 quo
2834 4957 3043 5014 scilicet
3093 4958 3464 5016 firmissimum
3495 4973 3608 5015 sua:
3640 4951 3810 5027 quietis

556 5062 679 5101 rum
727 5048 1041 5105 diversitate
1105 5062 1445 5109 communes.
1500 5047 1718 5103 illorum
1772 5048 1971 5119 quippe
2019 5056 2148 5103 sunt
2250 5047 2616 5103 habitaculum
2648 5049 2939 5104 construit.
2979 5050 3097 5122 ipse
3126 5052 3326 5123 quippe
3353 5052 3499 5108 locus
3528 5057 3617 5107 est
3645 5049 3810 5116 dequo

556 5153 655 5211 per
683 5138 918 5196 carnalis
946 5140 1308 5197 observantia:
1327 5140 1515 5207 ritum,
1546 5148 1748 5196 nostra
1769 5155 1987 5211 quoque
2008 5139 2147 5195 nihi—
2246 5141 2510 5211 scriptum
2542 5149 2627 5196 est
2652 5159 2667 5198 :
2705 5160 2723 5194 ι
2781 5141 2903 5197 Filii
2942 5157 3223 5199 servorum
3253 5153 3465 5200 tuorum
3516 5140 3809 5198 habitabant

556 5231 795 5284 [ominus
844 5240 975 5284 sunt
1024 5248 1186 5284 super
1210 5235 1510 5284 snirituaiis
1552 5235 1926 5284 intelliaentim
1956 5249 2141 5284 sacra-
2246 5231 2318 5284 ibi
2346 5228 2520 5284 (Ρεαι.
2549 5232 2678 5284 Cll.)
2713 5233 2833 5284 Inse
2883 5234 3297 5284 fundamentum
3328 5237 3395 5284 de
3431 5248 3545 5284 mm
3597 5232 3807 5284 dicitur:
