3964 5310
465 334 576 395 335

1001 324 1310 390 'SfPETRl
1344 328 1626 387 DAMIANI
1667 329 1820 387 OPP.
1861 329 2042 387 PARS
2080 329 2215 389 SEU
2253 327 2493 388 TOMUS
2529 330 2572 385 1.
2608 356 2679 370 -
2713 324 2931 384 EPIST.
2967 326 3099 383 LIB.
3141 325 3276 382 VIII.

3642 328 3758 386 336

465 450 555 508 bis
612 445 970 521 spiritualiter
1014 445 1348 516 Scenopegia
1403 443 1599 499 colitur
1620 485 1635 509 ,
1690 459 1811 515 quae
1861 443 2064 499 dudum
2093 448 2143 510 Α
2174 458 2269 500 sex
2293 444 2412 501 dies
2431 458 2493 499 :a
2517 450 2782 514 conceptu
2804 450 2935 500 vero
2950 440 3180 498 Joannis
3209 450 3383 512 usque
3405 441 3473 499 ad
3492 442 3765 500 nativita-

467 542 610 612 apud
636 540 757 597 illos
792 554 889 611 per
913 538 1138 609 legitimi
1196 538 1331 592 ritus
1378 536 1732 592 caeremonias
1775 535 2069 592 carnaliter

466 636 749 708 agebatur.
814 632 941 688 Haec
969 647 1133 702 porro
1196 630 1466 687 festivitas
1523 630 1927 700 quintodecimo
1981 629 2069 685 die

468 726 687 799 septimi
714 725 915 781 mensis
941 724 1161 795 incipit;
1194 731 1250 779 et
1269 723 1396 795 quia
1426 738 1525 795 per
1548 732 1674 779 octo
1702 722 1819 778 dies
1848 722 2065 789 colitur,

468 819 684 874 decimo
713 817 1082 873 Kalendarum
1122 816 1376 873 Octobris
1404 815 1592 887 procul
1623 816 1788 873 dubio
1810 816 2067 873 termina-

465 919 575 965 tur.
613 909 825 965 Dicitur
850 909 996 965 enim
1022 909 1078 964 in
1101 908 1241 965 libro
1264 907 1484 963 Numeri
1515 927 1529 962 :
1575 927 1593 960 ‹
1628 906 1824 975 Quinta
1857 908 2065 965 decima

465 1001 556 1058 die
580 1002 784 1058 mensis
822 1002 1062 1072 septimi,
1090 1018 1213 1074 qua:
1240 1002 1396 1057 vobis
1430 1002 1538 1057 erit
1563 1011 1769 1065 sancta,
1798 1018 1862 1059 ac
1904 1018 2069 1059 vene-

466 1096 677 1159 rabilis,
707 1111 870 1152 omne
897 1111 1035 1167 opus
1056 1096 1256 1153 servile
1287 1111 1394 1151 non
1422 1094 1636 1153 facietis
1660 1096 1822 1164 inea,
1853 1097 1947 1152 sed
1977 1111 2067 1153 ce.

465 1185 749 1243 lebrabitis
770 1185 1171 1243 solemnitatem
1186 1187 1415 1242 Domino
1434 1197 1641 1257 septem
1664 1187 1855 1243 diebus
1871 1185 2062 1258 (Num.

463 1278 637 1351 xxvr).
671 1298 690 1331 ι
727 1279 795 1334 Et
836 1279 1119 1350 aliquanto
1146 1291 1269 1352 post
1308 1280 1528 1351 subjicit
1572 1299 1585 1335 :
1624 1300 1644 1333 ι
1700 1281 1798 1337 Die
1843 1290 2064 1349 octavo,

462 1369 667 1441 quiest
699 1369 1111 1436 celeberrimus,
1137 1385 1298 1427 omne
1323 1386 1459 1441 opus
1488 1371 1685 1428 servile
1713 1387 1821 1428 non
1851 1371 2066 1429 facietis

463 1462 521 1523 in
544 1476 611 1518 eo
641 1460 834 1535 (Ibid.)
862 1481 883 1516 ι
912 1462 1032 1531 Quo
1058 1461 1309 1519 videlicet
1328 1462 1416 1518 die
1445 1471 1657 1529 sancto,
1684 1478 1749 1518 ac
1772 1462 2066 1520 celeberri-

466 1569 580 1618 mo,
611 1552 673 1607 Β.
717 1552 956 1610 Joannes
982 1552 1227 1625 Baptista
1268 1563 1566 1625 conceptus
1592 1555 1874 1622 asset-itur,
1908 1555 2064 1627 cujus

462 1644 662 1701 intuitu
688 1660 876 1701 sumus
918 1645 1158 1716 impulsi,
1187 1653 1245 1700 ut
1276 1646 1417 1702 hanc
1459 1646 1744 1717 epistolam
1791 1648 2061 1704 scribere-

459 1752 584 1794 mus
612 1755 625 1792 :
652 1748 713 1794 ut
756 1739 811 1793 in
859 1753 924 1794 eo
948 1754 1214 1809 ponamus
1255 1740 1439 1807 finem,
1472 1741 1614 1796 unde
1641 1742 1864 1812 scriptio
1895 1743 2061 1798 traxit

460 1829 750 1901 originem.
781 1829 880 1886 Ubi
910 1845 1017 1886 non
1042 1830 1214 1887 facilis
1238 1832 1488 1888 oboritur
1508 1833 1755 1903 quatstio,
1784 1836 2057 1906 quomodo

456 1922 653 1979 beatus
689 1920 930 1978 Joannes
975 1924 1270 1980 festivitate
1312 1927 1543 1980 necdum
1583 1926 1792 1997 elapsa,
1833 1927 1927 1983 sed
1956 1928 2056 1983 ad-

457 2014 570 2072 huc
606 2015 861 2082 durante,
896 2024 1190 2085 conceptus
1214 2016 1317 2083 sit;
1351 2032 1474 2072 cum
1514 2016 1689 2073 Lucas
1728 2018 2058 2089 evangelista

456 2107 648 2164 dicat:
713 2127 732 2161 ‹
771 2108 840 2163 Ει
867 2108 1073 2163 factum
1120 2117 1233 2173 est,
1260 2118 1321 2163 ut
1348 2108 1553 2179 impleti
1595 2118 1722 2167 sunt
1747 2110 1865 2165 dies
1898 2108 2059 2165 cilicii

459 2201 600 2273 ejus,
623 2201 777 2267 abiit,
818 2221 837 2254 ι
871 2201 1016 2257 haud
1036 2201 1259 2257 dubium
1295 2201 1424 2270 quin
1452 2202 1766 2267 Zacharias,
1818 2221 1838 2253 ‹
1869 2202 1922 2256 in
1966 2203 2060 2257 do-

463 2308 614 2349 mum
631 2308 786 2348 suam
819 2310 832 2347 :
864 2293 1100 2362 postlios
1130 2300 1310 2346 autem
1338 2291 1453 2346 dies
1494 2291 1747 2362 concepit
1780 2290 2059 2347 Elisabeth

464 2400 605 2441 uxor
627 2384 744 2454 ejus
766 2384 917 2456 (Luc.
942 2384 1004 2453 ι).
1029 2402 1048 2435 ›
1082 2384 1365 2452 Quomodo
1391 2382 1792 2454 autemimpleti
1809 2382 2062 2439 suntdies

460 2477 644 2543 cilicii,
677 2494 801 2534 cum
859 2479 976 2549 ipsa
1008 2478 1276 2534 festivitas
1320 2478 1552 2535 necdum
1605 2486 1751 2533 esset
1802 2476 2061 2548 impleta?

460 2569 883 2638 Quintodecimo
935 2569 1133 2641 quippe
1175 2569 1264 2625 die
1294 2569 1503 2642 prmfati
1542 2568 1743 2625 mensis
1768 2567 2061 2640 incipiebat

454 2664 578 2720 haec
599 2662 889 2729 festivitas,
918 2678 1040 2733 quae
1086 2662 1283 2718 dicitur
1323 2661 1682 2734 Scenopegia,
1715 2670 1773 2717 et
1796 2669 1920 2717 ceto
1944 2647 2061 2716 die-

458 2755 565 2810 bus
588 2754 812 2825 integris
834 2752 1136 2819 colebatur,
1164 2762 1225 2809 ut
1250 2762 1479 2809 octavus
1505 2751 1871 2807 Kalendarum
1894 2752 2062 2807 Octo-

458 2843 596 2908 bris,
618 2859 726 2914 quo
747 2844 941 2901 beatus
969 2842 1210 2900 Joannes
1227 2852 1524 2915 conceptus
1547 2851 1650 2908 est,
1676 2842 1818 2899 inter
1831 2851 2060 2899 caeteros

457 2933 700 3003 ejusdem
749 2935 1067 2991 festivitatis
1115 2936 1233 2991 dies
1288 2935 1553 3000 festivior,
1614 2943 1797 3005 atque,
1839 2943 1899 2988 ut
1948 2933 2059 2989 illic

461 3028 682 3093 dicitur,
714 3028 1099 3085 celeberrimus
1125 3029 1440 3089 haberetur.
1474 3026 1630 3095 Quod
1669 3027 1716 3082 si
1755 3026 1894 3083 forte
1919 3025 2057 3081 dici-

458 3128 548 3174 tur
592 3118 737 3188 quod
794 3121 1016 3176 traditio
1061 3119 1280 3176 fallatur
1330 3122 1614 3185 Ecclesia,
1680 3130 1948 3192 quatenus
2001 3122 2058 3177 in

2174 545 2282 592 tem
2314 536 2433 607 ejus
2461 535 2681 591 ducenti
2712 533 3056 605 septuaginta
3109 542 3344 603 quatuor
3371 533 3491 590 dies
3521 543 3769 592 tantum-

2171 628 2333 685 modo
2380 628 2748 699 reperiuntur.
2782 625 2919 682 Nam
2959 641 3082 682 cum
3111 626 3375 683 Dominus
3420 636 3621 685 octavo
3655 627 3773 683 Ka-

2170 721 2456 779 lendarum
2479 720 2682 794 Aprilis
2706 728 3027 793 conceptus,
3053 727 3252 776 octavo
3276 718 3651 777 Kalendarum
3668 718 3772 775 Ja-

2171 813 2348 869 nuarii
2376 823 2538 870 natus
2566 814 2667 882 sit;
2695 813 2935 871 Joannes
2964 822 3146 871 autem
3177 820 3370 871 octavo
3395 813 3769 870 Kalendarum

2170 908 2420 966 Octobris
2463 908 2703 981 genitus,
2754 918 2948 966 octavo
2976 907 3343 965 Kalendarum
3367 905 3495 964 Julii
3545 907 3616 964 de
3641 922 3770 963 ma-

2170 1003 2341 1061 ternis
2371 1003 2676 1061 visceribus
2700 1004 2772 1061 sit
2811 1019 3089 1075 egressus,
3115 1002 3325 1060 duobus
3345 1010 3529 1058 tamen
3569 1002 3770 1058 diebus

2168 1093 2384 1152 excedit
2418 1110 2693 1168 numerus_
2726 1094 3027 1152 Salvatoris
3054 1111 3339 1153 numerum
3389 1093 3641 1152 Joannis.
3694 1092 3772 1149 Et

2169 1188 2272 1246 hoc
2301 1197 2527 1261 propter
2568 1188 2931 1246 Februarium
2965 1186 3232 1257 mensem,
3271 1189 3363 1261 qui
3392 1186 3589 1259 viginti
3637 1194 3770 1240 tan-

2169 1280 2451 1336 tummodo
2494 1289 2551 1335 et
2596 1289 2723 1337 octo
2776 1280 2987 1336 dierum
3043 1280 3426 1352 supputatione
3470 1284 3769 1334 contentus

2166 1380 2289 1438 est;
2320 1386 2442 1427 cum
2461 1386 2651 1429 omnes
2684 1370 2777 1427 alii
2803 1383 3020 1428 menses
3044 1372 3133 1428 vel
3158 1371 3397 1442 triginta,
3426 1367 3514 1425 vel
3538 1367 3768 1439 triginta

2166 1471 2224 1518 et
2246 1476 2411 1518 unum
2435 1461 2552 1518 dies
2593 1461 2893 1518 includant.
2921 1461 3060 1530 Quia
3087 1462 3253 1533 igitur
3281 1462 3385 1518 hoc
3412 1474 3605 1517 mense
3631 1459 3773 1515 bea-

2166 1565 2255 1612 tus
2278 1554 2518 1612 Joannes
2541 1555 2594 1610 in
2625 1558 2888 1612 maternis
2911 1555 3215 1612 visceribus
3255 1554 3431 1621 latuit,
3466 1568 3580 1624 quo
3608 1551 3769 1609 vide-

2165 1653 2297 1711 licet
2317 1652 2434 1724 jam
2462 1668 2707 1720 emenso,
2739 1654 2997 1712 Dominus
3027 1659 3346 1723 conceptus,
3381 1660 3438 1707 et
3463 1656 3767 1719 antequam

2164 1759 2264 1816 per
2291 1758 2487 1800 annuae
2519 1742 2869 1800 revolutionis
2896 1742 3130 1800 orbitam
3160 1740 3498 1813 impleretur,
3537 1745 3627 1794 est
3654 1735 3771 1793 edi-

2164 1844 2280 1903 tus;
2320 1836 2428 1892 duo
2459 1834 2595 1903 dies,
2628 1836 2828 1906 quibus
2850 1834 3056 1892 mensis
3082 1833 3187 1889 iste
3241 1833 3529 1897 minuitur,
3554 1842 3767 1887 conce-

2164 1932 2284 2005 ptui
2314 1930 2473 2003 137
2500 1929 2644 1987 beati
2685 1928 2912 1985 Joannis
2938 1928 3131 1983 deesse
3176 1924 3545 1996 reperiuntur.
3588 1920 3769 1992 Hujus

2164 2039 2296 2096 ergo
2343 2023 2547 2079 mensis
2597 2021 2837 2078 brevitas
2872 2020 3038 2076 habet
3067 2032 3171 2074 cur
3206 2028 3494 2073 numerum
3530 2010 3769 2068 Joannis

2163 2118 2394 2175 excedat
2418 2130 2681 2173 numerus
2703 2112 3022 2172 Salvatoris.
3046 2110 3161 2167 Hac
3187 2110 3371 2180 itaque
3392 2107 3612 2164 ratione
3638 2103 3765 2161 red-

2163 2212 2298 2277 dita,
2346 2210 2613 2267 credibile
2651 2218 2759 2277 est,
2795 2210 2939 2280 quod
2978 2207 3211 2264 necdum
3265 2201 3621 2274 Scenopegiae
3671 2213 3766 2256 so-

2164 2302 2452 2357 lemnitate
2503 2302 2760 2367 decursa,
2792 2300 2987 2356 beatus
3014 2297 3252 2355 Joannes
3282 2295 3528 2366 Baptista
3562 2305 3767 2349 conce-

2160 2403 2289 2467 ptus
2328 2403 2431 2450 est.
2464 2394 2617 2461 Quod
2655 2402 2836 2448 autem
2877 2392 3023 2448 inter
3051 2399 3298 2447 materna
3326 2388 3538 2445 viscera
3573 2386 3771 2444 Domi-

2166 2501 2271 2541 nus
2312 2486 2517 2541 diutius
2559 2485 2781 2548 mansit,
2814 2484 3053 2539 Joannes
3102 2480 3338 2537 celerius
3377 2478 3603 2551 prodiit,
3650 2493 3765 2535 non

2163 2593 2323 2635 casus
2353 2586 2439 2633 est
2471 2576 2853 2645 accidentium,
2890 2575 2988 2631 sed
3014 2572 3347 2645 dispensatio
3373 2584 3765 2643 personarum.

2160 2669 2256 2727 llle
2282 2669 2542 2725 nimirum
2576 2677 2835 2739 tanquam
2862 2674 3096 2724 metator
3135 2664 3357 2737 hospitii
3386 2664 3549 2721 domo
3574 2670 3763 2718 matu-

2161 2764 2277 2820 rius
2331 2762 2497 2828 exiit,
2552 2770 2614 2816 ut
2664 2762 3015 2832 subsequcnti
3065 2774 3192 2816 mox
3241 2757 3560 2829 imperatori
3611 2755 3763 2811 viam

2161 2865 2451 2923 sterneret,
2485 2853 2777 2909 adventum
2805 2852 2925 2924 ejus
2954 2852 3155 2924 regnis,
3181 2848 3482 2921 provinciis
3512 2857 3571 2905 et
3609 2847 3766 2903 urbi-

2162 2952 2266 3008 bus
2316 2951 2636 3016 nuntiaret,
2707 2947 3096 3004 conflnentium
3149 2944 3471 3016 populorum
3537 2941 3763 3014 agmina

2164 3052 2332 3099 tanta:
2361 3043 2523 3114 138
2548 3041 2822 3111 majestati
2869 3039 3156 3096 obviatura
3196 3036 3479 3109 dirigeret,
3527 3034 3762 3107 ejusque

2164 3136 2405 3207 receptui
2432 3150 2662 3207 quaeque
2704 3132 3011 3190 necessaria
3047 3129 3373 3202 quantocius
3395 3133 3760 3200 praepararet.

458 3211 695 3323 ipso-dim
726 3219 1018 3323 θίξηεθβῑξε
1063 3210 1160 3275 Si"
1195 3212 1289 3323 εξεδ
1315 3212 1679 3323 Ροειπξῖξξίὶυῖηο
1723 3220 1837 3267 to“
1865 3209 2058 3266 νίάθῘί·
2084 3260 2133 3323 C
2162 3229 2463 3300 Imperator
2511 3237 2693 3285 autem
2739 3234 2926 3282 noster
2966 3226 3020 3281 in
3059 3222 3342 3296 virginalis
3397 3220 3588 3293 palatii
3639 3220 3766 3274 tbao

459 3309 549 3356 oet
572 3300 916 3357 solemnitate
944 3300 1195 3366 decursa,
1227 3301 1421 3358 hoc....
1461 3302 1595 3375 (90).

527 3391 665 3448 illud
715 3402 977 3464 prceterea
1012 3393 1451 3450 consideratione
1486 3394 1711 3466 dignum
1760 3392 2053 3464 est,'quod

459 3485 506 3541 si
535 3485 724 3555 utique
752 3484 960 3540 dierum
1002 3499 1284 3551 numerus,
1325 3484 1409 3540 vel
1431 3500 1538 3555 quo
1562 3484 1827 3541 Dominus
1848 3484 1905 3538 in
1935 3492 2054 3539 ute-

458 3590 523 3631 ro
544 3574 818 3645 virginali,
863 3573 948 3630 vel
973 3590 1082 3645 quo
1120 3575 1311 3630 beatus
1337 3573 1576 3631 Joannes
1625 3575 1678 3630 in
1706 3575 1825 3630 alvo
1850 3574 2054 3630 mansit

461 3667 613 3729 anili,
639 3667 929 3739 diligenter
953 3667 1259 3738 inspicitur,
1299 3667 1512 3724 duobus
1552 3667 1745 3725 diebus
1786 3667 2054 3724 excedere

459 3757 675 3814 Domini
725 3772 985 3813 numerus
1014 3757 1303 3813 invenitur.
1357 3759 1401 3814 Α
1452 3760 1807 3832 conceptione
1851 3759 2053 3830 quippe

458 3849 861 3921 Dominiusque
882 3849 950 3904 ad
974 3848 1314 3907 nativitatem
1338 3850 1456 3922 ejus
1468 3852 1688 3908 ducenti
1708 3853 2050 3926 septuaginta

478 3976 483 4081 ξ
534 4004 646 4075 (90)
676 4005 790 4061 Hoc
827 4007 946 4063 loco
970 4022 1070 4064 ms.
1114 4010 1337 4066 mutilus
1365 4010 1618 4068 habetur.

2162 3321 2309 3378 lamo
2351 3320 2617 3385 residens,
2667 3318 3063 3390 aliquantulum
3107 3315 3377 3381 subsistit,
3413 3322 3471 3370 et
3499 3312 3595 3384 qui
3646 3324 3762 3368 me-

2164 3422 2397 3471 tatorem
2424 3454 2439 3480 ,
2504 3423 2959 3481 mconomumque
3014 3408 3391 3480 praemiserat,
3454 3403 3762 3477 procedere

2165 3507 2437 3564 morosius
2460 3506 2745 3579 judicavit.
2780 3503 2888 3561 Sed
2924 3543 2938 3557 .
2968 3541 2984 3558 .
3016 3540 3032 3559 .
3058 3542 3073 3557 .
3104 3500 3219 3574 (91)

2687 3636 3021 3695 EPISTOLA
3057 3636 3219 3694 XVII.

2693 3769 2763 3810 AD
2801 3771 2854 3809 Δ.
2895 3766 3208 3809 ειηεοονωι.

2303 3850 2567 3923 (Habetur
2605 3858 2730 3904 tom.
2760 3845 2879 3913 III,
2904 3855 3082 3917 estque
3110 3845 3165 3899 in
3200 3840 3452 3914 opusculo
3489 3839 3611 3911 ιο.)

2227 4007 2342 4079 (9i)
2382 4004 2554 4076 Hujus
2587 4002 2829 4074 epistola:
2867 4000 2991 4059 linis
3029 3999 3373 4057 desideratur
3414 3998 3470 4053 in
3512 4012 3619 4053 ms.

467 4185 3751 4224 mw

471 4792 488 4823 1

728 4946 1123 5021 ιθθ-ιω
1159 4943 1497 5001 EPISTOLA
1532 4942 1767 4999 PRIMA.

622 5056 691 5096 AD
725 5052 1260 5097 ARCHIPRBSBYTEBOS
1298 5050 1584 5101 ANDBEAI,
1624 5052 1678 5090 ν.
1718 5051 1788 5091 ΕΤ
1826 5049 1877 5089 C.

451 5135 854 5197 Ancuunrun.
879 5162 950 5175 -.-
969 5130 1224 5187 Graviter
1255 5129 1534 5186 invehitur
1561 5138 1754 5185 contra
1778 5127 2043 5199 quosdam

522 5204 817 5248 .nalmlims
870 5203 1147 5248 homines-
1211 5209 1265 5248 et
1310 5200 1613 5248 inmeritos-
1684 5201 1825 5248 nnotl
1879 5199 2043 5248 verba

1604 4401 1966 4491 LIBER
2044 4395 2624 4507 QUINTUS.

821 4611 913 4669 AD
960 4609 1698 4680 ABCHIPRESBYTEROS,
1738 4606 2325 4674 ARCHIDIACONOS,
2371 4602 2877 4664 PRESBYTEROS
2915 4600 3005 4660 ET
3042 4598 3399 4659 CLERICOS.

1870 4789 2289 4806 ﬁ

2044 4955 2057 4968 ν
2156 4938 2417 5002 Mensa,
2447 4934 2511 4989 V.
2541 4943 2595 4990 et
2622 4934 2712 5001 C.,
2740 4933 2958 4991 Pet-nus
2996 4941 3254 5003 peccator
3288 4932 3591 4991 monachus
3630 4931 3749 4988 fra-

2157 5038 2326 5086 ternae
2348 5026 2634 5083 charitatis
2655 5025 2930 5083 affectum.

2225 5144 2363 5200 Dum
2392 5158 2523 5214 ergo
2552 5158 2658 5200 non
2700 5143 2925 5199 minimo
2953 5143 3215 5216 languore
3253 5143 3546 5215 depressus
3575 5144 3629 5199 in
3661 5144 3744 5199 le-
