3964 5310
197 263 301 328 337

1437 267 1640 326 LIBER
1675 265 2000 336 QUINTUS,
2032 269 2247 328 EPIST.
2287 271 2328 328 1.

3361 275 3468 335 538

197 400 356 458 quam
407 385 478 441 ad
517 395 632 442 rem
673 385 906 452 veniam,
933 389 1078 458 quod
1125 401 1278 443 mens
1321 389 1583 460 suggerit,
1634 387 2015 448 c'om-Atatis
2037 406 2200 460 opera
2221 408 2358 448 vana
2389 394 2496 448 sint
2523 409 2766 466 prorsus,
2814 411 2876 452 ac
2901 395 3118 464 frivola,
3145 397 3386 470 nullique
3413 399 3474 457 in

197 479 454 551 pendiose
483 481 832 552 praemittam.
858 481 1215 554 Philosophus
1237 483 1456 556 quidam
1485 483 1596 556 (92)
1626 491 1784 540 nocte

197 572 325 626 dum
368 571 650 629 stellarum
678 591 891 642 cursus,
926 587 983 632 et
1010 585 1219 633 meatus
1248 577 1486 633 siderum
1516 577 1785 634 subtiliter

195 667 518 734 rimaretur,
569 667 620 723 in
666 681 890 741 puteum
941 681 1162 742 repente
1211 675 1438 740 corruit,
1479 685 1535 730 et
1587 675 1781 742 hianti,

195 757 336 812 sicut
385 758 620 826 dicitur,
672 759 1010 818 immanitate
1057 764 1384 834 profundum
1437 773 1490 822 et
1533 767 1785 822 obscenis

193 847 476 904 sordidum
531 850 876 920 squaloribus
919 853 1137 925 plenum
1189 855 1321 928 (93).
1373 857 1470 912 Cui
1527 857 1800 912 nimirum.

193 939 520 1012 philosopho
559 943 858 1000 domestica
902 954 1021 1002 erat
1077 947 1276 1002 ancilla
1331 951 1552 1005 nomine
1591 949 1783 1015 lambi,

193 1047 314 1100 qua:
345 1031 402 1086 in
431 1031 712 1089 dominum
748 1051 904 1091 suum
953 1037 1142 1106 libere,
1193 1057 1257 1096 ac
1287 1043 1584 1110 prudenter
1631 1043 1783 1098 iuve-

195 1137 302 1193 cta,
343 1143 446 1198 per
497 1139 734 1186 metrum
785 1131 1103 1198 lambicum,
1137 1136 1279 1204 quod
1325 1151 1392 1190 ex
1437 1151 1502 1193 ea
1554 1145 1787 1208 postmo-

197 1219 324 1274 dum
377 1221 488 1277 tale
542 1239 740 1280 nomen
791 1227 1039 1296 accepit,
1098 1243 1262 1299 super
1309 1243 1372 1284 eo
1431 1228 1786 1298 plausibiliter

193 1313 330 1369 dixit
365 1332 380 1368 :
420 1334 439 1368 ι
471 1314 756 1383 Dominus,
797 1317 994 1389 inquit,
1025 1335 1180 1376 meus
1209 1322 1492 1390 ignorabat
1519 1329 1782 1386 stercora,

185 1421 314 1475 qua:
353 1407 456 1462 sub
501 1406 618 1477 ejus
645 1409 872 1480 pedibus
917 1421 1095 1479 erant,
1143 1421 1200 1467 et
1235 1427 1396 1468 nosse
1442 1415 1686 1471 tentabat
1715 1415 1787 1470 si-

195 1499 344 1553 dera.
381 1519 402 1552 ι
436 1499 550 1558 Hoc
599 1502 782 1573 itaque
829 1505 988 1558 modo
1036 1505 1098 1559 lit
1141 1505 1194 1560 in
1225 1506 1414 1562 diebus
1463 1507 1682 1570 nostris,
1729 1507 1788 1564 lit

183 1594 384 1670 rustici
409 1604 468 1649 et
499 1595 815 1666 insipientes
853 1599 1074 1669 quique,
1102 1599 1192 1671 qui
1226 1601 1300 1655 nil
1333 1617 1470 1672 pene
1498 1610 1784 1668 noverunt,

195 1686 297 1740 nisi
327 1688 638 1744 vomeribus
667 1704 796 1745 arva
827 1692 1198 1760 proscindere,
1227 1709 1422 1763 porcos
1450 1710 1514 1750 ac
1539 1694 1785 1750 diverso-

195 1795 312 1834 rum
345 1795 610 1852 pecorum
660 1784 944 1854 captabula
978 1785 1270 1852 custodire,
1299 1802 1444 1842 nunc
1493 1789 1548 1842 in
1577 1788 1783 1858 compi-

189 1869 264 1944 tis
293 1884 357 1925 ac
385 1871 562 1928 triviis
592 1881 718 1928 ante
747 1873 1113 1942 mulierculas,
1143 1885 1196 1932 et
1222 1877 1606 1933 combubulcos
1633 1893 1782 1944 suos,

198 1977 302 2016 non
333 1965 660 2020 erubescant
687 1967 753 2022 de
791 1965 1196 2038 Scripturarum
1224 1981 1534 2026 sanctarum
1572 1982 1788 2027 sentcn-

199 2055 287 2110 tiis
325 2057 608 2128 disputare
641 2077 655 2114 :
692 2059 820 2124 imo,
870 2061 1014 2130 quod
1045 2071 1202 2132 turpe
1232 2075 1316 2118 est
1344 2065 1543 2132 dicere,
1577 2067 1628 2120 in
1675 2073 1787 2121 tota

199 2159 356 2204 nocte
383 2151 582 2205 subant
614 2151 680 2224 [Γ.
718 2153 809 2224 qui
845 2163 954 2208 tota
985 2165 1144 2211 nocte
1170 2158 1390 2230 cubant]
1418 2160 1557 2214 inter
1585 2159 1787 2215 femora

197 2241 516 2308 mulierum,
547 2243 632 2299 die
671 2261 776 2300 non
808 2255 1066 2303 verentur
1097 2259 1330 2305 tractare
1355 2253 1419 2306 de
1445 2254 1790 2308 sermonibus

193 2337 542 2410 angelorum,
571 2347 624 2393 et
651 2340 753 2395 boc
778 2341 938 2396 modo
967 2353 1277 2399 sanctorum
1303 2345 1598 2416 dijudicant
1623 2346 1790 2402 verba

201 2427 504 2485 doctorum.

272 2521 614 2593 Signiﬁcavit
642 2527 786 2580 enim
809 2527 939 2582 mihi
964 2543 1060 2598 per
1076 2529 1284 2584 litteras
1307 2531 1564 2586 sanctitas
1587 2542 1788 2598 vestra,

203 2613 344 2682 quod
385 2629 484 2684 pro
513 2616 782 2670 sententia
834 2617 944 2684 illa,
993 2635 1152 2690 quam
1203 2635 1300 2675 nos
1337 2622 1389 2675 in
1431 2621 1491 2674 Β.
1531 2621 1790 2692 Stephani

199 2721 456 2764 Sermone
513 2709 827 2778 posuimus,
898 2712 1024 2782 quia
1065 2712 1316 2768 videlicet
1369 2715 1792 2786 uniuscujusque

203 2795 382 2850 anima
410 2798 592 2867 qualis
621 2801 686 2855 de
719 2801 822 2856 hoc
851 2803 1052 2858 sarculo
1075 2805 1370 2875 egreditur,
1399 2807 1522 2861 talis
1547 2813 1790 2877 postmo-

204 2890 330 2956 dum
369 2891 586 2960 judicio
641 2903 1020 2966 praesentatur,
1071 2907 1280 2953 tantum
1333 2901 1474 2970 apud
1525 2903 1792 2972 quosdam

205 2986 520 3042 scandalum
547 2996 632 3043 est
671 3001 942 3054 exortum,
973 3001 1033 3046 ut
1076 2993 1278 3058 dicant,
1319 2995 1616 3060 orationes,
1645 2995 1794 3050 obla-

205 3079 400 3145 tiones,
451 3083 740 3148 sacrilicia,
795 3100 915 3154 qua:
953 3099 1050 3156 pro
1089 3085 1464 3142 defunctorum
1507 3087 1791 3144 animabus
1817 3115 1864 3179 ρ

203 3169 526 3239 oﬂ'eruntur,
553 3173 632 3228 nil
662 3174 763 3230 sibi
795 3177 1061 3246 prolicere
1103 3177 1530 3246 antejudicium.
1569 3178 1634 3234 Et
1661 3179 1792 3248 quid

206 3265 426 3332 mirum,
465 3267 510 3322 si
556 3267 662 3324 hoc
697 3269 838 3324 idem
887 3271 1016 3326 mihi
1051 3272 1280 3342 contigit
1319 3275 1614 3343 peccaturi,
1648 3275 1796 3346 quod

203 3357 454 3414 evenisse
473 3360 820 3430 cognoscitur
847 3361 948 3431 ipsi
981 3363 1145 3418 totius
1172 3363 1496 3420 Christianae
1519 3366 1794 3439 religionis

205 3449 454 3508 auctori?
503 3451 600 3507 Ait
642 3453 788 3508 enim
815 3470 830 3508 :
860 3472 878 3505 ι
911 3453 1024 3510 Nisi
1067 3459 1525 3516 manducaveritis
1571 3477 1793 3519 carnem

205 3541 329 3600 Filii
363 3543 621 3612 hominis,
652 3555 708 3600 et
743 3545 994 3604 biberitis
1019 3549 1136 3620 ejus
1167 3553 1510 3624 sanguinem,
1543 3571 1652 3610 non
1691 3556 1791 3610 ha-

207 3636 406 3694 bebitis
435 3638 608 3694 vitam
639 3638 696 3692 in
741 3640 893 3695 vobis
918 3639 1100 3712 (Joan.
1129 3643 1229 3713 vr).
1265 3662 1283 3695 ι
1315 3643 1468 3712 Quod
1515 3647 1795 3703 audientes

205 3729 552 3800 septuaginta
599 3730 772 3788 ferme
821 3732 926 3787 viri
967 3733 1258 3790 dixerunt:
1297 3755 1316 3788 ‹
1349 3737 1522 3793 Durus
1573 3749 1660 3794 est
1706 3739 1796 3794 hic

206 3833 413 3885 sermo,
439 3829 496 3876 et
519 3822 644 3892 quis
669 3831 850 3892 potest
876 3836 998 3879 eum
1023 3825 1214 3881 audire
1239 3825 1466 3898 (Ιὺὶιι.)ἳ
1493 3847 1510 3880 ι
1545 3829 1628 3890 Et,
1663 3839 1797 3887 teste

207 3909 518 3982 Scriptura,
540 3915 656 3984 jam
690 3929 796 3969 non
827 3930 948 3970 cum
987 3915 1078 3970 illo
1106 3917 1477 3972 ambulabant.
1514 3917 1660 3974 Ussit
1694 3921 1798 3976 ita-

205 4017 314 4072 que
341 4018 437 4058 eos
467 4004 552 4060 sol
571 4003 822 4060 Christus
853 4015 974 4062 :est
1001 4008 1147 4062 enim
1173 4007 1264 4063 Sol
1281 4008 1504 4078 justitize
1533 4010 1793 4068 (Malach.

208 4099 304 4166 tv),
331 4097 472 4152 istos
499 4107 680 4155 autem
712 4100 848 4156 ussit
877 4100 1025 4155 luna.
1052 4101 1162 4172 Ego
1190 4102 1332 4156 enim
1369 4104 1436 4158 ad
1459 4103 1664 4171 lunam,
1693 4108 1797 4164 hoc

209 4196 310 4253 est,
344 4189 414 4244 ad
444 4205 646 4261 corpus
673 4192 874 4248 Christi
917 4194 1181 4262 pertineo,
1212 4196 1356 4265 quod
1399 4205 1482 4252 est
1509 4197 1754 4253 Ecclesia
1780 4213 1797 4254 :

209 4294 304 4336 vos
339 4291 524 4337 autem
555 4298 586 4338 e
611 4285 890 4340 contrario
918 4285 1303 4342 benedicentes
1336 4287 1466 4341 mibi
1499 4289 1799 4359 dignamini

209 4371 434 4431 dicere:
468 4394 486 4428 ι
517 4374 623 4430 Per
646 4377 789 4434 diem
816 4377 895 4434 sol
931 4393 1038 4434 non
1072 4386 1190 4434 uret
1227 4387 1301 4444 te,
1333 4395 1509 4450 neque
1543 4367 1675 4436 luna
1702 4395 1798 4451 per

1887 479 1978 534 illo
2021 485 2219 540 saeculo
2267 488 2608 556 postmodum
2657 489 2960 560 profutura.
3012 489 3266 561 Nunquid
3317 492 3467 548 enim

1871 573 2187 646 divinorum
2217 577 2553 649 eloquiorum
2585 583 2790 636 strenui
2825 590 3159 638 scrutatores
3183 581 3474 654 quamplu-

1887 682 1974 722 res
2003 683 2099 738 per
2129 669 2432 727 divinarum
2493 672 2896 743 Scripturarmn
2939 689 3160 746 campos
3207 691 3318 730 non
3344 691 3478 748 pos-

1886 767 2011 812 sunt
2037 761 2334 818 sententias
2379 764 2653 834 reperire,
2706 765 2904 835 quibus
2948 775 3010 820 ut
3049 749 3290 822 haeretici
3317 767 3472 832 fiant.

1885 849 2098 906 valeant
2143 853 2248 909 sibi
2304 856 2634 927 muscipulas
2663 899 2676 924 ,
2742 857 3068 928 pedicasque
3117 859 3478 916 substruere?

1885 941 2054 998 Porro
2093 945 2138 1000 si
2171 945 2404 1002 delectat
2429 963 2545 1014 eos,
2596 957 2659 1004 ut
2695 965 2726 1004 a
2755 950 3172 1008 Cbristianismo
3197 951 3478 1015 recedant,

1885 1035 2188 1092 occasionis
2218 1039 2500 1094 materiam
2537 1041 2802 1106 invenire,
2836 1040 3132 1110 dijudiceut
3155 1041 3305 1108 illud,
3331 1039 3478 1111 quod

1887 1127 2146 1184 Dominus
2173 1128 2224 1184 in
2269 1129 2772 1208 Evangelioidicit:
2815 1151 2834 1184 ι
2866 1134 2943 1188 De
2987 1132 3074 1188 die
3096 1133 3206 1198 illa,
3238 1153 3256 1185 ι
3309 1133 3363 1187 id
3387 1145 3476 1186 est

1877 1221 2106 1292 judicio,
2139 1243 2158 1276 ι
2195 1239 2372 1295 neque
2395 1226 2572 1299 angeli
2603 1227 2785 1283 sciunt
2825 1228 2880 1282 in
2906 1227 3069 1292 coelo,
3097 1242 3201 1284 nec
3233 1227 3346 1296 ipse
3387 1223 3481 1279 Fi~

1886 1313 2014 1380 lius,
2055 1317 2157 1373 nisi
2187 1318 2335 1376 solus
2387 1319 2552 1376 Pater
2576 1321 2797 1394 (Matth.
2827 1323 3001 1392 xxrv).
3045 1343 3064 1376 ι
3111 1322 3178 1378 Et
3205 1320 3482 1392 quomodo

1887 1405 2057 1464 Filius
2105 1408 2246 1464 diem
2287 1407 2480 1477 judicii
2537 1411 2788 1482 ignorare
2843 1414 3035 1482 possit,
3081 1414 3176 1484 qui
3226 1411 3482 1468 videlicet

1889 1499 2086 1570 ipsum,
2110 1503 2471 1572 eamdemque
2495 1501 2663 1568 diem,
2700 1513 2756 1558 et
2781 1508 2962 1561 omnia
2997 1507 3282 1576 tempora,‘
3315 1513 3484 1574 atque

1891 1593 2140 1650 universa
2190 1594 2424 1651 visibilia
2475 1609 2530 1651 et
2577 1597 2868 1652 iuvisibilla
2925 1597 3088 1652 simul
3140 1613 3266 1653 cum
3320 1595 3484 1650 Patre

1890 1687 2237 1744 condiderit?
2269 1688 2618 1746 Detestentur
2670 1691 2836 1746 etiam
2877 1691 3029 1754 illud,
3064 1692 3210 1760 quod
3239 1687 3370 1744 alibi
3401 1687 3484 1742 di-

1891 1779 2004 1835 cit:
2043 1797 2062 1832 ι
2097 1779 2216 1836 Mea
2241 1780 2488 1836 doctrina
2526 1797 2639 1838 non
2671 1792 2756 1838 est
2783 1797 2924 1850 mea,
2975 1781 3069 1838 sed
3107 1779 3226 1850 ejus
3253 1780 3346 1851 qui
3373 1779 3488 1835 mi—

1891 1879 1962 1935 sit
1990 1895 2075 1936 me
2102 1878 2284 1950 (Joan.
2311 1880 2432 1953 vu).
2469 1901 2488 1934 ι

1962 1972 2006 2028 Ο
2027 1973 2259 2030 Domine
2299 1973 2452 2041 Jesu,
2482 1991 2582 2032 nos
2621 1977 2844 2048 quidem
2879 1977 3154 2049 simplices
3181 1985 3237 2032 et
3265 1975 3486 2032 hebetes

1893 2066 2034 2122 servi
2063 2065 2162 2132 tui,
2215 2067 2476 2138 quidquid
2504 2067 2728 2135 dixeris,
2778 2069 3051 2125 credimus
3083 2067 3180 2122 tibi
3213 2085 3226 2120 :
3279 2068 3486 2123 scimus

1892 2160 2058 2226 enim,
2105 2159 2234 2230 quia
2280 2161 2480 2217 veritas
2505 2175 2566 2217 es
2599 2161 2785 2232 (Joan.
2835 2161 2972 2234 xlv),
3028 2171 3082 2218 et
3111 2163 3330 2218 mentiri
3375 2177 3488 2218 non

1892 2259 2064 2319 potes.
2095 2251 2202 2306 Sed
2227 2253 2498 2321 quomodo
2545 2254 2821 2323 sapientes
2853 2255 3012 2309 istius
3044 2263 3223 2321 terrae,
3274 2263 3328 2308 et
3349 2253 3490 2308 divi-

1895 2357 2088 2398 norum
2117 2343 2451 2399 voluminum
2495 2347 2922 2403 tenebrosissimi
2973 2363 3036 2401 ac
3075 2347 3487 2418 profundissimi

1894 2443 2228 2490 scrutatores
2249 2434 2409 2488 ﬁdem
2425 2444 2679 2504 poterunt
2703 2437 2809 2493 tuis
2823 2437 3082 2493 adhibere
3107 2439 3450 2493 sermonibus
3462 2438 3490 2490 ?

1895 2526 2153 2580 Poterunt
2199 2527 2346 2580 enim
2377 2543 2408 2580 a
2443 2535 2514 2592 te,
2567 2529 2864 2584 secundum
2903 2528 3248 2599 prudentiam
3307 2543 3488 2592 suam,

1895 2625 2113 2672 versuta
2135 2617 2496 2673 mordacitate
2523 2618 2824 2688 requirere,
2855 2619 3126 2689 quomodo
3153 2634 3338 2674 verum
3364 2633 3488 2674 esse

1894 2712 2114 2780 poterit,
2137 2711 2280 2781 quod
2303 2711 2484 2767 dixisti
2508 2729 2523 2767 :
2564 2730 2580 2763 ι
2615 2711 2872 2768 Doctrina
2895 2727 3012 2767 mea
3041 2729 3145 2768 non
3174 2721 3257 2768 est
3285 2713 3440 2767 mea?
3461 2731 3486 2764 ι

1898 2801 1956 2866 Si
1983 2811 2070 2856 tua
2100 2809 2204 2868 est,
2244 2803 2516 2872 quomodo
2569 2818 2675 2859 non
2710 2805 2842 2858 tua?
2895 2804 2954 2860 Si
3005 2815 3188 2860 autem
3234 2820 3343 2859 non
3397 2814 3494 2859 tua

1896 2905 1996 2956 est,
2028 2895 2302 2964 quomodo
2354 2895 2461 2949 erit
2489 2895 2624 2950 tua?
2673 2897 2864 2952 Restat
2901 2910 3032 2965 ergo
3082 2905 3142 2952 ut
3181 2896 3495 2952 doctrinam

1898 2996 2066 3052 tuam,
2100 2998 2194 3042 aut
2234 2997 2378 3042 tuam
2403 3003 2527 3043 esse
2573 2989 2948 3045 indubitanter
2977 3005 3222 3054 asseras,
3265 2997 3320 3046 et
3343 2997 3493 3044 tuam

1897 3095 2004 3132 non
2025 3093 2146 3135 esse
2183 3079 2324 3134 ultra
2357 3096 2462 3136 non
2493 3081 2681 3136 dicas:
2711 3089 2806 3134 aut
2841 3081 2886 3136 si
2919 3095 3024 3135 non
3061 3091 3205 3136 tuam
3239 3097 3362 3138 csse
3393 3081 3490 3134 lir-

1897 3173 2152 3239 maveris,
2187 3183 2332 3228 tuam
2363 3173 2478 3241 jam
2519 3189 2640 3229 esse
2677 3175 2900 3230 omnino
2933 3173 3230 3229 dillitearis.
3291 3173 3496 3243 Sicque

1901 3267 2196 3322 timendum
2219 3275 2322 3334 est,
2373 3283 2440 3322 ne
2465 3266 2901 3338 syllogismorum
2933 3281 3151 3322 suorum
3181 3275 3402 3322 versuta
3437 3277 3492 3322 te

1899 3361 2364 3431 argumentatione
2414 3360 2766 3425 concludant,
2805 3367 2860 3414 et
2897 3368 3174 3415 auctorem
3208 3360 3492 3431 sapientia:

1899 3451 2144 3507 cassibus
2167 3451 2422 3521 captiosa:
2449 3451 2806 3506 cavillationis
2837 3449 3132 3506 involvam.

1969 3542 2140 3598 Porro
2169 3551 2374 3606 autem,
2399 3549 2460 3596 ut
2481 3543 2646 3596 etiam
2669 3541 2736 3595 ad
2759 3541 2881 3596 libri
2907 3541 3114 3612 Regum
3147 3527 3494 3600 recurramus

1897 3634 2202 3700 historiam,
2229 3633 2490 3690 Dominus
2519 3633 2666 3688 misit
2693 3632 2762 3688 ad
2795 3631 2997 3689 Josiam
3024 3649 3204 3706 regem
3226 3633 3360 3690 Juda
3397 3651 3496 3705 per

1899 3724 2126 3779 lloldam
2151 3739 2374 3778 uxorem
2415 3721 2558 3778 Sellu
2587 3741 2601 3776 :
2641 3741 2658 3775 (
2693 3721 2799 3777 Pro
2833 3737 2900 3790 eo
2937 3724 3080 3794 quod
3103 3723 3304 3779 audisti
3328 3725 3497 3781 verba

1897 3815 2208 3880 voluminis,
2245 3825 2302 3872 et
2329 3813 2674 3884 perterritum
2710 3823 2796 3870 est
2822 3828 2917 3870 cor
2949 3824 3120 3880 tuum,
3159 3824 3214 3871 et
3241 3816 3496 3872 humilia-

1901 3919 1988 3964 tus
2009 3924 2070 3965 es
2095 3923 2280 3964 coram
2313 3908 2541 3962 Domino
2570 3906 2768 3962 auditis
2816 3907 3157 3963 sermonibus
3192 3919 3382 3964 contra
3414 3907 3497 3962 lo-

1901 4017 2021 4058 cum
2055 4003 2242 4066 istum,
2289 4011 2345 4057 et
2374 4000 2708 4056 habitatores
2751 4003 2890 4073 ejus,
2937 4002 3078 4073 quod
3113 4001 3360 4057 videlicet
3398 4001 3498 4058 ﬂe-

1903 4104 2024 4152 rent
2061 4096 2116 4152 in
2147 4105 2443 4165 stuporem,
2489 4103 2542 4150 et
2572 4096 2623 4149 in
2672 4095 3041 4160 maledictum,
3089 4103 3146 4150 et
3168 4095 3374 4150 scidisti
3406 4109 3500 4148 ve-

1903 4191 2156 4244 stimenta
2181 4198 2288 4251 tua,
2315 4196 2370 4244 et
2389 4186 2582 4242 ﬂevisti
2607 4201 2792 4242 coram
2822 4201 2928 4252 me,
2961 4194 3016 4242 et
3042 4201 3143 4256 ego
3179 4186 3380 4248 audivi,
3419 4185 3502 4241 ait

1903 4283 2161 4338 Dominus
2190 4299 2202 4334 :
2237 4280 2443 4336 idcirco
2473 4278 2718 4350 colligam
2743 4289 2796 4334 te
2825 4280 2892 4333 ad
2924 4287 3108 4347 patres
3133 4287 3272 4340 tuos,
3307 4286 3362 4332 et
3388 4277 3526 4332 col»

1905 4375 2090 4444 ligeris
2117 4375 2185 4430 ad
2215 4373 2524 4443 sepulcrum
2557 4382 2706 4426 tuum
2751 4373 2804 4425 in
2857 4385 3010 4439 pace,
3057 4379 3118 4426 ut
3140 4385 3248 4426 non
3278 4369 3500 4425 videant

211 4480 424 4528 nouem
466 4471 646 4546 (Ρεαι,
677 4473 829 4542 cxx),
862 4494 879 4526 ι
925 4473 1066 4529 Ecce
1107 4475 1160 4529 in
1194 4482 1404 4528 tantum
1453 4477 1806 4545 profecerunt
1830 4481 1883 4541 ι)
1909 4467 2050 4522 oculi
2089 4467 2164 4522 tui
2192 4465 2376 4519 omnia
2427 4463 2562 4516 mala
2595 4478 2714 4538 quae
2740 4462 3059 4516 inducturus
3085 4477 3204 4515 sum
3231 4473 3397 4528 super
3423 4459 3530 4514 ιο·-

207 4567 504 4634 sapientes,
557 4574 614 4620 et
669 4569 962 4635 prudentes
1011 4567 1236 4621 istarum
1281 4568 1515 4637 partium
1568 4570 1690 4636 viri,
1746 4580 1805 4625 ut

207 4659 390 4712 oumia
437 4656 683 4714 ctelestis
731 4658 932 4728 eloquii
969 4659 1238 4728 profunda
1284 4673 1632 4728 cognoscant,
1683 4661 1807 4716 uni-

205 4766 364 4810 versa
408 4749 724 4806 divinorum
765 4751 1098 4806 voluminum
1142 4751 1402 4821 mysteria
1445 4755 1804 4825 comprehen-

205 4843 363 4908 dant,
436 4851 492 4896 et
574 4843 627 4896 in
689 4843 804 4898 sola
868 4858 976 4896 una
1041 4845 1307 4898 sermonis
1367 4844 1468 4898 mei
1533 4845 1802 4902 sententia

1909 4575 2030 4618 cum
2077 4559 2236 4614 istum
2287 4555 2393 4626 (IV
2421 4555 2546 4626 Reg.
2577 4555 2734 4624 xui).
2772 4573 2790 4605 ι
2855 4553 2920 4607 Et
2945 4553 3104 4623 paulo
3150 4559 3274 4622 post
3309 4553 3507 4608 eadem

1910 4655 2186 4726 subiungit
2215 4654 2440 4709 historia
2473 4670 2484 4705 :
2534 4671 2552 4703 ‹
2593 4649 2852 4707 Ascendit
2893 4649 3107 4704 Pharao
3141 4647 3364 4702 Necbao
3407 4659 3511 4701 rex

1907 4751 2128 4822 JEgypti
2175 4755 2362 4804 contra
2413 4759 2596 4816 regem
2645 4741 2991 4812 Assyriorum
3036 4741 3104 4796 ad
3153 4739 3355 4794 ﬂumen
3407 4737 3517 4793 Eu-

1906 4846 2176 4917 phratem,
2227 4851 2281 4897 ct
2333 4843 2464 4896 abiit
2495 4839 2664 4898 Jolias
2693 4851 2786 4893 rex
2817 4835 2870 4888 in
2913 4850 3202 4894 occursum
3251 4830 3394 4900 ejus,
3463 4837 3522 4884 et
3557 4859 3568 4917 ζ

205 4936 499 5004 caliginem
540 4921 800 4992 caecitatis
841 4937 1142 4990 incurrant.
1195 4935 1262 4990 Et
1297 4937 1339 4992 si
1381 4951 1475 4992 eos
1517 4939 1801 4994 luereticos
1907 4935 2122 4990 occisus
2151 4943 2236 4990 est
2265 4934 2318 4986 in
2343 4933 2628 5003 Mageddo,
2664 4944 2786 4986 cum
2814 4927 3042 4984 vidisset
3089 4939 3212 4984 eum
3242 4921 3353 4994 (IV
3389 4922 3520 4990 Reg.
3557 4903 3570 4953 ¹

204 5051 344 5090 esse-
375 5033 660 5098 delectat,
704 5031 946 5102 nunquid
980 5032 1032 5085 in
1063 5041 1268 5086 tantum
1317 5033 1476 5086 amici
1532 5033 1637 5088 mei
1684 5031 1806 5086 dili-

203 5135 362 5197 gunt,
393 5133 462 5180 ut
481 5125 604 5178 sine
629 5139 710 5178 me
741 5125 796 5178 in
825 5123 1076 5178 haeresim
1103 5125 1336 5178 transire
1365 5137 1470 5176 non
1493 5123 1646 5197 141
1675 5137 1804 5191 pos-

203 5219 352 5274 sint?
404 5215 666 5288 Quisquis
715 5215 864 5270 enim
908 5211 1156 5283 perbibet
1200 5213 1476 5268 orationes
1505 5256 1519 5277 ,
1571 5211 1803 5268 oblatio-

1909 5025 2093 5096 χχιιι).
2127 5047 2144 5076 ι
2184 5024 2284 5080 llic
2310 5037 2570 5082 censores
2595 5026 2896 5082 alienorum
2921 5033 3173 5089 operum,
3205 5014 3296 5070 hic
3335 5014 3526 5069 detra-

1907 5127 2090 5190 ctores
2123 5117 2374 5176 fratrum,
2433 5115 2526 5172 hic
2567 5122 2728 5190 plane
2762 5109 2954 5165 dentes
3007 5113 3297 5170 exacuant.
3349 5123 3368 5158 ι
3399 5097 3531 5159 Filii

1906 5210 2051 5264 enim
2087 5211 2381 5268 hominum,
2407 5225 2426 5258 ι
2456 5217 2517 5263 ut
2543 5214 2622 5270 ait
2649 5204 2838 5267 David,
2875 5219 2892 5253 ι
2913 5203 3112 5263 dentes
3133 5211 3327 5259 eorum
3351 5206 3535 5256 arma.

3251 5297 3318 5310 _._
3353 5283 3508 5310 [πυ-Ι
