  <div class='ocr_page' id='page_1' title='image "/cluster/home/n/w/nwhite01/storage/ocr_20150623/144/hvd.32044010574010/176.png"; bbox 0 0 3964 5310; ppageno 0'>
   <div class='ocr_carea' id='block_1_1' title="bbox 169 333 274 390">
    <p class='ocr_par' dir='ltr' id='par_1_1' title="bbox 169 333 274 390">
     <span class='ocr_line' id='line_1_1' title="bbox 169 333 274 390; baseline 0 0"><span class='ocrx_word' id='word_1_1' title='bbox 169 333 274 390; x_wconf 70' lang='grc' dir='ltr'><strong>3η</strong></span> 
     </span>
    </p>
   </div>
   <div class='ocr_carea' id='block_1_2' title="bbox 173 443 1776 533">
    <p class='ocr_par' dir='ltr' id='par_1_2' title="bbox 173 443 1776 533">
     <span class='ocr_line' id='line_1_2' title="bbox 173 443 1776 533; baseline 0.014 -34"><span class='ocrx_word' id='word_1_2' title='bbox 173 443 341 500; x_wconf 72' lang='lat' dir='ltr'><strong>laetu.</strong></span> <span class='ocrx_word' id='word_1_3' title='bbox 391 445 462 502; x_wconf 83' lang='lat' dir='ltr'><strong>Et</strong></span> <span class='ocrx_word' id='word_1_4' title='bbox 505 448 854 518; x_wconf 65' lang='lat' dir='ltr'><strong>omnimodis,</strong></span> <span class='ocrx_word' id='word_1_5' title='bbox 893 453 1248 524; x_wconf 73' lang='lat' dir='ltr'><strong>cogitatione,</strong></span> <span class='ocrx_word' id='word_1_6' title='bbox 1299 457 1776 533; x_wconf 65' lang='lat' dir='ltr'><strong>lubentiam,</strong></span> 
     </span>
    </p>
   </div>
   <div class='ocr_carea' id='block_1_3' title="bbox 171 543 1768 626">
    <p class='ocr_par' dir='ltr' id='par_1_3' title="bbox 171 543 1768 626">
     <span class='ocr_line' id='line_1_3' title="bbox 171 543 1768 626; baseline 0.014 -30"><span class='ocrx_word' id='word_1_7' title='bbox 171 543 286 597; x_wconf 72' lang='lat' dir='ltr'><strong>sive</strong></span> <span class='ocrx_word' id='word_1_8' title='bbox 317 543 537 600; x_wconf 83' lang='lat' dir='ltr'><strong>actione</strong></span> <span class='ocrx_word' id='word_1_9' title='bbox 561 547 810 616; x_wconf 75' lang='lat' dir='ltr'><strong>perditus</strong></span> <span class='ocrx_word' id='word_1_10' title='bbox 851 565 994 606; x_wconf 82' lang='lat' dir='ltr'><strong>sum.</strong></span> <span class='ocrx_word' id='word_1_11' title='bbox 1051 551 1118 608; x_wconf 86' lang='lat' dir='ltr'><strong>Et</strong></span> <span class='ocrx_word' id='word_1_12' title='bbox 1165 555 1280 612; x_wconf 68' lang='lat' dir='ltr'><strong>hac</strong></span> <span class='ocrx_word' id='word_1_13' title='bbox 1319 557 1540 626; x_wconf 82' lang='lat' dir='ltr'><strong>quidem</strong></span> <span class='ocrx_word' id='word_1_14' title='bbox 1581 563 1768 618; x_wconf 83' lang='lat' dir='ltr'><strong>omnia</strong></span> 
     </span>
    </p>
   </div>
   <div class='ocr_carea' id='block_1_4' title="bbox 173 635 1772 724">
    <p class='ocr_par' dir='ltr' id='par_1_4' title="bbox 173 635 1772 724">
     <span class='ocr_line' id='line_1_4' title="bbox 173 635 1772 724; baseline 0.014 -37"><span class='ocrx_word' id='word_1_15' title='bbox 173 635 310 690; x_wconf 77' lang='lat' dir='ltr'><strong>mla</strong></span> <span class='ocrx_word' id='word_1_16' title='bbox 349 638 622 694; x_wconf 84' lang='lat' dir='ltr'><strong>commisi.</strong></span> <span class='ocrx_word' id='word_1_17' title='bbox 675 638 782 696; x_wconf 86' lang='lat' dir='ltr'><strong>Sed</strong></span> <span class='ocrx_word' id='word_1_18' title='bbox 809 643 912 698; x_wconf 90' lang='lat' dir='ltr'><strong>heu</strong></span> <span class='ocrx_word' id='word_1_19' title='bbox 943 645 957 697; x_wconf 82' lang='grc' dir='ltr'><strong><em>ι</em></strong></span> <span class='ocrx_word' id='word_1_20' title='bbox 1015 646 1152 714; x_wconf 84' lang='lat' dir='ltr'><strong>proh</strong></span> <span class='ocrx_word' id='word_1_21' title='bbox 1181 647 1370 704; x_wconf 86' lang='lat' dir='ltr'><strong>dolor!</strong></span> <span class='ocrx_word' id='word_1_22' title='bbox 1409 651 1606 722; x_wconf 74' lang='lat' dir='ltr'><strong>dignos</strong></span> <span class='ocrx_word' id='word_1_23' title='bbox 1651 667 1772 724; x_wconf 76' lang='lat' dir='ltr'><strong>ptu-</strong></span> 
     </span>
    </p>
   </div>
   <div class='ocr_carea' id='block_1_5' title="bbox 171 731 1772 808">
    <p class='ocr_par' dir='ltr' id='par_1_5' title="bbox 171 731 1772 808">
     <span class='ocr_line' id='line_1_5' title="bbox 171 731 1772 808; baseline 0.011 -24"><span class='ocrx_word' id='word_1_24' title='bbox 171 732 414 788; x_wconf 71' lang='lat' dir='ltr'><strong>uitentiae</strong></span> <span class='ocrx_word' id='word_1_25' title='bbox 439 731 652 790; x_wconf 73' lang='lat' dir='ltr'><strong>fructus</strong></span> <span class='ocrx_word' id='word_1_26' title='bbox 693 751 972 808; x_wconf 83' lang='lat' dir='ltr'><strong>nunquam</strong></span> <span class='ocrx_word' id='word_1_27' title='bbox 1025 739 1206 796; x_wconf 89' lang='lat' dir='ltr'><strong>attuli.</strong></span> <span class='ocrx_word' id='word_1_28' title='bbox 1255 741 1434 798; x_wconf 86' lang='lat' dir='ltr'><strong>Unum</strong></span> <span class='ocrx_word' id='word_1_29' title='bbox 1469 745 1614 802; x_wconf 89' lang='lat' dir='ltr'><strong>inter</strong></span> <span class='ocrx_word' id='word_1_30' title='bbox 1653 747 1772 802; x_wconf 62' lang='lat' dir='ltr'><strong>haec</strong></span> 
     </span>
    </p>
   </div>
   <div class='ocr_carea' id='block_1_6' title="bbox 173 823 1772 910">
    <p class='ocr_par' dir='ltr' id='par_1_6' title="bbox 173 823 1772 910">
     <span class='ocr_line' id='line_1_6' title="bbox 173 823 1772 910; baseline 0.012 -35"><span class='ocrx_word' id='word_1_31' title='bbox 173 824 412 882; x_wconf 71' lang='lat' dir='ltr'><strong>amarius</strong></span> <span class='ocrx_word' id='word_1_32' title='bbox 439 823 640 892; x_wconf 73' lang='lat' dir='ltr'><strong>deﬂeo,</strong></span> <span class='ocrx_word' id='word_1_33' title='bbox 677 842 788 896; x_wconf 74' lang='lat' dir='ltr'><strong>quo</strong></span> <span class='ocrx_word' id='word_1_34' title='bbox 817 843 902 884; x_wconf 90' lang='lat' dir='ltr'><strong>me</strong></span> <span class='ocrx_word' id='word_1_35' title='bbox 955 833 1312 902; x_wconf 78' lang='lat' dir='ltr'><strong>perniciosius</strong></span> <span class='ocrx_word' id='word_1_36' title='bbox 1339 835 1666 910; x_wconf 77' lang='lat' dir='ltr'><strong>obiigatum,</strong></span> <span class='ocrx_word' id='word_1_37' title='bbox 1695 849 1772 894; x_wconf 86' lang='lat' dir='ltr'><strong>te-</strong></span> 
     </span>
    </p>
   </div>
   <div class='ocr_carea' id='block_1_7' title="bbox 174 915 1772 990">
    <p class='ocr_par' dir='ltr' id='par_1_7' title="bbox 174 915 1772 990">
     <span class='ocr_line' id='line_1_7' title="bbox 174 915 1772 990; baseline 0.011 -25"><span class='ocrx_word' id='word_1_38' title='bbox 174 921 252 966; x_wconf 89' lang='lat' dir='ltr'><strong>ste</strong></span> <span class='ocrx_word' id='word_1_39' title='bbox 299 915 676 984; x_wconf 82' lang='lat' dir='ltr'><strong>conscientia,</strong></span> <span class='ocrx_word' id='word_1_40' title='bbox 737 933 1112 990; x_wconf 73' lang='lat' dir='ltr'><strong>recognosco:</strong></span> <span class='ocrx_word' id='word_1_41' title='bbox 1164 925 1470 982; x_wconf 74' lang='lat' dir='ltr'><strong>scurrilitas</strong></span> <span class='ocrx_word' id='word_1_42' title='bbox 1515 927 1772 982; x_wconf 77' lang='lat' dir='ltr'><strong>nimirum</strong></span> 
     </span>
    </p>
   </div>
   <div class='ocr_carea' id='block_1_8' title="bbox 175 1005 1776 1090">
    <p class='ocr_par' dir='ltr' id='par_1_8' title="bbox 175 1005 1776 1090">
     <span class='ocr_line' id='line_1_8' title="bbox 175 1005 1776 1090; baseline 0.011 -32"><span class='ocrx_word' id='word_1_43' title='bbox 175 1005 302 1060; x_wconf 81' lang='lat' dir='ltr'><strong>mihi</strong></span> <span class='ocrx_word' id='word_1_44' title='bbox 337 1023 560 1078; x_wconf 81' lang='lat' dir='ltr'><strong>semper</strong></span> <span class='ocrx_word' id='word_1_45' title='bbox 585 1009 870 1068; x_wconf 70' lang='lat' dir='ltr'><strong>familiaris</strong></span> <span class='ocrx_word' id='word_1_46' title='bbox 901 1010 1022 1078; x_wconf 87' lang='lat' dir='ltr'><strong>fuit,</strong></span> <span class='ocrx_word' id='word_1_47' title='bbox 1061 1030 1185 1086; x_wconf 77' lang='lat' dir='ltr'><strong>quae</strong></span> <span class='ocrx_word' id='word_1_48' title='bbox 1211 1025 1268 1072; x_wconf 90' lang='lat' dir='ltr'><strong>et</strong></span> <span class='ocrx_word' id='word_1_49' title='bbox 1291 1027 1514 1090; x_wconf 81' lang='lat' dir='ltr'><strong>propter</strong></span> <span class='ocrx_word' id='word_1_50' title='bbox 1547 1034 1776 1076; x_wconf 87' lang='lat' dir='ltr'><strong>conver-</strong></span> 
     </span>
    </p>
   </div>
   <div class='ocr_carea' id='block_1_9' title="bbox 175 1097 1770 1174">
    <p class='ocr_par' dir='ltr' id='par_1_9' title="bbox 175 1097 1770 1174">
     <span class='ocr_line' id='line_1_9' title="bbox 175 1097 1770 1174; baseline 0.011 -24"><span class='ocrx_word' id='word_1_51' title='bbox 175 1097 376 1154; x_wconf 79' lang='lat' dir='ltr'><strong>sionem</strong></span> <span class='ocrx_word' id='word_1_52' title='bbox 407 1116 692 1171; x_wconf 81' lang='lat' dir='ltr'><strong>nunquam</strong></span> <span class='ocrx_word' id='word_1_53' title='bbox 723 1115 812 1159; x_wconf 87' lang='lat' dir='ltr'><strong>me</strong></span> <span class='ocrx_word' id='word_1_54' title='bbox 839 1104 1080 1174; x_wconf 80' lang='lat' dir='ltr'><strong>perfecte</strong></span> <span class='ocrx_word' id='word_1_55' title='bbox 1127 1107 1388 1166; x_wconf 81' lang='lat' dir='ltr'><strong>deseruit.</strong></span> <span class='ocrx_word' id='word_1_56' title='bbox 1443 1109 1598 1166; x_wconf 81' lang='lat' dir='ltr'><strong>Licet</strong></span> <span class='ocrx_word' id='word_1_57' title='bbox 1621 1111 1770 1167; x_wconf 88' lang='lat' dir='ltr'><strong>enim</strong></span> 
     </span>
    </p>
   </div>
   <div class='ocr_carea' id='block_1_10' title="bbox 175 1191 1774 1272">
    <p class='ocr_par' dir='ltr' id='par_1_10' title="bbox 175 1191 1774 1272">
     <span class='ocr_line' id='line_1_10' title="bbox 175 1191 1774 1272; baseline 0.009 -28"><span class='ocrx_word' id='word_1_58' title='bbox 175 1197 362 1244; x_wconf 88' lang='lat' dir='ltr'><strong>contra</strong></span> <span class='ocrx_word' id='word_1_59' title='bbox 391 1191 498 1248; x_wconf 84' lang='lat' dir='ltr'><strong>hoc</strong></span> <span class='ocrx_word' id='word_1_60' title='bbox 533 1191 704 1248; x_wconf 88' lang='lat' dir='ltr'><strong>ferale</strong></span> <span class='ocrx_word' id='word_1_61' title='bbox 735 1207 1038 1252; x_wconf 84' lang='lat' dir='ltr'><strong>monstrum</strong></span> <span class='ocrx_word' id='word_1_62' title='bbox 1065 1213 1210 1269; x_wconf 70' lang='lat' dir='ltr'><strong>saepe</strong></span> <span class='ocrx_word' id='word_1_63' title='bbox 1235 1204 1616 1272; x_wconf 72' lang='lat' dir='ltr'><strong>pugnaverim,</strong></span> <span class='ocrx_word' id='word_1_64' title='bbox 1643 1203 1774 1259; x_wconf 86' lang='lat' dir='ltr'><strong>licet</strong></span> 
     </span>
    </p>
   </div>
   <div class='ocr_carea' id='block_1_11' title="bbox 177 1282 1780 1360">
    <p class='ocr_par' dir='ltr' id='par_1_11' title="bbox 177 1282 1780 1360">
     <span class='ocr_line' id='line_1_11' title="bbox 177 1282 1780 1360; baseline 0.009 -23"><span class='ocrx_word' id='word_1_65' title='bbox 177 1282 330 1352; x_wconf 78' lang='lat' dir='ltr'><strong>hujus</strong></span> <span class='ocrx_word' id='word_1_66' title='bbox 361 1285 556 1342; x_wconf 68' lang='lat' dir='ltr'><strong>bestiae</strong></span> <span class='ocrx_word' id='word_1_67' title='bbox 585 1289 948 1360; x_wconf 81' lang='lat' dir='ltr'><strong>nequissimos</strong></span> <span class='ocrx_word' id='word_1_68' title='bbox 979 1292 1170 1348; x_wconf 88' lang='lat' dir='ltr'><strong>dentes</strong></span> <span class='ocrx_word' id='word_1_69' title='bbox 1217 1293 1422 1350; x_wconf 86' lang='lat' dir='ltr'><strong>malleo</strong></span> <span class='ocrx_word' id='word_1_70' title='bbox 1465 1296 1780 1352; x_wconf 76' lang='lat' dir='ltr'><strong>severitatis</strong></span> 
     </span>
    </p>
   </div>
   <div class='ocr_carea' id='block_1_12' title="bbox 173 1375 1782 1456">
    <p class='ocr_par' dir='ltr' id='par_1_12' title="bbox 173 1375 1782 1456">
     <span class='ocr_line' id='line_1_12' title="bbox 173 1375 1782 1456; baseline 0.009 -27"><span class='ocrx_word' id='word_1_71' title='bbox 173 1375 500 1442; x_wconf 82' lang='lat' dir='ltr'><strong>attriverim,</strong></span> <span class='ocrx_word' id='word_1_72' title='bbox 563 1379 632 1434; x_wconf 89' lang='lat' dir='ltr'><strong>ad</strong></span> <span class='ocrx_word' id='word_1_73' title='bbox 669 1389 882 1452; x_wconf 83' lang='lat' dir='ltr'><strong>tempus</strong></span> <span class='ocrx_word' id='word_1_74' title='bbox 919 1383 1140 1451; x_wconf 84' lang='lat' dir='ltr'><strong>quidem</strong></span> <span class='ocrx_word' id='word_1_75' title='bbox 1171 1385 1488 1456; x_wconf 88' lang='lat' dir='ltr'><strong>reprimere,</strong></span> <span class='ocrx_word' id='word_1_76' title='bbox 1531 1389 1624 1442; x_wconf 87' lang='lat' dir='ltr'><strong>sed</strong></span> <span class='ocrx_word' id='word_1_77' title='bbox 1649 1405 1782 1444; x_wconf 89' lang='lat' dir='ltr'><strong>nun-</strong></span> 
     </span>
    </p>
   </div>
   <div class='ocr_carea' id='block_1_13' title="bbox 173 1470 1780 1548">
    <p class='ocr_par' dir='ltr' id='par_1_13' title="bbox 173 1470 1780 1548">
     <span class='ocr_line' id='line_1_13' title="bbox 173 1470 1780 1548; baseline 0.009 -29"><span class='ocrx_word' id='word_1_78' title='bbox 173 1481 332 1536; x_wconf 79' lang='lat' dir='ltr'><strong>quam</strong></span> <span class='ocrx_word' id='word_1_79' title='bbox 369 1482 440 1524; x_wconf 80' lang='lat' dir='ltr'><strong>ex</strong></span> <span class='ocrx_word' id='word_1_80' title='bbox 465 1481 532 1522; x_wconf 87' lang='lat' dir='ltr'><strong>ea</strong></span> <span class='ocrx_word' id='word_1_81' title='bbox 561 1470 712 1540; x_wconf 83' lang='lat' dir='ltr'><strong>potui</strong></span> <span class='ocrx_word' id='word_1_82' title='bbox 751 1471 964 1541; x_wconf 88' lang='lat' dir='ltr'><strong>plenam</strong></span> <span class='ocrx_word' id='word_1_83' title='bbox 1003 1475 1288 1532; x_wconf 83' lang='lat' dir='ltr'><strong>victoriam</strong></span> <span class='ocrx_word' id='word_1_84' title='bbox 1323 1487 1627 1548; x_wconf 82' lang='lat' dir='ltr'><strong>reportare.</strong></span> <span class='ocrx_word' id='word_1_85' title='bbox 1663 1479 1780 1534; x_wconf 83' lang='lat' dir='ltr'><strong>lno-</strong></span> 
     </span>
    </p>
   </div>
   <div class='ocr_carea' id='block_1_14' title="bbox 173 1557 1780 1634">
    <p class='ocr_par' dir='ltr' id='par_1_14' title="bbox 173 1557 1780 1634">
     <span class='ocr_line' id='line_1_14' title="bbox 173 1557 1780 1634; baseline 0.009 -24"><span class='ocrx_word' id='word_1_86' title='bbox 173 1557 262 1612; x_wconf 87' lang='lat' dir='ltr'><strong>lita</strong></span> <span class='ocrx_word' id='word_1_87' title='bbox 291 1573 532 1628; x_wconf 80' lang='lat' dir='ltr'><strong>namque</strong></span> <span class='ocrx_word' id='word_1_88' title='bbox 563 1561 857 1632; x_wconf 84' lang='lat' dir='ltr'><strong>cujuslibet</strong></span> <span class='ocrx_word' id='word_1_89' title='bbox 905 1563 1022 1620; x_wconf 83' lang='lat' dir='ltr'><strong>vitii</strong></span> <span class='ocrx_word' id='word_1_90' title='bbox 1049 1569 1422 1634; x_wconf 84' lang='lat' dir='ltr'><strong>consuetudo,</strong></span> <span class='ocrx_word' id='word_1_91' title='bbox 1479 1569 1607 1626; x_wconf 90' lang='lat' dir='ltr'><strong>licet</strong></span> <span class='ocrx_word' id='word_1_92' title='bbox 1633 1570 1780 1625; x_wconf 86' lang='lat' dir='ltr'><strong>otuni</strong></span> 
     </span>
    </p>
   </div>
   <div class='ocr_carea' id='block_1_15' title="bbox 173 1650 1786 1731">
    <p class='ocr_par' dir='ltr' id='par_1_15' title="bbox 173 1650 1786 1731">
     <span class='ocr_line' id='line_1_15' title="bbox 173 1650 1786 1731; baseline 0.007 -27"><span class='ocrx_word' id='word_1_93' title='bbox 173 1650 350 1704; x_wconf 84' lang='lat' dir='ltr'><strong>studio</strong></span> <span class='ocrx_word' id='word_1_94' title='bbox 391 1652 464 1708; x_wconf 88' lang='lat' dir='ltr'><strong>ab</strong></span> <span class='ocrx_word' id='word_1_95' title='bbox 509 1653 674 1708; x_wconf 84' lang='lat' dir='ltr'><strong>animi</strong></span> <span class='ocrx_word' id='word_1_96' title='bbox 705 1656 1073 1724; x_wconf 83' lang='lat' dir='ltr'><strong>penetralibus</strong></span> <span class='ocrx_word' id='word_1_97' title='bbox 1097 1659 1172 1714; x_wconf 86' lang='lat' dir='ltr'><strong>sit</strong></span> <span class='ocrx_word' id='word_1_98' title='bbox 1196 1660 1438 1731; x_wconf 88' lang='lat' dir='ltr'><strong>repulsa,</strong></span> <span class='ocrx_word' id='word_1_99' title='bbox 1469 1662 1676 1717; x_wconf 75' lang='lat' dir='ltr'><strong>assistit</strong></span> <span class='ocrx_word' id='word_1_100' title='bbox 1705 1673 1786 1716; x_wconf 76' lang='lat' dir='ltr'><strong>ta-</strong></span> 
     </span>
    </p>
   </div>
   <div class='ocr_carea' id='block_1_16' title="bbox 175 1746 1784 1824">
    <p class='ocr_par' dir='ltr' id='par_1_16' title="bbox 175 1746 1784 1824">
     <span class='ocr_line' id='line_1_16' title="bbox 175 1746 1784 1824; baseline 0.009 -29"><span class='ocrx_word' id='word_1_101' title='bbox 175 1759 294 1798; x_wconf 86' lang='lat' dir='ltr'><strong>men</strong></span> <span class='ocrx_word' id='word_1_102' title='bbox 317 1759 464 1813; x_wconf 75' lang='lat' dir='ltr'><strong>saepe</strong></span> <span class='ocrx_word' id='word_1_103' title='bbox 499 1746 652 1814; x_wconf 85' lang='lat' dir='ltr'><strong>quasi</strong></span> <span class='ocrx_word' id='word_1_104' title='bbox 683 1763 792 1816; x_wconf 67' lang='lat' dir='ltr'><strong>praa</strong></span> <span class='ocrx_word' id='word_1_105' title='bbox 817 1747 1026 1806; x_wconf 86' lang='lat' dir='ltr'><strong>foribus</strong></span> <span class='ocrx_word' id='word_1_106' title='bbox 1065 1751 1376 1824; x_wconf 87' lang='lat' dir='ltr'><strong>importuna</strong></span> <span class='ocrx_word' id='word_1_107' title='bbox 1403 1771 1414 1806; x_wconf 89' lang='lat'><strong>:</strong></span> <span class='ocrx_word' id='word_1_108' title='bbox 1447 1763 1504 1810; x_wconf 91' lang='lat' dir='ltr'><strong>et</strong></span> <span class='ocrx_word' id='word_1_109' title='bbox 1537 1754 1620 1810; x_wconf 88' lang='lat' dir='ltr'><strong>vel</strong></span> <span class='ocrx_word' id='word_1_110' title='bbox 1651 1755 1784 1809; x_wconf 83' lang='lat' dir='ltr'><strong>laut-</strong></span> 
     </span>
    </p>
   </div>
   <div class='ocr_carea' id='block_1_17' title="bbox 172 1841 2608 1949">
    <p class='ocr_par' dir='ltr' id='par_1_17' title="bbox 172 1841 2608 1949">
     <span class='ocr_line' id='line_1_17' title="bbox 172 1841 2608 1949; baseline 0.005 -56"><span class='ocrx_word' id='word_1_111' title='bbox 172 1841 702 1949; x_wconf 54' lang='lat' dir='ltr'><strong>bcrcslttntmotenus</strong></span> <span class='ocrx_word' id='word_1_112' title='bbox 731 1844 942 1948; x_wconf 79' lang='lat' dir='ltr'><strong>nititur,</strong></span> <span class='ocrx_word' id='word_1_113' title='bbox 975 1847 1020 1902; x_wconf 86' lang='lat' dir='ltr'><strong>si</strong></span> <span class='ocrx_word' id='word_1_114' title='bbox 1067 1848 1344 1904; x_wconf 87' lang='lat' dir='ltr'><strong>mordicus</strong></span> <span class='ocrx_word' id='word_1_115' title='bbox 1369 1849 1780 1919; x_wconf 85' lang='lat' dir='ltr'><strong>apprehendere</strong></span> <span class='ocrx_word' id='word_1_116' title='bbox 1807 1859 1856 1918; x_wconf 85' lang='grc' dir='ltr'>Β</span> <span class='ocrx_word' id='word_1_117' title='bbox 1883 1889 2060 1933; x_wconf 51' lang='lat' dir='ltr'><strong>vestra</strong></span> <span class='ocrx_word' id='word_1_118' title='bbox 2087 1887 2306 1948; x_wconf 52' lang='lat' dir='ltr'><strong>peccata</strong></span> <span class='ocrx_word' id='word_1_119' title='bbox 2337 1841 2474 1948; x_wconf 43' lang='lat' dir='ltr'><strong>Cum</strong></span> <span class='ocrx_word' id='word_1_120' title='bbox 2503 1841 2608 1949; x_wconf 47' lang='grc' dir='ltr'><strong>λη).</strong></span> 
     </span>
    </p>
   </div>
   <div class='ocr_carea' id='block_1_18' title="bbox 171 1933 1785 2012">
    <p class='ocr_par' dir='ltr' id='par_1_18' title="bbox 171 1933 1785 2012">
     <span class='ocr_line' id='line_1_18' title="bbox 171 1933 1785 2012; baseline 0.007 -27"><span class='ocrx_word' id='word_1_121' title='bbox 171 1933 512 2002; x_wconf 79' lang='lat' dir='ltr'><strong>prohibetur.</strong></span> <span class='ocrx_word' id='word_1_122' title='bbox 567 1935 680 1990; x_wconf 86' lang='lat' dir='ltr'><strong>Sub</strong></span> <span class='ocrx_word' id='word_1_123' title='bbox 721 1938 902 2007; x_wconf 89' lang='lat' dir='ltr'><strong>specie</strong></span> <span class='ocrx_word' id='word_1_124' title='bbox 951 1955 1188 2010; x_wconf 86' lang='lat' dir='ltr'><strong>namque</strong></span> <span class='ocrx_word' id='word_1_125' title='bbox 1239 1942 1540 2012; x_wconf 78' lang='lat' dir='ltr'><strong>Spit‘iittalis</strong></span> <span class='ocrx_word' id='word_1_126' title='bbox 1584 1942 1785 1997; x_wconf 62' lang='lat' dir='ltr'><strong>laetitia</strong></span> 
     </span>
    </p>
   </div>
   <div class='ocr_carea' id='block_1_19' title="bbox 173 2024 1788 2102">
    <p class='ocr_par' dir='ltr' id='par_1_19' title="bbox 173 2024 1788 2102">
     <span class='ocr_line' id='line_1_19' title="bbox 173 2024 1788 2102; baseline 0.006 -23"><span class='ocrx_word' id='word_1_127' title='bbox 173 2024 296 2080; x_wconf 87' lang='lat' dir='ltr'><strong>dum</strong></span> <span class='ocrx_word' id='word_1_128' title='bbox 327 2041 418 2080; x_wconf 88' lang='lat' dir='ltr'><strong>me</strong></span> <span class='ocrx_word' id='word_1_129' title='bbox 455 2025 720 2082; x_wconf 77' lang='lat' dir='ltr'><strong>fratribus</strong></span> <span class='ocrx_word' id='word_1_130' title='bbox 745 2029 972 2085; x_wconf 82' lang='lat' dir='ltr'><strong>hilarem</strong></span> <span class='ocrx_word' id='word_1_131' title='bbox 998 2032 1291 2088; x_wconf 82' lang='lat' dir='ltr'><strong>ostendere</strong></span> <span class='ocrx_word' id='word_1_132' title='bbox 1328 2033 1513 2102; x_wconf 88' lang='lat' dir='ltr'><strong>cupio,</strong></span> <span class='ocrx_word' id='word_1_133' title='bbox 1559 2031 1788 2088; x_wconf 83' lang='lat' dir='ltr'><strong>in-vaui-</strong></span> 
     </span>
    </p>
   </div>
   <div class='ocr_carea' id='block_1_20' title="bbox 175 2118 1788 2197">
    <p class='ocr_par' dir='ltr' id='par_1_20' title="bbox 175 2118 1788 2197">
     <span class='ocr_line' id='line_1_20' title="bbox 175 2118 1788 2197; baseline 0.007 -27"><span class='ocrx_word' id='word_1_134' title='bbox 175 2118 304 2176; x_wconf 81' lang='lat' dir='ltr'><strong>tatis</strong></span> <span class='ocrx_word' id='word_1_135' title='bbox 355 2119 528 2174; x_wconf 83' lang='lat' dir='ltr'><strong>verba</strong></span> <span class='ocrx_word' id='word_1_136' title='bbox 575 2119 790 2176; x_wconf 87' lang='lat' dir='ltr'><strong>decliuo</strong></span> <span class='ocrx_word' id='word_1_137' title='bbox 833 2140 846 2176; x_wconf 92' lang='lat'><strong>:</strong></span> <span class='ocrx_word' id='word_1_138' title='bbox 903 2131 960 2178; x_wconf 86' lang='lat' dir='ltr'><strong>et</strong></span> <span class='ocrx_word' id='word_1_139' title='bbox 1001 2123 1130 2178; x_wconf 90' lang='lat' dir='ltr'><strong>dum</strong></span> <span class='ocrx_word' id='word_1_140' title='bbox 1177 2141 1208 2180; x_wconf 95' lang='lat' dir='ltr'><strong>a</strong></span> <span class='ocrx_word' id='word_1_141' title='bbox 1253 2125 1414 2180; x_wconf 89' lang='lat' dir='ltr'><strong>solito</strong></span> <span class='ocrx_word' id='word_1_142' title='bbox 1467 2127 1646 2197; x_wconf 77' lang='lat' dir='ltr'><strong>rigore</strong></span> <span class='ocrx_word' id='word_1_143' title='bbox 1695 2127 1788 2182; x_wconf 88' lang='lat' dir='ltr'><strong>de-</strong></span> 
     </span>
    </p>
   </div>
   <div class='ocr_carea' id='block_1_21' title="bbox 176 2211 1780 2290">
    <p class='ocr_par' dir='ltr' id='par_1_21' title="bbox 176 2211 1780 2290">
     <span class='ocr_line' id='line_1_21' title="bbox 176 2211 1780 2290; baseline 0.006 -24"><span class='ocrx_word' id='word_1_144' title='bbox 176 2213 438 2268; x_wconf 86' lang='lat' dir='ltr'><strong>scendere</strong></span> <span class='ocrx_word' id='word_1_145' title='bbox 487 2211 748 2270; x_wconf 72' lang='lat' dir='ltr'><strong>fraterna:</strong></span> <span class='ocrx_word' id='word_1_146' title='bbox 793 2215 1080 2273; x_wconf 86' lang='lat' dir='ltr'><strong>charitatis</strong></span> <span class='ocrx_word' id='word_1_147' title='bbox 1131 2235 1296 2273; x_wconf 88' lang='lat' dir='ltr'><strong>causa</strong></span> <span class='ocrx_word' id='word_1_148' title='bbox 1357 2220 1513 2290; x_wconf 85' lang='lat' dir='ltr'><strong>quasi</strong></span> <span class='ocrx_word' id='word_1_149' title='bbox 1541 2219 1780 2276; x_wconf 83' lang='lat' dir='ltr'><strong>discrete</strong></span> 
     </span>
    </p>
   </div>
   <div class='ocr_carea' id='block_1_22' title="bbox 176 2301 1788 2382">
    <p class='ocr_par' dir='ltr' id='par_1_22' title="bbox 176 2301 1788 2382">
     <span class='ocr_line' id='line_1_22' title="bbox 176 2301 1788 2382; baseline 0.006 -26"><span class='ocrx_word' id='word_1_150' title='bbox 176 2301 440 2367; x_wconf 88' lang='lat' dir='ltr'><strong>delibero,</strong></span> <span class='ocrx_word' id='word_1_151' title='bbox 477 2303 546 2357; x_wconf 91' lang='lat' dir='ltr'><strong>ad</strong></span> <span class='ocrx_word' id='word_1_152' title='bbox 581 2303 792 2360; x_wconf 87' lang='lat' dir='ltr'><strong>inutilia</strong></span> <span class='ocrx_word' id='word_1_153' title='bbox 819 2307 1145 2377; x_wconf 77' lang='lat' dir='ltr'><strong>proferenda</strong></span> <span class='ocrx_word' id='word_1_154' title='bbox 1175 2306 1516 2364; x_wconf 73' lang='lat' dir='ltr'><strong>diﬂ&#39;renatam</strong></span> <span class='ocrx_word' id='word_1_155' title='bbox 1549 2309 1788 2382; x_wconf 73' lang='lat' dir='ltr'><strong>linguam</strong></span> 
     </span>
    </p>
   </div>
   <div class='ocr_carea' id='block_1_23' title="bbox 177 2392 1788 2454">
    <p class='ocr_par' dir='ltr' id='par_1_23' title="bbox 177 2392 1788 2454">
     <span class='ocr_line' id='line_1_23' title="bbox 177 2392 1788 2454; baseline 0.004 -8"><span class='ocrx_word' id='word_1_156' title='bbox 177 2392 478 2448; x_wconf 83' lang='lat' dir='ltr'><strong>indiscrete</strong></span> <span class='ocrx_word' id='word_1_157' title='bbox 507 2393 740 2452; x_wconf 84' lang='lat' dir='ltr'><strong>resolvo.</strong></span> <span class='ocrx_word' id='word_1_158' title='bbox 775 2394 880 2454; x_wconf 86' lang='lat' dir='ltr'><strong>Sed</strong></span> <span class='ocrx_word' id='word_1_159' title='bbox 909 2397 1036 2452; x_wconf 89' lang='lat' dir='ltr'><strong>dum</strong></span> <span class='ocrx_word' id='word_1_160' title='bbox 1069 2397 1330 2452; x_wconf 84' lang='lat' dir='ltr'><strong>Dominus</strong></span> <span class='ocrx_word' id='word_1_161' title='bbox 1359 2397 1543 2454; x_wconf 80' lang='lat' dir='ltr'><strong>dicat:</strong></span> <span class='ocrx_word' id='word_1_162' title='bbox 1583 2418 1601 2450; x_wconf 73' lang='grc' dir='ltr'>ι</span> <span class='ocrx_word' id='word_1_163' title='bbox 1635 2399 1788 2454; x_wconf 81' lang='lat' dir='ltr'><strong>Beati</strong></span> 
     </span>
    </p>
   </div>
   <div class='ocr_carea' id='block_1_24' title="bbox 179 2482 1782 2558">
    <p class='ocr_par' dir='ltr' id='par_1_24' title="bbox 179 2482 1782 2558">
     <span class='ocr_line' id='line_1_24' title="bbox 179 2482 1782 2558; baseline 0.005 -24"><span class='ocrx_word' id='word_1_164' title='bbox 179 2482 268 2549; x_wconf 90' lang='lat' dir='ltr'><strong>qui</strong></span> <span class='ocrx_word' id='word_1_165' title='bbox 291 2482 507 2553; x_wconf 83' lang='lat' dir='ltr'><strong>lugent,</strong></span> <span class='ocrx_word' id='word_1_166' title='bbox 529 2485 786 2554; x_wconf 90' lang='lat' dir='ltr'><strong>quoniam</strong></span> <span class='ocrx_word' id='word_1_167' title='bbox 813 2485 918 2556; x_wconf 89' lang='lat' dir='ltr'><strong>ipsi</strong></span> <span class='ocrx_word' id='word_1_168' title='bbox 941 2487 1370 2544; x_wconf 82' lang='lat' dir='ltr'><strong>consolabuntur</strong></span> <span class='ocrx_word' id='word_1_169' title='bbox 1395 2488 1608 2558; x_wconf 82' lang='lat' dir='ltr'><strong>(Matth.</strong></span> <span class='ocrx_word' id='word_1_170' title='bbox 1645 2489 1697 2558; x_wconf 90' lang='lat' dir='ltr'><strong>v)</strong></span> <span class='ocrx_word' id='word_1_171' title='bbox 1723 2506 1736 2556; x_wconf 92' lang='lat'><strong>;</strong></span> <span class='ocrx_word' id='word_1_172' title='bbox 1763 2509 1782 2542; x_wconf 72' lang='grc' dir='ltr'><strong><em>ι</em></strong></span> 
     </span>
    </p>
   </div>
   <div class='ocr_carea' id='block_1_25' title="bbox 181 2573 1788 2649">
    <p class='ocr_par' dir='ltr' id='par_1_25' title="bbox 181 2573 1788 2649">
     <span class='ocr_line' id='line_1_25' title="bbox 181 2573 1788 2649; baseline 0.007 -23"><span class='ocrx_word' id='word_1_173' title='bbox 181 2573 338 2644; x_wconf 88' lang='lat' dir='ltr'><strong>quale</strong></span> <span class='ocrx_word' id='word_1_174' title='bbox 353 2574 464 2630; x_wconf 82' lang='lat' dir='ltr'><strong>illis</strong></span> <span class='ocrx_word' id='word_1_175' title='bbox 477 2573 742 2644; x_wconf 88' lang='lat' dir='ltr'><strong>judicium</strong></span> <span class='ocrx_word' id='word_1_176' title='bbox 765 2577 1136 2649; x_wconf 87' lang='lat' dir='ltr'><strong>imminet,qui</strong></span> <span class='ocrx_word' id='word_1_177' title='bbox 1151 2595 1258 2634; x_wconf 89' lang='lat' dir='ltr'><strong>non</strong></span> <span class='ocrx_word' id='word_1_178' title='bbox 1283 2581 1442 2636; x_wconf 90' lang='lat' dir='ltr'><strong>modo</strong></span> <span class='ocrx_word' id='word_1_179' title='bbox 1454 2579 1668 2636; x_wconf 90' lang='lat' dir='ltr'><strong>ﬂetibus</strong></span> <span class='ocrx_word' id='word_1_180' title='bbox 1681 2597 1788 2638; x_wconf 89' lang='lat' dir='ltr'><strong>non</strong></span> 
     </span>
    </p>
   </div>
   <div class='ocr_carea' id='block_1_26' title="bbox 181 2663 1790 2736">
    <p class='ocr_par' dir='ltr' id='par_1_26' title="bbox 181 2663 1790 2736">
     <span class='ocr_line' id='line_1_26' title="bbox 181 2663 1790 2736; baseline 0.008 -19"><span class='ocrx_word' id='word_1_181' title='bbox 181 2663 480 2731; x_wconf 79' lang='lat' dir='ltr'><strong>insistunt;</strong></span> <span class='ocrx_word' id='word_1_182' title='bbox 509 2665 606 2722; x_wconf 83' lang='lat' dir='ltr'><strong>sed</strong></span> <span class='ocrx_word' id='word_1_183' title='bbox 633 2667 777 2723; x_wconf 90' lang='lat' dir='ltr'><strong>ultro</strong></span> <span class='ocrx_word' id='word_1_184' title='bbox 803 2670 966 2724; x_wconf 84' lang='lat' dir='ltr'><strong>etiam</strong></span> <span class='ocrx_word' id='word_1_185' title='bbox 997 2671 1302 2736; x_wconf 84' lang='lat' dir='ltr'><strong>cachinnis,</strong></span> <span class='ocrx_word' id='word_1_186' title='bbox 1335 2683 1387 2728; x_wconf 91' lang='lat' dir='ltr'><strong>et</strong></span> <span class='ocrx_word' id='word_1_187' title='bbox 1409 2673 1560 2728; x_wconf 85' lang='lat' dir='ltr'><strong>vanis</strong></span> <span class='ocrx_word' id='word_1_188' title='bbox 1589 2673 1790 2730; x_wconf 80' lang='lat' dir='ltr'><strong>risibus</strong></span> 
     </span>
    </p>
   </div>
   <div class='ocr_carea' id='block_1_27' title="bbox 179 2757 1789 2836">
    <p class='ocr_par' dir='ltr' id='par_1_27' title="bbox 179 2757 1789 2836">
     <span class='ocr_line' id='line_1_27' title="bbox 179 2757 1789 2836; baseline 0.007 -24"><span class='ocrx_word' id='word_1_189' title='bbox 179 2757 511 2814; x_wconf 83' lang='lat' dir='ltr'><strong>histrionum</strong></span> <span class='ocrx_word' id='word_1_190' title='bbox 568 2775 718 2815; x_wconf 90' lang='lat' dir='ltr'><strong>more</strong></span> <span class='ocrx_word' id='word_1_191' title='bbox 773 2761 1127 2818; x_wconf 83' lang='lat' dir='ltr'><strong>deserviunt?</strong></span> <span class='ocrx_word' id='word_1_192' title='bbox 1199 2763 1443 2836; x_wconf 89' lang='lat' dir='ltr'><strong>Cumque</strong></span> <span class='ocrx_word' id='word_1_193' title='bbox 1494 2766 1789 2823; x_wconf 87' lang='lat' dir='ltr'><strong>consolatio</strong></span> 
     </span>
    </p>
   </div>
   <div class='ocr_carea' id='block_1_28' title="bbox 179 2850 1789 2926">
    <p class='ocr_par' dir='ltr' id='par_1_28' title="bbox 179 2850 1789 2926">
     <span class='ocr_line' id='line_1_28' title="bbox 179 2850 1789 2926; baseline 0.006 -24"><span class='ocrx_word' id='word_1_194' title='bbox 179 2863 286 2902; x_wconf 85' lang='lat' dir='ltr'><strong>non</strong></span> <span class='ocrx_word' id='word_1_195' title='bbox 318 2850 706 2920; x_wconf 80' lang='lat' dir='ltr'><strong>gaudentibus,</strong></span> <span class='ocrx_word' id='word_1_196' title='bbox 747 2851 842 2908; x_wconf 90' lang='lat' dir='ltr'><strong>sed</strong></span> <span class='ocrx_word' id='word_1_197' title='bbox 877 2855 1237 2910; x_wconf 76' lang='lat' dir='ltr'><strong>intercutibus</strong></span> <span class='ocrx_word' id='word_1_198' title='bbox 1277 2856 1463 2926; x_wconf 88' lang='lat' dir='ltr'><strong>utique</strong></span> <span class='ocrx_word' id='word_1_199' title='bbox 1505 2855 1789 2924; x_wconf 83' lang='lat' dir='ltr'><strong>debeatur,</strong></span> 
     </span>
    </p>
   </div>
   <div class='ocr_carea' id='block_1_29' title="bbox 181 2941 1791 3018">
    <p class='ocr_par' dir='ltr' id='par_1_29' title="bbox 181 2941 1791 3018">
     <span class='ocr_line' id='line_1_29' title="bbox 181 2941 1791 3018; baseline 0.007 -24"><span class='ocrx_word' id='word_1_200' title='bbox 181 2941 345 3010; x_wconf 72' lang='lat' dir='ltr'><strong>Quam</strong></span> <span class='ocrx_word' id='word_1_201' title='bbox 397 2941 827 2998; x_wconf 89' lang='lat' dir='ltr'><strong>consolationem</strong></span> <span class='ocrx_word' id='word_1_202' title='bbox 883 2953 1204 3016; x_wconf 83' lang='lat' dir='ltr'><strong>exspectare</strong></span> <span class='ocrx_word' id='word_1_203' title='bbox 1243 2963 1272 3000; x_wconf 91' lang='lat' dir='ltr'><strong>a</strong></span> <span class='ocrx_word' id='word_1_204' title='bbox 1325 2957 1558 3004; x_wconf 89' lang='lat' dir='ltr'><strong>venturo</strong></span> <span class='ocrx_word' id='word_1_205' title='bbox 1603 2947 1791 3018; x_wconf 85' lang='lat' dir='ltr'><strong>judice</strong></span> 
     </span>
    </p>
   </div>
   <div class='ocr_carea' id='block_1_30' title="bbox 183 3033 1788 3108">
    <p class='ocr_par' dir='ltr' id='par_1_30' title="bbox 183 3033 1788 3108">
     <span class='ocr_line' id='line_1_30' title="bbox 183 3033 1788 3108; baseline 0.007 -23"><span class='ocrx_word' id='word_1_206' title='bbox 183 3041 480 3102; x_wconf 86' lang='lat' dir='ltr'><strong>poterunt,</strong></span> <span class='ocrx_word' id='word_1_207' title='bbox 529 3033 622 3106; x_wconf 89' lang='lat' dir='ltr'><strong>qui</strong></span> <span class='ocrx_word' id='word_1_208' title='bbox 675 3051 735 3090; x_wconf 91' lang='lat' dir='ltr'><strong>se</strong></span> <span class='ocrx_word' id='word_1_209' title='bbox 767 3051 910 3090; x_wconf 91' lang='lat' dir='ltr'><strong>nunc</strong></span> <span class='ocrx_word' id='word_1_210' title='bbox 959 3037 1154 3108; x_wconf 76' lang='lat' dir='ltr'><strong>ineptte</strong></span> <span class='ocrx_word' id='word_1_211' title='bbox 1189 3038 1392 3094; x_wconf 65' lang='lat' dir='ltr'><strong>laetitia:</strong></span> <span class='ocrx_word' id='word_1_212' title='bbox 1445 3039 1788 3098; x_wconf 80' lang='lat' dir='ltr'><strong>maleblanda</strong></span> 
     </span>
    </p>
   </div>
   <div class='ocr_carea' id='block_1_31' title="bbox 175 3121 1790 3191">
    <p class='ocr_par' dir='ltr' id='par_1_31' title="bbox 175 3121 1790 3191">
     <span class='ocr_line' id='line_1_31' title="bbox 175 3121 1790 3191; baseline 0.007 -15"><span class='ocrx_word' id='word_1_213' title='bbox 175 3121 522 3191; x_wconf 70' lang='lat' dir='ltr'><strong>iucunditate</strong></span> <span class='ocrx_word' id='word_1_214' title='bbox 553 3125 873 3182; x_wconf 87' lang='lat' dir='ltr'><strong>resolvunt?</strong></span> <span class='ocrx_word' id='word_1_215' title='bbox 917 3125 1155 3183; x_wconf 80' lang='lat' dir='ltr'><strong>Rursum</strong></span> <span class='ocrx_word' id='word_1_216' title='bbox 1183 3145 1304 3184; x_wconf 90' lang='lat' dir='ltr'><strong>cum</strong></span> <span class='ocrx_word' id='word_1_217' title='bbox 1345 3129 1536 3186; x_wconf 90' lang='lat' dir='ltr'><strong>eadem</strong></span> <span class='ocrx_word' id='word_1_218' title='bbox 1571 3129 1790 3188; x_wconf 78' lang='lat' dir='ltr'><strong>Veritas</strong></span> 
     </span>
    </p>
   </div>
   <div class='ocr_carea' id='block_1_32' title="bbox 181 3215 1786 3296">
    <p class='ocr_par' dir='ltr' id='par_1_32' title="bbox 181 3215 1786 3296">
     <span class='ocr_line' id='line_1_32' title="bbox 181 3215 1786 3296; baseline 0.006 -25"><span class='ocrx_word' id='word_1_219' title='bbox 181 3215 326 3273; x_wconf 85' lang='lat' dir='ltr'><strong>dicat</strong></span> <span class='ocrx_word' id='word_1_220' title='bbox 357 3236 372 3272; x_wconf 91' lang='lat'><strong>:</strong></span> <span class='ocrx_word' id='word_1_221' title='bbox 411 3239 432 3272; x_wconf 76' lang='grc' dir='ltr'>ι</span> <span class='ocrx_word' id='word_1_222' title='bbox 461 3215 556 3275; x_wconf 66' lang='lat' dir='ltr'><strong>Vat</strong></span> <span class='ocrx_word' id='word_1_223' title='bbox 579 3219 735 3277; x_wconf 84' lang='lat' dir='ltr'><strong>vobis</strong></span> <span class='ocrx_word' id='word_1_224' title='bbox 754 3221 844 3292; x_wconf 89' lang='lat' dir='ltr'><strong>qui</strong></span> <span class='ocrx_word' id='word_1_225' title='bbox 873 3221 1082 3286; x_wconf 89' lang='lat' dir='ltr'><strong>ridetis,</strong></span> <span class='ocrx_word' id='word_1_226' title='bbox 1120 3223 1377 3292; x_wconf 88' lang='lat' dir='ltr'><strong>quoniam</strong></span> <span class='ocrx_word' id='word_1_227' title='bbox 1408 3221 1602 3279; x_wconf 88' lang='lat' dir='ltr'><strong>ﬂebitis</strong></span> <span class='ocrx_word' id='word_1_228' title='bbox 1633 3221 1786 3296; x_wconf 85' lang='lat' dir='ltr'><strong>(Luc.</strong></span> 
     </span>
    </p>
   </div>
   <div class='ocr_carea' id='block_1_33' title="bbox 189 3309 1791 3386">
    <p class='ocr_par' dir='ltr' id='par_1_33' title="bbox 189 3309 1791 3386">
     <span class='ocr_line' id='line_1_33' title="bbox 189 3309 1791 3386; baseline 0.007 -25"><span class='ocrx_word' id='word_1_229' title='bbox 189 3309 298 3380; x_wconf 80' lang='lat' dir='ltr'><strong>v1);</strong></span> <span class='ocrx_word' id='word_1_230' title='bbox 331 3331 351 3364; x_wconf 75' lang='grc' dir='ltr'>ι</span> <span class='ocrx_word' id='word_1_231' title='bbox 395 3311 526 3382; x_wconf 89' lang='lat' dir='ltr'><strong>quid</strong></span> <span class='ocrx_word' id='word_1_232' title='bbox 581 3313 635 3368; x_wconf 90' lang='lat' dir='ltr'><strong>in</strong></span> <span class='ocrx_word' id='word_1_233' title='bbox 686 3315 970 3368; x_wconf 90' lang='lat' dir='ltr'><strong>tremendo</strong></span> <span class='ocrx_word' id='word_1_234' title='bbox 999 3312 1209 3382; x_wconf 83' lang='lat' dir='ltr'><strong>judicio</strong></span> <span class='ocrx_word' id='word_1_235' title='bbox 1265 3313 1462 3371; x_wconf 89' lang='lat' dir='ltr'><strong>dicturi</strong></span> <span class='ocrx_word' id='word_1_236' title='bbox 1494 3323 1642 3382; x_wconf 90' lang='lat' dir='ltr'><strong>sunt,</strong></span> <span class='ocrx_word' id='word_1_237' title='bbox 1697 3317 1791 3386; x_wconf 90' lang='lat' dir='ltr'><strong>qui</strong></span> 
     </span>
    </p>
   </div>
   <div class='ocr_carea' id='block_1_34' title="bbox 185 3405 1792 3479">
    <p class='ocr_par' dir='ltr' id='par_1_34' title="bbox 185 3405 1792 3479">
     <span class='ocr_line' id='line_1_34' title="bbox 185 3405 1792 3479; baseline 0.006 -22"><span class='ocrx_word' id='word_1_238' title='bbox 185 3419 292 3459; x_wconf 89' lang='lat' dir='ltr'><strong>non</strong></span> <span class='ocrx_word' id='word_1_239' title='bbox 321 3405 498 3460; x_wconf 88' lang='lat' dir='ltr'><strong>solum</strong></span> <span class='ocrx_word' id='word_1_240' title='bbox 530 3405 632 3478; x_wconf 88' lang='lat' dir='ltr'><strong>ipsi</strong></span> <span class='ocrx_word' id='word_1_241' title='bbox 659 3405 859 3474; x_wconf 87' lang='lat' dir='ltr'><strong>rident,</strong></span> <span class='ocrx_word' id='word_1_242' title='bbox 890 3408 983 3462; x_wconf 91' lang='lat' dir='ltr'><strong>sed</strong></span> <span class='ocrx_word' id='word_1_243' title='bbox 1017 3409 1238 3479; x_wconf 87' lang='lat' dir='ltr'><strong>insuper</strong></span> <span class='ocrx_word' id='word_1_244' title='bbox 1268 3409 1514 3479; x_wconf 59' lang='lat' dir='ltr'><strong>quasdam</strong></span> <span class='ocrx_word' id='word_1_245' title='bbox 1541 3409 1792 3466; x_wconf 82' lang='lat' dir='ltr'><strong>scurrilia</strong></span> 
     </span>
    </p>
   </div>
   <div class='ocr_carea' id='block_1_35' title="bbox 186 3497 1794 3574">
    <p class='ocr_par' dir='ltr' id='par_1_35' title="bbox 186 3497 1794 3574">
     <span class='ocr_line' id='line_1_35' title="bbox 186 3497 1794 3574; baseline 0.002 -20"><span class='ocrx_word' id='word_1_246' title='bbox 186 3497 528 3574; x_wconf 89' lang='lat' dir='ltr'><strong>proferentes</strong></span> <span class='ocrx_word' id='word_1_247' title='bbox 546 3544 561 3568; x_wconf 91' lang='lat'><strong>,</strong></span> <span class='ocrx_word' id='word_1_248' title='bbox 589 3501 757 3557; x_wconf 90' lang='lat' dir='ltr'><strong>risum</strong></span> <span class='ocrx_word' id='word_1_249' title='bbox 783 3501 1128 3558; x_wconf 86' lang='lat' dir='ltr'><strong>audientibus</strong></span> <span class='ocrx_word' id='word_1_250' title='bbox 1143 3503 1408 3560; x_wconf 86' lang='lat' dir='ltr'><strong>violenter</strong></span> <span class='ocrx_word' id='word_1_251' title='bbox 1435 3512 1794 3574; x_wconf 77' lang='lat' dir='ltr'><strong>extorquent?</strong></span> 
     </span>
    </p>
   </div>
   <div class='ocr_carea' id='block_1_36' title="bbox 203 3601 1796 3675">
    <p class='ocr_par' dir='ltr' id='par_1_36' title="bbox 203 3601 1796 3675">
     <span class='ocr_line' id='line_1_36' title="bbox 203 3601 1796 3675; baseline 0 -15"><span class='ocrx_word' id='word_1_252' title='bbox 203 3663 210 3669; x_wconf 62' lang='grc'><em>,</em></span> <span class='ocrx_word' id='word_1_253' title='bbox 263 3601 370 3660; x_wconf 84' lang='lat' dir='ltr'><strong>Ubi</strong></span> <span class='ocrx_word' id='word_1_254' title='bbox 397 3603 720 3672; x_wconf 84' lang='lat' dir='ltr'><strong>notandum,</strong></span> <span class='ocrx_word' id='word_1_255' title='bbox 769 3605 894 3675; x_wconf 86' lang='lat' dir='ltr'><strong>quia</strong></span> <span class='ocrx_word' id='word_1_256' title='bbox 927 3621 1050 3661; x_wconf 90' lang='lat' dir='ltr'><strong>cum</strong></span> <span class='ocrx_word' id='word_1_257' title='bbox 1081 3605 1362 3662; x_wconf 86' lang='lat' dir='ltr'><strong>inimicum</strong></span> <span class='ocrx_word' id='word_1_258' title='bbox 1395 3607 1590 3660; x_wconf 73' lang='lat' dir='ltr'><strong>anima:</strong></span> <span class='ocrx_word' id='word_1_259' title='bbox 1619 3606 1689 3660; x_wconf 90' lang='lat' dir='ltr'><strong>sit</strong></span> <span class='ocrx_word' id='word_1_260' title='bbox 1719 3604 1796 3660; x_wconf 86' lang='lat' dir='ltr'><strong>ri-</strong></span> 
     </span>
    </p>
   </div>
   <div class='ocr_carea' id='block_1_37' title="bbox 189 3695 1791 3767">
    <p class='ocr_par' dir='ltr' id='par_1_37' title="bbox 189 3695 1791 3767">
     <span class='ocr_line' id='line_1_37' title="bbox 189 3695 1791 3767; baseline 0 -15"><span class='ocrx_word' id='word_1_261' title='bbox 189 3695 342 3760; x_wconf 85' lang='lat' dir='ltr'><strong>dere,</strong></span> <span class='ocrx_word' id='word_1_262' title='bbox 371 3696 729 3767; x_wconf 85' lang='lat' dir='ltr'><strong>perniciosius</strong></span> <span class='ocrx_word' id='word_1_263' title='bbox 761 3706 942 3752; x_wconf 88' lang='lat' dir='ltr'><strong>tamen</strong></span> <span class='ocrx_word' id='word_1_264' title='bbox 975 3705 1062 3754; x_wconf 91' lang='lat' dir='ltr'><strong>est</strong></span> <span class='ocrx_word' id='word_1_265' title='bbox 1095 3697 1446 3752; x_wconf 88' lang='lat' dir='ltr'><strong>scurrilitatis</strong></span> <span class='ocrx_word' id='word_1_266' title='bbox 1466 3696 1630 3752; x_wconf 87' lang='lat' dir='ltr'><strong>verba</strong></span> <span class='ocrx_word' id='word_1_267' title='bbox 1661 3712 1791 3765; x_wconf 90' lang='lat' dir='ltr'><strong>pro-</strong></span> 
     </span>
    </p>
   </div>
   <div class='ocr_carea' id='block_1_38' title="bbox 189 3783 1796 3857">
    <p class='ocr_par' dir='ltr' id='par_1_38' title="bbox 189 3783 1796 3857">
     <span class='ocr_line' id='line_1_38' title="bbox 189 3783 1796 3857; baseline 0 -17"><span class='ocrx_word' id='word_1_268' title='bbox 189 3783 358 3842; x_wconf 87' lang='lat' dir='ltr'><strong>ferre.</strong></span> <span class='ocrx_word' id='word_1_269' title='bbox 385 3785 716 3842; x_wconf 86' lang='lat' dir='ltr'><strong>Scurrilitati</strong></span> <span class='ocrx_word' id='word_1_270' title='bbox 746 3788 942 3857; x_wconf 91' lang='lat' dir='ltr'><strong>quippe</strong></span> <span class='ocrx_word' id='word_1_271' title='bbox 970 3787 1305 3850; x_wconf 87' lang='lat' dir='ltr'><strong>deserviens,</strong></span> <span class='ocrx_word' id='word_1_272' title='bbox 1348 3796 1402 3840; x_wconf 87' lang='lat' dir='ltr'><strong>et</strong></span> <span class='ocrx_word' id='word_1_273' title='bbox 1448 3785 1581 3841; x_wconf 91' lang='lat' dir='ltr'><strong>alios</strong></span> <span class='ocrx_word' id='word_1_274' title='bbox 1609 3799 1796 3841; x_wconf 89' lang='lat' dir='ltr'><strong>secum</strong></span> 
     </span>
    </p>
   </div>
   <div class='ocr_carea' id='block_1_39' title="bbox 191 3877 1796 3948">
    <p class='ocr_par' dir='ltr' id='par_1_39' title="bbox 191 3877 1796 3948">
     <span class='ocr_line' id='line_1_39' title="bbox 191 3877 1796 3948; baseline 0.001 -16"><span class='ocrx_word' id='word_1_275' title='bbox 191 3893 286 3948; x_wconf 90' lang='lat' dir='ltr'><strong>per</strong></span> <span class='ocrx_word' id='word_1_276' title='bbox 319 3893 516 3932; x_wconf 88' lang='lat' dir='ltr'><strong>vanam</strong></span> <span class='ocrx_word' id='word_1_277' title='bbox 540 3877 786 3934; x_wconf 68' lang='lat' dir='ltr'><strong>laetitiam</strong></span> <span class='ocrx_word' id='word_1_278' title='bbox 824 3879 1074 3944; x_wconf 84' lang='lat' dir='ltr'><strong>destruit,</strong></span> <span class='ocrx_word' id='word_1_279' title='bbox 1123 3887 1176 3932; x_wconf 88' lang='lat' dir='ltr'><strong>et</strong></span> <span class='ocrx_word' id='word_1_280' title='bbox 1207 3879 1260 3933; x_wconf 90' lang='lat' dir='ltr'><strong>in</strong></span> <span class='ocrx_word' id='word_1_281' title='bbox 1297 3880 1398 3934; x_wconf 90' lang='lat' dir='ltr'><strong>hoc</strong></span> <span class='ocrx_word' id='word_1_282' title='bbox 1427 3877 1648 3946; x_wconf 88' lang='lat' dir='ltr'><strong>insuper</strong></span> <span class='ocrx_word' id='word_1_283' title='bbox 1669 3891 1796 3934; x_wconf 69' lang='lat' dir='ltr'><strong>reus</strong></span> 
     </span>
    </p>
   </div>
   <div class='ocr_carea' id='block_1_40' title="bbox 190 3953 1792 4041">
    <p class='ocr_par' dir='ltr' id='par_1_40' title="bbox 190 3953 1792 4041">
     <span class='ocr_line' id='line_1_40' title="bbox 190 3953 1792 4041; baseline -0.001 -15"><span class='ocrx_word' id='word_1_284' title='bbox 190 3977 292 4034; x_wconf 87' lang='lat' dir='ltr'><strong>cst,</strong></span> <span class='ocrx_word' id='word_1_285' title='bbox 327 3969 474 4040; x_wconf 90' lang='lat' dir='ltr'><strong>quod</strong></span> <span class='ocrx_word' id='word_1_286' title='bbox 523 3969 694 4025; x_wconf 86' lang='lat' dir='ltr'><strong>otiosa</strong></span> <span class='ocrx_word' id='word_1_287' title='bbox 727 3970 894 4026; x_wconf 89' lang='lat' dir='ltr'><strong>verba</strong></span> <span class='ocrx_word' id='word_1_288' title='bbox 924 3953 1193 4024; x_wconf 85' lang='lat' dir='ltr'><strong>inutiliter</strong></span> <span class='ocrx_word' id='word_1_289' title='bbox 1240 3968 1438 4036; x_wconf 81' lang='lat' dir='ltr'><strong>fundit,</strong></span> <span class='ocrx_word' id='word_1_290' title='bbox 1492 3985 1614 4041; x_wconf 83' lang='lat' dir='ltr'><strong>cum</strong></span> <span class='ocrx_word' id='word_1_291' title='bbox 1655 3968 1792 4024; x_wconf 91' lang='lat' dir='ltr'><strong>scri—</strong></span> 
     </span>
    </p>
   </div>
   <div class='ocr_carea' id='block_1_41' title="bbox 191 4059 1797 4132">
    <p class='ocr_par' dir='ltr' id='par_1_41' title="bbox 191 4059 1797 4132">
     <span class='ocr_line' id='line_1_41' title="bbox 191 4059 1797 4132; baseline 0.001 -18"><span class='ocrx_word' id='word_1_292' title='bbox 191 4071 340 4130; x_wconf 86' lang='lat' dir='ltr'><strong>ptum</strong></span> <span class='ocrx_word' id='word_1_293' title='bbox 393 4061 510 4114; x_wconf 88' lang='lat' dir='ltr'><strong>sit:</strong></span> <span class='ocrx_word' id='word_1_294' title='bbox 557 4079 576 4112; x_wconf 78' lang='grc'><strong>(</strong></span> <span class='ocrx_word' id='word_1_295' title='bbox 622 4059 797 4116; x_wconf 88' lang='lat' dir='ltr'><strong>Omne</strong></span> <span class='ocrx_word' id='word_1_296' title='bbox 846 4061 1072 4117; x_wconf 87' lang='lat' dir='ltr'><strong>verbum</strong></span> <span class='ocrx_word' id='word_1_297' title='bbox 1123 4062 1380 4128; x_wconf 85' lang='lat' dir='ltr'><strong>otiosum,</strong></span> <span class='ocrx_word' id='word_1_298' title='bbox 1443 4061 1585 4132; x_wconf 86' lang='lat' dir='ltr'><strong>quod</strong></span> <span class='ocrx_word' id='word_1_299' title='bbox 1629 4061 1797 4116; x_wconf 86' lang='lat' dir='ltr'><strong>locuti</strong></span> 
     </span>
    </p>
   </div>
   <div class='ocr_carea' id='block_1_42' title="bbox 193 4149 1796 4218">
    <p class='ocr_par' dir='ltr' id='par_1_42' title="bbox 193 4149 1796 4218">
     <span class='ocr_line' id='line_1_42' title="bbox 193 4149 1796 4218; baseline 0 -14"><span class='ocrx_word' id='word_1_300' title='bbox 193 4149 398 4206; x_wconf 86' lang='lat' dir='ltr'><strong>fuerint</strong></span> <span class='ocrx_word' id='word_1_301' title='bbox 417 4151 688 4217; x_wconf 85' lang='lat' dir='ltr'><strong>homines,</strong></span> <span class='ocrx_word' id='word_1_302' title='bbox 719 4152 947 4208; x_wconf 86' lang='lat' dir='ltr'><strong>reddent</strong></span> <span class='ocrx_word' id='word_1_303' title='bbox 971 4153 1036 4206; x_wconf 90' lang='lat' dir='ltr'><strong>de</strong></span> <span class='ocrx_word' id='word_1_304' title='bbox 1063 4167 1127 4208; x_wconf 91' lang='lat' dir='ltr'><strong>eo</strong></span> <span class='ocrx_word' id='word_1_305' title='bbox 1154 4153 1418 4206; x_wconf 87' lang='lat' dir='ltr'><strong>rationem</strong></span> <span class='ocrx_word' id='word_1_306' title='bbox 1465 4153 1520 4204; x_wconf 89' lang='lat' dir='ltr'><strong>in</strong></span> <span class='ocrx_word' id='word_1_307' title='bbox 1549 4149 1796 4218; x_wconf 86' lang='lat' dir='ltr'><strong>diejudi-</strong></span> 
     </span>
    </p>
   </div>
   <div class='ocr_carea' id='block_1_43' title="bbox 191 4243 1796 4316">
    <p class='ocr_par' dir='ltr' id='par_1_43' title="bbox 191 4243 1796 4316">
     <span class='ocr_line' id='line_1_43' title="bbox 191 4243 1796 4316; baseline -0.001 -17"><span class='ocrx_word' id='word_1_308' title='bbox 191 4243 256 4300; x_wconf 90' lang='lat' dir='ltr'><strong>cii</strong></span> <span class='ocrx_word' id='word_1_309' title='bbox 283 4243 506 4312; x_wconf 78' lang='lat' dir='ltr'><strong>(Matth.</strong></span> <span class='ocrx_word' id='word_1_310' title='bbox 537 4243 656 4316; x_wconf 77' lang='lat' dir='ltr'><strong>xu).</strong></span> <span class='ocrx_word' id='word_1_311' title='bbox 688 4264 707 4296; x_wconf 75' lang='grc' dir='ltr'><strong><em>ι</em></strong></span> <span class='ocrx_word' id='word_1_312' title='bbox 735 4244 1024 4300; x_wconf 87' lang='lat' dir='ltr'><strong>Enimvero</strong></span> <span class='ocrx_word' id='word_1_313' title='bbox 1046 4243 1171 4300; x_wconf 91' lang='lat' dir='ltr'><strong>dum</strong></span> <span class='ocrx_word' id='word_1_314' title='bbox 1193 4244 1307 4300; x_wconf 53' lang='lat' dir='ltr'><strong>haec</strong></span> <span class='ocrx_word' id='word_1_315' title='bbox 1325 4243 1604 4314; x_wconf 78' lang='lat' dir='ltr'><strong>Evangelii</strong></span> <span class='ocrx_word' id='word_1_316' title='bbox 1632 4243 1796 4298; x_wconf 85' lang='lat' dir='ltr'><strong>verba</strong></span> 
     </span>
    </p>
   </div>
   <div class='ocr_carea' id='block_1_44' title="bbox 191 4338 1790 4410">
    <p class='ocr_par' dir='ltr' id='par_1_44' title="bbox 191 4338 1790 4410">
     <span class='ocr_line' id='line_1_44' title="bbox 191 4338 1790 4410; baseline 0.001 -18"><span class='ocrx_word' id='word_1_317' title='bbox 191 4339 514 4402; x_wconf 84' lang='lat' dir='ltr'><strong>considero,</strong></span> <span class='ocrx_word' id='word_1_318' title='bbox 568 4339 694 4409; x_wconf 87' lang='lat' dir='ltr'><strong>quid</strong></span> <span class='ocrx_word' id='word_1_319' title='bbox 717 4338 882 4406; x_wconf 89' lang='lat' dir='ltr'><strong>aliud,</strong></span> <span class='ocrx_word' id='word_1_320' title='bbox 927 4355 1087 4410; x_wconf 79' lang='lat' dir='ltr'><strong>quam</strong></span> <span class='ocrx_word' id='word_1_321' title='bbox 1115 4340 1388 4410; x_wconf 86' lang='lat' dir='ltr'><strong>quoddam</strong></span> <span class='ocrx_word' id='word_1_322' title='bbox 1431 4338 1588 4394; x_wconf 90' lang='lat' dir='ltr'><strong>nobis</strong></span> <span class='ocrx_word' id='word_1_323' title='bbox 1639 4354 1790 4394; x_wconf 85' lang='lat' dir='ltr'><strong>com-</strong></span> 
     </span>
    </p>
   </div>
   <div class='ocr_carea' id='block_1_45' title="bbox 191 4431 1796 4504">
    <p class='ocr_par' dir='ltr' id='par_1_45' title="bbox 191 4431 1796 4504">
     <span class='ocr_line' id='line_1_45' title="bbox 191 4431 1796 4504; baseline 0.001 -20"><span class='ocrx_word' id='word_1_324' title='bbox 191 4433 458 4486; x_wconf 85' lang='lat' dir='ltr'><strong>mercium</strong></span> <span class='ocrx_word' id='word_1_325' title='bbox 489 4431 826 4503; x_wconf 85' lang='lat' dir='ltr'><strong>propositum</strong></span> <span class='ocrx_word' id='word_1_326' title='bbox 870 4447 990 4488; x_wconf 86' lang='lat' dir='ltr'><strong>esse</strong></span> <span class='ocrx_word' id='word_1_327' title='bbox 1019 4431 1343 4504; x_wconf 79' lang='lat' dir='ltr'><strong>perpendo?</strong></span> <span class='ocrx_word' id='word_1_328' title='bbox 1373 4431 1498 4502; x_wconf 89' lang='lat' dir='ltr'><strong>quia</strong></span> <span class='ocrx_word' id='word_1_329' title='bbox 1538 4431 1796 4488; x_wconf 89' lang='lat' dir='ltr'><strong>nimirum</strong></span> 
     </span>
    </p>
   </div>
   <div class='ocr_carea' id='block_1_46' title="bbox 187 4523 1793 4596">
    <p class='ocr_par' dir='ltr' id='par_1_46' title="bbox 187 4523 1793 4596">
     <span class='ocr_line' id='line_1_46' title="bbox 187 4523 1793 4596; baseline -0.001 -16"><span class='ocrx_word' id='word_1_330' title='bbox 187 4532 242 4592; x_wconf 80' lang='lat' dir='ltr'><strong>et</strong></span> <span class='ocrx_word' id='word_1_331' title='bbox 263 4537 652 4582; x_wconf 88' lang='lat' dir='ltr'><strong>momentaneo</strong></span> <span class='ocrx_word' id='word_1_332' title='bbox 679 4524 790 4580; x_wconf 89' lang='lat' dir='ltr'><strong>risu</strong></span> <span class='ocrx_word' id='word_1_333' title='bbox 811 4533 1105 4596; x_wconf 90' lang='lat' dir='ltr'><strong>perpetuus</strong></span> <span class='ocrx_word' id='word_1_334' title='bbox 1134 4523 1292 4580; x_wconf 88' lang='lat' dir='ltr'><strong>ﬂetus</strong></span> <span class='ocrx_word' id='word_1_335' title='bbox 1318 4526 1542 4589; x_wconf 70' lang='lat' dir='ltr'><strong>emitur,</strong></span> <span class='ocrx_word' id='word_1_336' title='bbox 1571 4533 1628 4579; x_wconf 92' lang='lat' dir='ltr'><strong>et</strong></span> <span class='ocrx_word' id='word_1_337' title='bbox 1655 4533 1793 4580; x_wconf 86' lang='lat' dir='ltr'><strong>tem-</strong></span> 
     </span>
    </p>
   </div>
   <div class='ocr_carea' id='block_1_47' title="bbox 191 4593 1877 4689">
    <p class='ocr_par' dir='ltr' id='par_1_47' title="bbox 191 4593 1877 4689">
     <span class='ocr_line' id='line_1_47' title="bbox 191 4593 1877 4689; baseline 0 -17"><span class='ocrx_word' id='word_1_338' title='bbox 191 4615 363 4689; x_wconf 86' lang='lat' dir='ltr'><strong>porali</strong></span> <span class='ocrx_word' id='word_1_339' title='bbox 415 4613 542 4672; x_wconf 85' lang='lat' dir='ltr'><strong>ﬂetu</strong></span> <span class='ocrx_word' id='word_1_340' title='bbox 573 4593 836 4689; x_wconf 76' lang='lat' dir='ltr'><strong>perpetua</strong></span> <span class='ocrx_word' id='word_1_341' title='bbox 887 4593 1070 4672; x_wconf 63' lang='lat' dir='ltr'><strong>laetitia</strong></span> <span class='ocrx_word' id='word_1_342' title='bbox 1122 4627 1484 4687; x_wconf 83' lang='lat' dir='ltr'><strong>comparatur.</strong></span> <span class='ocrx_word' id='word_1_343' title='bbox 1530 4615 1666 4672; x_wconf 84' lang='lat' dir='ltr'><strong>ilinc</strong></span> <span class='ocrx_word' id='word_1_344' title='bbox 1716 4593 1877 4672; x_wconf 80' lang='lat' dir='ltr'><strong>estD</strong></span> 
     </span>
    </p>
   </div>
   <div class='ocr_carea' id='block_1_48' title="bbox 191 4709 1800 4782">
    <p class='ocr_par' dir='ltr' id='par_1_48' title="bbox 191 4709 1800 4782">
     <span class='ocr_line' id='line_1_48' title="bbox 191 4709 1800 4782; baseline 0.001 -18"><span class='ocrx_word' id='word_1_345' title='bbox 191 4711 336 4782; x_wconf 86' lang='lat' dir='ltr'><strong>quod</strong></span> <span class='ocrx_word' id='word_1_346' title='bbox 371 4710 550 4766; x_wconf 85' lang='lat' dir='ltr'><strong>sancti</strong></span> <span class='ocrx_word' id='word_1_347' title='bbox 577 4709 677 4764; x_wconf 87' lang='lat' dir='ltr'><strong>viri</strong></span> <span class='ocrx_word' id='word_1_348' title='bbox 711 4725 854 4764; x_wconf 89' lang='lat' dir='ltr'><strong>nunc</strong></span> <span class='ocrx_word' id='word_1_349' title='bbox 879 4709 1028 4764; x_wconf 88' lang='lat' dir='ltr'><strong>omni</strong></span> <span class='ocrx_word' id='word_1_350' title='bbox 1060 4710 1239 4764; x_wconf 90' lang='lat' dir='ltr'><strong>studio</strong></span> <span class='ocrx_word' id='word_1_351' title='bbox 1263 4709 1419 4764; x_wconf 82' lang='lat' dir='ltr'><strong>ﬂetus</strong></span> <span class='ocrx_word' id='word_1_352' title='bbox 1448 4719 1502 4763; x_wconf 90' lang='lat' dir='ltr'><strong>et</strong></span> <span class='ocrx_word' id='word_1_353' title='bbox 1530 4709 1800 4780; x_wconf 86' lang='lat' dir='ltr'><strong>lacrymas</strong></span> 
     </span>
    </p>
   </div>
   <div class='ocr_carea' id='block_1_49' title="bbox 192 4800 1798 4874">
    <p class='ocr_par' dir='ltr' id='par_1_49' title="bbox 192 4800 1798 4874">
     <span class='ocr_line' id='line_1_49' title="bbox 192 4800 1798 4874; baseline 0.001 -15"><span class='ocrx_word' id='word_1_354' title='bbox 192 4804 490 4870; x_wconf 85' lang='lat' dir='ltr'><strong>seminam,</strong></span> <span class='ocrx_word' id='word_1_355' title='bbox 514 4811 574 4857; x_wconf 89' lang='lat' dir='ltr'><strong>ut</strong></span> <span class='ocrx_word' id='word_1_356' title='bbox 599 4803 788 4858; x_wconf 64' lang='lat' dir='ltr'><strong>aeterni</strong></span> <span class='ocrx_word' id='word_1_357' title='bbox 823 4802 1004 4874; x_wconf 70' lang='lat' dir='ltr'><strong>gaudii</strong></span> <span class='ocrx_word' id='word_1_358' title='bbox 1039 4800 1219 4870; x_wconf 81' lang='lat' dir='ltr'><strong>fruges</strong></span> <span class='ocrx_word' id='word_1_359' title='bbox 1251 4809 1486 4864; x_wconf 88' lang='lat' dir='ltr'><strong>metant,</strong></span> <span class='ocrx_word' id='word_1_360' title='bbox 1526 4800 1798 4872; x_wconf 77' lang='lat' dir='ltr'><strong>Propheta</strong></span> 
     </span>
    </p>
   </div>
   <div class='ocr_carea' id='block_1_50' title="bbox 190 4889 1798 4964">
    <p class='ocr_par' dir='ltr' id='par_1_50' title="bbox 190 4889 1798 4964">
     <span class='ocr_line' id='line_1_50' title="bbox 190 4889 1798 4964; baseline -0.002 -13"><span class='ocrx_word' id='word_1_361' title='bbox 190 4903 510 4960; x_wconf 80' lang='lat' dir='ltr'><strong>attestante,</strong></span> <span class='ocrx_word' id='word_1_362' title='bbox 542 4893 635 4964; x_wconf 90' lang='lat' dir='ltr'><strong>qui</strong></span> <span class='ocrx_word' id='word_1_363' title='bbox 663 4891 739 4948; x_wconf 89' lang='lat' dir='ltr'><strong>ait</strong></span> <span class='ocrx_word' id='word_1_364' title='bbox 769 4907 782 4945; x_wconf 93' lang='lat'><strong>:</strong></span> <span class='ocrx_word' id='word_1_365' title='bbox 830 4910 848 4943; x_wconf 73' lang='grc' dir='ltr'><strong><em>ι</em></strong></span> <span class='ocrx_word' id='word_1_366' title='bbox 879 4891 1083 4948; x_wconf 85' lang='lat' dir='ltr'><strong>Euutes</strong></span> <span class='ocrx_word' id='word_1_367' title='bbox 1110 4893 1282 4956; x_wconf 87' lang='lat' dir='ltr'><strong>ibant,</strong></span> <span class='ocrx_word' id='word_1_368' title='bbox 1314 4901 1368 4948; x_wconf 91' lang='lat' dir='ltr'><strong>et</strong></span> <span class='ocrx_word' id='word_1_369' title='bbox 1418 4889 1638 4960; x_wconf 89' lang='lat' dir='ltr'><strong>ﬂebant,</strong></span> <span class='ocrx_word' id='word_1_370' title='bbox 1669 4893 1798 4948; x_wconf 88' lang='lat' dir='ltr'><strong>mit-</strong></span> 
     </span>
    </p>
   </div>
   <div class='ocr_carea' id='block_1_51' title="bbox 191 4983 1795 5048">
    <p class='ocr_par' dir='ltr' id='par_1_51' title="bbox 191 4983 1795 5048">
     <span class='ocr_line' id='line_1_51' title="bbox 191 4983 1795 5048; baseline -0.001 -8"><span class='ocrx_word' id='word_1_371' title='bbox 191 4995 366 5042; x_wconf 88' lang='lat' dir='ltr'><strong>tentes</strong></span> <span class='ocrx_word' id='word_1_372' title='bbox 420 4984 630 5040; x_wconf 90' lang='lat' dir='ltr'><strong>semina</strong></span> <span class='ocrx_word' id='word_1_373' title='bbox 663 4999 792 5048; x_wconf 87' lang='lat' dir='ltr'><strong>sua;</strong></span> <span class='ocrx_word' id='word_1_374' title='bbox 849 4983 1132 5038; x_wconf 88' lang='lat' dir='ltr'><strong>venientes</strong></span> <span class='ocrx_word' id='word_1_375' title='bbox 1180 4993 1358 5039; x_wconf 86' lang='lat' dir='ltr'><strong>autem</strong></span> <span class='ocrx_word' id='word_1_376' title='bbox 1409 4983 1627 5038; x_wconf 88' lang='lat' dir='ltr'><strong>venient</strong></span> <span class='ocrx_word' id='word_1_377' title='bbox 1673 4999 1795 5038; x_wconf 90' lang='lat' dir='ltr'><strong>cum</strong></span> 
     </span>
    </p>
   </div>
   <div class='ocr_carea' id='block_1_52' title="bbox 194 5071 1792 5148">
    <p class='ocr_par' dir='ltr' id='par_1_52' title="bbox 194 5071 1792 5148">
     <span class='ocr_line' id='line_1_52' title="bbox 194 5071 1792 5148; baseline -0.003 -16"><span class='ocrx_word' id='word_1_378' title='bbox 194 5076 583 5144; x_wconf 54' lang='lat' dir='ltr'><strong>exsultatione,</strong></span> <span class='ocrx_word' id='word_1_379' title='bbox 607 5083 893 5145; x_wconf 86' lang='lat' dir='ltr'><strong>portantes</strong></span> <span class='ocrx_word' id='word_1_380' title='bbox 907 5074 1210 5144; x_wconf 87' lang='lat' dir='ltr'><strong>manipulos</strong></span> <span class='ocrx_word' id='word_1_381' title='bbox 1229 5091 1355 5130; x_wconf 89' lang='lat' dir='ltr'><strong>suos</strong></span> <span class='ocrx_word' id='word_1_382' title='bbox 1377 5071 1551 5145; x_wconf 80' lang='lat' dir='ltr'><strong>(Psal.</strong></span> <span class='ocrx_word' id='word_1_383' title='bbox 1567 5081 1748 5148; x_wconf 81' lang='lat' dir='ltr'><strong>cxxv).</strong></span> <span class='ocrx_word' id='word_1_384' title='bbox 1773 5093 1792 5127; x_wconf 74' lang='grc' dir='ltr'>ι</span> 
     </span>
    </p>
   </div>
   <div class='ocr_carea' id='block_1_53' title="bbox 195 5165 1800 5248">
    <p class='ocr_par' dir='ltr' id='par_1_53' title="bbox 195 5165 1800 5248">
     <span class='ocr_line' id='line_1_53' title="bbox 195 5165 1800 5248; baseline -0.001 -24"><span class='ocrx_word' id='word_1_385' title='bbox 195 5169 465 5248; x_wconf 64' lang='lat' dir='ltr'><strong>Debemus</strong></span> <span class='ocrx_word' id='word_1_386' title='bbox 492 5170 642 5224; x_wconf 90' lang='lat' dir='ltr'><strong>enim</strong></span> <span class='ocrx_word' id='word_1_387' title='bbox 669 5168 721 5222; x_wconf 90' lang='lat' dir='ltr'><strong>in</strong></span> <span class='ocrx_word' id='word_1_388' title='bbox 753 5181 888 5240; x_wconf 75' lang='lat' dir='ltr'><strong>agro</strong></span> <span class='ocrx_word' id='word_1_389' title='bbox 937 5167 1114 5222; x_wconf 88' lang='lat' dir='ltr'><strong>cordis</strong></span> <span class='ocrx_word' id='word_1_390' title='bbox 1165 5170 1334 5224; x_wconf 90' lang='lat' dir='ltr'><strong>nostri</strong></span> <span class='ocrx_word' id='word_1_391' title='bbox 1365 5167 1595 5224; x_wconf 83' lang='lat' dir='ltr'><strong>virentia</strong></span> <span class='ocrx_word' id='word_1_392' title='bbox 1629 5165 1800 5224; x_wconf 86' lang='lat' dir='ltr'><strong>virtu-</strong></span> 
     </span>
    </p>
   </div>
   <div class='ocr_carea' id='block_1_54' title="bbox 349 5275 781 5286">
    <p class='ocr_par' dir='ltr' id='par_1_54' title="bbox 349 5275 781 5286">
     <span class='ocr_line' id='line_1_54' title="bbox 349 5275 781 5286; baseline 0 0"><span class='ocrx_word' id='word_1_393' title='bbox 349 5275 594 5286; x_wconf 65' lang='grc' dir='ltr'><strong>ηΑ--νι-σ-σι</strong></span> <span class='ocrx_word' id='word_1_394' title='bbox 632 5275 781 5286; x_wconf 59' lang='grc' dir='ltr'><strong>ηις-*ιρι</strong></span> 
     </span>
    </p>
   </div>
   <div class='ocr_carea' id='block_1_55' title="bbox 809 5257 1797 5286">
    <p class='ocr_par' dir='ltr' id='par_1_55' title="bbox 809 5257 1797 5286">
     <span class='ocr_line' id='line_1_55' title="bbox 809 5257 1797 5286; baseline 0 0"><span class='ocrx_word' id='word_1_395' title='bbox 809 5257 1210 5286; x_wconf 58' lang='grc' dir='ltr'><strong>πηλσιαηεηηηιιη</strong></span> <span class='ocrx_word' id='word_1_396' title='bbox 1242 5274 1563 5286; x_wconf 67' lang='lat' dir='ltr'><strong>nn-n-\1\U\nu—n</strong></span> <span class='ocrx_word' id='word_1_397' title='bbox 1607 5269 1654 5286; x_wconf 69' lang='grc' dir='ltr'><strong>ΑΟ</strong></span> <span class='ocrx_word' id='word_1_398' title='bbox 1685 5259 1797 5286; x_wconf 66' lang='grc' dir='ltr'>ιιηιη</span> 
     </span>
    </p>
   </div>
   <div class='ocr_carea' id='block_1_56' title="bbox 1409 344 2394 428">
    <p class='ocr_par' dir='ltr' id='par_1_56' title="bbox 1409 344 2394 428">
     <span class='ocr_line' id='line_1_56' title="bbox 1409 344 2394 428; baseline 0.012 -27"><span class='ocrx_word' id='word_1_399' title='bbox 1409 344 1618 404; x_wconf 74' lang='lat' dir='ltr'><strong>usus</strong></span> <span class='ocrx_word' id='word_1_400' title='bbox 1653 345 1988 418; x_wconf 77' lang='lat' dir='ltr'><strong>QUINTUS,</strong></span> <span class='ocrx_word' id='word_1_401' title='bbox 2029 351 2248 410; x_wconf 79' lang='lat' dir='ltr'><strong>EPIST.</strong></span> <span class='ocrx_word' id='word_1_402' title='bbox 2293 355 2394 428; x_wconf 71' lang='lat' dir='ltr'><strong>HL!</strong></span> 
     </span>
    </p>
   </div>
   <div class='ocr_carea' id='block_1_57' title="bbox 3303 362 3478 430">
    <p class='ocr_par' dir='ltr' id='par_1_57' title="bbox 3303 362 3478 430">
     <span class='ocr_line' id='line_1_57' title="bbox 3303 362 3478 430; baseline 0 -10"><span class='ocrx_word' id='word_1_403' title='bbox 3303 427 3308 430; x_wconf 31' lang='grc' dir='ltr'>η</span> <span class='ocrx_word' id='word_1_404' title='bbox 3369 362 3478 420; x_wconf 67' lang='grc' dir='ltr'>ω</span> 
     </span>
    </p>
   </div>
   <div class='ocr_carea' id='block_1_58' title="bbox 1804 465 3476 564">
    <p class='ocr_par' dir='ltr' id='par_1_58' title="bbox 1804 465 3476 564">
     <span class='ocr_line' id='line_1_58' title="bbox 1804 465 3476 564; baseline 0.004 -22"><span class='ocrx_word' id='word_1_405' title='bbox 1804 465 1856 528; x_wconf 70' lang='grc' dir='ltr'><strong>Α</strong></span> <span class='ocrx_word' id='word_1_406' title='bbox 1883 489 1970 544; x_wconf 86' lang='lat' dir='ltr'><strong>ubi</strong></span> <span class='ocrx_word' id='word_1_407' title='bbox 1995 505 2116 560; x_wconf 65' lang='lat' dir='ltr'><strong>qua;</strong></span> <span class='ocrx_word' id='word_1_408' title='bbox 2163 501 2416 546; x_wconf 86' lang='lat' dir='ltr'><strong>emuncta</strong></span> <span class='ocrx_word' id='word_1_409' title='bbox 2473 501 2602 546; x_wconf 88' lang='lat' dir='ltr'><strong>sunt</strong></span> <span class='ocrx_word' id='word_1_410' title='bbox 2621 493 3042 563; x_wconf 66' lang='lat' dir='ltr'><strong>exstinguantur</strong></span> <span class='ocrx_word' id='word_1_411' title='bbox 3059 531 3074 556; x_wconf 94' lang='lat'><strong>,</strong></span> <span class='ocrx_word' id='word_1_412' title='bbox 3109 491 3178 548; x_wconf 88' lang='lat' dir='ltr'><strong>de</strong></span> <span class='ocrx_word' id='word_1_413' title='bbox 3203 507 3338 550; x_wconf 84' lang='lat' dir='ltr'><strong>auro</strong></span> <span class='ocrx_word' id='word_1_414' title='bbox 3371 509 3476 564; x_wconf 81' lang='lat' dir='ltr'><strong>pu-</strong></span> 
     </span>
    </p>
   </div>
   <div class='ocr_carea' id='block_1_59' title="bbox 1875 585 3476 656">
    <p class='ocr_par' dir='ltr' id='par_1_59' title="bbox 1875 585 3476 656">
     <span class='ocr_line' id='line_1_59' title="bbox 1875 585 3476 656; baseline 0.004 -20"><span class='ocrx_word' id='word_1_415' title='bbox 1875 585 2112 638; x_wconf 86' lang='lat' dir='ltr'><strong>rissimo.</strong></span> <span class='ocrx_word' id='word_1_416' title='bbox 2147 587 2284 652; x_wconf 85' lang='lat' dir='ltr'><strong>Quid</strong></span> <span class='ocrx_word' id='word_1_417' title='bbox 2308 587 2451 640; x_wconf 89' lang='lat' dir='ltr'><strong>enim</strong></span> <span class='ocrx_word' id='word_1_418' title='bbox 2481 601 2576 654; x_wconf 90' lang='lat' dir='ltr'><strong>per</strong></span> <span class='ocrx_word' id='word_1_419' title='bbox 2604 595 2810 656; x_wconf 87' lang='lat' dir='ltr'><strong>septem</strong></span> <span class='ocrx_word' id='word_1_420' title='bbox 2840 585 3111 648; x_wconf 87' lang='lat' dir='ltr'><strong>lucernas,</strong></span> <span class='ocrx_word' id='word_1_421' title='bbox 3135 585 3240 642; x_wconf 82' lang='lat' dir='ltr'><strong>nisi</strong></span> <span class='ocrx_word' id='word_1_422' title='bbox 3265 593 3476 656; x_wconf 83' lang='lat' dir='ltr'><strong>septem</strong></span> 
     </span>
    </p>
   </div>
   <div class='ocr_carea' id='block_1_60' title="bbox 1874 673 3480 746">
    <p class='ocr_par' dir='ltr' id='par_1_60' title="bbox 1874 673 3480 746">
     <span class='ocr_line' id='line_1_60' title="bbox 1874 673 3480 746; baseline 0.002 -19"><span class='ocrx_word' id='word_1_423' title='bbox 1874 675 2046 728; x_wconf 86' lang='lat' dir='ltr'><strong>sancti</strong></span> <span class='ocrx_word' id='word_1_424' title='bbox 2085 673 2326 746; x_wconf 78' lang='lat' dir='ltr'><strong>Spiritus</strong></span> <span class='ocrx_word' id='word_1_425' title='bbox 2341 675 2702 746; x_wconf 70' lang='lat' dir='ltr'><strong>intelligimus</strong></span> <span class='ocrx_word' id='word_1_426' title='bbox 2721 675 2899 731; x_wconf 86' lang='lat' dir='ltr'><strong>dona?</strong></span> <span class='ocrx_word' id='word_1_427' title='bbox 2929 675 3082 730; x_wconf 87' lang='lat' dir='ltr'><strong>Tunc</strong></span> <span class='ocrx_word' id='word_1_428' title='bbox 3107 675 3250 732; x_wconf 85' lang='lat' dir='ltr'><strong>enim</strong></span> <span class='ocrx_word' id='word_1_429' title='bbox 3267 685 3480 746; x_wconf 85' lang='lat' dir='ltr'><strong>septem</strong></span> 
     </span>
    </p>
   </div>
   <div class='ocr_carea' id='block_1_61' title="bbox 1875 765 3470 832">
    <p class='ocr_par' dir='ltr' id='par_1_61' title="bbox 1875 765 3470 832">
     <span class='ocr_line' id='line_1_61' title="bbox 1875 765 3470 832; baseline 0.001 -12"><span class='ocrx_word' id='word_1_430' title='bbox 1875 765 2127 820; x_wconf 86' lang='lat' dir='ltr'><strong>lucernas</strong></span> <span class='ocrx_word' id='word_1_431' title='bbox 2162 768 2212 820; x_wconf 87' lang='lat' dir='ltr'><strong>in</strong></span> <span class='ocrx_word' id='word_1_432' title='bbox 2247 769 2596 824; x_wconf 87' lang='lat' dir='ltr'><strong>tabernaculo</strong></span> <span class='ocrx_word' id='word_1_433' title='bbox 2627 767 2880 832; x_wconf 87' lang='lat' dir='ltr'><strong>facimus,</strong></span> <span class='ocrx_word' id='word_1_434' title='bbox 2919 769 2962 822; x_wconf 91' lang='lat' dir='ltr'><strong>si</strong></span> <span class='ocrx_word' id='word_1_435' title='bbox 2997 768 3050 822; x_wconf 92' lang='lat' dir='ltr'><strong>in</strong></span> <span class='ocrx_word' id='word_1_436' title='bbox 3081 779 3260 823; x_wconf 88' lang='lat' dir='ltr'><strong>mente</strong></span> <span class='ocrx_word' id='word_1_437' title='bbox 3281 780 3470 824; x_wconf 83' lang='lat' dir='ltr'><strong>nostra</strong></span> 
     </span>
    </p>
   </div>
   <div class='ocr_carea' id='block_1_62' title="bbox 1877 857 3477 929">
    <p class='ocr_par' dir='ltr' id='par_1_62' title="bbox 1877 857 3477 929">
     <span class='ocr_line' id='line_1_62' title="bbox 1877 857 3477 929; baseline 0.004 -19"><span class='ocrx_word' id='word_1_438' title='bbox 1877 858 2046 912; x_wconf 86' lang='lat' dir='ltr'><strong>sancti</strong></span> <span class='ocrx_word' id='word_1_439' title='bbox 2085 857 2322 929; x_wconf 82' lang='lat' dir='ltr'><strong>Spiritus</strong></span> <span class='ocrx_word' id='word_1_440' title='bbox 2365 861 2698 916; x_wconf 86' lang='lat' dir='ltr'><strong>charismata</strong></span> <span class='ocrx_word' id='word_1_441' title='bbox 2733 876 2802 916; x_wconf 76' lang='lat' dir='ltr'><strong>ex</strong></span> <span class='ocrx_word' id='word_1_442' title='bbox 2853 861 3042 916; x_wconf 90' lang='lat' dir='ltr'><strong>divino</strong></span> <span class='ocrx_word' id='word_1_443' title='bbox 3069 877 3298 916; x_wconf 88' lang='lat' dir='ltr'><strong>munere</strong></span> <span class='ocrx_word' id='word_1_444' title='bbox 3323 877 3477 918; x_wconf 83' lang='lat' dir='ltr'><strong>com-</strong></span> 
     </span>
    </p>
   </div>
   <div class='ocr_carea' id='block_1_63' title="bbox 1875 951 3482 1026">
    <p class='ocr_par' dir='ltr' id='par_1_63' title="bbox 1875 951 3482 1026">
     <span class='ocr_line' id='line_1_63' title="bbox 1875 951 3482 1026; baseline 0.006 -23"><span class='ocrx_word' id='word_1_445' title='bbox 1875 963 2158 1018; x_wconf 81' lang='lat' dir='ltr'><strong>ponamus.</strong></span> <span class='ocrx_word' id='word_1_446' title='bbox 2182 951 2448 1024; x_wconf 58' lang='lat'><strong>145581]</strong></span> <span class='ocrx_word' id='word_1_447' title='bbox 2463 955 2588 1024; x_wconf 90' lang='lat' dir='ltr'><strong>quia</strong></span> <span class='ocrx_word' id='word_1_448' title='bbox 2619 955 2670 1008; x_wconf 91' lang='lat' dir='ltr'><strong>in</strong></span> <span class='ocrx_word' id='word_1_449' title='bbox 2693 953 3048 1026; x_wconf 80' lang='lat' dir='ltr'><strong>ipsissanctis</strong></span> <span class='ocrx_word' id='word_1_450' title='bbox 3059 954 3340 1025; x_wconf 86' lang='lat' dir='ltr'><strong>operibus,</strong></span> <span class='ocrx_word' id='word_1_451' title='bbox 3357 953 3482 1026; x_wconf 83' lang='lat' dir='ltr'><strong>qui-</strong></span> 
     </span>
    </p>
   </div>
   <div class='ocr_carea' id='block_1_64' title="bbox 1879 1044 3478 1118">
    <p class='ocr_par' dir='ltr' id='par_1_64' title="bbox 1879 1044 3478 1118">
     <span class='ocr_line' id='line_1_64' title="bbox 1879 1044 3478 1118; baseline 0.003 -18"><span class='ocrx_word' id='word_1_452' title='bbox 1879 1046 1978 1100; x_wconf 90' lang='lat' dir='ltr'><strong>bus</strong></span> <span class='ocrx_word' id='word_1_453' title='bbox 1991 1061 2086 1116; x_wconf 90' lang='lat' dir='ltr'><strong>per</strong></span> <span class='ocrx_word' id='word_1_454' title='bbox 2107 1044 2432 1100; x_wconf 85' lang='lat' dir='ltr'><strong>aﬂlationem</strong></span> <span class='ocrx_word' id='word_1_455' title='bbox 2447 1049 2620 1104; x_wconf 88' lang='lat' dir='ltr'><strong>sancti</strong></span> <span class='ocrx_word' id='word_1_456' title='bbox 2639 1048 2874 1118; x_wconf 79' lang='lat' dir='ltr'><strong>Spiritus</strong></span> <span class='ocrx_word' id='word_1_457' title='bbox 2887 1047 3140 1102; x_wconf 86' lang='lat' dir='ltr'><strong>ardentes</strong></span> <span class='ocrx_word' id='word_1_458' title='bbox 3155 1047 3478 1114; x_wconf 77' lang='lat' dir='ltr'><strong>insistimus,</strong></span> 
     </span>
    </p>
   </div>
   <div class='ocr_carea' id='block_1_65' title="bbox 1880 1138 3476 1211">
    <p class='ocr_par' dir='ltr' id='par_1_65' title="bbox 1880 1138 3476 1211">
     <span class='ocr_line' id='line_1_65' title="bbox 1880 1138 3476 1211; baseline 0.003 -19"><span class='ocrx_word' id='word_1_459' title='bbox 1880 1140 2126 1208; x_wconf 65' lang='lat' dir='ltr'><strong>quaedam</strong></span> <span class='ocrx_word' id='word_1_460' title='bbox 2150 1138 2416 1210; x_wconf 87' lang='lat' dir='ltr'><strong>superﬂua</strong></span> <span class='ocrx_word' id='word_1_461' title='bbox 2451 1149 2686 1196; x_wconf 69' lang='lat' dir='ltr'><strong>terrena:</strong></span> <span class='ocrx_word' id='word_1_462' title='bbox 2717 1140 3088 1211; x_wconf 85' lang='lat' dir='ltr'><strong>corruptionis</strong></span> <span class='ocrx_word' id='word_1_463' title='bbox 3119 1141 3476 1208; x_wconf 83' lang='lat' dir='ltr'><strong>interserunt,</strong></span> 
     </span>
    </p>
   </div>
   <div class='ocr_carea' id='block_1_66' title="bbox 1881 1231 3478 1290">
    <p class='ocr_par' dir='ltr' id='par_1_66' title="bbox 1881 1231 3478 1290">
     <span class='ocr_line' id='line_1_66' title="bbox 1881 1231 3478 1290; baseline 0.003 -4"><span class='ocrx_word' id='word_1_464' title='bbox 1881 1247 2006 1286; x_wconf 89' lang='lat' dir='ltr'><strong>cum</strong></span> <span class='ocrx_word' id='word_1_465' title='bbox 2065 1231 2304 1286; x_wconf 87' lang='lat' dir='ltr'><strong>lucernis</strong></span> <span class='ocrx_word' id='word_1_466' title='bbox 2357 1234 2520 1286; x_wconf 86' lang='lat' dir='ltr'><strong>etiam</strong></span> <span class='ocrx_word' id='word_1_467' title='bbox 2577 1234 2914 1288; x_wconf 85' lang='lat' dir='ltr'><strong>emunctoria</strong></span> <span class='ocrx_word' id='word_1_468' title='bbox 2961 1234 3270 1288; x_wconf 87' lang='lat' dir='ltr'><strong>necessario</strong></span> <span class='ocrx_word' id='word_1_469' title='bbox 3319 1235 3478 1290; x_wconf 72' lang='lat' dir='ltr'><strong>fiunt.</strong></span> 
     </span>
    </p>
   </div>
   <div class='ocr_carea' id='block_1_67' title="bbox 1883 1325 3482 1396">
    <p class='ocr_par' dir='ltr' id='par_1_67' title="bbox 1883 1325 3482 1396">
     <span class='ocr_line' id='line_1_67' title="bbox 1883 1325 3482 1396; baseline 0.004 -21"><span class='ocrx_word' id='word_1_470' title='bbox 1883 1325 2018 1392; x_wconf 86' lang='lat' dir='ltr'><strong>Quid</strong></span> <span class='ocrx_word' id='word_1_471' title='bbox 2051 1326 2198 1379; x_wconf 85' lang='lat' dir='ltr'><strong>enim</strong></span> <span class='ocrx_word' id='word_1_472' title='bbox 2239 1339 2335 1394; x_wconf 90' lang='lat' dir='ltr'><strong>per</strong></span> <span class='ocrx_word' id='word_1_473' title='bbox 2365 1325 2735 1392; x_wconf 87' lang='lat' dir='ltr'><strong>emunctoria,</strong></span> <span class='ocrx_word' id='word_1_474' title='bbox 2767 1326 2876 1380; x_wconf 87' lang='lat' dir='ltr'><strong>nisi</strong></span> <span class='ocrx_word' id='word_1_475' title='bbox 2907 1326 3182 1382; x_wconf 83' lang='lat' dir='ltr'><strong>districtio</strong></span> <span class='ocrx_word' id='word_1_476' title='bbox 3211 1326 3482 1396; x_wconf 75' lang='lat' dir='ltr'><strong>pteniten-</strong></span> 
     </span>
    </p>
   </div>
   <div class='ocr_carea' id='block_1_68' title="bbox 1887 1417 3484 1490">
    <p class='ocr_par' dir='ltr' id='par_1_68' title="bbox 1887 1417 3484 1490">
     <span class='ocr_line' id='line_1_68' title="bbox 1887 1417 3484 1490; baseline -0.001 -17"><span class='ocrx_word' id='word_1_477' title='bbox 1887 1420 1972 1473; x_wconf 75' lang='lat' dir='ltr'><strong>tite</strong></span> <span class='ocrx_word' id='word_1_478' title='bbox 2025 1419 2380 1488; x_wconf 75' lang='lat' dir='ltr'><strong>designatur?</strong></span> <span class='ocrx_word' id='word_1_479' title='bbox 2420 1417 2771 1474; x_wconf 81' lang='lat' dir='ltr'><strong>Emuuctorio</strong></span> <span class='ocrx_word' id='word_1_480' title='bbox 2823 1433 3059 1488; x_wconf 86' lang='lat' dir='ltr'><strong>namque</strong></span> <span class='ocrx_word' id='word_1_481' title='bbox 3095 1419 3239 1488; x_wconf 89' lang='lat' dir='ltr'><strong>quod</strong></span> <span class='ocrx_word' id='word_1_482' title='bbox 3291 1433 3484 1490; x_wconf 88' lang='lat' dir='ltr'><strong>super-</strong></span> 
     </span>
    </p>
   </div>
   <div class='ocr_carea' id='block_1_69' title="bbox 1887 1509 3488 1582">
    <p class='ocr_par' dir='ltr' id='par_1_69' title="bbox 1887 1509 3488 1582">
     <span class='ocr_line' id='line_1_69' title="bbox 1887 1509 3488 1582; baseline 0.002 -18"><span class='ocrx_word' id='word_1_483' title='bbox 1887 1527 2116 1566; x_wconf 78' lang='lat' dir='ltr'><strong>vacuum</strong></span> <span class='ocrx_word' id='word_1_484' title='bbox 2147 1520 2230 1566; x_wconf 83' lang='lat' dir='ltr'><strong>est</strong></span> <span class='ocrx_word' id='word_1_485' title='bbox 2273 1511 2328 1566; x_wconf 90' lang='lat' dir='ltr'><strong>in</strong></span> <span class='ocrx_word' id='word_1_486' title='bbox 2359 1511 2602 1576; x_wconf 86' lang='lat' dir='ltr'><strong>lucerna,</strong></span> <span class='ocrx_word' id='word_1_487' title='bbox 2645 1511 2990 1582; x_wconf 87' lang='lat' dir='ltr'><strong>decerpitur;</strong></span> <span class='ocrx_word' id='word_1_488' title='bbox 3041 1521 3096 1566; x_wconf 89' lang='lat' dir='ltr'><strong>et</strong></span> <span class='ocrx_word' id='word_1_489' title='bbox 3143 1509 3488 1568; x_wconf 71' lang='lat' dir='ltr'><strong>districtione</strong></span> 
     </span>
    </p>
   </div>
   <div class='ocr_carea' id='block_1_70' title="bbox 1887 1600 3488 1673">
    <p class='ocr_par' dir='ltr' id='par_1_70' title="bbox 1887 1600 3488 1673">
     <span class='ocr_line' id='line_1_70' title="bbox 1887 1600 3488 1673; baseline 0 -15"><span class='ocrx_word' id='word_1_490' title='bbox 1887 1605 2223 1673; x_wconf 69' lang='lat' dir='ltr'><strong>pwnitcntim</strong></span> <span class='ocrx_word' id='word_1_491' title='bbox 2251 1605 2502 1658; x_wconf 67' lang='lat' dir='ltr'><strong>humana:</strong></span> <span class='ocrx_word' id='word_1_492' title='bbox 2551 1603 2835 1673; x_wconf 86' lang='lat' dir='ltr'><strong>pravitatis</strong></span> <span class='ocrx_word' id='word_1_493' title='bbox 2865 1603 3024 1673; x_wconf 85' lang='lat' dir='ltr'><strong>culpa</strong></span> <span class='ocrx_word' id='word_1_494' title='bbox 3055 1602 3288 1658; x_wconf 83' lang='lat' dir='ltr'><strong>deletur.</strong></span> <span class='ocrx_word' id='word_1_495' title='bbox 3331 1600 3488 1658; x_wconf 78' lang='lat' dir='ltr'><strong>Unde</strong></span> 
     </span>
    </p>
   </div>
   <div class='ocr_carea' id='block_1_71' title="bbox 1887 1693 3484 1764">
    <p class='ocr_par' dir='ltr' id='par_1_71' title="bbox 1887 1693 3484 1764">
     <span class='ocr_line' id='line_1_71' title="bbox 1887 1693 3484 1764; baseline 0.001 -17"><span class='ocrx_word' id='word_1_496' title='bbox 1887 1703 1942 1747; x_wconf 90' lang='lat' dir='ltr'><strong>et</strong></span> <span class='ocrx_word' id='word_1_497' title='bbox 1971 1693 2166 1748; x_wconf 86' lang='lat' dir='ltr'><strong>Petrus</strong></span> <span class='ocrx_word' id='word_1_498' title='bbox 2209 1695 2532 1762; x_wconf 86' lang='lat' dir='ltr'><strong>quibusdam</strong></span> <span class='ocrx_word' id='word_1_499' title='bbox 2569 1693 2838 1764; x_wconf 87' lang='lat' dir='ltr'><strong>superﬂua</strong></span> <span class='ocrx_word' id='word_1_500' title='bbox 2889 1694 3326 1764; x_wconf 81' lang='lat' dir='ltr'><strong>perpetrantibus</strong></span> <span class='ocrx_word' id='word_1_501' title='bbox 3373 1693 3484 1748; x_wconf 79' lang='lat' dir='ltr'><strong>ait:</strong></span> 
     </span>
    </p>
   </div>
   <div class='ocr_carea' id='block_1_72' title="bbox 1895 1784 3488 1856">
    <p class='ocr_par' dir='ltr' id='par_1_72' title="bbox 1895 1784 3488 1856">
     <span class='ocr_line' id='line_1_72' title="bbox 1895 1784 3488 1856; baseline 0.003 -22"><span class='ocrx_word' id='word_1_502' title='bbox 1895 1802 1914 1834; x_wconf 74' lang='grc' dir='ltr'>ι</span> <span class='ocrx_word' id='word_1_503' title='bbox 1950 1784 2294 1839; x_wconf 74' lang='grc' dir='ltr'><strong>Ρωηίιθιιιίίιί</strong></span> <span class='ocrx_word' id='word_1_504' title='bbox 2337 1785 2518 1856; x_wconf 78' lang='lat' dir='ltr'><strong>igitur,</strong></span> <span class='ocrx_word' id='word_1_505' title='bbox 2551 1793 2606 1838; x_wconf 91' lang='lat' dir='ltr'><strong>et</strong></span> <span class='ocrx_word' id='word_1_506' title='bbox 2645 1785 3044 1850; x_wconf 79' lang='lat' dir='ltr'><strong>convertimini,</strong></span> <span class='ocrx_word' id='word_1_507' title='bbox 3095 1791 3152 1838; x_wconf 92' lang='lat' dir='ltr'><strong>ut</strong></span> <span class='ocrx_word' id='word_1_508' title='bbox 3203 1784 3488 1840; x_wconf 81' lang='lat' dir='ltr'><strong>deleantur</strong></span> 
     </span>
    </p>
   </div>
   <div class='ocr_carea' id='block_1_73' title="bbox 2643 1875 3486 1946">
    <p class='ocr_par' dir='ltr' id='par_1_73' title="bbox 2643 1875 3486 1946">
     <span class='ocr_line' id='line_1_73' title="bbox 2643 1875 3486 1946; baseline 0.005 -18"><span class='ocrx_word' id='word_1_509' title='bbox 2643 1897 2661 1928; x_wconf 76' lang='grc' dir='ltr'><strong><em>ι</em></strong></span> <span class='ocrx_word' id='word_1_510' title='bbox 2681 1879 2758 1931; x_wconf 88' lang='lat' dir='ltr'><strong>Ac</strong></span> <span class='ocrx_word' id='word_1_511' title='bbox 2775 1877 2819 1932; x_wconf 89' lang='lat' dir='ltr'><strong>si</strong></span> <span class='ocrx_word' id='word_1_512' title='bbox 2839 1887 3027 1946; x_wconf 90' lang='lat' dir='ltr'><strong>aperte</strong></span> <span class='ocrx_word' id='word_1_513' title='bbox 3049 1876 3212 1930; x_wconf 86' lang='lat' dir='ltr'><strong>dicat:</strong></span> <span class='ocrx_word' id='word_1_514' title='bbox 3249 1875 3486 1932; x_wconf 78' lang='lat' dir='ltr'><strong>Emens-</strong></span> 
     </span>
    </p>
   </div>
   <div class='ocr_carea' id='block_1_74' title="bbox 1889 1968 3486 2040">
    <p class='ocr_par' dir='ltr' id='par_1_74' title="bbox 1889 1968 3486 2040">
     <span class='ocr_line' id='line_1_74' title="bbox 1889 1968 3486 2040; baseline -0.001 -16"><span class='ocrx_word' id='word_1_515' title='bbox 1889 1971 2084 2025; x_wconf 87' lang='lat' dir='ltr'><strong>torium</strong></span> <span class='ocrx_word' id='word_1_516' title='bbox 2111 1971 2377 2040; x_wconf 82' lang='lat' dir='ltr'><strong>stringite,</strong></span> <span class='ocrx_word' id='word_1_517' title='bbox 2413 1979 2467 2024; x_wconf 90' lang='lat' dir='ltr'><strong>et</strong></span> <span class='ocrx_word' id='word_1_518' title='bbox 2495 1985 2752 2026; x_wconf 81' lang='lat' dir='ltr'><strong>excessus</strong></span> <span class='ocrx_word' id='word_1_519' title='bbox 2785 1969 2936 2039; x_wconf 88' lang='lat' dir='ltr'><strong>pravi</strong></span> <span class='ocrx_word' id='word_1_520' title='bbox 2977 1968 3160 2038; x_wconf 89' lang='lat' dir='ltr'><strong>operis</strong></span> <span class='ocrx_word' id='word_1_521' title='bbox 3181 1975 3486 2038; x_wconf 79' lang='lat' dir='ltr'><strong>amputato.</strong></span> 
     </span>
    </p>
   </div>
   <div class='ocr_carea' id='block_1_75' title="bbox 1889 2059 3488 2132">
    <p class='ocr_par' dir='ltr' id='par_1_75' title="bbox 1889 2059 3488 2132">
     <span class='ocr_line' id='line_1_75' title="bbox 1889 2059 3488 2132; baseline 0 -18"><span class='ocrx_word' id='word_1_522' title='bbox 1889 2059 2054 2117; x_wconf 74' lang='lat' dir='ltr'><strong>ﬂecte</strong></span> <span class='ocrx_word' id='word_1_523' title='bbox 2086 2078 2218 2132; x_wconf 82' lang='lat' dir='ltr'><strong>ergo</strong></span> <span class='ocrx_word' id='word_1_524' title='bbox 2249 2079 2372 2118; x_wconf 89' lang='lat' dir='ltr'><strong>cum</strong></span> <span class='ocrx_word' id='word_1_525' title='bbox 2413 2063 2650 2118; x_wconf 87' lang='lat' dir='ltr'><strong>lucernis</strong></span> <span class='ocrx_word' id='word_1_526' title='bbox 2675 2071 2731 2116; x_wconf 89' lang='lat' dir='ltr'><strong>et</strong></span> <span class='ocrx_word' id='word_1_527' title='bbox 2771 2062 3106 2116; x_wconf 88' lang='lat' dir='ltr'><strong>emunctoria</strong></span> <span class='ocrx_word' id='word_1_528' title='bbox 3139 2061 3303 2126; x_wconf 81' lang='lat' dir='ltr'><strong>ﬁunt;</strong></span> <span class='ocrx_word' id='word_1_529' title='bbox 3355 2060 3488 2129; x_wconf 86' lang='lat' dir='ltr'><strong>quia</strong></span> 
     </span>
    </p>
   </div>
   <div class='ocr_carea' id='block_1_76' title="bbox 1888 2151 3486 2226">
    <p class='ocr_par' dir='ltr' id='par_1_76' title="bbox 1888 2151 3486 2226">
     <span class='ocr_line' id='line_1_76' title="bbox 1888 2151 3486 2226; baseline 0 -20"><span class='ocrx_word' id='word_1_530' title='bbox 1888 2156 1978 2223; x_wconf 86' lang='lat' dir='ltr'><strong>qui</strong></span> <span class='ocrx_word' id='word_1_531' title='bbox 2007 2157 2182 2210; x_wconf 87' lang='lat' dir='ltr'><strong>sancti</strong></span> <span class='ocrx_word' id='word_1_532' title='bbox 2213 2157 2449 2225; x_wconf 88' lang='lat' dir='ltr'><strong>Spiritus</strong></span> <span class='ocrx_word' id='word_1_533' title='bbox 2472 2156 2700 2226; x_wconf 74' lang='lat' dir='ltr'><strong>gratiam</strong></span> <span class='ocrx_word' id='word_1_534' title='bbox 2735 2155 2998 2209; x_wconf 89' lang='lat' dir='ltr'><strong>bonorum</strong></span> <span class='ocrx_word' id='word_1_535' title='bbox 3025 2168 3250 2222; x_wconf 87' lang='lat' dir='ltr'><strong>operum</strong></span> <span class='ocrx_word' id='word_1_536' title='bbox 3277 2151 3486 2206; x_wconf 79' lang='lat' dir='ltr'><strong>lumine</strong></span> 
     </span>
    </p>
   </div>
   <div class='ocr_carea' id='block_1_77' title="bbox 1891 2248 3486 2318">
    <p class='ocr_par' dir='ltr' id='par_1_77' title="bbox 1891 2248 3486 2318">
     <span class='ocr_line' id='line_1_77' title="bbox 1891 2248 3486 2318; baseline -0.003 -16"><span class='ocrx_word' id='word_1_537' title='bbox 1891 2249 2236 2318; x_wconf 88' lang='lat' dir='ltr'><strong>resplendere</strong></span> <span class='ocrx_word' id='word_1_538' title='bbox 2273 2249 2674 2312; x_wconf 85' lang='lat' dir='ltr'><strong>contendimus,</strong></span> <span class='ocrx_word' id='word_1_539' title='bbox 2701 2248 2829 2302; x_wconf 91' lang='lat' dir='ltr'><strong>dum</strong></span> <span class='ocrx_word' id='word_1_540' title='bbox 2859 2255 3042 2302; x_wconf 89' lang='lat' dir='ltr'><strong>tamen</strong></span> <span class='ocrx_word' id='word_1_541' title='bbox 3073 2248 3309 2301; x_wconf 86' lang='lat' dir='ltr'><strong>humana</strong></span> <span class='ocrx_word' id='word_1_542' title='bbox 3355 2259 3486 2300; x_wconf 83' lang='lat' dir='ltr'><strong>cer-</strong></span> 
     </span>
    </p>
   </div>
   <div class='ocr_carea' id='block_1_78' title="bbox 1891 2336 3490 2410">
    <p class='ocr_par' dir='ltr' id='par_1_78' title="bbox 1891 2336 3490 2410">
     <span class='ocr_line' id='line_1_78' title="bbox 1891 2336 3490 2410; baseline -0.001 -18"><span class='ocrx_word' id='word_1_543' title='bbox 1891 2340 2070 2408; x_wconf 86' lang='lat' dir='ltr'><strong>ruptio</strong></span> <span class='ocrx_word' id='word_1_544' title='bbox 2110 2337 2381 2410; x_wconf 90' lang='lat' dir='ltr'><strong>superﬂua</strong></span> <span class='ocrx_word' id='word_1_545' title='bbox 2411 2347 2658 2410; x_wconf 80' lang='lat' dir='ltr'><strong>generat,</strong></span> <span class='ocrx_word' id='word_1_546' title='bbox 2691 2338 3026 2408; x_wconf 61' lang='lat' dir='ltr'><strong>paenitentia:</strong></span> <span class='ocrx_word' id='word_1_547' title='bbox 3055 2337 3312 2392; x_wconf 87' lang='lat' dir='ltr'><strong>remediis</strong></span> <span class='ocrx_word' id='word_1_548' title='bbox 3344 2336 3490 2390; x_wconf 84' lang='lat' dir='ltr'><strong>indi-</strong></span> 
     </span>
    </p>
   </div>
   <div class='ocr_carea' id='block_1_79' title="bbox 1891 2428 3493 2502">
    <p class='ocr_par' dir='ltr' id='par_1_79' title="bbox 1891 2428 3493 2502">
     <span class='ocr_line' id='line_1_79' title="bbox 1891 2428 3493 2502; baseline -0.001 -16"><span class='ocrx_word' id='word_1_549' title='bbox 1891 2447 2098 2502; x_wconf 85' lang='lat' dir='ltr'><strong>gemus.</strong></span> <span class='ocrx_word' id='word_1_550' title='bbox 2129 2431 2234 2487; x_wconf 91' lang='lat' dir='ltr'><strong>Sed</strong></span> <span class='ocrx_word' id='word_1_551' title='bbox 2263 2432 2523 2502; x_wconf 87' lang='lat' dir='ltr'><strong>quoniam</strong></span> <span class='ocrx_word' id='word_1_552' title='bbox 2559 2433 2674 2487; x_wconf 78' lang='lat' dir='ltr'><strong>haec</strong></span> <span class='ocrx_word' id='word_1_553' title='bbox 2699 2433 2814 2500; x_wconf 87' lang='lat' dir='ltr'><strong>ipsa</strong></span> <span class='ocrx_word' id='word_1_554' title='bbox 2845 2428 3138 2500; x_wconf 84' lang='lat' dir='ltr'><strong>superﬂua,</strong></span> <span class='ocrx_word' id='word_1_555' title='bbox 3181 2445 3300 2500; x_wconf 65' lang='lat' dir='ltr'><strong>quae</strong></span> <span class='ocrx_word' id='word_1_556' title='bbox 3326 2428 3493 2484; x_wconf 84' lang='lat' dir='ltr'><strong>disci-</strong></span> 
     </span>
    </p>
   </div>
   <div class='ocr_carea' id='block_1_80' title="bbox 1891 2522 3492 2596">
    <p class='ocr_par' dir='ltr' id='par_1_80' title="bbox 1891 2522 3492 2596">
     <span class='ocr_line' id='line_1_80' title="bbox 1891 2522 3492 2596; baseline -0.002 -17"><span class='ocrx_word' id='word_1_557' title='bbox 1891 2527 2092 2596; x_wconf 89' lang='lat' dir='ltr'><strong>plinam</strong></span> <span class='ocrx_word' id='word_1_558' title='bbox 2125 2525 2460 2595; x_wconf 68' lang='lat' dir='ltr'><strong>poenitentia:</strong></span> <span class='ocrx_word' id='word_1_559' title='bbox 2493 2531 2720 2588; x_wconf 86' lang='lat' dir='ltr'><strong>resecat,</strong></span> <span class='ocrx_word' id='word_1_560' title='bbox 2755 2522 3126 2577; x_wconf 88' lang='lat' dir='ltr'><strong>necessarium</strong></span> <span class='ocrx_word' id='word_1_561' title='bbox 3147 2529 3232 2577; x_wconf 89' lang='lat' dir='ltr'><strong>est</strong></span> <span class='ocrx_word' id='word_1_562' title='bbox 3271 2529 3329 2574; x_wconf 93' lang='lat' dir='ltr'><strong>ut</strong></span> <span class='ocrx_word' id='word_1_563' title='bbox 3356 2535 3492 2576; x_wconf 86' lang='lat' dir='ltr'><strong>con-</strong></span> 
     </span>
    </p>
   </div>
   <div class='ocr_carea' id='block_1_81' title="bbox 1895 2614 3494 2688">
    <p class='ocr_par' dir='ltr' id='par_1_81' title="bbox 1895 2614 3494 2688">
     <span class='ocr_line' id='line_1_81' title="bbox 1895 2614 3494 2688; baseline -0.001 -14"><span class='ocrx_word' id='word_1_564' title='bbox 1895 2619 2005 2674; x_wconf 88' lang='lat' dir='ltr'><strong>triti</strong></span> <span class='ocrx_word' id='word_1_565' title='bbox 2039 2619 2220 2674; x_wconf 78' lang='lat' dir='ltr'><strong>cordis</strong></span> <span class='ocrx_word' id='word_1_566' title='bbox 2257 2617 2412 2674; x_wconf 85' lang='lat' dir='ltr'><strong>fletus</strong></span> <span class='ocrx_word' id='word_1_567' title='bbox 2451 2618 2786 2688; x_wconf 75' lang='lat' dir='ltr'><strong>exstinguat,</strong></span> <span class='ocrx_word' id='word_1_568' title='bbox 2827 2631 2936 2671; x_wconf 91' lang='lat' dir='ltr'><strong>non</strong></span> <span class='ocrx_word' id='word_1_569' title='bbox 2971 2616 3246 2672; x_wconf 88' lang='lat' dir='ltr'><strong>immerito</strong></span> <span class='ocrx_word' id='word_1_570' title='bbox 3275 2614 3494 2686; x_wconf 75' lang='lat' dir='ltr'><strong>Moyses</strong></span> 
     </span>
    </p>
   </div>
   <div class='ocr_carea' id='block_1_82' title="bbox 1893 2707 3494 2783">
    <p class='ocr_par' dir='ltr' id='par_1_82' title="bbox 1893 2707 3494 2783">
     <span class='ocr_line' id='line_1_82' title="bbox 1893 2707 3494 2783; baseline -0.003 -16"><span class='ocrx_word' id='word_1_571' title='bbox 1893 2723 2015 2783; x_wconf 90' lang='lat' dir='ltr'><strong>post</strong></span> <span class='ocrx_word' id='word_1_572' title='bbox 2045 2712 2326 2777; x_wconf 89' lang='lat' dir='ltr'><strong>lucernas,</strong></span> <span class='ocrx_word' id='word_1_573' title='bbox 2372 2721 2428 2768; x_wconf 91' lang='lat' dir='ltr'><strong>et</strong></span> <span class='ocrx_word' id='word_1_574' title='bbox 2485 2709 2848 2776; x_wconf 88' lang='lat' dir='ltr'><strong>emunctoria,</strong></span> <span class='ocrx_word' id='word_1_575' title='bbox 2903 2709 3068 2765; x_wconf 90' lang='lat' dir='ltr'><strong>etiam</strong></span> <span class='ocrx_word' id='word_1_576' title='bbox 3122 2723 3250 2764; x_wconf 80' lang='lat' dir='ltr'><strong>rasa</strong></span> <span class='ocrx_word' id='word_1_577' title='bbox 3291 2707 3494 2762; x_wconf 81' lang='lat' dir='ltr'><strong>fecisse</strong></span> 
     </span>
    </p>
   </div>
   <div class='ocr_carea' id='block_1_83' title="bbox 1893 2804 3494 2875">
    <p class='ocr_par' dir='ltr' id='par_1_83' title="bbox 1893 2804 3494 2875">
     <span class='ocr_line' id='line_1_83' title="bbox 1893 2804 3494 2875; baseline -0.002 -15"><span class='ocrx_word' id='word_1_578' title='bbox 1893 2815 2250 2872; x_wconf 83' lang='lat' dir='ltr'><strong>memoratur,</strong></span> <span class='ocrx_word' id='word_1_579' title='bbox 2281 2805 2394 2870; x_wconf 90' lang='lat' dir='ltr'><strong>ubi,</strong></span> <span class='ocrx_word' id='word_1_580' title='bbox 2429 2820 2549 2875; x_wconf 68' lang='lat' dir='ltr'><strong>quae</strong></span> <span class='ocrx_word' id='word_1_581' title='bbox 2573 2811 2828 2860; x_wconf 89' lang='lat' dir='ltr'><strong>emuncta</strong></span> <span class='ocrx_word' id='word_1_582' title='bbox 2875 2811 3022 2866; x_wconf 88' lang='lat' dir='ltr'><strong>sunt,</strong></span> <span class='ocrx_word' id='word_1_583' title='bbox 3053 2804 3494 2872; x_wconf 78' lang='lat' dir='ltr'><strong>exstinguantur.</strong></span> 
     </span>
    </p>
   </div>
   <div class='ocr_carea' id='block_1_84' title="bbox 1895 2893 3492 2964">
    <p class='ocr_par' dir='ltr' id='par_1_84' title="bbox 1895 2893 3492 2964">
     <span class='ocr_line' id='line_1_84' title="bbox 1895 2893 3492 2964; baseline -0.004 -11"><span class='ocrx_word' id='word_1_584' title='bbox 1895 2897 2034 2953; x_wconf 79' lang='lat' dir='ltr'><strong>Vasa</strong></span> <span class='ocrx_word' id='word_1_585' title='bbox 2090 2907 2270 2952; x_wconf 89' lang='lat' dir='ltr'><strong>autem</strong></span> <span class='ocrx_word' id='word_1_586' title='bbox 2327 2904 2510 2952; x_wconf 89' lang='lat' dir='ltr'><strong>nostra</strong></span> <span class='ocrx_word' id='word_1_587' title='bbox 2567 2903 2693 2950; x_wconf 89' lang='lat' dir='ltr'><strong>sunt</strong></span> <span class='ocrx_word' id='word_1_588' title='bbox 2735 2895 2922 2960; x_wconf 85' lang='lat' dir='ltr'><strong>corda,</strong></span> <span class='ocrx_word' id='word_1_589' title='bbox 2961 2909 3081 2964; x_wconf 81' lang='lat' dir='ltr'><strong>quae</strong></span> <span class='ocrx_word' id='word_1_590' title='bbox 3119 2893 3492 2964; x_wconf 85' lang='lat' dir='ltr'><strong>lacrymarum</strong></span> 
     </span>
    </p>
   </div>
   <div class='ocr_carea' id='block_1_85' title="bbox 1895 2991 3496 3070">
    <p class='ocr_par' dir='ltr' id='par_1_85' title="bbox 1895 2991 3496 3070">
     <span class='ocr_line' id='line_1_85' title="bbox 1895 2991 3496 3070; baseline -0.004 -16"><span class='ocrx_word' id='word_1_591' title='bbox 1895 3013 2110 3070; x_wconf 88' lang='lat' dir='ltr'><strong>semper</strong></span> <span class='ocrx_word' id='word_1_592' title='bbox 2135 3007 2190 3053; x_wconf 91' lang='lat' dir='ltr'><strong>et</strong></span> <span class='ocrx_word' id='word_1_593' title='bbox 2221 2997 2380 3052; x_wconf 88' lang='lat' dir='ltr'><strong>ﬂetus</strong></span> <span class='ocrx_word' id='word_1_594' title='bbox 2411 2997 2610 3052; x_wconf 87' lang='lat' dir='ltr'><strong>debent</strong></span> <span class='ocrx_word' id='word_1_595' title='bbox 2636 3011 2757 3052; x_wconf 85' lang='lat' dir='ltr'><strong>esse</strong></span> <span class='ocrx_word' id='word_1_596' title='bbox 2787 2995 3138 3050; x_wconf 87' lang='lat' dir='ltr'><strong>inundatione</strong></span> <span class='ocrx_word' id='word_1_597' title='bbox 3177 2993 3402 3064; x_wconf 89' lang='lat' dir='ltr'><strong>repleta.</strong></span> <span class='ocrx_word' id='word_1_598' title='bbox 3431 2991 3496 3049; x_wconf 84' lang='lat' dir='ltr'><strong>In</strong></span> 
     </span>
    </p>
   </div>
   <div class='ocr_carea' id='block_1_86' title="bbox 1895 3083 3494 3161">
    <p class='ocr_par' dir='ltr' id='par_1_86' title="bbox 1895 3083 3494 3161">
     <span class='ocr_line' id='line_1_86' title="bbox 1895 3083 3494 3161; baseline -0.001 -18"><span class='ocrx_word' id='word_1_599' title='bbox 1895 3091 2091 3161; x_wconf 83' lang='lat' dir='ltr'><strong>quibus</strong></span> <span class='ocrx_word' id='word_1_600' title='bbox 2121 3089 2374 3143; x_wconf 84' lang='lat' dir='ltr'><strong>nimirum</strong></span> <span class='ocrx_word' id='word_1_601' title='bbox 2407 3088 2554 3142; x_wconf 88' lang='lat' dir='ltr'><strong>vasis</strong></span> <span class='ocrx_word' id='word_1_602' title='bbox 2577 3097 2631 3142; x_wconf 83' lang='lat' dir='ltr'><strong>et</strong></span> <span class='ocrx_word' id='word_1_603' title='bbox 2655 3087 2832 3142; x_wconf 89' lang='lat' dir='ltr'><strong>oleum</strong></span> <span class='ocrx_word' id='word_1_604' title='bbox 2880 3085 3010 3140; x_wconf 92' lang='lat' dir='ltr'><strong>illud</strong></span> <span class='ocrx_word' id='word_1_605' title='bbox 3039 3085 3376 3149; x_wconf 86' lang='lat' dir='ltr'><strong>reconditur,</strong></span> <span class='ocrx_word' id='word_1_606' title='bbox 3423 3083 3494 3142; x_wconf 77' lang='lat' dir='ltr'><strong>de</strong></span> 
     </span>
    </p>
   </div>
   <div class='ocr_carea' id='block_1_87' title="bbox 1819 3179 3493 3293">
    <p class='ocr_par' dir='ltr' id='par_1_87' title="bbox 1819 3179 3493 3293">
     <span class='ocr_line' id='line_1_87' title="bbox 1819 3179 3493 3293; baseline -0.005 -50"><span class='ocrx_word' id='word_1_607' title='bbox 1819 3229 1864 3293; x_wconf 62' lang='grc' dir='ltr'>Ο</span> <span class='ocrx_word' id='word_1_608' title='bbox 1897 3201 2006 3256; x_wconf 93' lang='lat' dir='ltr'><strong>quo</strong></span> <span class='ocrx_word' id='word_1_609' title='bbox 2063 3187 2114 3240; x_wconf 94' lang='lat' dir='ltr'><strong>in</strong></span> <span class='ocrx_word' id='word_1_610' title='bbox 2178 3184 2471 3256; x_wconf 78' lang='lat' dir='ltr'><strong>Evangelio</strong></span> <span class='ocrx_word' id='word_1_611' title='bbox 2519 3183 2834 3254; x_wconf 85' lang='lat' dir='ltr'><strong>perhibetur</strong></span> <span class='ocrx_word' id='word_1_612' title='bbox 2873 3180 3054 3248; x_wconf 82' lang='lat' dir='ltr'><strong>:Quia</strong></span> <span class='ocrx_word' id='word_1_613' title='bbox 3113 3198 3134 3233; x_wconf 73' lang='grc' dir='ltr'>ι</span> <span class='ocrx_word' id='word_1_614' title='bbox 3191 3179 3493 3250; x_wconf 78' lang='lat' dir='ltr'><strong>prudentes</strong></span> 
     </span>
    </p>
   </div>
   <div class='ocr_carea' id='block_1_88' title="bbox 1897 3271 3492 3346">
    <p class='ocr_par' dir='ltr' id='par_1_88' title="bbox 1897 3271 3492 3346">
     <span class='ocr_line' id='line_1_88' title="bbox 1897 3271 3492 3346; baseline -0.006 -14"><span class='ocrx_word' id='word_1_615' title='bbox 1897 3278 2134 3346; x_wconf 76' lang='lat' dir='ltr'><strong>virgines</strong></span> <span class='ocrx_word' id='word_1_616' title='bbox 2163 3283 2487 3344; x_wconf 87' lang='lat' dir='ltr'><strong>acceperunt</strong></span> <span class='ocrx_word' id='word_1_617' title='bbox 2511 3274 2688 3328; x_wconf 89' lang='lat' dir='ltr'><strong>oleum</strong></span> <span class='ocrx_word' id='word_1_618' title='bbox 2715 3273 2769 3328; x_wconf 90' lang='lat' dir='ltr'><strong>in</strong></span> <span class='ocrx_word' id='word_1_619' title='bbox 2804 3273 2948 3326; x_wconf 88' lang='lat' dir='ltr'><strong>vasis</strong></span> <span class='ocrx_word' id='word_1_620' title='bbox 2979 3272 3095 3326; x_wconf 85' lang='lat' dir='ltr'><strong>suis</strong></span> <span class='ocrx_word' id='word_1_621' title='bbox 3131 3287 3256 3325; x_wconf 88' lang='lat' dir='ltr'><strong>cum</strong></span> <span class='ocrx_word' id='word_1_622' title='bbox 3281 3271 3492 3340; x_wconf 88' lang='lat' dir='ltr'><strong>lampa-</strong></span> 
     </span>
    </p>
   </div>
   <div class='ocr_carea' id='block_1_89' title="bbox 1897 3363 3496 3440">
    <p class='ocr_par' dir='ltr' id='par_1_89' title="bbox 1897 3363 3496 3440">
     <span class='ocr_line' id='line_1_89' title="bbox 1897 3363 3496 3440; baseline -0.006 -15"><span class='ocrx_word' id='word_1_623' title='bbox 1897 3371 2054 3426; x_wconf 90' lang='lat' dir='ltr'><strong>dibus</strong></span> <span class='ocrx_word' id='word_1_624' title='bbox 2091 3367 2309 3440; x_wconf 81' lang='lat' dir='ltr'><strong>(Matth.</strong></span> <span class='ocrx_word' id='word_1_625' title='bbox 2341 3369 2490 3438; x_wconf 76' lang='lat' dir='ltr'><strong>xxv).</strong></span> <span class='ocrx_word' id='word_1_626' title='bbox 2527 3385 2545 3418; x_wconf 73' lang='grc' dir='ltr'><strong>ι</strong></span> <span class='ocrx_word' id='word_1_627' title='bbox 2583 3365 2640 3422; x_wconf 90' lang='lat' dir='ltr'><strong>Si</strong></span> <span class='ocrx_word' id='word_1_628' title='bbox 2691 3381 2819 3437; x_wconf 75' lang='lat' dir='ltr'><strong>ergo</strong></span> <span class='ocrx_word' id='word_1_629' title='bbox 2848 3373 2904 3420; x_wconf 90' lang='lat' dir='ltr'><strong>et</strong></span> <span class='ocrx_word' id='word_1_630' title='bbox 2940 3364 2998 3428; x_wconf 93' lang='lat' dir='ltr'><strong>ii,</strong></span> <span class='ocrx_word' id='word_1_631' title='bbox 3041 3363 3206 3418; x_wconf 87' lang='lat' dir='ltr'><strong>claris</strong></span> <span class='ocrx_word' id='word_1_632' title='bbox 3236 3363 3496 3433; x_wconf 89' lang='lat' dir='ltr'><strong>operibus</strong></span> 
     </span>
    </p>
   </div>
   <div class='ocr_carea' id='block_1_90' title="bbox 1895 3455 3498 3532">
    <p class='ocr_par' dir='ltr' id='par_1_90' title="bbox 1895 3455 3498 3532">
     <span class='ocr_line' id='line_1_90' title="bbox 1895 3455 3498 3532; baseline -0.007 -12"><span class='ocrx_word' id='word_1_633' title='bbox 1895 3463 2201 3532; x_wconf 85' lang='lat' dir='ltr'><strong>splendent,</strong></span> <span class='ocrx_word' id='word_1_634' title='bbox 2235 3461 2414 3518; x_wconf 89' lang='lat' dir='ltr'><strong>adhuc</strong></span> <span class='ocrx_word' id='word_1_635' title='bbox 2451 3471 2630 3516; x_wconf 87' lang='lat' dir='ltr'><strong>tamen</strong></span> <span class='ocrx_word' id='word_1_636' title='bbox 2661 3460 2878 3516; x_wconf 87' lang='lat' dir='ltr'><strong>ﬂetibus</strong></span> <span class='ocrx_word' id='word_1_637' title='bbox 2915 3459 3190 3527; x_wconf 77' lang='lat' dir='ltr'><strong>indigent;</strong></span> <span class='ocrx_word' id='word_1_638' title='bbox 3245 3457 3376 3526; x_wconf 87' lang='lat' dir='ltr'><strong>quid</strong></span> <span class='ocrx_word' id='word_1_639' title='bbox 3425 3455 3498 3510; x_wconf 77' lang='lat' dir='ltr'><strong>de</strong></span> 
     </span>
    </p>
   </div>
   <div class='ocr_carea' id='block_1_91' title="bbox 1897 3547 3498 3622">
    <p class='ocr_par' dir='ltr' id='par_1_91' title="bbox 1897 3547 3498 3622">
     <span class='ocr_line' id='line_1_91' title="bbox 1897 3547 3498 3622; baseline -0.007 -12"><span class='ocrx_word' id='word_1_640' title='bbox 1897 3554 2116 3618; x_wconf 89' lang='lat' dir='ltr'><strong>misero,</strong></span> <span class='ocrx_word' id='word_1_641' title='bbox 2143 3553 2388 3622; x_wconf 89' lang='lat' dir='ltr'><strong>meisque</strong></span> <span class='ocrx_word' id='word_1_642' title='bbox 2411 3551 2678 3607; x_wconf 86' lang='lat' dir='ltr'><strong>similibus</strong></span> <span class='ocrx_word' id='word_1_643' title='bbox 2697 3550 3064 3612; x_wconf 74' lang='lat' dir='ltr'><strong>sentiendum,</strong></span> <span class='ocrx_word' id='word_1_644' title='bbox 3089 3548 3181 3618; x_wconf 91' lang='lat' dir='ltr'><strong>qui</strong></span> <span class='ocrx_word' id='word_1_645' title='bbox 3207 3547 3498 3601; x_wconf 84' lang='lat' dir='ltr'><strong>tenebrosa</strong></span> 
     </span>
    </p>
   </div>
   <div class='ocr_carea' id='block_1_92' title="bbox 1897 3641 3496 3711">
    <p class='ocr_par' dir='ltr' id='par_1_92' title="bbox 1897 3641 3496 3711">
     <span class='ocr_line' id='line_1_92' title="bbox 1897 3641 3496 3711; baseline -0.008 -9"><span class='ocrx_word' id='word_1_646' title='bbox 1897 3647 2066 3702; x_wconf 86' lang='lat' dir='ltr'><strong>multa</strong></span> <span class='ocrx_word' id='word_1_647' title='bbox 2115 3647 2490 3701; x_wconf 88' lang='lat' dir='ltr'><strong>commisimus</strong></span> <span class='ocrx_word' id='word_1_648' title='bbox 2551 3653 2656 3698; x_wconf 91' lang='lat' dir='ltr'><strong>:et</strong></span> <span class='ocrx_word' id='word_1_649' title='bbox 2701 3645 2863 3706; x_wconf 85' lang='lat' dir='ltr'><strong>bona,</strong></span> <span class='ocrx_word' id='word_1_650' title='bbox 2912 3657 3034 3711; x_wconf 76' lang='lat' dir='ltr'><strong>quae</strong></span> <span class='ocrx_word' id='word_1_651' title='bbox 3087 3641 3326 3701; x_wconf 78' lang='lat' dir='ltr'><strong>luceant,</strong></span> <span class='ocrx_word' id='word_1_652' title='bbox 3383 3650 3496 3690; x_wconf 86' lang='lat' dir='ltr'><strong>non</strong></span> 
     </span>
    </p>
   </div>
   <div class='ocr_carea' id='block_1_93' title="bbox 1897 3728 3500 3805">
    <p class='ocr_par' dir='ltr' id='par_1_93' title="bbox 1897 3728 3500 3805">
     <span class='ocr_line' id='line_1_93' title="bbox 1897 3728 3500 3805; baseline -0.007 -11"><span class='ocrx_word' id='word_1_653' title='bbox 1897 3739 2196 3794; x_wconf 85' lang='lat' dir='ltr'><strong>habemus?</strong></span> <span class='ocrx_word' id='word_1_654' title='bbox 2223 3737 2394 3805; x_wconf 85' lang='lat' dir='ltr'><strong>Quam</strong></span> <span class='ocrx_word' id='word_1_655' title='bbox 2435 3737 2695 3792; x_wconf 86' lang='lat' dir='ltr'><strong>uberibus</strong></span> <span class='ocrx_word' id='word_1_656' title='bbox 2725 3735 3090 3805; x_wconf 84' lang='lat' dir='ltr'><strong>lacrymarum</strong></span> <span class='ocrx_word' id='word_1_657' title='bbox 3143 3731 3276 3784; x_wconf 87' lang='lat' dir='ltr'><strong>rivis</strong></span> <span class='ocrx_word' id='word_1_658' title='bbox 3328 3728 3500 3783; x_wconf 82' lang='lat' dir='ltr'><strong>debe-</strong></span> 
     </span>
    </p>
   </div>
   <div class='ocr_carea' id='block_1_94' title="bbox 1897 3822 3501 3900">
    <p class='ocr_par' dir='ltr' id='par_1_94' title="bbox 1897 3822 3501 3900">
     <span class='ocr_line' id='line_1_94' title="bbox 1897 3822 3501 3900; baseline -0.009 -13"><span class='ocrx_word' id='word_1_659' title='bbox 1897 3847 2019 3887; x_wconf 89' lang='lat' dir='ltr'><strong>mus</strong></span> <span class='ocrx_word' id='word_1_660' title='bbox 2047 3845 2262 3900; x_wconf 89' lang='lat' dir='ltr'><strong>semper</strong></span> <span class='ocrx_word' id='word_1_661' title='bbox 2290 3829 2530 3893; x_wconf 86' lang='lat' dir='ltr'><strong>aﬂlncre,</strong></span> <span class='ocrx_word' id='word_1_662' title='bbox 2554 3841 2718 3898; x_wconf 88' lang='lat' dir='ltr'><strong>quam</strong></span> <span class='ocrx_word' id='word_1_663' title='bbox 2747 3827 3006 3882; x_wconf 90' lang='lat' dir='ltr'><strong>continuo</strong></span> <span class='ocrx_word' id='word_1_664' title='bbox 3036 3822 3248 3878; x_wconf 63' lang='lat' dir='ltr'><strong>maerori</strong></span> <span class='ocrx_word' id='word_1_665' title='bbox 3271 3831 3501 3878; x_wconf 68' lang='lat' dir='ltr'><strong>necesse</strong></span> 
     </span>
    </p>
   </div>
   <div class='ocr_carea' id='block_1_95' title="bbox 1899 3911 3498 3993">
    <p class='ocr_par' dir='ltr' id='par_1_95' title="bbox 1899 3911 3498 3993">
     <span class='ocr_line' id='line_1_95' title="bbox 1899 3911 3498 3993; baseline -0.008 -14"><span class='ocrx_word' id='word_1_666' title='bbox 1899 3923 2076 3979; x_wconf 86' lang='lat' dir='ltr'><strong>fuerat</strong></span> <span class='ocrx_word' id='word_1_667' title='bbox 2092 3923 2296 3993; x_wconf 78' lang='lat' dir='ltr'><strong>jugiter</strong></span> <span class='ocrx_word' id='word_1_668' title='bbox 2325 3921 2614 3984; x_wconf 84' lang='lat' dir='ltr'><strong>insudare;</strong></span> <span class='ocrx_word' id='word_1_669' title='bbox 2645 3927 2701 3973; x_wconf 90' lang='lat' dir='ltr'><strong>et</strong></span> <span class='ocrx_word' id='word_1_670' title='bbox 2729 3933 2836 3972; x_wconf 87' lang='lat' dir='ltr'><strong>non</strong></span> <span class='ocrx_word' id='word_1_671' title='bbox 2865 3917 3004 3971; x_wconf 88' lang='lat' dir='ltr'><strong>alios</strong></span> <span class='ocrx_word' id='word_1_672' title='bbox 3033 3916 3086 3970; x_wconf 90' lang='lat' dir='ltr'><strong>in</strong></span> <span class='ocrx_word' id='word_1_673' title='bbox 3114 3915 3282 3968; x_wconf 88' lang='lat' dir='ltr'><strong>risum</strong></span> <span class='ocrx_word' id='word_1_674' title='bbox 3313 3911 3498 3968; x_wconf 73' lang='lat' dir='ltr'><strong>faceta</strong></span> 
     </span>
    </p>
   </div>
   <div class='ocr_carea' id='block_1_96' title="bbox 1899 4001 3496 4088">
    <p class='ocr_par' dir='ltr' id='par_1_96' title="bbox 1899 4001 3496 4088">
     <span class='ocr_line' id='line_1_96' title="bbox 1899 4001 3496 4088; baseline -0.008 -16"><span class='ocrx_word' id='word_1_675' title='bbox 1899 4017 2133 4088; x_wconf 85' lang='lat' dir='ltr'><strong>quadam</strong></span> <span class='ocrx_word' id='word_1_676' title='bbox 2163 4015 2366 4070; x_wconf 85' lang='lat' dir='ltr'><strong>dicacis</strong></span> <span class='ocrx_word' id='word_1_677' title='bbox 2396 4027 2598 4068; x_wconf 83' lang='lat' dir='ltr'><strong>scurrae</strong></span> <span class='ocrx_word' id='word_1_678' title='bbox 2635 4011 2944 4066; x_wconf 88' lang='lat' dir='ltr'><strong>urbanitate</strong></span> <span class='ocrx_word' id='word_1_679' title='bbox 2991 4006 3344 4077; x_wconf 88' lang='lat' dir='ltr'><strong>compellere,</strong></span> <span class='ocrx_word' id='word_1_680' title='bbox 3397 4001 3496 4060; x_wconf 80' lang='lat' dir='ltr'><strong>sed</strong></span> 
     </span>
    </p>
   </div>
   <div class='ocr_carea' id='block_1_97' title="bbox 1901 4101 3494 4182">
    <p class='ocr_par' dir='ltr' id='par_1_97' title="bbox 1901 4101 3494 4182">
     <span class='ocr_line' id='line_1_97' title="bbox 1901 4101 3494 4182; baseline -0.008 -18"><span class='ocrx_word' id='word_1_681' title='bbox 1901 4110 2002 4182; x_wconf 90' lang='lat' dir='ltr'><strong>ipsi</strong></span> <span class='ocrx_word' id='word_1_682' title='bbox 2031 4109 2208 4180; x_wconf 85' lang='lat' dir='ltr'><strong>petius</strong></span> <span class='ocrx_word' id='word_1_683' title='bbox 2231 4107 2468 4162; x_wconf 88' lang='lat' dir='ltr'><strong>demisso</strong></span> <span class='ocrx_word' id='word_1_684' title='bbox 2493 4119 2708 4175; x_wconf 88' lang='lat' dir='ltr'><strong>semper</strong></span> <span class='ocrx_word' id='word_1_685' title='bbox 2731 4103 2881 4158; x_wconf 89' lang='lat' dir='ltr'><strong>vultu</strong></span> <span class='ocrx_word' id='word_1_686' title='bbox 2905 4101 3162 4172; x_wconf 73' lang='lat' dir='ltr'><strong>lugubres</strong></span> <span class='ocrx_word' id='word_1_687' title='bbox 3191 4109 3494 4168; x_wconf 84' lang='lat' dir='ltr'><strong>apparere:</strong></span> 
     </span>
    </p>
   </div>
   <div class='ocr_carea' id='block_1_98' title="bbox 1901 4193 3500 4272">
    <p class='ocr_par' dir='ltr' id='par_1_98' title="bbox 1901 4193 3500 4272">
     <span class='ocr_line' id='line_1_98' title="bbox 1901 4193 3500 4272; baseline -0.008 -15"><span class='ocrx_word' id='word_1_688' title='bbox 1901 4213 2169 4272; x_wconf 85' lang='lat' dir='ltr'><strong>quatenus</strong></span> <span class='ocrx_word' id='word_1_689' title='bbox 2203 4200 2456 4270; x_wconf 79' lang='lat' dir='ltr'><strong>perfectae</strong></span> <span class='ocrx_word' id='word_1_690' title='bbox 2487 4196 2821 4270; x_wconf 69' lang='lat' dir='ltr'><strong>poenitentiae</strong></span> <span class='ocrx_word' id='word_1_691' title='bbox 2872 4195 3104 4251; x_wconf 85' lang='lat' dir='ltr'><strong>fortnam</strong></span> <span class='ocrx_word' id='word_1_692' title='bbox 3133 4193 3250 4264; x_wconf 88' lang='lat' dir='ltr'><strong>ipse</strong></span> <span class='ocrx_word' id='word_1_693' title='bbox 3279 4197 3500 4262; x_wconf 69' lang='lat' dir='ltr'><strong>quoque</strong></span> 
     </span>
    </p>
   </div>
   <div class='ocr_carea' id='block_1_99' title="bbox 1899 4282 3502 4364">
    <p class='ocr_par' dir='ltr' id='par_1_99' title="bbox 1899 4282 3502 4364">
     <span class='ocr_line' id='line_1_99' title="bbox 1899 4282 3502 4364; baseline -0.009 -13"><span class='ocrx_word' id='word_1_694' title='bbox 1899 4296 2138 4351; x_wconf 86' lang='lat' dir='ltr'><strong>exterior</strong></span> <span class='ocrx_word' id='word_1_695' title='bbox 2167 4293 2342 4349; x_wconf 89' lang='lat' dir='ltr'><strong>cultus</strong></span> <span class='ocrx_word' id='word_1_696' title='bbox 2393 4293 2750 4364; x_wconf 66' lang='lat' dir='ltr'><strong>inprimeret,</strong></span> <span class='ocrx_word' id='word_1_697' title='bbox 2807 4305 2928 4362; x_wconf 63' lang='lat' dir='ltr'><strong>quas</strong></span> <span class='ocrx_word' id='word_1_698' title='bbox 2973 4289 3026 4344; x_wconf 88' lang='lat' dir='ltr'><strong>in</strong></span> <span class='ocrx_word' id='word_1_699' title='bbox 3066 4287 3280 4343; x_wconf 88' lang='lat' dir='ltr'><strong>occulta</strong></span> <span class='ocrx_word' id='word_1_700' title='bbox 3317 4282 3502 4340; x_wconf 81' lang='lat' dir='ltr'><strong>cordis</strong></span> 
     </span>
    </p>
   </div>
   <div class='ocr_carea' id='block_1_100' title="bbox 1902 4375 3500 4454">
    <p class='ocr_par' dir='ltr' id='par_1_100' title="bbox 1902 4375 3500 4454">
     <span class='ocr_line' id='line_1_100' title="bbox 1902 4375 3500 4454; baseline -0.007 -13"><span class='ocrx_word' id='word_1_701' title='bbox 1902 4385 2264 4442; x_wconf 86' lang='lat' dir='ltr'><strong>amaritudine</strong></span> <span class='ocrx_word' id='word_1_702' title='bbox 2291 4383 2665 4454; x_wconf 86' lang='lat' dir='ltr'><strong>principaliter</strong></span> <span class='ocrx_word' id='word_1_703' title='bbox 2701 4389 2992 4447; x_wconf 73' lang='lat' dir='ltr'><strong>aestuaret;</strong></span> <span class='ocrx_word' id='word_1_704' title='bbox 3049 4389 3105 4434; x_wconf 88' lang='lat' dir='ltr'><strong>et</strong></span> <span class='ocrx_word' id='word_1_705' title='bbox 3161 4393 3270 4434; x_wconf 88' lang='lat' dir='ltr'><strong>non</strong></span> <span class='ocrx_word' id='word_1_706' title='bbox 3319 4375 3500 4432; x_wconf 85' lang='lat' dir='ltr'><strong>solum</strong></span> 
     </span>
    </p>
   </div>
   <div class='ocr_carea' id='block_1_101' title="bbox 1902 4466 3502 4544">
    <p class='ocr_par' dir='ltr' id='par_1_101' title="bbox 1902 4466 3502 4544">
     <span class='ocr_line' id='line_1_101' title="bbox 1902 4466 3502 4544; baseline -0.009 -12"><span class='ocrx_word' id='word_1_707' title='bbox 1902 4477 2058 4532; x_wconf 87' lang='lat' dir='ltr'><strong>nobis</strong></span> <span class='ocrx_word' id='word_1_708' title='bbox 2085 4477 2338 4533; x_wconf 85' lang='lat' dir='ltr'><strong>conferre</strong></span> <span class='ocrx_word' id='word_1_709' title='bbox 2371 4474 2672 4530; x_wconf 79' lang='lat' dir='ltr'><strong>curationis</strong></span> <span class='ocrx_word' id='word_1_710' title='bbox 2723 4481 2922 4544; x_wconf 70' lang='lat' dir='ltr'><strong>Optata:</strong></span> <span class='ocrx_word' id='word_1_711' title='bbox 2953 4469 3280 4533; x_wconf 88' lang='lat' dir='ltr'><strong>remedium,</strong></span> <span class='ocrx_word' id='word_1_712' title='bbox 3307 4466 3404 4522; x_wconf 86' lang='lat' dir='ltr'><strong>sed</strong></span> <span class='ocrx_word' id='word_1_713' title='bbox 3443 4469 3502 4518; x_wconf 84' lang='lat' dir='ltr'><strong>et</strong></span> 
     </span>
    </p>
   </div>
   <div class='ocr_carea' id='block_1_102' title="bbox 1903 4555 3496 4636">
    <p class='ocr_par' dir='ltr' id='par_1_102' title="bbox 1903 4555 3496 4636">
     <span class='ocr_line' id='line_1_102' title="bbox 1903 4555 3496 4636; baseline -0.01 -13"><span class='ocrx_word' id='word_1_714' title='bbox 1903 4569 2024 4623; x_wconf 89' lang='lat' dir='ltr'><strong>aliis</strong></span> <span class='ocrx_word' id='word_1_715' title='bbox 2049 4567 2324 4621; x_wconf 85' lang='lat' dir='ltr'><strong>fructuose</strong></span> <span class='ocrx_word' id='word_1_716' title='bbox 2347 4565 2648 4636; x_wconf 61' lang='lat' dir='ltr'><strong>paenitendi</strong></span> <span class='ocrx_word' id='word_1_717' title='bbox 2678 4564 2922 4634; x_wconf 63' lang='lat' dir='ltr'><strong>praebere</strong></span> <span class='ocrx_word' id='word_1_718' title='bbox 2947 4569 3138 4633; x_wconf 89' lang='lat' dir='ltr'><strong>posset</strong></span> <span class='ocrx_word' id='word_1_719' title='bbox 3163 4555 3496 4627; x_wconf 77' lang='lat' dir='ltr'><strong>exetnplum.</strong></span> 
     </span>
    </p>
   </div>
   <div class='ocr_carea' id='block_1_103' title="bbox 1907 4648 3498 4731">
    <p class='ocr_par' dir='ltr' id='par_1_103' title="bbox 1907 4648 3498 4731">
     <span class='ocr_line' id='line_1_103' title="bbox 1907 4648 3498 4731; baseline -0.011 -14"><span class='ocrx_word' id='word_1_720' title='bbox 1907 4661 2058 4718; x_wconf 85' lang='lat' dir='ltr'><strong>Unde</strong></span> <span class='ocrx_word' id='word_1_721' title='bbox 2087 4675 2218 4731; x_wconf 80' lang='lat' dir='ltr'><strong>rogo</strong></span> <span class='ocrx_word' id='word_1_722' title='bbox 2245 4661 2592 4714; x_wconf 81' lang='lat' dir='ltr'><strong>sanctitatem</strong></span> <span class='ocrx_word' id='word_1_723' title='bbox 2613 4667 2875 4720; x_wconf 83' lang='lat' dir='ltr'><strong>vestram,</strong></span> <span class='ocrx_word' id='word_1_724' title='bbox 2911 4653 3263 4710; x_wconf 87' lang='lat' dir='ltr'><strong>dilectissime</strong></span> <span class='ocrx_word' id='word_1_725' title='bbox 3312 4648 3498 4714; x_wconf 82' lang='lat' dir='ltr'><strong>Pater,</strong></span> 
     </span>
    </p>
   </div>
   <div class='ocr_carea' id='block_1_104' title="bbox 1903 4741 3502 4823">
    <p class='ocr_par' dir='ltr' id='par_1_104' title="bbox 1903 4741 3502 4823">
     <span class='ocr_line' id='line_1_104' title="bbox 1903 4741 3502 4823; baseline -0.009 -15"><span class='ocrx_word' id='word_1_726' title='bbox 1903 4763 1958 4808; x_wconf 88' lang='lat' dir='ltr'><strong>et</strong></span> <span class='ocrx_word' id='word_1_727' title='bbox 1981 4752 2208 4823; x_wconf 88' lang='lat' dir='ltr'><strong>pedibus</strong></span> <span class='ocrx_word' id='word_1_728' title='bbox 2235 4751 2342 4806; x_wconf 89' lang='lat' dir='ltr'><strong>tuis</strong></span> <span class='ocrx_word' id='word_1_729' title='bbox 2375 4765 2460 4804; x_wconf 89' lang='lat' dir='ltr'><strong>me</strong></span> <span class='ocrx_word' id='word_1_730' title='bbox 2489 4757 2796 4820; x_wconf 86' lang='lat' dir='ltr'><strong>prostratus</strong></span> <span class='ocrx_word' id='word_1_731' title='bbox 2824 4745 3076 4812; x_wconf 87' lang='lat' dir='ltr'><strong>advolvo,</strong></span> <span class='ocrx_word' id='word_1_732' title='bbox 3135 4751 3194 4797; x_wconf 90' lang='lat' dir='ltr'><strong>ut</strong></span> <span class='ocrx_word' id='word_1_733' title='bbox 3236 4741 3502 4796; x_wconf 74' lang='lat' dir='ltr'><strong>adversus</strong></span> 
     </span>
    </p>
   </div>
   <div class='ocr_carea' id='block_1_105' title="bbox 1905 4837 3500 4906">
    <p class='ocr_par' dir='ltr' id='par_1_105' title="bbox 1905 4837 3500 4906">
     <span class='ocr_line' id='line_1_105' title="bbox 1905 4837 3500 4906; baseline -0.012 -4"><span class='ocrx_word' id='word_1_734' title='bbox 1905 4847 2008 4902; x_wconf 85' lang='lat' dir='ltr'><strong>hoc</strong></span> <span class='ocrx_word' id='word_1_735' title='bbox 2037 4844 2207 4900; x_wconf 85' lang='lat' dir='ltr'><strong>ferale</strong></span> <span class='ocrx_word' id='word_1_736' title='bbox 2235 4851 2561 4906; x_wconf 86' lang='lat' dir='ltr'><strong>monstrum,</strong></span> <span class='ocrx_word' id='word_1_737' title='bbox 2593 4851 2810 4898; x_wconf 83' lang='lat' dir='ltr'><strong>scutum</strong></span> <span class='ocrx_word' id='word_1_738' title='bbox 2841 4837 2973 4893; x_wconf 88' lang='lat' dir='ltr'><strong>mihi</strong></span> <span class='ocrx_word' id='word_1_739' title='bbox 3001 4845 3204 4892; x_wconf 66' lang='lat' dir='ltr'><strong>sanctae</strong></span> <span class='ocrx_word' id='word_1_740' title='bbox 3231 4842 3338 4888; x_wconf 76' lang='lat' dir='ltr'><strong>tute</strong></span> <span class='ocrx_word' id='word_1_741' title='bbox 3363 4845 3500 4886; x_wconf 81' lang='lat' dir='ltr'><strong>ora-</strong></span> 
     </span>
    </p>
   </div>
   <div class='ocr_carea' id='block_1_106' title="bbox 1903 4923 3506 5007">
    <p class='ocr_par' dir='ltr' id='par_1_106' title="bbox 1903 4923 3506 5007">
     <span class='ocr_line' id='line_1_106' title="bbox 1903 4923 3506 5007; baseline -0.012 -13"><span class='ocrx_word' id='word_1_742' title='bbox 1903 4938 2067 4994; x_wconf 88' lang='lat' dir='ltr'><strong>tionis</strong></span> <span class='ocrx_word' id='word_1_743' title='bbox 2093 4936 2341 5007; x_wconf 74' lang='lat' dir='ltr'><strong>obiicias,</strong></span> <span class='ocrx_word' id='word_1_744' title='bbox 2365 4945 2419 4991; x_wconf 88' lang='lat' dir='ltr'><strong>et</strong></span> <span class='ocrx_word' id='word_1_745' title='bbox 2437 4937 2816 5003; x_wconf 82' lang='lat' dir='ltr'><strong>serpentinum</strong></span> <span class='ocrx_word' id='word_1_746' title='bbox 2843 4930 2994 4983; x_wconf 90' lang='lat' dir='ltr'><strong>virus</strong></span> <span class='ocrx_word' id='word_1_747' title='bbox 3017 4941 3087 4984; x_wconf 78' lang='lat' dir='ltr'><strong>ex</strong></span> <span class='ocrx_word' id='word_1_748' title='bbox 3114 4941 3200 4980; x_wconf 88' lang='lat' dir='ltr'><strong>me</strong></span> <span class='ocrx_word' id='word_1_749' title='bbox 3229 4923 3506 4993; x_wconf 81' lang='lat' dir='ltr'><strong>sapienter</strong></span> 
     </span>
    </p>
   </div>
   <div class='ocr_carea' id='block_1_107' title="bbox 1905 5015 3514 5098">
    <p class='ocr_par' dir='ltr' id='par_1_107' title="bbox 1905 5015 3514 5098">
     <span class='ocr_line' id='line_1_107' title="bbox 1905 5015 3514 5098; baseline -0.011 -11"><span class='ocrx_word' id='word_1_750' title='bbox 1905 5030 2238 5087; x_wconf 82' lang='lat' dir='ltr'><strong>incantantlo</strong></span> <span class='ocrx_word' id='word_1_751' title='bbox 2263 5027 2530 5098; x_wconf 89' lang='lat' dir='ltr'><strong>depellas:</strong></span> <span class='ocrx_word' id='word_1_752' title='bbox 2564 5037 2624 5082; x_wconf 86' lang='lat' dir='ltr'><strong>et</strong></span> <span class='ocrx_word' id='word_1_753' title='bbox 2649 5041 2761 5084; x_wconf 90' lang='lat' dir='ltr'><strong>non</strong></span> <span class='ocrx_word' id='word_1_754' title='bbox 2799 5020 2972 5078; x_wconf 76' lang='lat' dir='ltr'><strong>solum</strong></span> <span class='ocrx_word' id='word_1_755' title='bbox 3001 5035 3102 5091; x_wconf 90' lang='lat' dir='ltr'><strong>pro</strong></span> <span class='ocrx_word' id='word_1_756' title='bbox 3129 5020 3253 5080; x_wconf 89' lang='lat' dir='ltr'><strong>hoc,</strong></span> <span class='ocrx_word' id='word_1_757' title='bbox 3305 5015 3402 5070; x_wconf 87' lang='lat' dir='ltr'><strong>sed</strong></span> <span class='ocrx_word' id='word_1_758' title='bbox 3451 5021 3514 5070; x_wconf 82' lang='lat' dir='ltr'><strong>et</strong></span> 
     </span>
    </p>
   </div>
   <div class='ocr_carea' id='block_1_108' title="bbox 1905 5108 3514 5195">
    <p class='ocr_par' dir='ltr' id='par_1_108' title="bbox 1905 5108 3514 5195">
     <span class='ocr_line' id='line_1_108' title="bbox 1905 5108 3514 5195; baseline -0.011 -15"><span class='ocrx_word' id='word_1_759' title='bbox 1905 5135 2004 5192; x_wconf 88' lang='lat' dir='ltr'><strong>pro</strong></span> <span class='ocrx_word' id='word_1_760' title='bbox 2025 5124 2261 5187; x_wconf 87' lang='lat' dir='ltr'><strong>cunctis,</strong></span> <span class='ocrx_word' id='word_1_761' title='bbox 2289 5133 2412 5189; x_wconf 53' lang='lat' dir='ltr'><strong>qua),</strong></span> <span class='ocrx_word' id='word_1_762' title='bbox 2428 5117 2522 5173; x_wconf 89' lang='lat' dir='ltr'><strong>tibi</strong></span> <span class='ocrx_word' id='word_1_763' title='bbox 2547 5135 2720 5195; x_wconf 84' lang='lat' dir='ltr'><strong>supra</strong></span> <span class='ocrx_word' id='word_1_764' title='bbox 2741 5114 3022 5172; x_wconf 88' lang='lat' dir='ltr'><strong>confessus</strong></span> <span class='ocrx_word' id='word_1_765' title='bbox 3043 5127 3184 5176; x_wconf 87' lang='lat' dir='ltr'><strong>sum,</strong></span> <span class='ocrx_word' id='word_1_766' title='bbox 3227 5108 3514 5162; x_wconf 69' lang='lat' dir='ltr'><strong>continuas</strong></span> 
     </span>
    </p>
   </div>
   <div class='ocr_carea' id='block_1_109' title="bbox 1905 5197 3517 5286">
    <p class='ocr_par' dir='ltr' id='par_1_109' title="bbox 1905 5197 3517 5286">
     <span class='ocr_line' id='line_1_109' title="bbox 1905 5197 3517 5286; baseline -0.012 -18"><span class='ocrx_word' id='word_1_767' title='bbox 1905 5213 2020 5270; x_wconf 86' lang='lat' dir='ltr'><strong>Deo</strong></span> <span class='ocrx_word' id='word_1_768' title='bbox 2039 5231 2232 5285; x_wconf 88' lang='lat' dir='ltr'><strong>preces</strong></span> <span class='ocrx_word' id='word_1_769' title='bbox 2259 5213 2508 5276; x_wconf 86' lang='lat' dir='ltr'><strong>fundere,</strong></span> <span class='ocrx_word' id='word_1_770' title='bbox 2538 5223 2716 5286; x_wconf 85' lang='lat' dir='ltr'><strong>atque</strong></span> <span class='ocrx_word' id='word_1_771' title='bbox 2749 5208 2888 5280; x_wconf 88' lang='lat' dir='ltr'><strong>apud</strong></span> <span class='ocrx_word' id='word_1_772' title='bbox 2919 5205 3132 5262; x_wconf 88' lang='lat' dir='ltr'><strong>divinas</strong></span> <span class='ocrx_word' id='word_1_773' title='bbox 3161 5213 3324 5257; x_wconf 84' lang='lat' dir='ltr'><strong>aures</strong></span> <span class='ocrx_word' id='word_1_774' title='bbox 3349 5197 3517 5252; x_wconf 84' lang='lat' dir='ltr'><strong>mise-</strong></span> 
     </span>
    </p>
   </div>
  </div>
