3964 5310
493 341 602 404 343

1035 341 1093 400 S.
1133 339 1344 398 PETRI
1382 335 1666 396 DAMIANI
1707 331 1859 394 OPP.
1903 326 2083 390 PARS
2121 326 2254 392 SEU
2291 329 2532 393 TOMUS
2566 329 2610 389 I.
2647 362 2717 378 -
2754 327 2972 389 EPIST.
3009 324 3137 386 LIB.
3180 324 3312 384 VIII.

3679 320 3800 381 διδ

561 461 821 534 egressio,
842 459 1168 531 quantisque
1192 466 1313 530 post
1342 466 1570 513 mortem
1592 453 1925 512 cruciatibus
1948 450 2083 506 ailli-
2106 459 2159 522 Α
2185 451 2493 517 conclusos,
2542 451 2670 520 quia
2700 447 2999 504 destinatos
3027 447 3096 502 ad
3141 461 3199 502 se
3247 443 3477 501 famulos
3531 451 3798 500 contem-

566 533 726 606 gendi
767 533 896 587 sint.

567 647 727 721 146
747 646 808 701 Ρ.
831 645 1425 717 archipresbytero....,
1443 643 1658 699 Ρετιιυε
1677 648 1930 714 peccator
1965 651 2080 694 mo-

491 741 722 797 nachus.

563 851 582 883 ι
614 831 754 887 Ecce
775 845 875 903 ego
909 830 1222 887 convocabo
1250 845 1440 885 omnes
1498 828 1850 899 cognationes
1880 839 2076 897 regno-

487 941 609 982 rum
631 923 924 995 aquilonis,
953 923 1030 982 ait
1066 923 1357 989 Dominus;
1389 915 1445 977 et
1471 923 1716 987 venient,
1770 929 1826 975 ct
1875 925 2081 989 ponent

487 1021 855 1092 unusquisque
873 1019 1068 1076 solium
1096 1035 1252 1074 suum
1283 1020 1336 1073 in
1367 1019 1587 1072 introitu
1617 1026 1892 1087 portarum
1923 1012 2080 1068 Jeru-

485 1115 678 1182 salem,
708 1122 764 1170 et
792 1127 956 1185 super
985 1127 1177 1168 omnes
1223 1127 1407 1168 muros
1449 1112 1568 1182 ejus
1617 1112 1668 1164 in
1724 1108 1977 1170 circuitu,
2022 1113 2078 1161 et

482 1224 648 1280 super
679 1208 966 1264 universas
995 1208 1157 1262 urbes
1183 1203 1343 1260 Juda.
1385 1204 1452 1258 Et
1486 1203 1677 1273 loquar
1700 1201 1901 1272 judicia
1952 1213 2073 1254 mea

481 1317 605 1358 cum
635 1302 716 1358 eis
742 1295 906 1372 super
933 1299 1079 1354 omni
1113 1297 1319 1353 malitia
1366 1313 1574 1361 eorum,
1625 1295 1716 1365 qui
1766 1291 2073 1361 derelique-

481 1399 612 1447 runt
643 1407 731 1447 me
759 1391 895 1462 (.Ier.
930 1390 993 1461 t).
1043 1410 1062 1442 ι
1116 1388 1247 1456 Quze
1282 1386 1528 1458 profecto
1571 1386 1736 1440 verba
1784 1385 1829 1439 si
1878 1393 2076 1454 printer

483 1485 604 1541 illos
629 1493 862 1541 terrena:
899 1483 1201 1540 Jerusalem
1233 1482 1382 1538 cives
1428 1481 1494 1535 ad
1525 1481 1661 1535 alios
1697 1495 1804 1534 non
1839 1478 2076 1548 respice-

481 1589 627 1641 rent,
664 1591 1007 1647 nequaquam
1048 1574 1207 1630 hodie
1243 1574 1296 1627 in
1330 1581 1518 1627 sancta
1570 1571 1809 1626 Ecclesia
1848 1585 2072 1624 resona-

479 1678 621 1724 rent.
659 1668 790 1736 Qua-
821 1676 947 1722 sunt
1002 1666 1166 1736 igitur
1220 1665 1322 1719 illae
1381 1664 1731 1735 cognationes
1782 1675 2072 1731 regnorum

479 1757 772 1830 aquilonis,
812 1757 916 1813 nisi
966 1756 1328 1824 malignorum
1367 1755 1653 1824 Spiritnum
1700 1751 2073 1808 multitudines

2183 552 2438 613 pserunt;
2469 550 2522 598 et
2559 544 2828 613 quomodo
2875 539 3215 598 Christianos
3245 538 3446 603 audiet,
3479 537 3576 608 qui
3608 537 3793 592 missa

2182 648 2279 704 per
2314 634 2508 689 Filium
2561 632 2871 705 evangelica
2918 641 3189 703 praecepta
3240 629 3606 702 spreverunt?
3639 627 3790 683 Nam

2183 727 2274 798 qui
2298 744 2404 782 non
2437 727 2586 782 audit
2618 725 2806 790 Deum,
2838 739 2944 780 non
2970 723 3244 778 auditura
3291 723 3421 777 Deo.
3456 719 3640 776 Unum
3673 728 3789 788 est,

2181 821 2324 893 quod
2347 836 2499 876 mens
2511 821 2770 891 cujusque
2785 818 2955 875 ﬁdelis
2983 817 3140 890 147
3153 817 3313 872 debet
3353 814 3594 881 assidue,
3610 813 3793 870 soler-

2183 921 2264 969 ter
2290 915 2591 976 attenderc,
2647 921 2704 967 et
2737 912 2879 967 intra
2907 911 3256 980 semetipsum
3282 909 3513 965 sollicita
3561 921 3792 978 semper

2180 1002 2532 1073 inquisitione
2560 1016 2810 1067 versare;
2869 1001 3119 1056 scilicet:
3168 1009 3349 1054 utrum
3398 999 3614 1070 placeat
3669 997 3791 1053 Deo

2178 1095 2320 1164 quod
2341 1096 2470 1166 egit,
2509 1111 2576 1150 an
2601 1104 2654 1150 et
2683 1096 2736 1150 in
2761 1095 2878 1166 ejus
2909 1094 3018 1149 vita
3050 1093 3192 1149 Deus
3216 1093 3298 1150 vel
3344 1095 3604 1164 operibus
3641 1093 3790 1173 dele-

2177 1194 2373 1241 ctetur.
2403 1185 2542 1260 Quid
2567 1186 2710 1241 cnim
2751 1186 2987 1257 prodest,
3019 1185 3281 1256 quidquid
3324 1184 3493 1241 faciat
3513 1185 3704 1249 homo,
3737 1183 3785 1240 si

2179 1273 2280 1330 hoc
2300 1292 2404 1330 non
2435 1275 2641 1346 placeat
2671 1275 2817 1332 Deo?
2849 1275 2939 1331 Sic
2966 1278 3034 1333 de
3052 1277 3220 1331 David
3246 1276 3482 1331 dicitur:
3515 1295 3534 1328 ι
3564 1275 3786 1343 Quaesi-

2179 1366 2255 1420 vit
2286 1367 2387 1421 sibi
2420 1367 2562 1422 Deus
2588 1367 2762 1422 virum
2789 1367 2944 1438 juxta
2977 1382 3073 1423 cor
3097 1383 3254 1422 suum
3277 1367 3328 1440 (1
3361 1367 3488 1440 Reg.
3514 1383 3634 1434 xiii;
3660 1368 3782 1423 Act.

2181 1458 2324 1528 xiii).
2361 1479 2380 1511 ι
2415 1456 2548 1514 Nam
2588 1459 2633 1514 si
2664 1459 3099 1520 IIUIIC.COD(IIIOI‘
3122 1476 3228 1517 non
3259 1461 3562 1520 delectatur
3593 1461 3648 1515 in
3683 1460 3784 1517 ho-

2179 1551 2356 1615 mine,
2390 1551 2555 1605 lionio
2593 1551 2936 1621 postmodum
2982 1552 3240 1608 delectari
3293 1567 3400 1607 non
3462 1552 3674 1623 poterit
3723 1552 3780 1607 in

2177 1641 2489 1698 Conditore.
2519 1641 2673 1698 Unde
2703 1643 2900 1713 legitur
2927 1644 2980 1698 in
3030 1643 3149 1699 Vita
3199 1643 3447 1708 Patrum,
3475 1643 3601 1714 quia
3650 1657 3779 1698 cum

2177 1734 2347 1790 falsus
2369 1735 2590 1806 quidam
2621 1735 2860 1790 famosus
2883 1747 2940 1791 et
2967 1736 3147 1808 magni
3208 1737 3443 1792 nominis
3494 1735 3780 1791 solitarius

479 1827 549 1906 ιιι
590 1851 803 1924 frigidis
851 1851 989 1906 adeo
1026 1849 1300 1904 mentibus
1344 1847 1575 1918 superbe
1634 1845 1960 1917 regnantes?
2006 1843 2071 1898 iii
2106 1827 2148 1886 Β
2177 1827 2648 1924 ιιι-ορῑιιίιιιῆιυιρξιι
2677 1829 2904 1924 exituri.
2938 1837 3208 1924 tartareus
3257 1830 3339 1924 ad
3373 1843 3498 1884 eum
3551 1829 3778 1924 spiritus

476 1943 668 1997 solium
699 1957 854 1997 suum
895 1941 1266 2010 unusquisque
1295 1939 1346 1993 in
1373 1938 1595 1992 introitu
1618 1945 1894 2008 portarum
1918 1933 2076 1988 Jeru-

477 2032 645 2087 salem
676 2040 910 2103 ponunt,
942 2046 1065 2086 cum
1105 2029 1476 2100 egredientem
1521 2029 1586 2082 de
1635 2042 1860 2096 corpore
1898 2023 2074 2080 infeli-

476 2140 597 2180 cem
638 2125 875 2178 animam
906 2121 1317 2192 circumposita,
1359 2136 1426 2175 ne
1451 2119 1616 2174 libera
1645 2118 1890 2186 prodeat,
1923 2115 2073 2170 obsi-

477 2217 639 2270 dione
653 2215 997 2278 custodiunt;
1021 2222 1080 2267 ut
1103 2229 1222 2268 eam
1247 2227 1430 2268 secum
1451 2226 1597 2265 nunc
1616 2211 1682 2264 ad
1709 2208 1847 2280 ignis
1875 2207 2075 2279 suppli-

479 2305 627 2359 cium
659 2304 1002 2374 pertrahant,
1037 2303 1089 2357 in
1122 2300 1276 2372 cujus
1309 2309 1468 2355 antea
1500 2299 1697 2370 [rigida
1758 2309 1941 2354 mente
1989 2313 2073 2354 re-

478 2396 736 2467 gnabant.
763 2397 838 2452 ΟΣ
866 2411 1028 2467 quam
1054 2395 1320 2459 luctuosa,
1359 2409 1521 2464 quam
1570 2393 1814 2464 lugubris
1846 2401 1926 2448 est
1949 2406 2072 2448 sera

477 2500 533 2544 et
559 2487 895 2544 infructuosa
926 2488 1014 2542 illa
1044 2488 1392 2558 pmnitentia,
1424 2503 1547 2543 cum
1574 2487 1854 2558 peccatrix
1887 2486 2070 2540 anima

471 2577 586 2648 jam
614 2581 874 2650 incipiens
895 2581 1076 2634 carnis
1104 2595 1346 2645 carcere,
1373 2595 1480 2649 quo
1507 2579 1713 2634 inclusa
1747 2579 2035 2635 tenebatur
2054 2619 2070 2645 ,

475 2671 705 2738 absolvi,
726 2672 947 2740 respicit
963 2678 1085 2740 post
1113 2685 1189 2734 se,
1223 2671 1409 2743 dirigit
1438 2671 1626 2726 oculos
1653 2680 1776 2728 ante
1802 2686 1882 2726 se.
1915 2671 2072 2727 Videt

475 2771 600 2833 post
645 2779 704 2818 se
748 2761 895 2817 velut
951 2763 1416 2834 angustissimum,
1478 2772 1639 2834 atque
1688 2765 2068 2819 brevissimum

475 2860 712 2916 stadium
738 2860 864 2914 vita:
887 2859 1132 2915 mortalis
1152 2874 1465 2926 emensum;
1495 2860 1640 2914 videt
1666 2869 1791 2914 ante
1813 2875 1871 2915 se
1904 2861 2070 2915 inter-

479 2953 820 3007 minabilium
883 2952 1271 3024 longitudinem
1353 2951 1696 3007 saeculorum.
1775 2951 2070 3021 Perpendit

476 3044 632 3112 quasi
650 3051 983 3097 momentum
1016 3043 1276 3112 temporis
1304 3043 1558 3098 celeriter
1588 3041 1892 3108 advolasse,
1921 3043 2066 3114 quod

475 3137 641 3202 vixit;
667 3135 1063 3205 contemplatur
1085 3134 1348 3190 inﬁnitain
1371 3135 1738 3205 prolixitatem
1761 3144 2064 3204 temporum

474 3228 697 3292 instare,
738 3244 897 3297 quam
939 3227 1128 3296 incipit
1157 3245 1168 3279 :
1208 3227 1260 3280 id
1292 3227 1436 3281 cnim
1467 3226 1870 3292 brevissimum,
1919 3225 2064 3296 quod
2093 3198 2142 3262 ο

472 3330 556 3378 cst
585 3320 733 3374 velut
758 3321 810 3374 ln
843 3327 1062 3389 puncto,
1103 3319 1459 3383 transcurrit;
1513 3318 1640 3373 huic
1690 3328 1870 3373 autem
1903 3318 2050 3383 vitm,

471 3427 635 3482 quam
665 3427 806 3466 nunc
833 3411 1148 3482 ingreditur,
1180 3410 1354 3465 nullus
1380 3411 1600 3466 omnino
1646 3411 1770 3468 linis
1797 3410 2060 3466 occurrit.

548 3523 565 3554 ι
599 3504 756 3568 Ecce,
794 3523 812 3555 ι
849 3504 924 3556 ait
948 3503 1228 3570 Dominus,
1258 3523 1276 3554 ι
1308 3504 1518 3558 mittam
1548 3503 1602 3557 in
1632 3519 1745 3568 cos,
1779 3523 1796 3552 ι
1832 3505 1885 3559 in
1916 3505 2062 3559 cives

470 3596 717 3652 videlicet
735 3594 1056 3662 Jerusalem,
1091 3614 1108 3646 ι
1140 3595 1396 3667 gladium,
1422 3605 1476 3652 et
1503 3595 1725 3662 famem,
1749 3606 1802 3652 et
1832 3607 2062 3668 pestem,

468 3699 522 3744 et
552 3697 712 3744 erunt
735 3688 788 3743 in
805 3687 1260 3752 maledictionem,
1287 3698 1647 3759 etstuporcm,
1674 3689 1795 3744 ctin
1820 3689 2061 3756 sibilum,

473 3792 530 3840 et
555 3783 605 3836 in
628 3782 978 3852 Opprobrium
1009 3781 1144 3850 (Jer.
1175 3783 1349 3852 XXIX).
1394 3802 1411 3833 ι
1442 3781 1551 3838 Cur
1592 3783 1790 3838 sithoc
1836 3781 2059 3848 factum,

474 3874 669 3943 aperit,
701 3889 822 3927 cum
855 3871 1162 3941 subjungit:
1221 3892 1239 3924 ι
1285 3875 1360 3928 lio
1412 3874 1559 3944 quod
1609 3889 1716 3930 non
1764 3875 2059 3941 audierint,

470 3966 668 4035 inquit,
692 3966 856 4019 verba
885 3979 1028 4029 mea,
1057 3980 1176 4035 qua:
1203 3965 1324 4022 misi
1353 3966 1421 4021 ad
1447 3982 1544 4023 eos
1571 3981 1667 4038 per
1696 3983 1883 4022 servos
1912 3983 2062 4024 meos

465 4057 779 4126 prophetas,
801 4057 868 4112 de
894 4066 1049 4112 nocte
1071 4072 1425 4128 consurgens,
1454 4069 1510 4114 et
1538 4060 1759 4116 mittens
1786 4058 2000 4132 (Ibid.).
2037 4079 2056 4113 ι
2103 4059 2110 4066 ’

467 4147 622 4213 Quod
653 4156 836 4202 autem
863 4148 1014 4212 dicit,
1056 4166 1074 4200 ι
1107 4148 1175 4202 de
1197 4159 1354 4204 nocte
1385 4164 1734 4222 consurgens,
1768 4170 1786 4204 ι
1809 4151 2059 4208 mittendi

464 4239 882 4295 sollicitudinem
908 4240 1113 4295 indicat
1132 4249 1187 4296 et
1204 4241 1575 4308 velocitatem;
1609 4252 1666 4298 ut
1690 4259 1796 4299 non
1829 4245 1882 4298 in
1907 4243 2059 4300 verbi

465 4331 933 4402 prmdicatoribus,
995 4332 1090 4388 sed
1137 4331 1193 4386 in
1236 4334 1574 4390 auditoribus
1637 4335 1822 4404 potius
1869 4349 2058 4406 torpor

462 4425 684 4482 desidiae
717 4426 900 4482 valeat
937 4427 1189 4484 inveniri.
1215 4427 1351 4484 Cum
1386 4430 1570 4498 itaque
1608 4429 1751 4485 Deus
1805 4431 2056 4500 omnipo-

465 4525 588 4574 tens
626 4519 867 4575 humano
909 4535 1060 4577 more
1110 4522 1422 4578 hominibus
1474 4522 1722 4592 loquens,
1778 4525 1844 4578 de
1894 4532 2054 4580 nocte

461 4613 869 4668 consurrexisse
891 4627 969 4678 se,
1003 4629 1067 4670 ac
1097 4629 1192 4685 per
1218 4615 1322 4671 hoc
1345 4617 1501 4686 quasi
1530 4631 1777 4671 somnum
1798 4632 1856 4672 se
1888 4617 2054 4674 inter-

464 4703 678 4771 rupisse
705 4705 1094 4776 conqueritur;
1131 4708 1274 4778 quod
1314 4708 1468 4764 nobis
1525 4710 1874 4780 opprobrium
1912 4710 2055 4766 valet

463 4795 726 4864 olijicere,
779 4799 825 4851 si
876 4799 1032 4853 nobis
1084 4800 1136 4854 in
1189 4801 1380 4857 ultimo
1420 4802 1762 4858 necessitatis
1809 4802 2053 4873 periculo

458 4889 788 4951 constitutis,
819 4891 964 4944 velut
1005 4893 1117 4948 haec
1148 4895 1445 4962 pet-merito
1493 4895 1849 4965 responderet
1882 4913 1894 4948 :
1937 4894 2052 4966 Ego

458 4991 782 5006 --_..--a-..-...-
804 4999 918 5008 -.-κς
947 4999 1114 5010 -.κη-...Α
1144 4987 1369 5012 l‘..--n....
1422 4987 1592 5014 θιιΑΙι-σδ
1618 5003 1677 5016 μυ.

621 4997 782 5006 -..νηι-
804 4999 918 5008 -.-ης
947 4999 1114 5010 -.-ιι-...Α
1144 4987 1369 5012 ρυΔιΛΙΑ-
1422 4987 1592 5014 ϐ’..Αο--κ
1618 5003 1734 5016 μην--
1765 4996 2010 5020 Αηηηίηιυι
2031 5005 2046 5018 ο

2180 1919 2351 1984 venit,
2383 1919 2474 1989 qui
2508 1919 2796 1973 tridentem
2825 1919 3038 1991 igneum
3073 1920 3126 1974 in
3178 1919 3427 1974 manibus
3470 1919 3690 1986 attulit;
3723 1929 3778 1975 et

2178 2026 2306 2068 ecce
2329 2027 2429 2066 vox
2461 2013 2528 2066 ad
2555 2028 2678 2067 eum
2709 2011 2852 2067 facta
2884 2021 2999 2068 est:
3027 2012 3200 2078 Sicut,
3231 2011 3422 2082 inquit,
3454 2012 3642 2066 anima
3669 2012 3774 2068 ista

2177 2105 2265 2160 vel
2301 2121 2408 2159 una
2451 2106 2582 2161 liora
2616 2123 2700 2162 me
2760 2108 2812 2162 in
2862 2123 2921 2162 se
2957 2109 3298 2177 requiescere
3351 2123 3458 2162 non
3502 2106 3770 2178 permisit,

2178 2199 2258 2254 sic
2289 2214 2462 2271 neque
2494 2211 2546 2254 tu
2574 2201 2887 2256 miserearis
2911 2201 3149 2256 evellens
3173 2215 3314 2256 eam.
3353 2200 3507 2255 Tunc
3535 2213 3772 2270 nequam

2176 2292 2400 2363 spiritus
2429 2293 2717 2350 tridentem
2750 2295 2966 2366 igneum
2995 2293 3144 2349 cordi
3175 2293 3464 2349 morientis
3495 2292 3694 2361 infixit,
3717 2301 3773 2349 et

2175 2383 2409 2437 animam
2438 2381 2576 2452 ejus,
2600 2383 2740 2439 sicut
2767 2393 2887 2438 erat
2909 2383 3114 2452 jussus,
3137 2381 3446 2440 evulsit.....

2733 2474 3066 2531 EPISTOLA
3099 2473 3188 2529 IV.

2607 2562 2674 2600 AD
2700 2563 2747 2600 Ρ.
2775 2562 3342 2602 ABCIIIPIIESBYTERUI.

2172 2637 2577 2712 Accusamus.
2623 2669 2695 2712 -ς
2744 2638 2802 2694 In
2852 2638 3014 2709 hujus
3065 2640 3307 2711 epistola:
3358 2639 3668 2712 fragmento
3702 2655 3770 2698 ex

2199 2739 2203 2743 -
2243 2710 2478 2782 quodam
2506 2710 2626 2765 loco
2652 2710 2902 2779 Ieremia:
2928 2710 3187 2778 ostendit,
3221 2726 3384 2782 quam
3412 2710 3487 2767 sit
3528 2714 3764 2769 detesta-

2243 2781 2368 2834 bilis
2393 2781 2714 2836 clericorum
2742 2783 3186 2851 intemperantia.

2242 2872 2303 2926 P.
2319 2873 2861 2945 archipresbytero...
2879 2873 3098 2931 Psrnus
3123 2878 3764 2950 peccator_monachus...

2247 2985 2266 3018 ι
2305 2965 2470 3030 Vade,
2496 2987 2513 3018 ι
2546 2967 2719 3037 inquit
2750 2968 3008 3024 Dominus
3035 2971 3102 3024 ad
3129 2968 3424 3026 Jeremiam
3450 2969 3589 3042 (Jer.
3622 2970 3763 3042 xui),

2175 3074 2193 3108 ι
2225 3066 2280 3112 ct
2303 3057 2520 3128 posside
2545 3059 2638 3113 tibi
2669 3059 2881 3114 lumbar
2909 3059 3135 3126 liueum,
3165 3070 3221 3118 et
3247 3077 3416 3132 pones
3443 3062 3575 3117 illud
3608 3075 3766 3132 super

2169 3149 2382 3206 lumbos
2413 3159 2564 3206 tuos:
2606 3170 2624 3203 ι
2663 3151 2727 3206 (le
2758 3168 2866 3222 quo
2910 3161 2965 3208 et
2996 3153 3158 3224 paulo
3206 3163 3361 3224 post:
3419 3176 3437 3207 ‹
3493 3153 3762 3226 Surgens.

2172 3242 2370 3311 inquit,
2401 3244 2538 3299 vade
2565 3244 2632 3298 ad
2656 3243 3015 3313 Euphratem,
3054 3255 3111 3302 et
3138 3247 3412 3303 absconde
3451 3246 3584 3301 illud
3611 3246 3684 3301 ibi
3709 3246 3764 3302 in

2170 3332 2438 3388 lorainine
2461 3341 2646 3403 pctne.
2682 3353 2700 3386 ι
2729 3334 2881 3400 Quod
2908 3351 3030 3390 cum
3049 3336 3284 3402 fecisset,
3300 3347 3354 3394 et
3377 3336 3430 3392 in
3460 3336 3760 3407 Euphrate,

2169 3425 2310 3482 sicut
2325 3425 2514 3494 jussus
2548 3424 2749 3492 fuerat,
2774 3428 3173 3494 abscondisset,
3203 3439 3326 3499 post
3353 3429 3624 3500 plurimos
3650 3428 3761 3483 dies

2169 3519 2248 3574 ait
2279 3519 2541 3574 Dominus
2572 3520 2640 3574 ad
2682 3536 2804 3574 cum
2831 3540 2844 3576 :
2877 3541 2894 3573 ι
2933 3522 3124 3593 Surge,
3157 3533 3212 3578 ct
3243 3525 3377 3578 vade
3405 3523 3470 3578 ad
3521 3523 3760 3594 Euphra-

2169 3620 2278 3674 ten,
2308 3625 2361 3666 et
2386 3611 2509 3668 tolle
2533 3611 2658 3667 inde
2687 3612 2918 3668 ltnnbar.
2945 3615 3010 3669 Et
3040 3615 3170 3680 abii,
3204 3615 3398 3685 inquit,
3430 3613 3497 3668 ad
3525 3614 3760 3684 Euphra-

2170 3715 2275 3767 ten,
2310 3713 2363 3759 ct
2391 3705 2486 3759 tuli
2514 3705 2724 3760 lumbar
2746 3707 2812 3761 de
2861 3707 2999 3771 loco,
3033 3708 3120 3762 ubi
3161 3707 3558 3763 absconderam
3595 3707 3753 3763 illud:

2166 3806 2219 3854 et
2242 3809 2810 3869 cccccomputruerat,
2837 3801 2908 3854 ita
2935 3813 2990 3854 nt
3020 3802 3147 3855 nulli
3167 3802 3286 3856 usui
3320 3811 3508 3872 aptum
3540 3809 3707 3856 esset.
3729 3815 3749 3854 ι

2167 3887 2235 3942 Et
2266 3889 2344 3943 ait
2371 3888 2632 3944 Dominus
2667 3908 2679 3944 :
2719 3911 2734 3940 ι
2769 3891 2860 3946 Sic
2885 3901 3194 3962 putrescere
3222 3891 3416 3947 faciam
3447 3893 3750 3963 superbiam

2165 3979 2324 4046 Juda,
2383 3989 2439 4035 et
2490 3981 2802 4052 supeibiam
2855 3981 3156 4038 Jerusalem
3205 3983 3451 4050 multam,
3503 3985 3752 4055 populum

2165 4071 2329 4127 istum
2374 4073 2692 4142 pessimum,
2731 4074 2821 4142 qui
2857 4075 3045 4130 nolunt
3091 4076 3281 4131 audire
3328 4077 3495 4131 verba
3529 4092 3672 4142 mea,
3700 4085 3752 4132 et

2165 4164 2447 4219 ambulant
2509 4166 2562 4220 in
2619 4165 2890 4235 pravitate
2933 4167 3115 4221 cordis
3149 4167 3262 4231 sui;
3311 4177 3365 4222 et
3398 4176 3561 4223 erunt
3618 4169 3751 4223 sicut

2162 4256 2378 4313 lumbar
2413 4257 2576 4324 istud,
2605 4259 2746 4328 quod
2772 4259 2900 4314 nulll
2930 4260 3051 4314 usui
3073 4268 3259 4330 aptum
3287 4268 3388 4315 est.
3424 4279 3444 4311 ι
3489 4258 3633 4326 Quid
3663 4259 3746 4316 hic

2159 4346 2409 4404 Ieremia:
2433 4364 2688 4420 persona,
2716 4350 2818 4404 nisi
2850 4351 3181 4405 Dominum?
3213 4351 3350 4419 Quid
3378 4350 3615 4419 lumbar,
3648 4349 3748 4407 nisi

2161 4439 2407 4494 ordinem
2433 4439 2704 4511 signiﬁcat
2730 4440 3093 4496 clericorum?
3129 4441 3321 4497 Omnis
3363 4440 3611 4497 Ecclesia
3663 4456 3748 4498 ve-

2159 4533 2259 4588 stis
2287 4542 2370 4587 est
2397 4530 2622 4598 Christi,
2652 4533 2716 4587 de
2745 4533 2899 4603 cujus
2951 4534 3056 4589 sibi
3086 4533 3345 4590 membris
3373 4549 3469 4604 per
3517 4535 3744 4605 prophe-

2158 4633 2267 4679 tam
2300 4624 2528 4679 dicitur:
2566 4643 2584 4676 ι
2619 4623 2881 4681 Omnibus
2907 4625 2994 4681 liis
3025 4625 3171 4681 velut
3197 4635 3524 4682 ornamento
3551 4629 3743 4683 vestie-

2156 4715 2234 4770 ris
2263 4715 2473 4788 (Ibid).
2513 4736 2532 4771 ι
2574 4716 2680 4770 Sed
2711 4716 2852 4771 sicut
2878 4717 3090 4772 Iumbar
3120 4717 3370 4772 intimum
3399 4727 3482 4773 est
3512 4719 3744 4777 humano

2159 4810 2395 4881 corpori,
2425 4819 2479 4864 et
2509 4809 2710 4864 arctius
2741 4811 2983 4866 adhaeret
3037 4826 3200 4881 quam
3257 4810 3478 4881 reliquie
3545 4824 3740 4879 vestes,

2118 4904 2229 4958 'ita
2282 4903 2551 4959 clericalis
2579 4905 2714 4958 ordo
2754 4903 3076 4960 familiarius
3125 4906 3323 4962 divinis
3379 4907 3742 4978 agglutinatur

2363 4996 2423 5020 τε-
2483 5011 2638 5020 και..-
2671 4997 2845 5020 ΑΜΙΑ-²
2881 4997 3123 5020 I...-..!_--
3177 4998 3326 5020 03...--
3355 4999 3460 5020 3ll2-
3512 5000 3558 5020 l-
3583 4999 3680 5020 ιι..-
3708 5017 3715 5019 .

2155 4996 2423 5020 Αἱ.-.ι....ξῖι.
2483 5011 2638 5020 παρ..-
2671 4997 2845 5020 «Msa-2
2881 4997 3123 5020 l...-..!_--
3177 4998 3326 5020 02...--
