3964 5310
238 213 360 274 345

1503 213 1704 270 LIBER
1743 210 2071 283 QUINTUS,
2113 214 2332 272 EPIST.
2374 215 2438 271 V.

3406 214 3511 277 546

243 343 401 385 nunc
431 324 616 382 clerici
642 323 950 394 specialiter
974 323 1249 381 adhaerent
1285 324 1502 382 Christo
1530 343 1642 398 prae
1697 343 1835 383 cun-
1862 333 1914 392 Α
1941 329 2293 386 demonstrat.
2317 331 2396 385 Ad
2425 329 2596 388 instar
2620 345 2748 404 ergo
2771 331 3029 388 lumbaris
3053 331 3108 388 in
3123 331 3374 388 ltumecto
3394 333 3512 390 loco

244 418 362 475 etis
387 416 651 472 membris
676 415 951 471 Ecclesiaa.
992 413 1082 471 Isti
1122 430 1315 488 nempe
1353 426 1480 472 sunt
1532 417 1746 474 lumbar
1772 418 1836 473 li-

246 526 417 566 neum
440 509 663 565 arctiori
676 508 856 564 divino
879 511 1093 581 corpori
1111 510 1476 568 familiaritate
1496 527 1832 570 connexum:

246 602 424 658 linum
460 600 732 672 siquidem
780 600 1049 658 laboriose
1101 603 1348 672 pervenit
1377 603 1446 658 ad
1501 604 1834 672 candorem;

251 703 313 750 et
333 693 524 750 clerici
564 693 725 751 modo
750 693 1056 750 litterarum
1083 696 1275 753 studiis
1303 696 1626 763 iusudando,
1681 699 1840 755 modo

249 802 354 860 per
376 787 664 844 intervalla
700 796 1000 858 temporum
1026 788 1348 860 quibusdam
1377 791 1632 861 gradibus
1654 805 1842 846 ascen-

250 882 455 949 dendo,
488 881 704 940 difﬁcile
729 892 1119 954 promoventur
1146 886 1214 941 ad
1261 887 1402 943 sacri
1431 887 1638 943 ordinis
1666 887 1842 958 digni-

257 982 425 1030 tatem
454 992 468 1029 :
500 975 740 1050 alioquin
766 977 811 1032 si
857 978 981 1048 quis
1028 979 1399 1036 contentiosus
1453 989 1685 1048 astruat,
1739 982 1843 1038 hoc

249 1065 404 1136 juxta
447 1064 747 1138 Scriptura:
796 1069 994 1124 seriem
1046 1070 1399 1128 bistorialiter
1462 1071 1686 1139 factum,
1741 1086 1843 1128 nec

237 1155 587 1226 ,spirituliter
615 1158 1052 1230 intelligendum;
1077 1164 1346 1232 quomodo
1375 1162 1642 1219 Jeremias
1663 1165 1839 1235 potuit

253 1247 402 1303 inter
459 1248 884 1307 innumerabiles
937 1253 1302 1325 Assyriorum,
1361 1253 1842 1326 Chaldaeorumque

251 1341 508 1397 nationes
537 1343 727 1398 urbem
747 1341 1044 1400 Jerusalem
1075 1347 1392 1416 constipatis
1414 1348 1717 1419 agminibus
1745 1347 1840 1404 ob-

253 1431 519 1498 sidentes,
552 1432 781 1490 lumbari
811 1437 1134 1506 pmeinctus
1162 1439 1314 1495 exire
1354 1457 1368 1494 :
1409 1440 1571 1510 idque
1628 1441 1684 1497 in
1732 1441 1840 1497 Eu-

242 1521 470 1591 phrate,
497 1524 591 1594 qui
629 1533 736 1580 tam
766 1525 925 1597 longe
970 1529 1231 1596 decurrit,
1287 1530 1658 1588 abscondere?
1689 1532 1840 1587 Post-

247 1614 471 1668 modum
500 1630 716 1686 quoque
748 1617 1028 1690 proﬂigato
1063 1620 1304 1675 diuturni
1337 1622 1596 1692 temporis
1652 1639 1836 1690 cursu,

247 1718 357 1774 quo
377 1715 540 1776 pacto
564 1709 719 1778 quasi
745 1723 968 1765 securus
983 1711 1160 1776 rediit,
1191 1711 1427 1783 illudque
1452 1713 1834 1784 putrefactum,
1866 1695 1914 1754 Β

243 1797 391 1852 sicut
437 1797 719 1869 Scriptura
769 1810 1015 1869 testatur,
1069 1804 1305 1870 invenit;
1358 1821 1480 1861 cum
1536 1805 1832 1864 Jerusalem

237 1886 502 1952 ,videlicet
539 1890 704 1955 fossa,
735 1893 895 1961 vallo,
919 1895 1181 1961 castellis,
1226 1906 1282 1952 et
1313 1905 1422 1951 tam
1451 1899 1644 1954 crebra
1681 1899 1838 1954 undi-

242 1992 351 2048 que
365 1989 514 2036 esset
543 1983 844 2040 munitione
860 1987 1228 2043 circumdata?
1257 1987 1390 2043 Nam
1406 2005 1530 2044 cum
1543 1990 1834 2062 aliquando

245 2071 391 2126 idem
413 2075 677 2143 propheta
701 2077 768 2131 ad
790 2077 1067 2134 Anathoth
1097 2074 1334 2135 vicuium
1369 2098 1527 2138 suum
1559 2085 1614 2139 in
1667 2086 1832 2141 tertio

241 2164 504 2221 milliaria
532 2166 602 2221 ab
638 2169 772 2224 urbe
795 2170 962 2225 situm
1014 2181 1304 2229 conaretur
1345 2176 1517 2241 exire,
1571 2176 1624 2230 in
1675 2186 1831 2246 porta

238 2257 499 2324 protinus
558 2261 794 2330 capitur,
847 2262 914 2316 ad
957 2264 1229 2336 principes
1282 2267 1536 2331 trahitur,
1595 2270 1834 2339 graviter

238 2347 587 2415 verberatur,
617 2359 672 2406 et
696 2361 950 2423 tanquam
977 2355 1280 2427 transfuga,
1310 2358 1425 2414 sive
1472 2359 1660 2429 patria:
1709 2375 1834 2430 pro-

240 2439 459 2496 ditorin
491 2458 766 2500 carcerem
796 2447 1030 2502 truditur
1054 2448 1187 2520 (Jer.
1233 2453 1464 2519 xxxvii).
1523 2452 1660 2518 Quia
1703 2468 1832 2525 ergo

239 2545 347 2586 non
369 2533 745 2604 consequitur,
775 2547 834 2590 ut
861 2537 1191 2609 intelligatur
1221 2541 1574 2597 historialiter
1599 2544 1823 2608 factum,

239 2634 457 2679 constat
479 2626 666 2695 procul
693 2628 855 2685 dubio
881 2631 1074 2700 typicae
1100 2633 1282 2704 figura:
1297 2649 1402 2689 non
1426 2635 1613 2691 deesse
1638 2645 1836 2708 myste-

238 2717 402 2772 rium.
439 2719 587 2776 Bene
611 2735 742 2792 ergo
769 2737 865 2793 per
891 2723 1103 2780 lumbar
1123 2725 1344 2792 lineum,
1369 2727 1522 2796 juxta
1554 2730 1686 2802 haec,
1712 2745 1833 2800 qua

243 2811 497 2879 superius
519 2815 664 2869 dicta
696 2826 844 2882 sunt,
876 2819 1076 2873 chorus
1126 2821 1451 2890 exprimitur
1485 2820 1827 2878 clericorum.

239 2903 397 2972 Quod
435 2916 618 2972 autem
673 2909 1016 2966 hoclumbar
1061 2912 1115 2966 in
1146 2912 1443 2986 Euphrate,
1501 2914 1602 2970 hoc
1646 2923 1730 2970 est
1776 2916 1830 2970 in

236 3013 450 3069 aquoso
470 2999 613 3065 loco,
643 3010 699 3056 et
728 3002 780 3057 in
803 3002 1069 3058 foramine
1097 3013 1282 3075 petra,
1315 3006 1367 3061 id
1397 3014 1480 3060 est
1506 3006 1558 3060 in
1587 3006 1832 3062 obscuri-

1937 422 2320 492 positi,clcrici
2350 434 2805 493 computrescunt,
2837 425 2963 480 dum
2989 426 3240 482 ltumidos
3270 429 3510 497 crapula,

1940 523 1996 568 et
2033 513 2298 569 ebrietate
2333 515 2492 587 149
2519 525 2735 571 ventres
2767 517 3123 588 ingurgitant,
3161 519 3287 573 dum
3311 519 3512 575 illuviei

1941 622 1999 662 se
2029 607 2264 663 libidinis
2299 619 2352 664 et
2401 625 2633 665 emnosze
2687 611 2910 666 luxuriae
2950 610 3164 666 ﬂuentis
3220 613 3535 668 inundant:

1942 698 2128 768 sicque
2163 698 2372 754 cunctis
2400 701 2587 755 usibus
2641 700 2936 756 redduntur
2964 699 3199 763 inutiles,
3247 702 3371 771 quia
3407 714 3517 772 quo

1943 789 2117 859 magis
2143 790 2394 844 videntur
2421 791 2475 844 in
2509 805 2674 847 carne
2700 793 2988 856 virescere,
3020 806 3086 845 eo
3110 790 3348 846 deterius
3371 806 3516 845 mar-

1942 872 2219 937 cescentes
2246 882 2592 938 obsolescunt
2614 883 2666 937 in
2698 883 2998 953 squalentis
3031 884 3224 938 animae
3252 881 3512 938 foeditate.

1942 970 2017 1026 De
2043 973 2236 1042 quibus
2264 973 2316 1028 in
2346 973 2582 1044 psalmo:
2618 993 2634 1026 ι
2655 973 2905 1043 Corrupti
2934 983 3075 1035 sunt,
3104 973 3297 1043 inquit,
3316 980 3371 1028 et
3391 974 3520 1028 abo-

1941 1063 2222 1120 minabiles
2242 1063 2368 1120 facti
2386 1065 2578 1120 suntin
2605 1065 2968 1135 voluptatibus
2983 1064 3095 1120 suis
3119 1061 3293 1136 (Psal.
3323 1061 3468 1136 xm).
3491 1081 3512 1116 ι

2515 1179 2849 1237 EPISTOLA
2891 1180 2956 1235 V.

2277 1289 2346 1328 ΑΙ)
2385 1288 2690 1328 Αωιῑιιιευιι
2730 1287 3182 1328 ARCIIIDIACONUI.

1939 1363 2334 1421 Ancuuauruu.
2372 1396 2442 1405 ——
2475 1364 2802 1419 Almcricum
2842 1363 3282 1418 archidiaconum
3319 1370 3524 1433 quanta

2010 1436 2379 1505 benevolentia
2404 1447 2780 1505 prosequatur,
2800 1434 3053 1505 oswndit,
3081 1435 3204 1488 dum
3227 1449 3348 1487 cum
3377 1434 3524 1502 plus-

2010 1521 2169 1575 quam
2206 1504 2458 1562 fratres'a
2500 1522 2558 1560 se
2592 1505 2762 1559 amari
2802 1505 2948 1558 dicit.
2990 1504 3196 1558 Laudat
3231 1505 3475 1575 eumdem
3502 1543 3520 1569 ,

2011 1574 2270 1646 rogatque
2307 1586 2367 1631 ut
2402 1593 2558 1632 suum
2598 1575 2794 1646 librum
2836 1576 2902 1628 ad
2938 1589 2997 1646 se
3038 1576 3316 1630 remittat:
3359 1574 3516 1646 item-

2012 1644 2118 1715 que
2141 1649 2316 1716 pisces
2341 1648 2544 1716 aliquot
2567 1645 2634 1698 ad
2661 1645 2972 1700 monasterii
3000 1660 3152 1699 usum
3179 1644 3520 1700 necessarios

2013 1717 2079 1772 ad
2107 1732 2165 1773 se
2194 1719 2548 1772 transmittat.

2009 1810 2216 1865 Domno
2253 1808 2535 1864 ALIERICO
2570 1808 2982 1873 archidiacono,
3013 1805 3229 1861 Parnus
3267 1815 3524 1876 peccator

1937 1902 2238 1957 monachus
2263 1900 2516 1956 fraterna:
2545 1901 2826 1956 cltaritatis
2859 1899 3131 1954 affectum.

2006 1993 2252 2059 Quantus
2297 2008 2424 2064 erga
2477 2002 2527 2046 te
2556 2034 2570 2057 ,
2619 1992 2688 2045 fili
2731 1990 3087 2054 charissime,
3141 2004 3275 2044 meae
3322 1987 3518 2044 mentis

1935 2101 2087 2140 amor
2116 2084 2578 2155 infervcat,quam
2605 2091 2763 2138 tenax
2795 2099 2857 2137 ac
2882 2082 3134 2152 pervicax
3159 2082 3231 2136 tui
3259 2080 3520 2136 memoria

1936 2176 2001 2232 de
2049 2186 2230 2230 nostro
2269 2184 2487 2246 pectore
2523 2191 2629 2229 non
2673 2176 2888 2230 recedat
2914 2217 2929 2240 ,
2973 2175 3018 2229 is
3045 2216 3058 2238 ,
3101 2174 3191 2243 qui
3236 2173 3520 2228 cltaritatis

1936 2279 2126 2324 auctor
2154 2279 2267 2333 est,
2316 2268 2685 2323 sincerissimo
2724 2268 2873 2322 cordi
2909 2276 2999 2321 tuo
3035 2275 3257 2321 sanctus
3287 2265 3521 2335 Spiritus

1937 2364 2257 2418 innotescat.
2286 2363 2625 2418 Conscientia
2655 2361 2922 2430 siquidem
2948 2369 3106 2424 teste,
3133 2375 3236 2414 non
3266 2358 3517 2424 mentior,

1937 2457 2056 2512 illos
2082 2458 2245 2512 etiam
2277 2457 2415 2526 apud
2444 2471 2527 2510 me
2553 2457 2633 2512 vis
2657 2465 2760 2509 tuze
2788 2454 3089 2509 dilectionis
3119 2453 3351 2515 excedit,
3383 2464 3519 2519 quos

1935 2547 2064 2602 mihi
2105 2547 2443 2602 necessitudo
2479 2560 2748 2617 germana:
2790 2542 3271 2614 consanguinitatis
3314 2541 3518 2595 astrin-

1933 2641 2027 2710 git.
2072 2638 2136 2692 Et
2166 2647 2311 2694 certe
2343 2638 2560 2708 dignum
2597 2645 2681 2691 est
2710 2643 2769 2689 ut
2799 2634 3015 2690 dilectio
3044 2631 3339 2702 spiritualis
3367 2645 3518 2685 amo-

1932 2747 2048 2785 rem
2088 2738 2303 2800 superet
2341 2730 2543 2783 carnis.
2577 2729 2962 2782 Verumtamen
3002 2725 3184 2786 doleo,
3217 2722 3361 2792 quod
3399 2735 3519 2776 aro-

1936 2820 2130 2875 malica
2171 2819 2378 2890 virgula
2434 2821 2574 2873 inter
2623 2815 2822 2871 littorei
2873 2813 3043 2869 sabuli
3096 2813 3304 2883 glareas
3349 2825 3521 2881 nuper

1934 2920 2145 2975 exorta,
2178 2910 2230 2964 in
2255 2911 2444 2964 eodem
2474 2908 2764 2964 subsicicio
2795 2906 3034 2962 cernitur
3066 2903 3227 2957 altius
3257 2903 3515 2956 radicata.

1937 3002 2066 3070 Quae
2097 3002 2348 3056 nimirum
2387 3002 2430 3056 si
2468 3001 2533 3056 de
2567 3000 2873 3063 sterilibus,
2911 2997 2966 3052 in
3014 2996 3209 3066 quibus
3248 3003 3522 3064 utcunque

238 3066 369 3154 tate,
407 3100 567 3162 atque
589 3093 779 3147 umbra
814 3095 936 3164 poni
961 3066 1207 3163 jubetur,
1240 3097 1368 3166 quid
1394 3112 1492 3168 per
1521 3098 1623 3152 hoc
1651 3097 1830 3167 expri-
1859 3066 1906 3130 α
1937 3066 2071 3150 vivit
2095 3095 2293 3158 arenis,
2326 3093 2813 3163 transplantaretur
2841 3092 2893 3144 in
2933 3090 3149 3144 hortum
3181 3087 3384 3141 militia:
3410 3084 3520 3155 spi-

236 3182 426 3246 mitur,
457 3182 563 3237 nisi
596 3183 685 3238 illa
715 3183 1035 3240 clericorum
1063 3202 1207 3256 pars,
1242 3202 1362 3256 qua:
1399 3189 1502 3242 sub
1531 3189 1828 3244 voluntatis

239 3272 306 3346 [Ῑ.
343 3274 662 3348 voluptatis]
709 3276 918 3342 umbra,
948 3287 1004 3332 et
1048 3279 1101 3332 in
1133 3277 1278 3333 ﬂuxu
1311 3279 1536 3335 luxuriae
1583 3295 1827 3336 commo-

239 3366 431 3420 ratur?
457 3367 534 3422 De
558 3383 791 3437 quorum
819 3369 955 3424 duce
982 3369 1036 3424 in
1067 3369 1208 3424 libro
1229 3368 1330 3426 Job
1353 3370 1616 3426 Dominus
1661 3372 1821 3427 dicit:

232 3473 266 3538 _c
311 3455 424 3512 Sub
451 3459 644 3513 umbra
698 3459 914 3526 dormit,
960 3461 1014 3514 in
1072 3469 1282 3516 secreto
1336 3462 1553 3529 calami,
1607 3472 1664 3518 et
1693 3463 1829 3519 locis

237 3549 594 3606 humentibus
625 3551 770 3621 (Job.
797 3558 909 3625 ιλιι).
947 3572 965 3605 ι
1001 3551 1293 3624 Protegunt
1326 3554 1529 3610 umbra:
1582 3555 1826 3611 umbram

235 3644 373 3715 ejus,
405 3645 752 3701 circumdant
804 3662 928 3702 eum
958 3646 1148 3702 salices
1203 3648 1488 3713 torrentis;
1535 3658 1718 3718 atque,
1770 3658 1830 3704 ut

233 3738 487 3793 ostendat
508 3749 772 3808 quantum
802 3754 921 3794 cum
978 3740 1090 3796 suis
1141 3739 1500 3795 familiaribus
1547 3740 1829 3794 inhabita-

237 3832 384 3886 tione
414 3829 658 3886 ﬂuminis
695 3831 1012 3896 delectetur,
1043 3833 1294 3902 protinus
1327 3833 1559 3886 addidit:
1609 3852 1627 3884 ‹
1687 3833 1827 3888 Ecce

233 3924 814 3991 absorbebitﬂuvium,
838 3933 891 3980 et
924 3939 1031 3980 non
1055 3924 1336 3979 mirabitur
1357 3924 1579 3996 (1ὺὶι1.);
1613 3944 1630 3976 ι
1667 3925 1829 3980 liabet

233 4018 377 4073 enim
413 4018 695 4083 fiduciam,
722 4018 866 4086 quod
918 4015 1104 4072 influat
1165 4016 1414 4072 Iordanis
1464 4016 1518 4070 in
1574 4032 1635 4072 os
1688 4014 1822 4085 ejus.

233 4109 387 4178 Quod
419 4119 605 4166 autem
655 4110 874 4175 dicitur,
909 4110 1072 4166 fuisse
1099 4111 1331 4181 positum
1358 4111 1409 4165 in
1441 4109 1702 4164 foramine
1730 4123 1824 4180 pe-

237 4211 352 4270 tra,
385 4211 570 4275 potest
610 4219 722 4258 non
763 4203 1208 4259 inconvenienter
1247 4204 1470 4274 intelligi
1502 4205 1639 4258 intra
1673 4211 1826 4273 septa

233 4295 511 4351 ecclesia):
544 4293 702 4366 quasi
735 4295 880 4350 enim
911 4295 964 4350 in
990 4294 1253 4350 foramine
1275 4304 1440 4364 petrze
1464 4294 1641 4350 clerici
1662 4293 1828 4349 reclu-

234 4387 459 4452 duntur,
484 4387 614 4440 dum
659 4387 804 4442 intra
852 4386 1097 4442 ecclesia:
1153 4385 1336 4441 limina
1393 4386 1506 4441 suis
1552 4387 1823 4440 excubare
1848 4421 1902 4481 Β

234 4479 554 4534 ministeriis
578 4478 766 4534 sedula
793 4477 1526 4548 frequentationejubentur.
1582 4476 1821 4532 Lumbar

232 4588 357 4643 ergo
381 4573 439 4627 in
466 4573 711 4628 humenti
737 4571 856 4627 loco
884 4573 1112 4642 positum
1145 4573 1372 4641 putruit,
1429 4571 1555 4641 quia
1591 4571 1657 4626 de
1710 4569 1817 4635 his,

232 4665 319 4734 qui
350 4665 408 4721 in
431 4663 661 4720 luxuria:
693 4663 930 4719 ﬂuxibus
965 4663 1340 4727 immorantur,
1363 4663 1624 4733 propheta
1656 4670 1822 4716 testa-

235 4768 352 4813 tur:
413 4778 432 4810 ι
495 4759 965 4830 Computruerunt
1017 4755 1260 4826 jutncnta
1321 4753 1385 4834 in’
1427 4763 1666 4810 stercore
1722 4769 1821 4809 suo

233 4849 394 4919 (loci.
428 4852 488 4920 ι).
525 4869 543 4902 ι
573 4848 824 4904 Jumenta
857 4846 1057 4916 quippe
1082 4847 1137 4900 in
1191 4855 1432 4901 stercore
1477 4860 1576 4900 suo
1603 4860 1821 4916 compu-

235 4951 494 5007 trescunt,
517 4941 643 4996 dum
668 4941 874 5012 quique
887 4936 1136 4992 carnales
1160 4952 1223 4992 ac
1251 4935 1453 4992 sordidi
1477 4937 1643 4991 vitam
1666 4951 1821 4991 suam

233 5034 286 5090 in
317 5034 544 5089 luxuria:
571 5031 760 5088 faetore
793 5027 1147 5086 concludunt.
1176 5026 1317 5082 Nulli
1355 5027 1519 5081 etiam
1551 5026 1670 5081 usui
1720 5040 1820 5094 ap-

234 5138 342 5183 tum
369 5143 514 5198 repet
530 5134 634 5181 tum
662 5135 766 5190 est,
797 5119 933 5193 quia
960 5128 1012 5172 et
1034 5118 1290 5176 Dominus
1304 5120 1413 5172 ait:
1447 5135 1465 5168 ι
1495 5117 1662 5173 Nemo
1691 5116 1817 5172 mit-

233 5230 351 5280 tens
381 5236 596 5276 manum
621 5235 777 5278 suam
815 5214 886 5270 ad
921 5222 1182 5277 aratrum,
1229 5223 1284 5268 et
1313 5212 1612 5280 respiciens
1645 5219 1812 5275 retro,

1932 3187 2164 3252 ritttalis,
2191 3186 2314 3240 illud
2334 3184 2517 3256 procul
2534 3183 2695 3238 dubio
2719 3197 2940 3253 germen
2963 3178 3200 3242 aﬂ'erret,
3227 3175 3380 3243 cujus
3406 3189 3514 3230 non

1929 3282 2101 3340 dicam
2139 3282 2362 3344 fructus,
2403 3280 2493 3334 sed
2533 3295 2598 3333 ne
2642 3277 2826 3332 folium
2856 3275 3093 3345 quidem,
3134 3273 3288 3342 juxta
3323 3267 3517 3339 psalmi

1929 3373 2284 3443 praecedentis
2309 3369 2613 3430 oraculum,
2635 3365 2925 3436 deperiret.
2957 3363 3185 3432 Semper
3207 3361 3348 3416 enim
3376 3359 3518 3413 sicut

1930 3463 2121 3518 cedrus
2160 3460 2382 3523 Libani,
2413 3457 2495 3512 vel
2526 3457 2666 3510 sicut
2706 3455 2883 3523 palma
2914 3453 3209 3506 viresceret
3231 3490 3244 3514 ,
3275 3457 3330 3502 et
3373 3448 3516 3502 sicut

1928 3551 2066 3606 oliva
2119 3548 2396 3604 fructifera
2443 3548 2497 3600 in
2549 3546 2707 3599 domo
2752 3542 2964 3597 Domini
3007 3539 3252 3610 perpetui
3299 3535 3514 3591 decoris

1926 3645 2073 3700 oleas
2109 3641 2458 3711 germinaret.
2508 3637 2612 3692 Sed
2645 3637 2761 3690 hzec
2796 3634 2962 3699 satis,
2996 3644 3284 3700 superque.
3329 3627 3515 3683 deet

1927 3735 2070 3791 enim
2103 3733 2350 3788 laborare
2377 3729 2722 3792 scribentem,
2753 3726 2894 3798 quod
2923 3741 3032 3780 non
3059 3723 3290 3778 libenter
3321 3720 3516 3776 admit-

1929 3838 2041 3883 tere
2072 3823 2382 3894 cognoverit
2411 3821 2732 3874 auditorem.
2767 3817 2834 3871 Et
2859 3815 2951 3870 ubi
2981 3829 3076 3870 cor
3102 3811 3371 3868 audientis
3391 3825 3514 3865 ma-

1928 3918 2062 3974 teria
2094 3914 2356 3978 stimulat,
2393 3907 2954 3982 prolixaescriplionis
2997 3904 3258 3960 articulus
3287 3917 3396 3958 non
3425 3901 3516 3958 de-

1927 4011 2108 4066 lectat.
2154 4007 2421 4061 Caeterum
2464 4003 2509 4057 si
2557 4011 2609 4056 te
2646 4012 3030 4072 cognoscerem
3079 3997 3275 4052 talibus
3324 4007 3514 4050 aurem

1926 4104 2158 4158 libenter
2195 4114 2485 4171 apponere,
2515 4097 2795 4152 videretur
2831 4093 2998 4160 mihi,
3027 4092 3170 4164 quod
3197 4089 3514 4146 Demosthe-

1926 4209 2050 4249 nem
2082 4191 2168 4248 vel
2201 4190 2435 4245 Tullium
2462 4187 2616 4244 facile
2638 4201 2854 4257 possem
2879 4185 2933 4240 in
2955 4182 3220 4239 afﬂuentia
3246 4179 3513 4236 sermonis

1927 4300 2159 4355 aequare.
2184 4283 2420 4338 Remitte
2443 4280 2575 4335 mihi
2606 4279 2845 4334 libellum
2874 4285 3140 4330 nostrum.
3168 4273 3235 4327 Et
3261 4272 3384 4344 quia
3412 4283 3512 4325 nos

1929 4389 2122 4431 carnes
2151 4374 2202 4427 in
2228 4374 2465 4429 secunda
2494 4369 2626 4424 feria
2657 4385 2765 4424 non
2795 4366 3158 4427 comedimus,
3189 4362 3390 4432 aliquot
3415 4374 3512 4415 no-

1925 4467 2009 4522 bis
2054 4467 2228 4536 pisces
2278 4463 2432 4534 dirigi
2482 4477 2580 4532 pro
2634 4458 2929 4515 Dominica:
2978 4455 3285 4510 Nativitatis
3337 4449 3511 4520 gloria

1925 4558 2295 4631 postulamus;
2353 4564 2411 4608 ut
2462 4553 2604 4624 quod
2656 4549 2926 4626 fratribus.
2965 4548 3231 4610 mittitur,
3285 4544 3336 4597 in
3388 4549 3512 4597 tuos

1926 4659 2216 4716 utrumque
2241 4644 2420 4700 valeat
2449 4643 2751 4699 redundare
2774 4647 3029 4710 parentes
3053 4654 3067 4702 ;
3092 4645 3356 4706 quatenus
3383 4634 3511 4686 dum

1928 4741 2061 4798 istos
2096 4738 2321 4795 refectio
2349 4746 2563 4792 terrena
2591 4735 2911 4804 refrigerat,
2941 4745 3041 4800 pro
3071 4729 3174 4784 illis
3204 4726 3514 4783 orationum

1925 4839 2050 4886 vota
2102 4829 2434 4901 persolvant.
2485 4824 2918 4886 Dilectissimos,
2970 4831 3133 4890 atque
3176 4815 3517 4873 dulcissimos

1925 4923 2123 4978 fratres
2154 4937 2304 4979 meos
2337 4917 2647 4986 Iulianum,
2681 4927 2843 4985 atque
2876 4910 3242 4977 Fuscardum,
3271 4917 3326 4963 et
3362 4919 3518 4976 egre-

1924 5015 2071 5086 gium
2107 5013 2454 5078 Filomelam,
2484 5011 2688 5067 domini
2715 5008 2780 5082 Π.
2803 5005 3109 5078 dominum]
3139 4999 3515 5062 Corbulonem,

1925 5106 2017 5178 qui
2047 5121 2134 5161 me
2162 5103 2367 5176 copiosi
2399 5111 2651 5171 sumptus
2681 5097 3020 5157 humanitate
3056 5095 3278 5157 refecit,
3308 5105 3372 5145 ex
3392 5101 3518 5178 mea

1923 5177 2078 5267 parte
2100 5196 2294 5262 saluta,
2324 5207 2520 5263 meque
2541 5207 2652 5248 non
2681 5187 2933 5260 frigidum
2965 5188 3017 5242 in
3040 5201 3228 5244 eorum
3254 5177 3520 5236 cbaritate

1929 5286 2175 5310 .ΙΑ...-..ιζ.ιι
