3964 5310
488 351 592 411 ειτ

952 472 1112 547 150
1142 474 1482 534 EPlS'l'OLA
1525 477 1608 534 vr.

487 574 676 618 LSONIS
710 574 858 617 ΡΔΡΒ
898 576 950 621 ιι
990 577 1059 623 ΑΙ)
1093 579 1304 621 οιι-ῑιιυιι
1345 581 1416 622 ET
1454 581 1699 623 POPULUI
1738 578 2072 627 AUXIIMNUII.

486 672 884 750 Ancutleu'ruit.
909 703 982 715 —
1004 673 1119 750 Leo
1146 675 1215 731 ιχ
1244 679 1435 750 scribit
1462 680 1530 734 ad
1556 679 1913 744 Ausimanos,
1941 695 2077 750 pra:-

556 743 766 820 cipiens
797 745 899 800 sub
929 746 1292 807 anathematis
1319 762 1480 820 ptena
1504 792 1518 813 ,
1547 762 1605 805 ut
1634 743 1923 820 pessimam
1942 743 2079 806 'con-

555 814 921 892 suetudinem,
945 830 1067 887 qua:
1095 819 1146 874 in
1174 814 1359 892 eorum
1388 814 1659 892 praecipue
1684 824 1903 878 civitate
1925 822 2079 876 inva-

554 885 751 974 Itterat,
773 885 1128 974 corrigerent,
1152 897 1211 974 et
1230 885 1577 974 abrogarent,
1593 892 1847 949 defuncto
1870 895 2081 974 scilicet

552 957 849 1036 episcopo,
873 957 1041 1036 bona
1095 957 1465 1020 ecclesiasﬁca
1512 957 1780 1021 concursu
1828 960 2079 1036 populari

558 1025 703 1084 facto
724 1025 1039 1099 diripiendi.

558 1110 669 1174 ἰ.εο
704 1119 1022 1191 episcopus,
1069 1137 1258 1180 servus
1292 1139 1576 1183 servorum
1606 1126 1735 1195 Dei,
1772 1127 1985 1185 dilectis
2023 1128 2076 1189 in

487 1210 705 1268 Christo
745 1212 869 1268 ﬁliis
902 1213 1154 1273 omnibus
1190 1219 1543 1287 Auximanis,
1583 1221 1733 1277 clero
1757 1232 1812 1278 et
1844 1221 2076 1296 populo,

412 1308 417 1313 ’
486 1307 721 1363 salutem
750 1317 805 1364 et
833 1308 1187 1379 apostolicam
1221 1312 1673 1370 benedictionem.

555 1401 695 1468 Quia
731 1413 953 1461 auctore
997 1406 1135 1471 Deo,
1167 1409 1249 1462 sic
1278 1408 1434 1465 nobis
1469 1410 1630 1465 unius
1665 1410 1918 1467 Ecclesiae
1948 1426 2076 1467 cura

485 1494 792 1564 specialiter
820 1505 903 1552 est
934 1499 1222 1555 commissa
1241 1539 1257 1565 ,
1300 1508 1359 1554 ut
1390 1516 1488 1571 per
1513 1500 1828 1572 dignitatem
1864 1510 2076 1573 aposto-

484 1582 603 1643 licis
634 1587 784 1645 sedis
818 1589 982 1646 etiam
1021 1600 1342 1648 cteterarum
1389 1592 1757 1649 Ecclesiarum
1802 1595 2077 1667 generalis

485 1679 557 1732 sit
577 1672 816 1749 provisio
836 1680 1105 1752 delegata,
1131 1692 1321 1738 nostro
1342 1693 1649 1755 competere
1672 1684 1883 1740 videtur
1902 1684 2083 1742 cilicio

403 1767 406 1770 ’
483 1784 590 1826 non
620 1770 793 1827 solum
828 1786 948 1843 quae
986 1771 1251 1830 hactenus
1277 1775 1537 1831 adversus
1562 1778 1780 1831 easdem
1802 1776 2076 1832 Ecclesias

1037 355 1096 413 8.
1140 356 1347 417 PETRI
1384 355 1672 417 DAMIANI
1695 356 1852 416 OPP.
1892 355 2075 424 PARS
2113 356 2248 417 SEU
2291 353 2528 414 'I'OMUS
2556 355 2602 413 Ι.
2643 388 2714 400 -
2750 354 2975 414 EPIST.
3006 356 3134 415 LIB.
3177 355 3311 413 VIII.

2103 478 2154 540 Α
2181 473 2440 532 lutionem
2477 473 2617 530 felici
2646 475 2974 532 commercio
3012 481 3409 546 promerentur,
3441 487 3779 544 consequen-

3677 354 3777 410 318

2182 576 2268 624 ter
2292 569 2457 624 etiam
2485 567 2592 634 illi,
2620 568 2709 638 qui
2743 567 3141 624 ecclesiasticas
3173 565 3461 622 facultates
3491 565 3779 622 barbarica

2182 656 2397 718 feritate
2426 661 2716 732 diripiunt,
2746 662 2798 717 in
2829 670 3047 717 aeterna!
3073 660 3435 717 damnationis
3463 661 3778 732 voraginem

2183 752 2402 808 cadunt.
2433 752 2533 820 Qui
2567 754 2822 809 nimirum
2846 767 2987 810 novo
3014 765 3068 809 et
3093 753 3504 824 incomparabili
3532 754 3779 811 criminis

2182 856 2380 917 genere
2428 848 2506 901 sic
2548 845 2829 902 Iudaicam
2881 848 3159 917 pcrildiam
3210 854 3508 918 superant,
3562 855 3624 901 ut
3672 857 3780 904 non

2182 939 2342 994 modo
2367 938 2646 1010 gentilium
2674 951 2915 994 errorem
2933 981 2946 1005 ,
2980 940 3074 994 sed
3100 946 3156 995 et
3186 930 3571 995 htereticorum
3596 936 3779 1008 pravi-

2183 1035 2349 1083 tatem
2389 1028 2820 1085 detestabiliores
2870 1030 3153 1085 excedant.
3200 1030 3246 1084 Α
3289 1029 3488 1099 quibus
3526 1029 3780 1086 videlicet

2181 1119 2430 1177 Christus
2478 1122 2674 1177 iterum
2717 1120 3074 1195 cruciﬁgitur,
3112 1130 3171 1178 et
3198 1134 3394 1193 corpus
3436 1122 3596 1197 ejus,
3634 1123 3779 1192 quod

2182 1223 2265 1269 est
2303 1214 2566 1280 Ecclesia,
2597 1212 2888 1270 crudeliter
2930 1215 3220 1272 laceratur.
3258 1216 3617 1285 Reprimatur
3646 1222 3778 1286 ergo

2182 1320 2347 1361 ausus
2378 1306 2620 1373 illicitus,
2649 1316 2703 1362 et
2732 1307 2973 1364 nefarius
2995 1308 3272 1363 diabolica:
3296 1306 3667 1380 instigationis
3688 1316 3779 1362 eo-

2181 1396 2433 1451 hibeatur
2455 1410 2733 1453 excessus.
2767 1398 3051 1453 Abstineat
3081 1412 3275 1455 manus
3309 1398 3487 1453 audax
3516 1396 3781 1455 ecclesii-

2183 1491 2323 1546 stico
2370 1491 2730 1562 patrimonio,
2781 1506 2850 1547 ne
2892 1491 3067 1548 victus
3110 1504 3405 1564 pauperum
3442 1500 3672 1562 pereat;
3710 1497 3779 1547 ne

2179 1583 2322 1652 quod
2362 1597 2425 1638 ex
2462 1583 2735 1639 obiationc
2778 1583 3013 1640 fidelium
3046 1583 3162 1655 jam
3194 1583 3304 1640 Deo
3336 1580 3540 1640 factum
3576 1590 3665 1640 εει
3688 1592 3781 1640 sa-

2179 1672 2444 1731 orificium
2468 1718 2481 1741 ,
2514 1677 2691 1747 praeda
2721 1686 2994 1748 raptorum
3024 1676 3139 1734 fiat.

2250 1767 2505 1838 Quisquis
2537 1777 2718 1823 autem
2761 1770 2920 1841 hujus
2960 1770 3131 1825 nostri
3159 1770 3362 1826 decreti
3394 1766 3673 1840 improbus
3698 1778 3779 1826 te-

485 1865 793 1923 [emerariis
834 1867 1057 1924 ausibus
1102 1877 1230 1924 sunt
1272 1878 1529 1941 usurpata
1554 1911 1568 1937 ,
1612 1872 1889 1943 corrigere
1922 1885 1935 1924 ε
1982 1870 2078 1926 sed
2110 1866 2153 1927 Β
2181 1872 2419 1916 merator
2460 1863 2727 1917 exstiterit
2753 1904 2765 1927 ,
2805 1878 2869 1918 ex
2917 1873 3069 1935 pttt'le
3109 1863 3202 1919 Dei
3247 1862 3679 1935 omnipotentis,
3723 1866 3779 1919 εἴ

482 1957 648 2013 etiam
675 1973 744 2016 ne
772 1973 962 2016 rursus
987 1961 1176 2016 eadem
1207 1970 1538 2032 praesumant
1556 1964 1619 2017 'in
1652 1973 1927 2033 posterum
1956 1979 2079 2035 pro-

480 2049 686 2104 videre.
728 2047 1046 2106 Perversam
1081 2059 1296 2121 autem,
1331 2063 1387 2108 et
1425 2071 1645 2125 prorsus
1684 2054 2076 2111 exsecrabilem

483 2141 840 2212 quorumdam
868 2141 1103 2212 plebium
1132 2146 1601 2211 consuetudinem,
1635 2146 1776 2201 fama
1801 2146 2086 2231 vulgante,

483 2233 859 2303 cognovimus,
890 2244 949 2293 ut
975 2236 1237 2306 .videlicet
1263 2253 1363 2294 suo
1388 2239 1643 2296 defuncto
1670 2242 1945 2311 episcopo,
1979 2242 2077 2298 do-

482 2339 632 2380 mum
655 2325 889 2397 episcopi
918 2327 1189 2385 hostiliter
1216 2331 1578 2403 irrumpentes
1609 2333 1886 2400 invadant,
1916 2334 2077 2392 facul-

478 2423 620 2475 tates
677 2416 794 2487 qius
836 2420 1149 2490 praedonum
1215 2439 1368 2481 more
1410 2425 1704 2498 diripiant,
1750 2428 2074 2499 praediorum

477 2507 671 2567 domos
708 2509 1034 2578 incendant,
1070 2512 1208 2569 vites
1248 2515 1468 2586 insuper
1507 2526 1561 2572 et
1604 2517 1820 2575 arbusta
1863 2518 2074 2576 bestiali

477 2598 834 2660 immaniores
867 2602 1087 2662 feritate
1129 2609 1430 2665 succidant.
1469 2609 1621 2679 Quod
1672 2612 1925 2670 nimirum
1966 2613 2074 2671 nisi

474 2695 833 2755 ecclesiastici
869 2699 1070 2769 vigoris
1104 2700 1266 2760 fuerit
1293 2718 1523 2761 censura
1556 2718 1859 2762 correctum
1880 2748 1895 2774 ,
1927 2705 2074 2763 haud

476 2787 698 2843 dubium
724 2790 857 2860 quin
889 2790 1202 2863 regionibus
1236 2794 1343 2850 illis
1371 2797 1636 2866 repentini
1674 2796 1873 2855 furoris
1901 2798 2075 2855 immi-

475 2888 605 2935 neat
632 2880 860 2952 gladius.
890 2882 946 2939 Si
973 2886 1116 2942 enim
1149 2886 1419 2943 honorare
1450 2897 1703 2957 parentes
1730 2888 1963 2960 primum
1991 2890 2075 2947 di-

477 2968 622 3027 citur
668 2970 722 3025 in
772 2976 1194 3043 repromissione
1241 2979 1592 3045 mandatum;
1646 2981 1690 3035 si
1747 2980 2073 3040 maledicens

475 3065 650 3134 patri,
693 3066 774 3120 vel
821 3068 980 3123 matri
1024 3068 1273 3126 mulctari
1316 3080 1489 3127 morte
1531 3073 1844 3144 praecipitur
1875 3090 1889 3128 :
1920 3076 2074 3147 cujus

475 3155 965 3215 animadversionis
1003 3162 1270 3217 sententia
1305 3163 1455 3235 digni
1504 3174 1661 3231 sunt,
1696 3168 1787 3236 qui
1816 3183 1920 3224 non
1946 3185 2067 3226 car-

473 3244 626 3300 nales
646 3247 922 3317 genitores
946 3253 1195 3322 persequi
1220 3256 1478 3324 gestiunt,
1512 3256 1607 3310 sed
1641 3256 1808 3325 ipsam
1839 3267 2069 3316 matrem

473 3352 628 3407 suam
658 3339 992 3408 Ecclesiam,
1039 3345 1095 3399 in
1131 3360 1235 3415 qua
1267 3360 1333 3401 ex
1366 3362 1505 3418 aqua
1549 3358 1605 3403 et
1635 3348 1838 3419 Spiritu
1880 3361 2071 3412 sancto

477 3434 782 3503 regenerati
818 3445 946 3490 sunt
980 3435 1032 3508 (Ι
1072 3436 1215 3492 Ρειν.
1248 3442 1333 3510 ιι),
1368 3440 1670 3513 viperinum
1708 3459 1876 3515 genus
1905 3446 2070 3504 dissi-

470 3536 603 3592 pare
630 3525 1007 3582 contendunt?
1032 3527 1146 3584 Etsi
1177 3531 1319 3586 enim
1354 3533 1611 3591 sacerdos
1633 3536 1859 3605 quilibet
1877 3553 1946 3595 ex
1976 3539 2070 3598 de-

471 3610 587 3669 bito
635 3615 884 3673 humane
926 3620 1252 3678 conditionis
1293 3623 1457 3691 obiit;
1502 3629 1597 3683 sed
1641 3628 1927 3695 Christus,
1973 3633 2069 3704 qui

473 3705 779 3765 animarum
814 3720 1126 3770 nostrarum
1155 3716 1444 3787 episcopus
1468 3730 1574 3785 est,
1609 3736 1676 3777 ex
1706 3724 1907 3781 virtute
1929 3726 2065 3782 divi-

402 3870 407 3873 _
470 3798 659 3861 uitatis
701 3800 754 3856 in
794 3811 1056 3860 aeternum
1092 3808 1241 3863 vivit.
1287 3809 1441 3866 Sicut
1478 3814 1622 3869 enim
1660 3814 1857 3873 Paulus
1893 3819 2062 3876 dicit:

475 3906 495 3943 ι
520 3887 714 3946 Plures
752 3892 878 3950 facti
919 3905 1048 3951 sunt
1083 3900 1398 3957 sacerdotes
1429 3904 1726 3960 secundum
1761 3906 1965 3979 legem,
1998 3924 2066 3965 eo

470 3983 612 4051 quod
644 3994 821 4041 morte
856 3988 1276 4058 prohiberentur
1307 4008 1661 4063 permanere;
1695 3995 1853 4056 Jesus
1884 4012 2063 4057 autem

469 4088 535 4130 eo
573 4078 717 4146 quod
760 4093 979 4137 manent
1024 4082 1076 4136 in
1119 4094 1422 4171 aeternum,
1461 4091 1850 4161 sempiternum
1900 4094 2065 4152 habet

471 4167 835 4224 sacerdotium
886 4169 1073 4242 (Hebr.
1127 4175 1244 4246 vn).
1277 4196 1296 4229 ι
1346 4167 1514 4235 ﬁcum
1559 4197 1689 4253 ergo
1738 4186 2064 4245 inhonorare

471 4256 832 4325 convincitur,
873 4261 967 4330 qui
1014 4265 1230 4320 mortali
1276 4267 1529 4339 episcopo
1574 4270 1814 4342 [vivente
1853 4274 2062 4350 addid.]

472 4356 689 4405 terrena
726 4365 950 4422 pressus
988 4352 1273 4412 formidine
1295 4398 1310 4424 ,
1354 4360 1422 4415 ab
1458 4360 1710 4418 Ecclesia!
1740 4380 1801 4420 se
1847 4366 2065 4425 laesione

469 4442 749 4511 cohibuit;
783 4444 1039 4502 defuncto
1078 4456 1259 4504 autem
1301 4464 1399 4515 eo,
1429 4453 1496 4508 ad
1539 4453 1789 4523 injuriam
1826 4442 2059 4527 Christi,

420 4552 427 4561 ο
468 4534 562 4606 qui
597 4536 917 4594 immortalis
948 4538 1204 4597 Ecclesiae
1235 4556 1465 4612 sponsus
1490 4554 1594 4613 est,
1634 4546 1705 4603 fel
1737 4549 1864 4611 odii,
1902 4550 2055 4625 151

467 4636 522 4684 et
548 4628 697 4685 virus
734 4629 988 4698 malitias,
1029 4633 1170 4703 quod
1198 4642 1424 4692 eatenus
1457 4638 1803 4702 occultabat.
1850 4641 2057 4702 effudit.

467 4717 534 4775 Et
560 4718 810 4778 fortassis
830 4723 1116 4794 episcopus
1147 4725 1201 4780 in
1229 4726 1337 4781 vita
1367 4743 1462 4784 sua
1491 4730 1726 4803 aliquem
1758 4732 1895 4789 ltesit
1918 4751 1934 4791 :
1961 4737 2056 4793 sed

467 4808 742 4879 Christus,
768 4815 861 4885 qui
898 4813 1154 4872 Ecclesiae
1185 4828 1368 4875 custos
1391 4819 1611 4878 relictus
1636 4834 1741 4892 est,
1772 4826 1899 4896 quid
1932 4844 2056 4898 pec-

468 4902 648 4958 cavit?
684 4902 743 4960 Si
767 4920 899 4977 ergo
925 4906 1023 4973 illi,
1051 4909 1143 4983 qui
1179 4911 1393 4973 nocuit,
1428 4913 1627 4969 malum
1653 4932 1750 4985 pro
1778 4918 1918 4972 malo
1947 4935 2053 4975 non

467 4992 740 5062 redditur,
773 5012 873 5052 cur
912 5005 1119 5054 aeterno
1142 4998 1389 5056 Pontifioi
1412 5043 1427 5068 ,
1465 5004 1555 5072 qui
1594 5005 1752 5061 nobis
1790 5008 1929 5063 bona
1959 5024 2058 5080 pro

405 5146 409 5155 1
466 5084 629 5141 malis
667 5086 936 5154 reddidit,
987 5093 1290 5147 reverentia
1327 5110 1432 5149 non
1478 5095 1753 5153 habetur?
1777 5096 2059 5155 Verumta-

414 5172 423 5237 ἓ
466 5192 592 5237 men
618 5177 664 5233 si
694 5178 951 5237 Ecclesia
975 5183 1156 5238 praedo
1184 5182 1279 5238 Dei
1311 5185 1506 5238 Filium
1534 5189 1891 5238 immortalem
1931 5209 2056 5238 nm.

2182 1952 2502 2008 auctoritate
2550 1952 2833 2009 beatorum
2884 1954 3249 2024 apostolorum
3296 1952 3443 2011 Petri
3485 1963 3542 2009 et
3584 1948 3774 2021 Pauli,

2181 2042 2748 2099 anathematizandum
2796 2058 2916 2101 esse
2959 2045 3332 2109 decernimus,
3374 2053 3430 2099 et
3476 2052 3539 2099 ut
3586 2054 3776 2099 revera

2178 2135 2454 2205 putridum
2483 2138 2784 2191 membrum
2809 2136 3389 2193 excommunicationis
3419 2135 3566 2192 ferro
3592 2150 3625 2190 a
3648 2146 3778 2190 san-

2178 2235 2282 2281 cta:
2321 2225 2577 2284 Ecclesiae
2621 2240 2847 2299 corpore
2878 2230 3278 2285 detruncamus.
3319 2228 3403 2284 Sit
3445 2229 3631 2301 igitur,
3671 2224 3776 2285 nisi

2177 2319 2501 2391 resipiscat,
2545 2322 2831 2376 anathema
2878 2320 3196 2376 Maranatha
3241 2320 3291 2393 (ι
3324 2317 3451 2376 Cor.
3492 2319 3775 2392 an),om-

2177 2423 2385 2482 aesque
2418 2411 2826 2468 maledictiones
2856 2412 3026 2469 Hebal
3068 2411 3249 2484 (Deut.
3283 2410 3457 2481 xxvn)
3494 2422 3663 2482 super
3689 2422 3777 2465 ca-

2175 2509 2277 2572 put
2338 2515 2495 2557 suum
2555 2502 2901 2559 descendisse
2958 2509 3268 2574 cognoscat.
3324 2496 3776 2556 Observatorlbus

2175 2600 2358 2648 autem
2404 2592 2630 2664 gloriam
2655 2634 2670 2659 ,
2711 2602 2766 2649 et
2810 2592 3073 2649 honorem
3099 2632 3115 2658 ,
3183 2599 3240 2647 et
3288 2588 3773 2661 incorruptionem,

2176 2685 2546 2755 quaerentibus
2572 2685 2741 2739 vitam
2773 2693 3053 2739 mternam.
3086 2681 3286 2738 Amen.

2730 2800 3067 2867 EPISTULA
3106 2798 3218 2859 VII.

2173 2912 2475 2957 sutxutnnt
2523 2912 2672 2955 PAPE
2710 2912 2749 2952 ιι
2797 2910 2865 2950 ΑΙ)
2913 2908 3125 2952 canunt
3172 2908 3246 2951 ετ
3286 2900 3536 2953 Poenum
3585 2903 3775 2946 [toto-

2824 2980 3118 3022 LLNENSEI.

2174 3078 2572 3139 Ancuuenrmt.
2602 3112 2673 3123 —
2694 3081 3000 3137 Alexander
3024 3078 3099 3145 Il.
3130 3074 3549 3133 Mediolanensis
3577 3070 3771 3146 patria,

2249 3152 2528 3209 Romanus
2559 3153 2801 3225 pontifex
2833 3160 3069 3217 creatus,
3098 3148 3292 3205 scribit
3318 3148 3463 3203 hanc
3484 3144 3775 3219 cpi—stola.

2097 3233 2143 3299 ο
2247 3225 2315 3299 ad
2355 3240 2482 3280 suos
2510 3226 2686 3299 cives,
2722 3225 2774 3279 in
2803 3240 2908 3294 qua
2941 3233 3232 3299 postquam
3260 3228 3541 3299 paternam
3562 3231 3775 3299 ,_qtnlt

2244 3295 2312 3351 de
2360 3310 2546 3353 eorum
2588 3289 2765 3353 salute
2802 3289 3062 3366 gerebat,
3088 3289 3775 3366 'sollicitudincru‘hump-

2245 3367 2486 3422 nissitnis
2511 3368 2690 3425 verbis
2709 3355 2971 3428 ostendit,
3001 3355 3274 3427 hortatur,
3302 3369 3361 3416 ut
3378 3358 3517 3416 nihil
3546 3355 3752 3423 humile

2245 3437 2379 3509 nihil
2410 3444 2682 3494 terrenum
2715 3436 3051 3509 cogitantes,
3093 3434 3161 3489 ad
3187 3431 3430 3489 caelestia
3462 3436 3580 3487 toto
3608 3430 3761 3496 animi

2244 3506 2447 3579 impetu
2484 3518 2542 3564 et
2575 3509 2769 3564 ardore
2784 3505 2861 3564 'se
2888 3505 3168 3563 extollant.

2242 3620 2571 3679 Aurunca
2600 3623 2887 3695 episcopus
2907 3664 2921 3689 .
2953 3638 3144 3679 servus
3174 3634 3455 3678 servorum
3488 3614 3623 3685 Del,
3656 3626 3776 3672 om-

2170 3708 2332 3767 nibus
2370 3712 2890 3779 Mediolanensibus,
2927 3713 3073 3770 clero
3104 3720 3155 3768 et
3189 3711 3418 3784 populo,
3455 3709 3693 3765 salutem
3720 3708 3777 3762 et

2170 3806 2523 3876 apostolicam
2556 3806 3007 3863 benedictionem.
3702 3884 3705 3885 ν

2241 3900 2418 3957 Divini
2458 3900 2648 3972 judicii
2687 3899 3041 3971 dispositione
3083 3897 3358 3969 provisum
3399 3902 3517 3960 est,
3559 3902 3621 3948 ut
3662 3888 3774 3948 Me-

2169 3991 2497 4073 diolapensis
2543 3990 2799 4047 Ecclesia:
2846 3990 3027 4056 filius,
3079 3998 3133 4045 et
3183 3986 3558 4043 Ambrosianis
3611 3980 3771 4073 ιε’

2167 4072 2426 4142 uberibus
2455 4081 2809 4149 sublactatus,
2839 4082 2907 4138 ad
2940 4080 3255 4136 famulatum
3280 4078 3593 4150 apostolica:
3623 4072 3771 4131 sedis

2166 4174 2419 4247 indignus
2446 4172 2817 4237 ascenderem,
2845 4186 2908 4227 ac
2935 4170 3098 4226 matri
3128 4169 3370 4225 omnium
3398 4164 3770 4223 Ecclesiarmn

2164 4267 2451 4339 pastoralis
2485 4281 2630 4322 curae
2671 4264 3031 4320 sollicitudine
3062 4261 3411 4318 deservirem.
3452 4258 3610 4314 Unde
3642 4263 3767 4314 cum

2166 4359 2331 4415 totius
2372 4357 2691 4413 universalis
2732 4355 2988 4412 Ecclesia}
3023 4366 3153 4411 cura
3185 4354 3341 4410 nobis
3382 4366 3488 4408 non
3510 4350 3650 4407 ievis
3682 4350 3769 4406 in-

2165 4451 2414 4514 cumbat,
2456 4449 2779 4521 propensius
2808 4448 2951 4503 circa
2993 4463 3087 4503 vos
3118 4447 3230 4518 ipsa
3264 4453 3457 4501 natura
3503 4456 3606 4501 non
3640 4452 3767 4517 pro-

2165 4552 2322 4597 vocat
2361 4557 2482 4597 esse
2518 4540 2803 4613 pervigiles
2833 4559 2845 4595 :
2887 4549 2945 4596 ut
2973 4540 3117 4596 unde
3154 4552 3254 4595 nos
3288 4546 3501 4595 constat
3538 4535 3766 4610 originis

2165 4632 2386 4689 duxisse
2416 4630 2792 4704 primordium,
2835 4628 2906 4687 ibi
2943 4631 3108 4686 etiam
3145 4629 3365 4702 majoris
3399 4628 3466 4685 ad
3503 4634 3766 4684 aeternam

2164 4724 2394 4782 salutem
2429 4724 2725 4781 habeamus
2768 4720 3144 4778 sollicitudinis
3176 4721 3595 4777 incrementum.
3630 4718 3765 4773 Nam

2161 4829 2218 4874 et
2248 4818 2385 4891 ignis
2423 4834 2485 4873 ea
2515 4819 2663 4890 prius
2690 4819 2833 4890 ligna
2864 4815 3193 4889 conflagrat,
3225 4830 3291 4871 ex
3327 4814 3525 4886 quibus
3552 4813 3762 4877 oritur;

2162 4923 2218 4968 et
2242 4911 2363 4969 fons
2392 4912 2510 4966 illas
2536 4920 2660 4976 ante
2682 4912 2865 4967 omnia
2892 4919 3051 4966 terrae
3074 4924 3239 4966 venas
3269 4909 3521 4975 infundit,
3550 4922 3620 4963 ex
3646 4902 3765 4977 qui-

2164 5006 2266 5060 bus
2320 5006 2591 5078 proﬂuens
2644 5004 2937 5060 derivatur.
2988 5002 3142 5059 Unde
3191 5016 3320 5068 vos,
3376 4998 3761 5068 dilectissimi,

2164 5108 2403 5168 paternae
2423 5096 2731 5153 dilectionis
2763 5097 2942 5153 studio
2966 5096 3338 5160 cohortamur,
3366 5102 3427 5151 ut
3464 5093 3533 5154 ad
3561 5096 3760 5155 culum

2163 5205 2225 5238 se
2261 5199 2441 5238 vester
2482 5190 2703 5238 sniritns
2730 5189 2903 5238 erigat
2922 5230 2936 5238 .
2965 5186 3274 5238 deceptor-ia
3304 5196 3645 5238 termini-im.
3677 5200 3763 5238 ra.-
