3964 5310
165 381 275 438 349

1383 379 1582 436 LIBER
1619 379 1948 450 QUINTUS,
1985 380 2210 438 EPIST.
2254 382 2388 440 Vlll.

3337 381 3443 442 τεο

164 500 526 550 conservatur
560 491 612 546 in
655 489 808 547 cmlis
831 531 846 556 ,
891 489 1068 555 absit,
1118 498 1176 545 ut
1225 504 1412 547 eorum
1462 507 1615 549 mens
1663 507 1760 565 per
1785 527 1834 588 Α
1934 493 2164 564 Dignum
2191 503 2294 560 est,
2321 503 2461 551 utet
2489 511 2594 552 non
2621 495 2966 567 poscentibus
2991 510 3250 554 innocens
3280 496 3443 554 satis-

164 602 406 644 amorem
447 584 608 645 rebus
636 587 707 643 sit
733 584 971 640 involuta
1005 585 1254 641 terrenis.

241 680 432 744 Plane,
456 680 584 750 quia
625 680 790 734 etiam
821 678 1130 748 vulgaribus
1160 677 1453 748 loquimur,
1485 679 1759 749 vulgatum

163 769 459 842 Scriptura:
483 770 850 826 testimonium
878 770 1134 825 libentius
1155 771 1494 826 adhibemus.
1523 770 1759 825 Memen-

164 875 278 921 tote
313 865 497 934 itaque
516 905 531 928 ,
560 861 758 920 fratres
792 863 917 927 mei,
943 863 1086 933 quod
1121 863 1174 917 in
1200 862 1446 917 oratione
1477 861 1757 918 Dominica

161 958 381 1012 dicitis:
417 972 435 1007 r
467 954 633 1010 Pater
665 963 869 1017 noster,
909 953 1000 1024 qui
1035 969 1095 1009 es
1139 953 1193 1007 in
1226 951 1376 1008 caelis
1407 949 1620 1022 (Matth.
1662 967 1752 1019 vr;

161 1048 294 1104 Luc.
328 1049 427 1120 xi).
458 1067 478 1101 ι
524 1049 696 1118 Quem
737 1050 916 1118 itaque
956 1057 1164 1117 patrem
1201 1061 1496 1111 vocamus,
1533 1045 1598 1100 ad
1641 1045 1758 1114 ejus

160 1138 533 1193 hereditatem
592 1148 703 1192 tota
761 1138 958 1192 mentis
1008 1133 1758 1207 concupiscentiaofestinaro

161 1230 438 1288 debemus.
465 1231 542 1286 De
570 1242 781 1286 terrena
811 1247 974 1302 porro
1003 1233 1318 1288 luereditate
1345 1231 1607 1302 scriptum
1630 1241 1752 1289 est:

162 1339 184 1376 ι
217 1321 538 1388 Hereditas,
567 1322 635 1380 ad
663 1340 825 1394 quam
855 1325 905 1380 in
936 1326 1201 1396 principio
1229 1323 1536 1389 festinatur,
1569 1324 1622 1378 in
1654 1340 1756 1380 no-

161 1415 381 1471 vissimo
413 1417 790 1473 benedictione
825 1417 1032 1473 carebit
1069 1415 1254 1488 (Prov.
1287 1416 1400 1488 xx).
1433 1437 1453 1470 ι
1487 1416 1599 1473 Cur
1625 1432 1755 1490 ergo

159 1523 280 1564 cum
305 1510 561 1577 dicimus,
591 1531 608 1564 ι
645 1511 806 1567 Pater
833 1521 1041 1578 noster,
1072 1531 1089 1565 ι
1124 1522 1322 1584 prerem
1356 1511 1753 1582 subjungimus,

163 1617 181 1649 ι
213 1600 300 1668 qui
332 1614 392 1655 es
428 1601 482 1656 in
511 1601 704 1658 caelis?
737 1623 755 1656 ο
791 1613 846 1658 et
880 1620 984 1659 non
1022 1604 1224 1674 potius,
1259 1604 1349 1674 qui
1377 1619 1436 1660 es
1475 1606 1528 1659 in
1559 1605 1749 1672 terris;

156 1690 406 1746 videlicet
443 1709 565 1762 qua:
597 1694 753 1750 nobis
800 1697 1038 1751 notiores
1079 1697 1244 1751 sunt?
1281 1698 1426 1762 sive,
1461 1697 1551 1766 qui
1597 1713 1658 1752 es
1698 1697 1751 1752 in

154 1783 330 1850 aquis,
361 1793 454 1838 aut
485 1785 540 1842 in
571 1786 800 1859 ahyssis,
829 1804 950 1842 cum
981 1790 1180 1858 ubique
1211 1791 1351 1845 Deus
1381 1791 1470 1853 sit,
1512 1788 1752 1860 nihilque

155 1875 220 1929 ab
245 1873 360 1944 ejus
391 1879 784 1950 omnipotentia
817 1897 1043 1936 vacuum
1067 1883 1180 1936 sit?
1209 1883 1303 1938 sed
1333 1899 1454 1937 cum
1486 1883 1747 1948 dicimus,
1784 1905 1827 1964 Β

159 1986 175 2018 ι
198 1966 362 2024 Pater
385 1983 592 2034 noster,
627 1991 645 2025 ι
677 1972 878 2029 idcirco
899 1974 1171 2038 addimus,
1205 1993 1222 2026 ‹
1253 1975 1342 2044 qui
1365 1990 1426 2029 es
1450 1975 1502 2030 in
1525 1975 1696 2039 caelis,
1725 1995 1744 2027 ο

154 2071 208 2116 ut
235 2064 305 2118 ad
337 2062 483 2121 illam
525 2065 803 2123 caelestem
849 2068 1216 2124 haereditatem
1257 2083 1377 2124 sese
1422 2078 1604 2124 noster
1638 2069 1750 2123 ani-

153 2169 270 2209 mus
295 2154 472 2226 erigat
502 2175 514 2210 :
549 2166 714 2227 atque
744 2158 794 2213 in
837 2166 947 2214 tam
983 2159 1212 2213 sublime
1244 2173 1463 2228 germen
1511 2159 1746 2224 ascitus,

155 2256 205 2299 ut
248 2248 320 2301 sit
348 2246 525 2304 haeres
563 2249 704 2316 Dei,
748 2259 958 2306 terrena
1009 2251 1260 2324 quaelibet
1296 2250 1604 2321 ignobiliter
1641 2268 1746 2308 non

156 2339 411 2408 requirat.
458 2340 750 2400 Enimvero
781 2354 934 2414 pater
963 2343 1086 2400 fidei
1117 2345 1391 2400 Abraham
1433 2347 1615 2416 plures
1645 2347 1744 2402 ha-

153 2430 261 2487 buit
290 2433 456 2501 ﬁlios,
485 2436 579 2491 sed
605 2435 750 2492 solus
779 2437 868 2493 ille
894 2438 1110 2502 nobilis,
1137 2439 1228 2508 qui
1258 2437 1360 2493 fuit
1389 2440 1576 2494 uxoris
1607 2458 1618 2493 :
1653 2441 1745 2510 qui

154 2540 272 2580 vero
323 2540 392 2580 ex
449 2530 874 2586 concubinarum
931 2541 1056 2586 sunt
1113 2532 1449 2600 ignobilitate
1505 2535 1744 2604 suscepti

154 2629 386 2687 paterna!
443 2621 776 2678 haereditatis
824 2625 1167 2680 successione
1215 2625 1465 2696 leguntur
1510 2624 1736 2682 exclusi.

153 2709 312 2765 Porro
345 2720 530 2768 autem
561 2714 685 2768 dum
719 2731 813 2770 eos
841 2716 1010 2771 aleret
1043 2719 1342 2786 Abraham,
1375 2734 1564 2780 omnes
1595 2720 1742 2775 dice-

152 2800 341 2856 bantur
378 2802 472 2858 ﬁlii
511 2805 776 2872 Abrahm;
821 2817 873 2862 at
919 2823 1047 2864 vero
1089 2825 1212 2865 cum
1250 2810 1318 2866 ad
1361 2818 1742 2866 testamentum

152 2895 381 2959 venitur,
427 2896 519 2966 qui
555 2898 624 2952 sit
666 2898 939 2970 legitimus
985 2902 1186 2966 haeres,
1216 2903 1307 2973 qui
1353 2903 1470 2959 fieri
1515 2904 1745 2958 debeant

151 2984 418 3055 lneredes,
464 2998 712 3058 patenter
749 2994 1074 3048 ostenditur.
1125 2994 1289 3061 Nam,
1339 2993 1619 3066 Scriptura
1665 3005 1744 3052 te-

151 3089 340 3145 stante,
397 3101 418 3134 ι
454 3082 608 3139 Dedit
635 3085 913 3143 Abraham
957 3105 1174 3144 onmem
1218 3091 1589 3147 harreditatem
1633 3091 1744 3147 ﬁlio

153 3184 238 3223 suo
266 3170 420 3227 Isaac
452 3191 468 3230 :
498 3174 624 3230 ﬁliis
653 3186 834 3233 autem
869 3181 1291 3236 concubinarum
1319 3183 1463 3238 dedit
1497 3200 1740 3252 munera,

1862 583 2045 650 faciat,
2078 602 2199 641 cum
2240 588 2439 658 passim
2469 589 2632 644 etiam
2676 589 2865 644 audire
2910 588 3214 643 nolentibus
3248 587 3444 645 lividos

1859 675 2134 732 detractor
2159 688 2378 733 accusat
2404 696 2415 731 :
2458 694 2553 733 nec
2591 679 2824 734 otiosum
2851 687 2954 742 est,
2987 678 3032 733 si
3061 677 3262 732 eisdem
3293 678 3442 734 auri-

1859 768 1982 831 bus,
2024 770 2220 840 quibus
2266 773 2606 827 mendacinm
2653 773 2973 843 falsiloquus
3018 773 3239 844 ingerit,
3275 771 3444 828 libera

1858 862 2193 917 conscientia
2245 865 2491 919 ordinem
2544 866 2840 936 perspicuae
2893 867 3135 921 veritatis
3181 865 3440 934 exponit;

1858 961 2124 1023 quatenus
2165 963 2218 1009 et
2265 954 2480 1010 auditor
2510 958 2736 1013 vanitati
2785 958 2940 1012 fidem
2986 958 3290 1012 adhibendo
3336 972 3442 1013 non

1856 1055 2063 1113 peccet,
2099 1052 2155 1100 et
2183 1047 2421 1101 accusati
2457 1046 2599 1101 fama
2629 1049 2696 1102 ad
2737 1047 2964 1103 aliorum
3003 1048 3296 1117 perniciem
3337 1061 3442 1100 non

1857 1135 2086 1193 laboret.
2135 1137 2288 1206 Quod
2319 1138 2483 1209 igitur
2509 1139 2576 1194 de
2604 1140 2908 1194 monachici
2938 1140 3144 1193 ordinis
3170 1137 3446 1194 exercitiis

1858 1227 2075 1296 scripsi,
2109 1237 2163 1282 et
2196 1244 2478 1299 scoparum
2524 1231 2790 1300 praecipue
2829 1230 3128 1299 disciplinis
3151 1230 3448 1284 monachus

1858 1322 2121 1377 monacho
2152 1323 2460 1394 specialiter
2502 1324 2645 1388 misi,
2686 1339 2784 1380 nec
2827 1324 3107 1384 laicorum.
3141 1323 3253 1376 sive
3282 1321 3446 1376 etiam

1857 1413 2179 1470 clericorum
2211 1416 2417 1469 notitia:
2442 1415 2714 1485 prodenda
2754 1414 3036 1478 mandavi;
3070 1412 3240 1467 urbici
3268 1419 3447 1466 autem

1857 1507 2131 1572 eremilar,
2173 1505 2446 1570 forenses,
2482 1507 2737 1563 videlicet
2766 1507 3014 1572 solitarii,
3051 1504 3300 1560 monachi
3332 1502 3450 1560 uni-

1855 1599 2094 1653 versales
2126 1599 2176 1653 id
2206 1599 2379 1653 solum
2411 1599 2705 1654 machinati
2734 1609 2861 1654 sunt
2888 1599 2954 1652 de
2981 1597 3158 1652 medio
3184 1594 3305 1668 styli
3330 1609 3450 1649 cur-

1855 1693 2024 1746 rentis
2051 1708 2366 1763 excerpere,
2398 1694 2541 1764 quod
2574 1693 2889 1748 scandalum
2923 1700 3107 1763 posset
3145 1687 3449 1746 monachici

1856 1780 2082 1840 fervoris
2131 1799 2330 1839 arcana
2385 1784 2751 1840 nescientibus
2803 1799 3080 1854 generare.
3129 1780 3235 1838 Sed
3284 1790 3449 1840 testes

1856 1877 1983 1930 mihi
2017 1885 2142 1930 sunt
2173 1876 2390 1941 fratres,
2423 1878 2514 1946 qui
2535 1878 2635 1932 sub
2660 1877 3000 1932 institutione
3024 1886 3226 1931 sancta:
3250 1873 3448 1942 regular

1857 1969 2179 2037 regulariter
2210 1971 2414 2033 vivunt,
2446 1971 2548 2025 hoc
2577 1985 2664 2026 me
2696 1970 2938 2039 apicibus
2964 1969 3272 2032 tradidisse,
3303 1965 3447 2035 quod

1855 2061 1954 2131 ipsi
1986 2063 2225 2131 quotidie
2272 2071 2524 2131 satagunt
2552 2062 2806 2131 operibus
2842 2075 3116 2118 exercere.
3161 2057 3268 2114 Nec
3302 2055 3446 2116 aliud

1853 2154 2131 2209 relationis
2164 2155 2333 2208 series
2361 2154 2605 2223 protulit,
2636 2170 2798 2224 quam
2830 2153 2970 2222 quod
3001 2152 3138 2206 trita:
3162 2157 3217 2205 et
3245 2147 3446 2206 inolilm

1851 2247 2188 2316 Operationis
2235 2247 2568 2302 consuetudo
2605 2245 2850 2301 dictavit.
2890 2244 3042 2310 Quod
3075 2240 3138 2314 [Ῑ.
3186 2239 3310 2312 Qui]
3339 2253 3446 2293 au-

1852 2345 1959 2391 tem
2012 2335 2112 2390 sub
2161 2336 2492 2390 monachicm
2539 2334 2891 2405 professionis
2939 2333 3159 2387 nomine
3201 2325 3447 2400 plebibus

1851 2429 2136 2498 imperant,
2178 2428 2269 2497 qui
2305 2429 2356 2482 in
2389 2428 2603 2498 angulis
2631 2426 2943 2493 constituti,
2973 2435 3228 2495 tanquam
3261 2424 3312 2478 in
3346 2421 3445 2478 tri-

1848 2519 2135 2573 hunalibus
2165 2520 2277 2574 sive
2320 2520 2590 2590 praetoriis
2631 2518 2978 2589 pragmaticar
3004 2513 3301 2572 sanctionis
3325 2512 3442 2581 jura

1847 2611 2212 2681 promulgant,
2251 2610 2340 2680 qui
2371 2610 2506 2665 alios
2531 2610 2839 2676 laceranda,
2879 2619 2930 2665 et
2960 2606 3276 2671 mordendo,
3315 2604 3445 2664 solis

1849 2702 2065 2758 sibimet
2099 2703 2282 2773 rigidae
2302 2703 2528 2773 justitia:
2556 2703 2894 2774 privilegium
2927 2708 3201 2772 arrogant,
3233 2698 3360 2768 quid
3389 2698 3444 2754 in

1847 2794 2152 2848 humilitate
2206 2796 2382 2850 crucis
2421 2793 2624 2850 Christi
2678 2795 2821 2850 inter
2873 2794 3168 2849 monachos
3216 2800 3442 2860 agatur,

1848 2889 2130 2958 ignorant:
2157 2897 2210 2941 et
2231 2888 2331 2942 hoc
2354 2887 2659 2959 prodigium
2682 2887 2961 2957 deputant,
2985 2885 3126 2956 quod
3149 2883 3238 2939 alii
3259 2882 3441 2953 quoti-

1842 2979 1990 3032 diani
2042 2994 2170 3033 usus
2218 2979 2538 3035 assiduitate
2579 2977 2943 3049 frequentant.
2983 2977 3138 3042 Ecce,
3168 2975 3441 3045 inquiunt.

1845 3069 2243 3141 peregrinando
2268 3073 2476 3136 carina,
2505 3086 2637 3126 ecce
2663 3086 2797 3126 nova
2822 3069 3162 3140 paenitentia,
3185 3077 3240 3122 et
3267 3076 3441 3121 trans.

1846 3163 1984 3218 actis
2031 3170 2105 3217 tot
2148 3163 2361 3219 sarculis
2405 3164 2666 3220 hactenus
2708 3164 2969 3220 inaudita.
3023 3159 3078 3216 Si
3127 3160 3228 3216 hoc
3274 3155 3440 3216 semel

152 3273 196 3316 ei
221 3268 533 3336 segregavit
559 3284 652 3325 eos
677 3285 707 3325 ε
739 3270 848 3327 quo
874 3289 972 3328 suo
999 3274 1144 3330 Isaac
1173 3274 1327 3344 (δίη.
1364 3277 1512 3344 ιη).
1547 3297 1564 3329 ,
1601 3277 1738 3333 Ecce
1765 3272 1813 3334 ο
1843 3254 2168 3319 admittitur,
2197 3256 2241 3310 si
2273 3265 2446 3310 ratum
2481 3257 2714 3321 ducitur,
2748 3256 2790 3314 si
2823 3264 3064 3319 tenetur,
3096 3268 3286 3308 omnes
3313 3264 3438 3320 pro-

149 3358 316 3427 itaque
349 3375 542 3418 omnes
572 3364 891 3421 dicebantur
921 3366 1052 3431 ﬁlii,
1089 3370 1184 3424 sed
1215 3385 1320 3424 non
1351 3387 1541 3426 omnes
1569 3373 1742 3428 hare-

151 3451 324 3508 ditatis
369 3463 610 3524 paterna:
635 3467 767 3514 sunt
803 3458 927 3526 jura
958 3463 1156 3517 sortiti.
1193 3462 1284 3516 Sic
1323 3463 1600 3532 profecto,
1632 3464 1743 3520 fra-

151 3552 270 3609 tres,
297 3546 654 3618 quamplures
683 3561 808 3606 sunt
840 3553 1001 3608 hodie
1030 3552 1354 3609 Christiame
1386 3556 1738 3625 professionis

148 3635 293 3694 titulo
333 3637 575 3695 decorati
602 3681 617 3706 ,
659 3643 748 3712 qui
775 3631 1030 3699 'videlicet
1077 3646 1129 3699 in
1175 3645 1373 3702 Christi
1422 3648 1738 3704 hasreditato

149 3742 479 3801 nequaquam
516 3744 800 3791 merentur
852 3738 1052 3794 ascribi
1086 3755 1100 3793 ι
1132 3748 1184 3793 et
1221 3755 1363 3794 nunc
1397 3740 1613 3809 quidem
1645 3755 1738 3809 pa-

152 3830 290 3878 terno
318 3825 592 3881 vocabulo
619 3827 939 3900 gloriantur,
971 3833 1066 3886 sed
1099 3846 1438 3902 nequaquam
1468 3834 1534 3887 ad
1569 3834 1738 3889 luere-

149 3912 352 3972 ditanda
392 3927 626 3989 paterna
655 3923 794 3977 bona
825 3925 1190 3993 perveniunt,
1231 3928 1357 3996 quia
1392 3927 1536 3982 velut
1565 3929 1735 3997 spurii

149 4019 241 4060 non
269 4007 542 4076 caelestia,
578 4012 671 4068 sed
700 4022 919 4070 terrena
950 4017 1260 4087 ignobiliter
1288 4020 1696 4089 concupiscunt.

212 4097 312 4153 Vos
356 4110 564 4166 autem,
609 4103 984 4176 dilectissimi,
1031 4110 1272 4163 membra
1327 4125 1443 4163 mea
1470 4151 1484 4173 ,
1532 4112 1734 4167 viscera

148 4189 327 4244 anime
357 4206 520 4256 meae,
560 4193 642 4249 sic
667 4196 902 4269 satagite
931 4212 1028 4266 per
1051 4199 1194 4253 viam
1227 4201 1468 4255 mandati
1499 4201 1736 4257 caelestis

150 4279 408 4350 incedere,
446 4293 506 4339 ut
533 4300 690 4343 mens
710 4296 895 4343 nostra
911 4290 1104 4346 merito
1129 4289 1285 4362 153
1303 4307 1516 4362 semper
1543 4292 1737 4349 debeat

149 4371 205 4426 de
243 4383 435 4432 sancta
489 4379 1018 4447 consanguineorum
1049 4397 1268 4437 suorum
1324 4387 1737 4442 conversatione

149 4469 387 4534 gaudere.
421 4467 907 4540 Speramusautem
935 4475 989 4530 in
1007 4475 1202 4545 eo,qui
1229 4475 1295 4532 de
1322 4474 1538 4545 Virgine
1558 4479 1738 4548 digna-

151 4566 222 4613 tus
247 4570 326 4618 est
356 4562 537 4629 nasci,
576 4563 703 4634 quia
743 4566 915 4620 nostri
950 4567 1236 4622 ministerii
1279 4577 1521 4639 tempore
1550 4579 1736 4626 sancta

1847 3343 1993 3400 fecto
2021 3347 2162 3400 sacri
2194 3361 2429 3400 canones
2452 3350 2824 3412 destruuntur,
2853 3347 3198 3414 antiquorum
3222 3344 3441 3398 l'atrnm

1845 3451 2114 3511 prcecepta
2141 3441 2460 3512 depereunt,
2485 3452 2573 3506 et,
2601 3450 2658 3496 ut
2687 3439 2904 3496 Judtcus
2929 3441 3170 3505 dixerat,
3201 3446 3442 3508 paterna:

1846 3533 2166 3586 traditiones
2215 3532 2280 3585 ad
2332 3532 2558 3588 nihilum
2625 3531 2957 3602 rediguntur.
3015 3529 3145 3596 Qua:
3198 3526 3441 3598 profecto

1842 3623 2004 3680 verba
2039 3643 2145 3679 non
2175 3641 2204 3680 a
2236 3626 2520 3690 charitatc,
2557 3625 2699 3695 quod
2739 3637 2822 3680 est
2851 3621 3091 3677 funditus
3117 3621 3314 3684 aliena,
3345 3617 3441 3680 sed

1841 3731 1869 3768 a
1897 3717 2075 3780 hruta,
2097 3731 2166 3771 ac
2188 3715 2395 3770 hestiali
2421 3715 2719 3784 probantur
2745 3711 2967 3768 ebullire
2996 3710 3265 3767 vecordia.
3291 3703 3442 3762 Nun-

1842 3809 1972 3878 quid
2021 3810 2164 3863 enim
2216 3807 2547 3877 Redemptor
2599 3817 2784 3860 noster
2831 3803 3093 3868 verbera,
3141 3793 3438 3870 Evangelia

1841 3912 1995 3967 teste,
2029 3917 2134 3957 non
2170 3899 2330 3973 154
2359 3897 2607 3970 protulit!
2653 3895 2833 3968 (Joan.
2866 3898 3003 3966 xix.)
3043 3893 3296 3963 Nunquid
3331 3906 3436 3945 non

1841 3993 2042 4048 Paulus
2087 3994 2377 4064 quinquies
2425 3992 2799 4062 quadragenas
2828 4005 2932 4043 una
2972 3989 3148 4044 minus
3184 3985 3438 4056 accepit?

1840 4086 1924 4158 (11
1957 4086 2080 4139 Cor.
2116 4087 2215 4154 xu.)
2257 4083 2506 4153 Nunquid
2553 4098 2660 4136 non
2702 4080 2929 4152 apostoli
2979 4093 3165 4136 omnes
3213 4075 3438 4149 flagellis

1840 4176 2008 4231 caesi?
2041 4177 2179 4246 (Act.
2209 4174 2285 4245 v.)
2319 4174 2568 4245 Nunquid
2598 4190 2702 4229 non
2736 4183 2790 4230 et
2810 4174 2981 4230 sancti
3009 4183 3278 4244 tnartyres
3299 4170 3436 4230 ludi-

1839 4272 1973 4336 bria,
2005 4279 2056 4325 et
2088 4271 2314 4327 verbera
2348 4279 2476 4324 sunt
2518 4269 2771 4338 experti?
2810 4267 2996 4340 (Hebr.
3040 4267 3140 4337 xi.)
3179 4265 3433 4335 Nunquid

1841 4383 1944 4420 non
1973 4364 2183 4436 Moyses
2214 4364 2532 4418 verberibus
2561 4360 2697 4417 allici
2736 4377 2855 4416 reos
2898 4363 2948 4420 in
2991 4361 3106 4430 lege
3136 4358 3434 4430 praecpit?

1842 4456 2020 4527 (Deut.
2053 4467 2202 4526 xxv.)
2236 4453 2487 4523 Nunquid
2535 4471 2639 4510 non
2686 4453 2746 4507 Β.
2796 4450 3184 4521 Hieronymus,
3237 4458 3291 4503 et
3342 4447 3432 4502 alii

1843 4546 2083 4604 nonnulli
2114 4547 2338 4620 ﬂagellis
2368 4549 2609 4610 mactati,
2649 4537 2759 4600 Deo
2795 4543 3047 4614 praeside,
3080 4537 3435 4596 referuntur?

149 4651 457 4711 deficerem
510 4630 741 4714 castitas
783 4659 1144 4728 tenuabitur;
1174 4671 1228 4717 ει
1278 4630 1730 4719 ίηαξηιίηεηιίηη,
1763 4635 1814 4696 Ι)
1837 4642 1920 4696 An
1950 4641 2232 4705 eamdem,
2257 4648 2495 4708 quamet
2523 4639 2590 4692 ab
2629 4636 2809 4690 invitis
2843 4633 3114 4728 interdum
3146 4630 3288 4685 Deus
3319 4645 3436 4728 om-

147 4741 344 4804 luxuria
371 4763 499 4804 cum
523 4751 737 4807 caeteris
777 4751 1076 4808 hzeresibus
1105 4753 1488 4809 confundetur.

207 4836 562 4912 Omnipotens
611 4841 786 4909 Deus,
839 4843 1176 4900 dilectissimi
1235 4847 1432 4903 fratres
1480 4846 1618 4912 mei,
1663 4845 1732 4903 ab

149 4929 277 4984 omni
302 4946 401 4987 vos
426 4934 694 5004 pravitate
721 4935 1014 5000 custodiat,
1040 4944 1096 4992 et
1120 4952 1214 5008 per
1232 4939 1455 5010 iustitiae
1481 4939 1730 4995 semitam

149 5019 204 5073 ad
235 5023 482 5084 celestis
503 5041 602 5084 vos
631 5042 794 5101 regna
824 5028 1108 5099 perducat.

678 5139 1021 5200 EPISTOLA
1062 5142 1190 5199 Vlll.

538 5251 605 5290 ΔΙ)
637 5250 900 5292 CLEBICOS
936 5249 1320 5297 FLORBNTINOI.

1840 4737 2092 4808 nipotens
2118 4737 2305 4805 exigit,
2328 4735 2396 4788 ab
2427 4733 2568 4787 ultro
2589 4728 2938 4786 offerentibus
2957 4727 3236 4796 suscipere
3259 4724 3436 4792 poeni-

1840 4831 2065 4886 tentiam
2099 4825 2416 4883 recusabit?
2456 4825 2560 4878 Sed
2591 4821 2730 4878 forte
2754 4820 2998 4876 dicturus
3018 4829 3104 4874 est
3123 4817 3435 4881 oblocutor,

1837 4923 1965 4991 quia
1999 4920 2090 4990 qui
2123 4928 2344 4975 sanctos
2371 4933 2475 4972 non
2504 4931 2531 4968 a
2565 4930 2643 4982 se,
2675 4913 2767 4969 sed
2792 4910 2860 4966 ab
2889 4912 3012 4966 aliis
3039 4925 3210 4968 caesos
3233 4908 3401 4964 fuisse
3421 4945 3436 4973 ,

1839 5011 2121 5081 Scriptura
2153 5019 2307 5074 teste,
2343 5006 2712 5079 cognovimus,
2753 5003 3117 5073 nosmetipsos
3151 5009 3304 5056 extra
3342 5015 3441 5054 eo-

1838 5121 1959 5160 rum
1993 5119 2238 5158 normam
2271 5100 2539 5171 castigare
2566 5097 2800 5169 propriis
2827 5095 3082 5155 manibus
3131 5109 3235 5150 non
3277 5093 3442 5149 debe-

1836 5212 1978 5252 mus.
2009 5195 2107 5251 Cui
2137 5194 2384 5264 videlicet
2409 5189 2702 5263 objectioni
2734 5189 2914 5253 facile,
2939 5192 3090 5261 quod
3118 5185 3442 5260 respondea-

3091 5299 3170 5310 ΑΜ
3197 5280 3268 5310 ιι..
3280 5289 3441 5310 μοι-Λα

2203 5299 2214 5310 ι
2237 5305 2248 5310 -
2288 5288 2405 5310 -.-2η
2435 5301 2550 5310 ..η-..ι
2582 5302 2678 5310 ...ιη
2710 5284 2918 5310 Πη-ηζηζ
2948 5299 3079 5310 ιιι-η..
