3964 5310
510 356 607 423 32H

1014 361 1075 419 S.
1103 360 1311 418 PETRI
1352 356 1637 418 DAMIANI
1670 358 1819 417 OPP.
1860 348 2218 449 PARS.SEU
2254 349 2492 412 TOMUS
2526 353 2565 410 Ι.
2608 383 2679 401 --
2714 353 2933 412 EPIST.
2975 354 3119 450 ΜΒ..
3147 354 3279 414 VIII.

3672 350 3803 415 352

502 476 833 549 poenitentiae
860 490 1028 549 genus
1059 477 1347 533 Dominum
1382 481 1436 532 ῑη
1471 475 1757 532 amictione
1782 481 1967 531 nostra
1995 472 2088 528 de-
2113 468 2169 531 Δ
2193 466 2300 524 Sed
2325 469 2451 540 quia
2478 468 2592 525 haec
2618 471 2859 540 pecuniae
2885 472 3185 545 redemptio
3212 473 3265 529 in
3294 474 3537 546 antiquis
3558 474 3799 531 Patrum

499 571 742 637 spicere,
788 570 931 638 quod
971 570 1024 625 in
1069 570 1360 640 semetipso
1389 571 1639 641 dignatus
1673 580 1755 627 est
1780 585 1879 641 pro
1908 578 2095 624 nostra

500 661 675 717 salute
704 660 980 732 perferre;
1013 662 1142 732 quid
1173 663 1392 729 mirum,
1421 663 1464 718 si
1496 663 1767 733 puniendo
1802 660 2093 717 commissa

497 752 691 807 suimet
719 767 778 807 se
806 753 1060 809 exhibeat
1086 754 1248 808 homo
1274 762 1554 818 tortorem,
1580 763 1631 808 et
1659 755 1723 809 ad
1754 753 2093 809 evadendum

494 840 755 910 iudicium
769 845 871 900 sibi
893 860 952 900 se
972 846 1266 901 constitua:
1280 846 1555 917 judicem?
1577 847 1788 902 dicente
1800 845 2088 918 Apostolo:

502 954 521 985 ι
571 933 628 990 Si
664 938 1024 1008 nosmetipsos
1041 937 1432 1008 iudicaremus,
1474 955 1580 995 non
1616 940 1800 1009 utique
1821 936 2093 1007 judicare-
2135 979 2139 982 .

498 1042 621 1082 mur
650 1027 703 1099 (Ι
728 1028 851 1084 Cor.
884 1029 984 1102 ιι).
1036 1049 1056 1083 ι
1104 1028 1260 1087 Sicut
1304 1030 1450 1086 enim
1491 1046 1596 1086 non
1639 1029 1963 1086 temeritatis
2005 1044 2093 1083 ar-

497 1119 740 1187 guendus
766 1129 870 1187 est,
900 1121 990 1192 qui
1021 1136 1128 1178 non
1149 1105 1309 1178 mado
1337 1121 1659 1178 sacerdotali
1681 1131 1975 1192 praecepto,
1997 1120 2093 1177 sed
2118 1120 2159 1203 ᾗ)

496 1214 553 1261 et
579 1219 771 1279 sponte
806 1209 1052 1282 jejunat;
1097 1212 1170 1268 ita
1201 1228 1417 1283 quoque
1450 1227 1556 1267 non
1600 1211 1801 1267 frustra
1844 1208 2151 1267 laborare"

494 1303 801 1359 censendus
827 1313 940 1372 est,
977 1305 1068 1376 qui
1112 1321 1172 1361 se
1200 1321 1307 1361 non
1351 1305 1543 1361 alienis
1578 1306 1867 1372 duntaxat,
1900 1305 1995 1361 sed
2037 1294 2097 1360 et

498 1397 733 1468 propriis
760 1400 1010 1460 manibus
1045 1398 1327 1456 atIiciendo
1353 1400 1598 1471 castigat.
1628 1398 1781 1467 Quod
1807 1399 1852 1453 si
1878 1396 2087 1467 Achab,

495 1488 709 1557 reprobi
742 1490 993 1547 videlicet
1037 1492 1214 1564 regis,
1265 1492 1499 1549 cilicium
1530 1493 1712 1548 divina
1762 1493 1936 1564 pietas
1980 1509 2089 1549 non

494 1581 820 1652 contempsit
865 1580 988 1653 (ΙΙΙ
1022 1581 1152 1654 Reg.
1202 1586 1360 1655 nu),
1408 1600 1570 1654 quam
1616 1586 1878 1658 benigne,
1926 1602 2087 1657 quam

493 1677 924 1736 misericorditer
977 1680 1125 1735 illum
1175 1681 1404 1752 desuper
1454 1691 1735 1752 aspectare
1787 1683 2088 1740 credendus

493 1777 596 1832 est,
624 1770 715 1840 qui
741 1785 799 1826 se
825 1771 973 1827 velut
996 1772 1049 1827 in
1076 1773 1418 1828 atrocissima
1441 1773 1666 1829 crimine
1690 1772 2084 1843 deprehensum

2194 559 2491 615 canonibus
2520 560 2743 616 minime
2769 562 3062 631 reperitur,
3093 562 3386 620 absurdum
3412 581 3569 632 esse,
3603 575 3658 622 et
3680 565 3800 621 fri-

2193 648 2372 705 volum
2395 649 2769 719 iudicabitur?
2805 651 2957 720 Quod
3004 655 3049 709 si
3099 656 3202 712 hoc
3236 655 3391 713 laicis
3438 657 3795 729 indulgetur,

2196 750 2253 796 ut
2282 752 2500 811 peccata
2527 758 2623 798 sua
2651 742 3010 818 eleemosynis
3033 747 3325 817 redimant,
3355 764 3425 805 ne
3448 750 3797 821 subripiente

2193 833 2387 889 mortis
2429 835 2679 901 articulo,
2724 851 2788 891 ex
2822 837 2925 892 hac
2965 838 3075 894 vita
3112 839 3229 896 sine
3277 850 3462 897 reatus
3492 842 3609 908 sui,
3640 840 3799 915 quod

2194 924 2364 993 absit,
2412 927 2752 984 absolutione
2794 930 3088 997 recedant,
3127 932 3256 1002 quid
3290 933 3562 989 monacho
3588 935 3795 1004 praeci-

2192 1016 2448 1086 piendum
2475 1018 2600 1085 erit,
2625 1020 2716 1090 qui
2741 1029 2794 1077 et
2820 1021 3036 1093 longam
3064 1021 3206 1079 forte
3230 1025 3637 1096 pmnitentiam,
3659 1041 3795 1097 pec-

2193 1107 2329 1163 catis
2357 1108 2726 1180 exigentibus,
2770 1112 3005 1182 accipit:
3043 1122 3100 1169 et
3135 1116 3394 1184 pecunias
3431 1115 3563 1171 olim
3605 1115 3793 1173 fundi-

2195 1207 2299 1267 tus,
2328 1202 2524 1272 quibus
2559 1203 2878 1271 redimatur,
2909 1205 3148 1277 ahjecit?
3185 1205 3438 1280 Nunquid
3476 1207 3525 1263 si
3557 1224 3657 1280 pro
3686 1209 3792 1264 hu-

2190 1307 2365 1349 manae
2410 1295 2716 1367 fragilitatis
2761 1296 2954 1352 intuitu
2984 1306 3267 1370 peccatum
3306 1300 3501 1355 redimi
3534 1314 3791 1355 nummo—

2191 1400 2309 1440 rum
2342 1402 2551 1443 summa
2581 1389 2912 1459 praecipitur,
2954 1405 3053 1462 pro
3097 1402 3321 1463 peccato
3355 1393 3541 1450 carnis
3567 1390 3792 1453 afﬂictio

2190 1479 2384 1533 merito
2432 1480 2768 1549 respuatur?
2801 1480 2940 1549 Quid
2969 1483 3116 1538 enim
3155 1485 3353 1539 mirum
3382 1484 3427 1541 si
3460 1501 3625 1552 caro,
3662 1502 3789 1558 qua:

2188 1584 2287 1624 nos
2324 1570 2377 1625 in
2420 1571 2671 1627 exsilium
2718 1573 2836 1628 laeta
2866 1573 3080 1644 dejecit,
3106 1590 3264 1632 versa
3289 1577 3408 1633 vice
3442 1576 3511 1632 ad
3550 1578 3789 1650 patriam

2189 1662 2384 1718 alllicta
2418 1665 2667 1720 reducit?
2704 1665 2769 1721 Et
2811 1682 2907 1737 per
2934 1668 3037 1725 hoc
3067 1669 3231 1737 idem,
3267 1671 3353 1727 cui
3383 1671 3588 1727 dudum
3622 1671 3787 1727 noxic

2188 1760 2578 1815 consentieudo
2604 1761 2980 1831 peccavimus,
3027 1764 3260 1835 idipsum
3298 1781 3441 1821 nunc
3470 1765 3786 1836 castigando

493 1838 695 1917 nudum
726 1863 921 1920 divinis
943 1865 1253 1936 aspectibus
1273 1865 1466 1921 obtulit
1489 1838 1859 1922 accusatorem
1881 1866 2079 1936 pariter

2198 1848 2483 1904 salubriter
2505 1851 2900 1908 cmendemus?
2936 1853 3135 1923 Atque,
3160 1863 3218 1910 ut
3254 1856 3326 1911 ita
3355 1855 3567 1926 loquar,
3592 1857 3785 1912 eadem

491 1963 547 2011 et
575 1964 875 2027 tortorem;
912 1974 1064 2014 reum
1089 1959 1249 2015 simul
1277 1969 1332 2016 et
1373 1970 1603 2018 testem:
1636 1977 1917 2018 censorem
1944 1962 2057 2017 nihi

492 2042 759 2114 lominus,
809 2058 864 2105 et
889 2050 1201 2106 carnificem
1244 2050 1416 2107 fecit?
1451 2050 1667 2123 Optime
1694 2054 1922 2124 pmnitct
1944 2095 1958 2119 ,
1991 2053 2080 2125 qui

492 2136 620 2192 dum
646 2153 864 2194 carnem
889 2140 1208 2197 verberibus
1246 2152 1469 2209 mactat,
1502 2144 1732 2211 lucrum,
1766 2146 1907 2215 quod
1939 2145 2083 2202 dele-

491 2230 731 2286 ctatione
750 2231 934 2286 carnis
963 2232 1241 2296 amiserat,
1271 2232 1651 2291 afﬂictionibus
1674 2246 2080 2307 recompensat:

490 2330 547 2376 et
577 2322 847 2379 salubrem
895 2322 968 2379 illi
1018 2341 1159 2380 nunc
1188 2326 1604 2383 amaritudinem
1655 2328 1885 2400 ingerit,
1931 2330 2085 2400 cujus

492 2410 621 2467 olim
657 2413 818 2467 noxia
844 2413 1207 2470 delectatione
1230 2416 1496 2485 peccavit.
1520 2415 1664 2472 Nihil
1687 2416 1865 2474 differt
1890 2419 2083 2489 quibus

490 2502 667 2573 pmnis
695 2518 824 2560 caro
852 2505 1166 2574 pcenitentis
1191 2507 1475 2573 addicitur,
1510 2509 1801 2565 dummodo
1839 2500 2095 2593 voluptas:

488 2596 850 2666 praecedentis
880 2599 1148 2657 illecebrae
1175 2601 1375 2658 vicaria
1405 2603 1639 2674 repressi
1670 2604 1914 2676 corporis
1944 2602 2090 2673 allii-1

490 2687 673 2746 ctione
720 2700 978 2748 mutetur.
1031 2692 1184 2761 Quod
1232 2694 1278 2749 si
1324 2709 1432 2750 non
1461 2694 1785 2753 facientibus
1815 2712 1987 2761 nova,
2019 2712 2085 2752 ac

487 2782 714 2850 proinde
749 2784 1193 2855 reprehensibilis
1219 2780 1434 2841 videtur
1470 2786 1753 2858 disciplina
1782 2788 2078 2857 virgarum,

487 2883 542 2929 et
572 2876 639 2930 ad
670 2874 847 2932 livida:
881 2878 1251 2948 persuasionis
1287 2879 1545 2950 ineptiam
1571 2879 1846 2949 judicatur
1869 2881 2082 2936 destru—

487 2964 597 3019 ctio
625 2980 914 3035 canonum,
948 2967 1169 3025 abolitio
1199 2969 1574 3037 decretorum;
1624 2971 1867 3041 nunquid
1921 2986 2081 3026 vene;-

488 3056 677 3112 rabilis
721 3058 862 3114 Beda
903 3060 1308 3132 redarguendus
1339 3076 1461 3119 esse
1489 3062 1791 3130 videbitur,
1836 3064 1929 3134 qui
1960 3074 2079 3133 post

487 3148 831 3219 antiquorum
855 3153 1178 3208 sententiam
1210 3169 1498 3219 canonum,
1522 3156 1784 3227 quosdam
1808 3158 2077 3226 paeniten-

2174 1941 2356 2020 :bcstia
2380 1940 2494 2009 jam
2528 1943 2745 1998 humilis
2775 1943 2937 2012 facta,
2966 1947 3266 2002 curandum
3294 1948 3506 2003 medico
3534 1946 3785 2003 collisum

2176 2038 2461 2125 hominem
2487 2038 2669 2105 vehat,
2702 2056 2861 2110 quem
2898 2042 3150 2112 primitus
3176 2042 3457 2107 infrunita,
3490 2051 3656 2114 atque
3692 2055 3785 2096 ve-

2186 2131 2404 2185 saniens
2434 2131 2731 2202 impatienti
2774 2134 2922 2191 calce
2955 2138 3343 2207 percusserat?
3376 2137 3490 2193 Ima
3525 2138 3660 2208 quid
3687 2152 3783 2194 no-

2186 2243 2336 2294 vum,
2368 2229 2411 2284 si
2445 2240 2613 2293 terra,
2645 2247 2765 2301 qum
2794 2232 2975 2303 spinas
3008 2243 3154 2300 ante,
3196 2233 3281 2289 vel
3310 2234 3554 2307 paliuros
3582 2233 3783 2289 attule-

2187 2329 2290 2385 rat,
2321 2322 2521 2376 eisdem
2556 2323 2766 2378 tribulis
2797 2326 3235 2395 putrescentibus
3259 2327 3495 2393 exculta,
3536 2338 3783 2398 postmo-

2200 2412 2311 2465 lum
2340 2422 2397 2467 ct
2427 2412 2548 2467 laeta
2574 2415 2934 2485 pinguescat?
2963 2417 3289 2474 Obstruatur
3317 2419 3487 2490 igitur
3509 2434 3573 2475 os
3600 2420 3781 2489 iniqua

2189 2502 2549 2575 loquentium,
2597 2517 2649 2561 et
2692 2509 2781 2577 qui
2829 2509 3045 2579 propria
3091 2511 3341 2565 nesciunt
3379 2520 3564 2567 errata
3607 2511 3779 2567 corri-

2184 2612 2334 2667 gere,
2360 2598 2589 2652 alienam
2623 2600 2814 2654 saltem
2838 2598 3106 2668 justitiam
3142 2602 3321 2658 verbis
3360 2602 3619 2658 desinant
3641 2618 3780 2658 mor-

2185 2690 2406 2744 dacibus
2438 2690 2680 2746 lacerare
2708 2711 2721 2747 :
2754 2702 2808 2745 ct
2835 2709 2954 2760 qua:
2981 2694 3079 2763 ipsi
3108 2696 3357 2750 nesciunt
3379 2711 3504 2751 cum
3528 2697 3779 2767 spiritua-

2185 2783 2323 2838 libus
2355 2800 2533 2855 agere,
2570 2794 2803 2855 paveant
2829 2786 3216 2843 obtrectatorie
3258 2803 3381 2843 cum
3426 2787 3780 2844 saecularibus

2187 2876 2432 2931 irridere.

2255 2971 2364 3025 Vos
2409 2981 2589 3026 autem
2594 3013 2625 3044 ο,
2671 2973 3043 3040 dilectissimi,
3090 2988 3228 3045 quos
3267 2983 3323 3029 et
3369 2973 3625 3046 religiosa
3671 2973 3779 3030 vita

2184 3064 2523 3130 sanctificat,
2571 3076 2626 3121 et
2675 3066 2913 3122 caelestis
2959 3067 3238 3138 sapientia:
3286 3066 3461 3137 fulgor
3509 3068 3776 3135 illustrat,

2173 3155 2454 3210 'sibilantia
2503 3158 2834 3227 serpentium
2880 3174 2974 3212 ara
3010 3158 3318 3228 reprimite,
3365 3167 3415 3213 et
3458 3159 3776 3230 pestiferum

489 3249 570 3296 tes
622 3240 813 3298 ferreis
863 3245 1059 3300 asserit
1102 3245 1324 3301 circulis
1367 3247 1789 3319 astringendos?
1823 3247 2076 3320 Nunquid
2103 3216 2151 3279 ϐ
2185 3246 2361 3311 virus,
2409 3264 2476 3303 ne
2519 3248 2586 3302 ad
2641 3249 2932 3303 multorum
2983 3249 3277 3319 perniciem
3330 3258 3479 3303 tanta
3520 3249 3777 3306 libertate

486 3346 799 3393 sanctorum
839 3337 1063 3394 Patrum
1093 3340 1200 3396 vita
1241 3339 1365 3409 jure
1409 3342 1741 3413 conspuitur,
1785 3358 1905 3414 qtne
1942 3343 2077 3401 alios

487 3442 585 3500 per
631 3430 941 3501 ogdoadas,
983 3440 1038 3487 et
1074 3434 1402 3503 pentadecas
1449 3433 1503 3490 in
1554 3435 1809 3504 vepribus
1859 3436 2072 3503 stando,

486 3520 622 3577 alios
657 3522 724 3577 de
755 3522 869 3579 sale
899 3524 952 3578 in
981 3524 1149 3580 solem
1178 3523 1379 3597 rigidas
1410 3526 1565 3582 ulnas
1596 3526 1650 3582 in
1680 3542 1806 3584 aera
1846 3542 2072 3599 suspen-

485 3612 684 3679 denda,
714 3614 849 3670 alios
884 3615 937 3671 in
984 3615 1211 3673 defossis
1246 3618 1511 3690 specubus
1551 3619 1754 3691 jugiter
1782 3620 2070 3688 latitando,

484 3712 668 3760 reatus
699 3706 782 3760 sui
806 3707 1183 3776 paenitentiam
1212 3712 1485 3781 peregisse
1520 3713 1797 3767 testatur?
1822 3712 2074 3784 Nunquid

481 3802 540 3850 et
566 3795 757 3851 beatus
783 3795 873 3852 ille
898 3796 1207 3855 Macharius
1238 3800 1396 3871 digne
1425 3801 1709 3867 ridebitur,
1742 3804 1831 3873 qui
1862 3805 1988 3860 dum
2015 3819 2074 3862 se

482 3886 765 3944 minimum
791 3890 923 3962 quid
959 3892 1243 3950 admisisse
1277 3895 1549 3966 paenituit,
1582 3897 1911 3953 acutissimis
1940 3898 2074 3954 culi-

482 3993 604 4034 cum
644 3982 860 4050 rostris,
906 3999 1027 4054 qua:
1054 3985 1307 4042 videlicet
1330 4003 1491 4057 apros
1523 3988 1937 4058 transfigerent,
1976 4006 2074 4061 per

484 4087 579 4128 sex
609 4089 824 4131 menses
851 4077 1092 4134 membra
1138 4094 1234 4134 sua
1274 4081 1451 4137 nudus
1480 4083 1766 4151 exposuit?
1801 4081 2069 4153 (PALLAD.

482 4160 689 4218 Hister.
722 4163 825 4221 SS.
862 4163 1042 4232 Patr.,
1066 4178 1199 4223 sect.
1226 4169 1340 4242 I7.)
1363 4168 1613 4240 Nunquid
1636 4179 1691 4227 et
1711 4170 2069 4228 Ninivitarum

480 4246 809 4323 paenitentia
827 4258 1218 4313 contemnenda
1246 4267 1347 4324 est,
1393 4260 1551 4331 155
1580 4262 1673 4331 qui
1705 4276 1804 4317 nec
1825 4262 2072 4331 jumenta

480 4361 580 4417 per
607 4348 842 4405 triduum
886 4364 1110 4422 pascere
1144 4352 1551 4421 permiserunt?
1601 4354 1745 4424 (Jan.
1780 4359 1886 4427 ιιι.)
1934 4354 2071 4423 Quia

480 4442 645 4516 igitur
689 4443 804 4500 haec
847 4452 903 4500 et
948 4434 1049 4499 alia
1088 4444 1256 4499 inulta
1301 4445 1635 4515 poenitentia:
1668 4462 1867 4518 genera
1899 4448 2072 4505 sacris

479 4550 588 4590 non
619 4536 968 4606 reperiuntur
994 4535 1197 4591 inserta
1226 4535 1545 4602 canonibus,
1584 4538 1828 4608 nunquid
1854 4539 2070 4608 penitus

477 4627 812 4683 exsecranda
840 4634 987 4693 sunt,
1013 4635 1067 4681 et
1088 4626 1306 4683 Patrum
1337 4627 1708 4685 sanctionibus
1736 4630 2068 4701 perhibenda

476 4728 606 4774 sunt
629 4734 749 4774 esse
778 4719 1092 4775 contraria?
1128 4719 1429 4776 Erubescat
1457 4735 1588 4791 ergo
1624 4721 1805 4794 lingua
1835 4724 2068 4792 phrene-

479 4812 583 4867 tica
605 4820 660 4868 et
680 4829 802 4884 quae
823 4813 997 4869 nescit
1020 4826 1141 4868 esse
1168 4812 1421 4878 facunda,
1438 4812 1612 4869 discat
1632 4829 1754 4869 esse
1775 4810 1858 4870 vel
1883 4823 2064 4871 muta:

478 4904 651 4959 nescit
677 4904 884 4960 utiliter
920 4898 1086 4962 verba
1130 4904 1486 4976 depromere,
1536 4906 1672 4962 sciat
1716 4906 1905 4963 saltem
1950 4908 2066 4964 sine

474 4994 696 5051 ltesione
733 5005 931 5053 tacere.

546 5084 655 5142 Sed
704 5087 851 5143 dicat
887 5088 1019 5144 mihi
1050 5104 1245 5146 censor
1281 5090 1383 5145 iste
1424 5089 1652 5147 fratrum
1674 5132 1690 5157 ,
1722 5100 1778 5146 et
1806 5090 2067 5148 doctrina:

475 5180 734 5218 ηιοηῖοιον
786 5180 1022 5218 ἶπηΛΙοῖιο
1058 5183 1160 5218 Ι111ιῖ
1209 5184 1464 5218 ηἶινιῖνηηὶ
1517 5185 1593 5218 εἴη
1641 5185 1853 5218 οἷιὶῖηιιιιθ
1905 5202 2068 5218 cnnnn

1209 5184 1464 5218 n;m:mnn\
1517 5185 1593 5218 εἴη
1641 5185 1853 5218 οἷιὶῖηιιιιθ

2098 4582 2153 4644 D

2172 3330 2511 3408 ,pereflluath
2536 3340 2732 3395 vestris
2778 3341 3194 3395 auctoritatibus
3234 3340 3489 3396 obviate:
3526 3350 3585 3396 et
3620 3342 3776 3411 quia,

2176 3429 2330 3501 juxta
2349 3430 2569 3485 verbum
2588 3430 2824 3495 Domini,
2850 3449 2868 3482 ι
2888 3444 2985 3485 vos
3005 3429 3137 3484 estis
3158 3429 3237 3485 sal
3260 3428 3648 3502 terrm(Matth.
3668 3430 3774 3502 v),s

2181 3524 2441 3595 quidquid
2486 3524 2864 3581 amaritudinis
2895 3526 3268 3596 imperitorum
3300 3522 3579 3579 hominum
3620 3523 3781 3579 rusti-

2180 3616 2317 3671 citas
2343 3616 2581 3683 exhibet,
2612 3626 2781 3672 totum
2813 3617 3249 3688 prudentissimae
3270 3615 3558 3687 gravitatis
3580 3624 3777 3672 vestra:

2179 3724 2341 3781 sapor
2390 3708 2660 3765 obdulcet.
2703 3710 2866 3764 Plura
2919 3710 3224 3780 scripturus
3268 3722 3451 3773 eram,
3500 3707 3598 3763 sed
3649 3706 3778 3762 dum

2179 3816 2372 3857 manus
2420 3801 2489 3857 ad
2533 3800 2816 3872 iaciendos
2862 3802 3043 3872 apices
3090 3798 3377 3872 properat,
3422 3798 3574 3853 ﬁnita
3627 3798 3780 3854 sche-

2177 3893 2325 3960 dula,
2372 3894 2594 3950 nuntius
2642 3893 2808 3949 etiam
2860 3893 3109 3964 expedite
3155 3892 3482 3963 prtecinctus
3528 3889 3777 3962 equitare

2177 3984 2416 4043 festinat.

2728 4075 3069 4134 EPISTOLA
3116 4075 3208 4131 IX.

2631 4189 2700 4228 AD
2737 4186 2992 4228 CLEBICOS
3033 4184 3320 4227 FANENSES.

2404 4262 2680 4335 (Habemr
2702 4275 2826 4320 tom.
2856 4263 2918 4318 11
2924 4262 2955 4317 Ι
2960 4305 2976 4328 ,
3003 4273 3180 4335 estque
3204 4279 3383 4333 opusc.
3408 4261 3533 4331 27.)

2644 4358 2805 4430 153
2846 4354 3182 4412 EPISTOLA
3226 4354 3295 4410 Χ.

2432 4464 2501 4502 AD
2529 4463 2740 4504 CLERUM
2769 4463 2839 4504 ΕΤ
2869 4462 3111 4503 1³01⁷01111
3142 4460 3507 4501 FAVENTINUI.

2175 4540 2571 4596 Ancanearun.
2596 4572 2665 4581 —
2694 4539 2926 4595 Vocatus
2968 4555 2998 4594 a
3028 4538 3342 4595 Faventinis
3372 4545 3493 4609 post
3532 4539 3772 4609 ipsorum

2244 4611 2480 4682 episcopi
2511 4621 2771 4675 mortem,
2800 4620 3024 4667 excusat
3051 4627 3142 4674 se,
3186 4610 3327 4682 quod
3378 4611 3456 4682 in
3482 4611 3773 4682 praesentia

2246 4679 2537 4753 praeteritis
2580 4682 2927 4753 languoribus
2947 4723 2962 4747 ,
2994 4681 3311 4753 lassitudine
3338 4679 3770 4753 valde—debilita-

2249 4751 2356 4820 tus,
2386 4756 2452 4809 ad
2479 4769 2573 4809 eos
2600 4751 2857 4826 accedere
2887 4769 2993 4826 non
3016 4760 3218 4823 posset.
3251 4752 3471 4826 Interim
3506 4751 3630 4809 illas
3656 4751 3772 4826 bor-
3866 4819 3872 4826 .

2248 4834 2414 4891 tatur,
2447 4836 2507 4879 ut
2533 4825 2768 4895 episcopi
2792 4822 3110 4895 electionem
3133 4836 3307 4895 usque
3332 4822 3399 4876 ad
3427 4822 3769 4892 imperatoris

2246 4893 2614 4957 adventum,_a
2644 4893 2751 4965 quo
2788 4895 2930 4949 illius
2959 4893 3216 4965 Ecclesiae
3244 4902 3417 4947 status
3446 4907 3766 4965 componen-

2245 4968 2347 5022 dus
2372 4975 2541 5030 esset,
2578 4982 2609 5019 a
2656 4963 2911 5035 pontifice
2942 4964 3142 5021 diﬁ‘erri
3178 4972 3408 5018 curent:
3447 4978 3513 5035 ac
3541 4963 3765 5034 presby-

2251 5047 2424 5093 terum
2457 5034 2691 5105 aliquem
2737 5038 2986 5092 idoneum
3019 5044 3239 5105 optent,
3283 5035 3374 5104 qui
3422 5034 3763 5105 episcopatus

2243 5110 2506 5164 vicariam
2536 5101 3072 5163 administrationem
3089 5115 3271 5178 gerat;
3303 5101 3364 5161 ξε
3387 5101 3762 5175 quoque—allu-

2245 5189 2427 5218 lin-nm
2459 5179 2513 5218 in
2547 5187 2788 5218 Ipmnnrn
2815 5178 3115 5218 nnllinnlnr-
