3964 5310
159 232 267 296 353

1410 226 1612 284 LIBER
1642 224 1976 296 QUINTUS,
2015 222 2234 285 EPIST.
2278 228 2393 295 XI.

3317 233 3426 291 554

157 346 340 403 movit.
369 341 709 400 Venerabilis
734 348 915 397 autem
940 338 1083 396 filius
1113 348 1314 405 noster,
1341 338 1506 395 abbas
1536 338 1744 394 scilicet
1769 349 1819 411 Α
1848 341 1990 411 quod
2016 344 2311 413 permissus
2337 342 2537 411 fuerat,
2566 358 2749 416 agere,
2787 344 3045 416 populum
3074 360 3289 419 quoque
3318 365 3425 416 non

157 450 310 507 quem
339 433 409 490 ad
448 449 535 490 me
578 432 884 499 direxistis,
928 431 1005 487 ita
1048 446 1136 486 me
1182 430 1381 503 reperit
1432 444 1538 486 non
1582 432 1743 486 modo

155 526 439 600 praeteritis
468 524 839 598 languoribus,
880 525 976 582 sed
1018 534 1073 580 et
1100 524 1421 596 quibusdam
1466 524 1744 582 laboribus

157 627 574 691 conquassatum
602 627 766 691 atque
796 616 1158 685 confractum,
1203 626 1264 672 ut
1307 633 1451 674 nunc
1490 626 1597 672 tam
1634 617 1744 674 cito

166 712 232 768 ad
254 726 348 768 vos
373 710 564 767 venire
589 725 695 767 non
724 710 949 783 possim.
975 708 1340 776 Quamobrem
1370 708 1541 764 donec
1562 723 1662 764 nos
1688 708 1742 763 in

156 803 429 859 servitium
453 811 700 858 vestrum
730 801 915 858 venire
939 800 1234 872 contingat,
1272 801 1415 871 quod
1437 799 1591 869 juxta
1622 815 1743 856 mo—

158 896 335 951 dulum
383 904 636 951 nostrum
681 894 834 951 vobis
870 892 1178 950 faciendum
1225 908 1347 949 esse
1392 892 1741 963 conjicimus,

153 1005 250 1061 per
271 989 430 1060 hujus
455 988 700 1060 epistola:
729 987 1037 1059 paginulam
1068 987 1401 1044 brevissimae
1428 987 1746 1058 prolationis

152 1078 358 1149 eloquia
387 1079 749 1134 destinamus.
790 1077 846 1132 In
892 1086 1155 1149 quantum
1182 1092 1313 1134 vero
1342 1078 1746 1149 deprehendere

153 1186 468 1244 possumus,
515 1187 658 1226 unus
700 1169 924 1241 spiritus
966 1168 1101 1236 fuit,
1148 1170 1239 1240 qui
1281 1178 1336 1226 et
1363 1169 1533 1225 nostri
1564 1169 1744 1225 cordis

154 1262 480 1336 ingeniolum
514 1262 710 1335 tetigit,
755 1270 812 1316 et
840 1269 1083 1317 sanctam
1128 1260 1468 1331 prudentiam
1505 1268 1744 1314 vestram

155 1358 210 1415 in
235 1355 307 1423 id,
336 1357 481 1429 quod
525 1357 669 1411 inter
703 1370 799 1411 vos
833 1362 1048 1425 pactum
1079 1363 1163 1409 est
1189 1364 1353 1424 atque
1382 1360 1741 1416 conventum,

153 1450 477 1505 unanimiter
504 1448 790 1504 incitavit:
826 1445 1100 1511 videlicet,
1142 1456 1201 1499 ut
1245 1460 1351 1500 nou
1389 1444 1600 1515 eligatis
1630 1444 1747 1513 epi-

155 1554 369 1609 scopum
415 1552 591 1609 usque
640 1536 707 1591 ad
754 1537 898 1608 regis
946 1536 1260 1591 adventum.
1310 1534 1413 1602 Qui
1446 1533 1651 1590 scilicet
1692 1543 1749 1590 et

155 1648 389 1689 errorem
429 1630 606 1697 tollat,
657 1638 713 1685 et
758 1644 878 1695 vos,
926 1638 1091 1698 atque
1142 1627 1439 1683 Ecclesiam
1486 1636 1745 1692 vestram,

1848 434 1901 489 in
1940 449 2025 490 me
2058 435 2343 491 charitatis
2380 435 2579 502 zelum,
2610 451 2715 491 non
2764 436 2817 490 in
2846 452 2907 493 se
2940 437 3174 494 studium
3198 441 3430 511 prepric

1846 525 2038 582 salutis
2058 527 2279 592 habere,
2306 527 2580 597 paenituit,
2599 526 2791 593 fateor,
2806 529 2933 599 quia
2948 528 3077 584 dum
3099 530 3430 588 vanitatibus

1846 617 2124 673 hominum
2180 619 2408 685 credidi,
2452 636 2482 673 a
2524 619 2720 676 divina:
2765 619 3064 677 voluntatis
3102 621 3268 690 linea,
3306 622 3433 681 licet
3510 682 3519 697 ί

1845 724 1988 777 sero,
2020 710 2306 781 perspicue
2345 722 2525 767 tamen
2572 727 2661 767 me
2703 712 2988 770 aberrasse
3041 715 3268 786 cognovi
3323 733 3336 770 :
3377 727 3434 774 et

1847 800 1975 856 dum
2006 811 2387 873 congestorum
2428 803 2688 860 aviditate
2722 804 2950 875 piscium
2977 807 3247 863 vivarium
3276 810 3431 878 petii,

1846 907 2001 947 raros
2035 892 2247 958 saltem,
2272 910 2410 965 quos
2438 909 2537 965 per
2569 894 2763 951 diffusa
2792 897 3023 953 marium
3049 896 3251 955 ﬂuenta
3279 900 3432 956 elau-

1847 982 1976 1038 dere
2015 999 2430 1050 consueveram,
2458 975 2752 1043 frustratus
2792 987 2973 1043 amisi.
3004 987 3218 1045 Interea
3251 998 3433 1048 tamen

1846 1075 2079 1144 quodam
2108 1074 2331 1132 fruebar
2358 1076 2745 1134 consolationis
2773 1078 2993 1146 auxilio,
3034 1081 3162 1151 quia
3185 1082 3436 1141 videlicet

1847 1165 1949 1219 etsi
1979 1165 2032 1220 in
2070 1165 2351 1223 lucrandis
2404 1168 2691 1224 animabus
2718 1183 2810 1226 me
2837 1184 3099 1227 exercere
3139 1187 3247 1228 non
3276 1182 3434 1246 pote-

1848 1270 2003 1321 ram,
2059 1255 2502 1321 molestissimum
2543 1267 2725 1315 tamen
2774 1262 2987 1333 pondus
3021 1263 3299 1334 popularis
3351 1281 3439 1322 re-

1847 1346 2107 1401 verentia:
2159 1363 2265 1403 non
2303 1346 2566 1405 ferebam.
2594 1349 2897 1421 Utrumque
2945 1352 3201 1427 nimirum
3241 1354 3297 1409 in
3326 1366 3440 1413 sta-

1852 1448 1965 1494 tera
2017 1441 2216 1496 mentis
2268 1456 2401 1496 mete
2446 1458 2600 1514 aequa
2649 1446 2785 1514 pene
2832 1443 2992 1501 lance
3031 1447 3341 1517 pendebat,
3383 1456 3441 1505 et

1850 1531 2155 1587 sterilitatis
2210 1532 2567 1589 infortunium
2626 1550 2749 1591 cum
2803 1544 3015 1607 negata:
3069 1540 3442 1599 venerationis

1851 1621 2003 1679 lucro
2032 1624 2184 1679 laetus
2224 1625 2721 1694 recompensabam.
2769 1626 2865 1683 Est
2905 1627 3051 1684 enim
3101 1643 3295 1685 revera
3336 1645 3441 1702 po-

156 1726 352 1783 sedatis
397 1721 871 1796 undiquejurgiis,
912 1722 966 1777 in
993 1720 1191 1792 quietis
1217 1736 1281 1776 ac
1310 1720 1461 1791 pacis
1488 1718 1749 1789 tranquil-
1774 1746 1823 1808 Β
1852 1713 2061 1784 putaris
2106 1713 2262 1770 favor
2301 1713 2635 1785 imperfectis
2674 1731 2780 1771 non
2817 1717 3171 1775 medid’criter
3219 1721 3438 1789 noxius,

157 1817 308 1874 litate
332 1824 641 1889 componat.
690 1813 844 1871 Unde
887 1821 943 1869 et
983 1814 1233 1868 dominus
1264 1820 1450 1866 noster
1491 1826 1628 1882 papa
1658 1825 1747 1866 ro-

154 1912 356 1983 gandus
379 1916 483 1976 est,
512 1889 574 1964 ut
600 1907 913 1987 episcopum
941 1905 1095 1959 vobis
1139 1903 1301 1959 modo
1348 1917 1454 1957 non
1502 1904 1741 1972 ingerat.

157 2004 247 2058 sed
291 2001 592 2059 Ecclesiam
623 2007 863 2056 vestram
904 1997 1121 2053 interim
1151 2011 1379 2059 vacare,
1426 2003 1481 2049 et
1522 2009 1618 2048 vos
1648 1993 1747 2048 sub

156 2109 263 2150 suze
288 2091 688 2150 benedictionis
711 2089 1030 2145 umbraculo
1052 2102 1277 2144 manere
1308 2087 1581 2142 decernat.
1610 2083 1746 2152 Quia

156 2201 283 2242 vero
309 2200 412 2256 per
439 2184 537 2241 Dei
568 2181 1000 2239 misericordiam
1029 2178 1324 2235 industrios
1351 2178 1491 2232 inter
1522 2178 1618 2231 vos
1641 2174 1749 2231 cle-

152 2279 321 2340 ricos.
348 2291 415 2331 ac
456 2274 775 2347 prudentes,
804 2281 859 2327 et
882 2272 1153 2327 litteratos
1188 2270 1420 2336 habetis,
1463 2269 1505 2324 si
1539 2267 1744 2339 placet,

154 2384 289 2425 unus
312 2382 380 2423 ex
408 2366 490 2423 eis
516 2365 772 2437 eligatur,
800 2364 892 2436 qui
917 2364 983 2419 ad
1006 2364 1409 2434 exsequendum
1445 2362 1549 2417 hoc
1578 2375 1746 2431 nego-

153 2464 283 2518 tium
312 2460 500 2517 utilior
542 2460 835 2516 invenitur.
869 2456 967 2514 Cui
999 2457 1254 2511 nimirum
1285 2471 1416 2511 cura
1456 2470 1522 2511 ac
1555 2452 1750 2511 solliei-

155 2552 280 2607 tudo
325 2549 494 2607 totius
540 2549 884 2621 episcopatus
915 2547 1085 2617 possit
1131 2546 1354 2617 imponi,
1405 2562 1469 2601 ac
1498 2561 1595 2617 per
1624 2529 1748 2601 eum

152 2645 329 2700 omnia
359 2644 705 2701 necessitatis
734 2641 1117 2699 ecclesiastica:
1145 2640 1358 2711 negotia
1390 2639 1622 2694 debeant
1645 2638 1750 2693 mi-

150 2736 395 2792 nistrari.
440 2734 556 2807 Ego
602 2733 849 2800 interim,
898 2733 942 2787 si
978 2732 1295 2803 praecipitis,
1329 2746 1452 2787 cum
1489 2738 1748 2801 opportu-

153 2843 281 2884 num
304 2826 495 2893 fuerit,
533 2827 591 2882 in
622 2833 862 2882 vestrum
895 2823 1177 2879 servitium
1211 2822 1423 2878 veniam
1451 2840 1463 2875 :
1505 2830 1559 2876 et
1583 2821 1668 2876 vel
1694 2821 1748 2877 in

151 2919 539 2991 consignandis
560 2917 770 2989 pueris,
798 2916 882 2970 vel
905 2915 959 2970 in
992 2914 1112 2969 aliis
1136 2913 1537 2984 episcopalibus
1556 2911 1748 2968 olliciis

149 3029 245 3086 pro
279 3012 549 3068 cbaritate
587 3010 718 3077 Dei,
759 3019 814 3065 et
860 3018 1065 3073 vestra,
1097 3006 1323 3063 forsitan
1355 3006 1748 3077 aliquantulum

155 3103 431 3161 laborabo.

617 3193 775 3266 157
816 3190 1152 3248 EPISTOLA
1188 3190 1281 3245 XI.

420 3305 490 3344 AD
524 3304 583 3343 ν.
623 3303 692 3342 ΕΤ
732 3302 781 3341 Ρ.
824 3300 1080 3342 CLERICOS
1115 3299 1463 3339 FAV’ENTINOS.

322 3381 607 3454 (Habetur
655 3390 794 3435 tomo
839 3378 938 3444 Il,
980 3388 1156 3448 estque
1204 3393 1384 3447 opuac.
1430 3375 1554 3445 41.)

699 3469 1030 3527 EPISTULA
1082 3468 1197 3524 XII.

240 3585 310 3626 AD
350 3586 400 3626 G.
441 3581 859 3625 THESAUBAIUUM
899 3577 1331 3620 FAVENNATENSIS
1367 3578 1650 3619 εαειεειιε.

149 3664 638 3720 Δκςυκειςτωιμ-
662 3661 724 3715 Ι).
755 3659 954 3714 Petrus
1008 3657 1302 3711 Damiauus
1341 3656 1394 3710 in
1442 3657 1674 3726 patriam
1713 3672 1745 3711 a

216 3734 431 3790 civibus
460 3743 518 3789 et
561 3731 974 3801 archiepiscopo
1001 3736 1225 3783 vocatus
1250 3768 1264 3791 ,
1319 3727 1374 3801 in
1424 3743 1527 3801 qua
1563 3738 1741 3780 tamen

216 3821 395 3875 neque
441 3806 498 3860 in
548 3799 1108 3875 lionore'habebatur.
1146 3813 1323 3875 neque
1351 3799 1405 3851 in
1440 3799 1743 3875 animarum

217 3867 394 3932 salute
443 3875 806 3945 proficiebat,
839 3871 1108 3945 incertus
1160 3867 1289 3945 quid
1341 3877 1547 3945 ageret,
1605 3867 1747 3921 hanc

216 3938 510 4015 epistolam
550 3944 743 4000 scribit
787 3942 871 4015 ad“
899 3941 1301 4015 thesaurariuin
1345 3938 1741 4015 Ravennatem,

218 4008 272 4072 in
323 4032 433 4088 qua
481 4015 630 4070 illum
654 4013 919 4088 consulit,
949 4011 1078 4081 quid
1127 4010 1243 4088 sibi
1275 4008 1583 4088 faciendum
1621 4022 1746 4061 cen-

216 4078 383 4144 seat':
418 4096 605 4141 utrum
652 4085 705 4139 in
738 4084 911 4154 patria
945 4078 1356 4154 remanendum,
1391 4094 1458 4154 an
1490 4078 1556 4131 ad
1586 4092 1744 4154 suum

219 4158 617 4215 monasterium
665 4148 1021 4210 redeundum.
1071 4151 1309 4219 Cupidus
1364 4148 1508 4203 enim
1555 4148 1746 4202 aliena:

217 4231 439 4292 salutis,
470 4244 575 4282 non
625 4233 1028 4298 poteratmquo
1068 4222 1249 4298 animo
1282 4220 1741 4298 Ravenuzeﬁcsse.

218 4302 310 4355 ubi
342 4289 456 4356 sua:
488 4289 860 4368 ptmdieatiotii
891 4289 1071 4348 nullus
1122 4291 1270 4347 locus
1302 4299 1531 4368 pateret.
1558 4289 1636 4343 Ex
1662 4290 1744 4368 al-

220 4383 338 4427 tera
377 4363 508 4425 vero
558 4378 713 4438 parte
738 4367 782 4438 si
832 4380 988 4438 suum
1017 4363 1409 4438 monasterium
1448 4367 1741 4438 repeteret,

217 4443 517 4497 verebatur
541 4432 626 4493 vir
649 4435 1101 4497 modestissimus,
1132 4448 1201 4486 ne
1233 4432 1286 4485 iu
1319 4439 1466 4484 tanta
1495 4432 1738 4485 omnium

220 4514 274 4567 in
307 4528 368 4568 se
399 4509 778 4566 observatione
808 4505 1008 4575 aliquid
1038 4503 1104 4575 de
1131 4517 1228 4558 sua
1268 4500 1572 4575 humilitate
1596 4501 1744 4575 peri-

219 4584 525 4638 elitaretur.
573 4578 796 4634 Videtur
844 4571 1021 4630 tamen
1056 4574 1107 4628 in
1153 4588 1274 4628 eam
1304 4572 1626 4627 sententiam
1662 4571 1745 4625 in-

221 4654 456 4715 clinare,
505 4660 564 4705 ut
602 4650 907 4704 animarum
947 4646 1157 4715 lucrum
1195 4658 1293 4711 suo
1324 4642 1564 4715 periculo
1610 4656 1743 4713 prae-

221 4734 416 4797 ponat.
437 4712 632 4778 Omnia
664 4729 846 4774 tamen
873 4716 1039 4782 illius,
1068 4714 1136 4770 ad
1174 4728 1335 4785 quem
1366 4712 1576 4779 scribit,
1607 4728 1742 4768 eou-

224 4795 350 4852 silio
394 4795 606 4864 integra
637 4797 840 4848 servat.

226 4891 438 4947 Domno
475 4885 540 4943 G.
584 4883 841 4956 religioso
861 4879 1206 4950 presbytero,
1236 4875 1468 4944 Araeque
1512 4873 1746 4941 Seth,iu

156 4980 550 5055 cymiliareho,
592 4977 811 5034 Parens
854 4971 1075 5025 ultimus
1127 4966 1516 5024 monachorum
1560 4980 1751 5023 servus

156 5071 577 5130 ferventissimae
601 5062 911 5123 devotionis
941 5059 1280 5130 obsequium.

227 5164 344 5221 Non
382 5168 624 5234 ignoras,
675 5153 1049 5217 dilectissime,
1085 5153 1211 5223 quia
1254 5157 1309 5205 et
1351 5147 1480 5204 olim
1508 5165 1537 5204 a
1566 5147 1744 5206 Gebe-

158 5259 333 5310 barda
358 5254 787 5310 arcltieniscooo,
814 5255 870 5303 et
896 5259 1065 5310 nuper
1087 5245 1155 5300 ab
1178 5245 1283 5300 hoc
1308 5254 1452 5297 novo
1470 5284 1484 5310 ,
1514 5242 1605 5310 qui
1630 5243 1748 5299 zelo

1849 1809 1975 1878 quia
2010 1808 2097 1864 vel
2130 1810 2184 1864 in
2223 1824 2283 1864 se
2313 1809 2610 1865 delectatos
2652 1809 2813 1882 158
2841 1810 2897 1865 in
2939 1826 3094 1867 vana:
3131 1812 3319 1883 gloria:
3343 1828 3440 1870 vo-

1850 1901 2091 1971 raginem
2123 1899 2307 1969 dejicit
2329 1943 2344 1967 ,
2377 1900 2460 1955 vel
2491 1901 2654 1956 etiam
2688 1902 3006 1958 resistentes
3027 1912 3261 1972 receptae
3289 1919 3440 1962 mer-

1848 1992 1995 2048 cedis
2032 2003 2239 2049 terrore
2270 1991 2560 2062 transfigit.

1920 2083 2211 2154 Cujusdam
2242 2084 2527 2139 occasione
2560 2084 2869 2143 festivitatis
2912 2086 3188 2145 nonnullis
3223 2088 3447 2160 religio-

1828 2174 1924 2231 ‘sis
1980 2175 2338 2232 invitantibus
2386 2175 2551 2243 viris,
2604 2176 3018 2248 vehiculumque
3066 2181 3444 2250 mittentibus,

1849 2283 1971 2322 cum
1999 2267 2067 2322 ad
2106 2265 2425 2323 Urbinatem
2473 2268 2811 2339 provinciam
2858 2271 3225 2341 repedassem,
3260 2281 3444 2330 tantus

1846 2376 1935 2416 me
1997 2362 2375 2417 inundantium
2427 2363 2690 2430 fratrum,
2747 2364 3139 2420 monachorum
3198 2364 3452 2421 videlicet

1849 2462 2009 2523 atque
2048 2452 2414 2520 saecularium,
2458 2451 2654 2509 ﬂuetus
2701 2454 3003 2523 absorbuit,
3052 2455 3197 2526 quod
3245 2472 3451 2528 nequa-

1847 2558 2007 2612 quam
2049 2559 2135 2598 me
2162 2543 2228 2599 ad
2253 2535 2515 2599 Iutissimi
2546 2553 2737 2615 portus
2771 2545 2950 2601 sinum
2981 2554 3302 2617 retorquere
3333 2548 3449 2605 vela

1846 2628 2129 2699 permisit:
2171 2637 2227 2683 et
2270 2628 2419 2684 velut
2466 2630 2521 2684 in
2566 2629 2685 2699 ipso
2720 2645 2991 2687 marmore
3030 2645 3128 2700 per
3159 2631 3448 2688 circuitum

1847 2735 2136 2776 arenarum
2164 2721 2296 2776 mihi
2326 2736 2456 2791 ager
2483 2723 2794 2792 opponitur,
2828 2723 2956 2777 dum
2983 2736 3052 2777 ne
3081 2722 3188 2779 alio
3214 2738 3443 2796 progre-

1848 2814 1988 2879 diar,
2018 2813 2331 2884 importuna
2362 2830 2449 2871 me
2481 2824 2560 2871 tot
2584 2815 2816 2871 fratrum
2848 2816 3088 2872 eharitas
3115 2817 3447 2875 obtestatur.

1850 2903 1977 2969 Sed,
2028 2913 2087 2959 ut
2128 2904 2344 2976 opinor,
2395 2906 2600 2962 ideirco
2646 2924 2732 2963 me
2779 2907 3123 2979 omnipotens
3152 2910 3295 2966 Deus
3341 2910 3452 2968 illic

1846 2997 2094 3066 permisit
2134 2997 2417 3064 accedere,
2467 2998 2558 3054 ubi
2610 3014 2717 3054 non
2764 2999 3058 3055 debueram
3108 3015 3451 3071 permanere,

1772 3109 1820 3172 ο
1851 3100 2118 3160 quatenus
2155 3093 2281 3146 dum
2313 3102 2619 3163 praeruptos
2656 3109 2914 3150 saxorum
2963 3095 3214 3167 scopulos
3263 3111 3454 3152 cerne-

1850 3198 1989 3249 rem,
2020 3184 2246 3240 rarioris
2275 3184 2476 3255 segetis
2501 3200 2689 3239 arvum
2717 3201 2823 3240 non
2852 3186 3073 3241 omnino
3095 3186 3451 3256 despicabile,

1850 3291 1914 3331 ac
1950 3291 2051 3346 per
2078 3276 2182 3333 hoc
2222 3277 2540 3333 insulcabile
2569 3279 2906 3348 deputarem.
2942 3279 3011 3334 Et
3048 3279 3173 3334 dum
3205 3274 3454 3348 petrosus

1850 3385 1979 3442 ager
2005 3371 2324 3435 attenditur,
2356 3372 2411 3425 in
2448 3372 2858 3442 comparatione
2889 3371 3007 3440 ejus
3040 3371 3304 3442 trigesimi
3334 3372 3449 3426 fru-

1849 3472 1972 3517 ctus
2018 3471 2184 3527 terra,
2222 3462 2641 3518 fecundissimus
2678 3462 2887 3519 novalis
2934 3460 3133 3517 Africa:
3155 3461 3450 3530 judicetur.

1848 3551 2131 3607 Anxiabar
2168 3553 2400 3623 denique
2439 3553 2590 3622 prius
2622 3554 2711 3608 ubi
2751 3568 2967 3621 possem
3007 3552 3286 3608 uberiores
3332 3552 3453 3607 ani-
3512 3600 3519 3601 κ

1849 3658 2063 3696 marum
2100 3642 2310 3698 fructus
2346 3645 2652 3712 acquirere,
2684 3653 2740 3699 et
2788 3643 2904 3699 zelo
2931 3644 3307 3715 proximorum
3355 3645 3451 3699 du-

1850 3744 1987 3795 ctus,
2019 3734 2265 3789 diversas
2295 3733 2463 3789 Italia:
2492 3734 2740 3804 regiones
2774 3735 2993 3790 curioso
3021 3735 3218 3790 mentis
3249 3735 3456 3791 lumine

1850 3825 2249 3896 perlustrabatn
2278 3846 2292 3881 :
2323 3826 2562 3898 dumque
2589 3842 2846 3883 revocare
2877 3827 3011 3883 alios
3037 3829 3340 3885 ambieham
3384 3831 3453 3885 ad

1849 3918 2193 3973 rectitudinis
2241 3927 2464 3982 statum,
2514 3918 2630 3989 ipse
2674 3919 2836 3988 paulo
2866 3919 3046 3974 minus
3089 3919 3241 3990 potui
3286 3934 3454 3991 vaga-

1851 4011 2015 4065 tionis
2040 4010 2320 4066 incurrere
2342 4026 2575 4065 naevum.
2600 4010 2754 4066 Nunc
2778 4020 2984 4076 autem,
3007 4020 3067 4066 ut
3092 4011 3168 4067 ita
3191 4011 3452 4079 dixerim,

1850 4105 2005 4175 quasi
2060 4104 2287 4159 saburra
2322 4104 2572 4174 quaedam
2614 4103 2851 4160 lembum
2895 4105 3095 4160 mentis
3136 4118 3271 4161 meze
3315 4120 3453 4176 prae-

1849 4197 2135 4265 ponderat,
2204 4197 2315 4251 imo
2360 4194 2507 4253 velut
2554 4198 2795 4252 anchora
2857 4196 3016 4252 affixa
3067 4197 3202 4263 solo,
3258 4198 3456 4268 triplici

1848 4288 2269 4360 perseverantiae
2300 4288 2428 4343 fune
2457 4297 2721 4345 coarctat.
2755 4288 2906 4345 Unus
2931 4288 3271 4344 solummodo
3296 4304 3447 4344 seru-

1849 4380 2009 4450 pulus
2038 4380 2171 4434 mihi
2200 4378 2378 4435 adhuc
2404 4378 2707 4435 molestiam
2738 4379 2957 4450 ingerit,
2988 4380 3078 4448 qui
3114 4393 3222 4446 me,
3248 4378 3456 4434 charis-

1766 4478 1821 4538 Ι)
1850 4474 1988 4529 sime
2017 4471 2200 4537 Pater,
2229 4472 2445 4528 consilii
2481 4474 2557 4527 tui
2598 4488 2821 4527 manum
2864 4470 3113 4542 ﬂagitare
3158 4470 3451 4542 compellit.

1854 4564 1955 4632 Qui
1983 4564 2233 4619 videlicet
2273 4562 2560 4635 serupulus
2585 4563 2631 4618 si
2662 4572 2770 4618 tuae
2798 4562 3169 4633 responsionis
3210 4561 3393 4617 indice
3424 4578 3455 4616 a

1853 4658 2048 4712 mentis
2078 4673 2215 4712 mea:
2262 4657 2399 4727 pede
2434 4656 2762 4721 succutitur,
2808 4669 2917 4711 non
2955 4653 3171 4725 ambigo
3215 4668 3314 4724 per
3354 4652 3454 4708 Dei

1853 4749 2292 4806 misericordiam
2334 4748 2462 4820 quin
2498 4746 2842 4818 postmodum
2870 4755 3023 4801 recto
3049 4746 3239 4807 firmus
3260 4744 3458 4800 itinere

1854 4845 2154 4917 gradiatur.
2177 4844 2524 4914 Respondeat
2548 4858 2679 4915 ergo
2709 4841 2841 4897 mihi
2865 4842 3155 4912 prudentia
3190 4850 3304 4906 tua,
3329 4840 3461 4912 quid

1857 4940 1990 4996 mihi
2022 4939 2206 4995 utilius
2235 4939 2306 4994 sit
2333 4959 2345 4992 :
2389 4951 2572 4993 utrum
2604 4936 2712 4991 illic
2748 4934 3020 5002 habitare,
3054 4934 3144 4991 ubi
3171 4947 3229 4990 et
3254 4934 3464 4990 anima-

1855 5050 1979 5090 rum
2008 5033 2220 5089 fructus
2248 5031 2571 5103 acquiritur,
2610 5039 2667 5086 et
2694 5030 2886 5084 devota
2914 5028 3049 5085 mihi
3077 5029 3263 5102 populi
3311 5042 3467 5083 reve-

1859 5128 2035 5182 rentia
2078 5126 2397 5182 exhibetur:
2441 5137 2508 5175 an
2560 5120 2673 5178 illic
2718 5121 2919 5193 potius,
2950 5120 3045 5177 ubi
3092 5123 3211 5178 sine
3259 5120 3465 5181 fructu,

1859 5219 2063 5291 pariter
2087 5226 2141 5270 et
2169 5217 2374 5270 honore
2417 5210 2711 5266 consistam
2741 5212 2764 5265 ἱ)
2790 5210 3035 5279 Quorum
3086 5210 3220 5268 mihi
3251 5217 3467 5265 utrum-
