3964 5310
1020 218 1079 277 s.
1115 218 1318 276 rem
1358 213 1647 275 parum
1684 212 1838 274 ore.
1887 188 2069 272 m5
2105 206 2242 273 seu
2279 211 2521 273 remus
2558 216 2600 273 ι.
2639 247 2710 259 -
2740 214 2962 273 EPIST.
3003 215 3135 273 LIB.
3170 198 3307 275 vin.

3686 198 3800 278 εδδ

493 352 664 398 cens:
715 355 738 390 ‹
794 331 1043 396 Suecide,
1082 352 1101 386 ι
1154 333 1350 403 inquit,
1396 352 1416 385 ‹
1451 332 1632 399 illam;
1683 330 1871 403 utquid
1920 330 2085 386 etiam
2116 337 2163 398 Α
2192 331 2313 403 plex
2342 332 2496 389 nobis
2522 344 2730 390 merces
2757 333 3076 405 acquiritur,
3106 333 3231 388 dum
3257 342 3329 389 ex
3353 333 3469 403 ipso
3497 332 3797 391 charltatis

494 440 696 487 terram
727 434 958 498 occupat
995 424 1146 495 (Luc.
1180 424 1338 497 xm)?
1369 444 1386 477 ι
1433 423 1488 480 Si
1517 431 1698 478 autem
1726 423 1851 477 dum
1881 420 2090 477 fruetus

493 521 815 593 acquiritur,
853 516 986 571 mihi
1024 515 1137 584 jam
1176 516 1351 570 honor
1375 514 1688 578 exhibetur,
1721 513 1866 567 illam
1912 511 2090 584 repul-

492 612 663 671 sionis
690 609 1017 666 sententiam
1046 609 1135 663 vix
1177 605 1393 679 cil’ugio,
1436 622 1543 679 qua
1580 606 1811 662 dicitur:
1860 624 1881 659 ι
1914 605 2090 661 Amen

490 704 613 762 dico
623 701 801 769 vobis,
813 701 1096 774 recepistis
1111 701 1416 757 mercedem
1431 709 1664 755 vestram
1680 697 1894 771 (Manli.
1908 740 1923 765 ,
1938 700 2037 769 vi).
2063 714 2082 750 ι

491 796 621 856 Haec
644 806 731 854 est
767 795 935 868 igitur
960 794 1206 867 qtuestio,
1248 808 1408 863 quam
1449 808 1478 847 a
1525 801 1581 847 te
1623 791 1757 847 scivi
1802 791 2085 847 desidero:

490 892 595 948 huc
620 890 797 946 solum
824 896 930 956 est,
959 896 1187 959 propter
1209 887 1351 957 quod
1373 886 1468 941 tibi
1499 887 1742 942 scribere
1774 891 1967 941 cuncta
1998 898 2091 939 su-

490 985 674 1058 perius
722 985 1115 1054 comprehensa
1165 980 1427 1053 disposui.
1481 979 1586 1036 Sed
1637 982 1795 1051 quia,
1848 980 2091 1051 injuncto

488 1075 850 1134 ecclesiastici
884 1074 1158 1147 prioratus
1190 1074 1385 1139 ofﬁcio,
1428 1083 1479 1128 te
1508 1080 1827 1144 occupatmn
1860 1072 2007 1137 novi,
2036 1079 2092 1127 et

489 1169 827 1225 rescribendi
862 1166 1089 1223 forsitan
1121 1169 1292 1222 Otium
1335 1178 1441 1222 non
1486 1166 1645 1221 Facile
1685 1166 1892 1236 poteris
1938 1180 2090 1236 repe-

490 1262 627 1326 r'n'e,
681 1272 847 1332 super
891 1261 996 1316 hoc
1042 1259 1279 1331 capitum
1325 1272 1425 1330 ego
1477 1260 1591 1329 ipse
1639 1259 1858 1313 interim
1911 1254 2092 1313 scribo

490 1354 635 1424 quod
662 1355 877 1410 sentio:
908 1351 1168 1408 nimirum
1199 1364 1304 1407 non
1346 1360 1404 1406 ut
1440 1353 1762 1422 magistrum
1796 1349 2092 1421 discipulus

488 1442 736 1509 deceam,
764 1440 857 1500 sed
884 1450 1069 1499 utrum
1096 1444 1200 1498 mei
1228 1443 1536 1498 intellectus
1562 1441 1829 1497 sententia
1861 1440 2091 1496 tenenda

488 1538 580 1605 sit,
606 1539 813 1595 discam
840 1556 855 1607 ;
891 1539 1196 1611 prudentia‘
1223 1538 1431 1594 Scilicet
1468 1548 1571 1593 tua:
1595 1538 1815 1609 cptione
1845 1546 2086 1602 servata,

490 1632 549 1686 ιιι
572 1630 661 1687 vel
696 1631 1043 1706 abnuendum
1084 1630 1306 1701 proprio
1336 1629 1477 1701 styio
1515 1644 1796 1694 coerceas,
1846 1627 1928 1682 vel
1963 1644 2091 1700 pm-

2190 420 2387 489 otllcio,
2420 425 2562 495 quod
2607 426 2694 494 pie
2721 425 2990 496 proximis
3024 426 3223 481 uestris
3248 424 3640 494 impendimus,
3682 426 3798 481 bel-

2190 515 2327 571 licus
2354 516 2511 573 labor
2525 518 2720 586 oritur,
2753 532 2911 589 quem
2941 519 3288 591 repugnando
3319 518 3624 574 vincamus.

2262 606 2371 664 Sed
2416 624 2485 666 ne
2518 612 2970 682 argumentationi
3012 612 3192 684 potius
3217 618 3378 684 quam
3424 611 3615 668 solidae
3649 613 3796 669 veri-

2191 699 2288 754 t‘ati
2317 700 2602 756 videamur
2629 701 2904 769 insistere,
2938 703 3062 769 hoc,
3088 686 3233 775 quod
3259 702 3668 776 proposuimus,
3699 719 3793 776 per

2192 796 2362 848 sacra:
2399 792 2699 863 Scriptura!
2726 808 2828 850 non
2862 795 3040 867 pigeat
3063 794 3310 867 exempla
3337 800 3669 851 monstrare.
3701 794 3791 851 Jo-

2193 885 2326 955 seph
2354 886 2553 956 quippe
2584 886 2664 941 vir
2698 897 2941 953 sanctus,
2972 898 3034 944 ut
3068 887 3424 959 periculoSam
3451 885 3638 959 populi
3665 888 3792 943 sub-

2191 975 2400 1033 levaret
2445 980 2718 1047 esuriem,
2761 982 3053 1036 secundam
3120 990 3238 1051 post
3283 994 3466 1053 regem
3512 980 3793 1052 suscipere

2192 1076 2298 1123 non
2330 1069 2564 1143 abnegat
2598 1071 2919 1143 dignitatem
2948 1091 2960 1126 :
2987 1082 3041 1128 et
3068 1073 3157 1142 qui
3185 1073 3336 1143 prius
3366 1071 3586 1142 angusti
3609 1085 3795 1127 carce-

2194 1161 2271 1216 ris
2295 1158 2473 1216 fixerat
2501 1162 2696 1226 cultor,
2715 1161 2835 1232 jam
2857 1164 3024 1219 totius
3053 1162 3275 1235 Egypti
3302 1162 3480 1218 factos
3501 1171 3589 1218 est
3623 1163 3794 1217 demi-

2193 1264 2372 1308 nator.
2405 1252 2559 1310 Unde
2586 1262 2641 1308 et
2664 1251 2863 1309 fratres
2889 1254 3006 1323 ejus
3034 1256 3101 1310 ad
3125 1252 3297 1310 Iacob
3320 1254 3534 1309 atacres
3561 1251 3788 1309 dicunt:
3872 1310 3883 1325 η

2202 1364 2231 1400 ‹⁴
2258 1347 2456 1419 Joscph
2489 1348 2631 1405 illius
2664 1360 2787 1405 tuus
2812 1352 2961 1415 vivit,
2988 1361 3042 1407 et
3084 1353 3198 1422 ipse
3222 1352 3538 1407 dominatur
3566 1352 3624 1406 in
3650 1359 3790 1405 terra

2196 1434 2415 1513 Egypti
2458 1440 2611 1513 (Gen.
2653 1444 2796 1515 ην).
2837 1463 2857 1497 ι
2904 1442 3137 1516 Moyses,
3192 1444 3283 1515 qui
3331 1442 3532 1500 dudum
3576 1443 3793 1514 c0guati

2196 1551 2412 1606 gregem
2450 1535 2503 1590 in
2544 1537 2759 1592 deserto
2788 1535 3063 1591 humiliter
3088 1535 3255 1607 pavii,
3286 1546 3343 1591 ut
3376 1533 3624 1591 melioris
3650 1545 3795 1605 post-

2198 1627 2413 1682 modum
2442 1629 2621 1698 gregis
2650 1629 2755 1683 dux
2785 1628 2961 1693 ﬁeret,
2995 1629 3161 1683 totius
3182 1622 3465 1682 lsraclitici
3491 1624 3679 1696 populi
3705 1623 3794 1679 ob-

490 1723 725 1779 nandum
752 1722 1077 1794 gravissima
1106 1722 1180 1776 ttti
1199 1720 1388 1791 judicii
1415 1720 1739 1777 auctoritate
1767 1719 2086 1776 constituas.
2122 1708 2165 1767 Β
2194 1719 2440 1789 Sequiuui
2482 1736 2586 1773 non
2635 1719 2848 1790 refugit,
2877 1720 2967 1790 qui
3010 1720 3267 1773 nimirum
3295 1719 3371 1772 ad
3391 1717 3531 1771 tanti
3571 1716 3791 1771 honoris

559 1800 771 1870 Cuncta
823 1822 958 1870 sane
1023 1813 1332 1869 divinarum
1388 1812 1797 1885 Scripturarum
1874 1812 2089 1883 eloquia

488 1897 560 1963 id
609 1904 691 1962 nil
750 1904 927 1972 aliud,
979 1905 1082 1962 nisi
1130 1907 1196 1961 ad
1248 1906 1554 1960 animarum
1606 1905 1836 1961 salutem
1882 1905 2091 1960 crebris

494 1998 656 2071 159
698 2008 826 2054 sunt
860 1998 1222 2053 voluminibus
1261 2007 1506 2054 exarata.
1548 1998 1819 2069 Quidquid
1850 2000 1995 2054 enim
2038 2000 2090 2054 iu

488 2091 580 2147 bis
604 2090 940 2162 praecipitor,
980 2090 1241 2161 quidquid
1273 2091 1625 2160 prohibetur,
1673 2098 1846 2145 totum
1904 2090 2093 2160 procul

488 2180 656 2237 dubio
680 2180 748 2237 ad
777 2188 1093 2253 provecwm
1122 2176 1182 2235 ιιι
1217 2180 1546 2247 animarum,
1576 2179 1747 2237 Paulo
1776 2184 2091 2247 atteslaule,

490 2271 582 2342 qui
616 2271 729 2327 ait:
769 2286 790 2323 ι
825 2270 1172 2342 Quzecunque
1208 2272 1410 2343 scripta
1442 2278 1588 2339 sunt,
1623 2273 1689 2327 ad
1727 2282 1970 2329 nostram
1996 2275 2094 2329 do-

486 2363 723 2420 eti'lnant
766 2365 966 2435 scripta
1010 2368 1159 2430 sunt,
1200 2372 1259 2420 ut
1286 2378 1385 2435 per
1425 2364 1768 2437 patientiam,
1795 2377 1851 2423 et
1898 2383 2095 2422 conso-

488 2455 747 2512 lationem
803 2453 1236 2527 Stfripturarum,
1289 2464 1438 2527 spem
1515 2457 1813 2513 habeamus
1886 2454 2093 2530 (Rom.

491 2549 626 2623 xv).
674 2570 695 2604 ι
746 2547 805 2606 Si
854 2558 986 2622 ergo
1034 2559 1259 2621 prepter
1309 2548 1608 2622 Scriptura:
1656 2551 1832 2608 minas
1874 2553 1953 2608 sic
2002 2553 2097 2609 im-

488 2647 692 2715 pensus
717 2639 893 2697 honor
913 2638 1213 2714 aul‘ugitur,
1239 2648 1298 2695 ut
1321 2642 1627 2697 animarum
1651 2658 1866 2715 quoque
1893 2642 2098 2701 utilitas

489 2732 835 2805 negligatur;
892 2740 1042 2803 patet
1088 2731 1356 2803 profecto,
1399 2734 1527 2805 quia
1573 2733 1820 2801 intentio,
1852 2751 1953 2806 pro
1989 2753 2097 2809 qua

490 2824 777 2899 Seriptura
823 2825 1032 2883 servari
1075 2827 1283 2896 debuit,
1322 2843 1429 2884 non
1464 2836 1698 2885 tenetur.
1744 2827 1800 2885 Si
1843 2830 1986 2886 enim
2030 2831 2099 2887 ad

491 2920 640 2978 iiunc
683 2919 848 2976 linem
877 2920 1055 2976 omnis
1097 2922 1252 2977 Sacra
1285 2920 1567 2992 Scriptura
1603 2920 1863 2990 refertur,
1903 2933 1962 2978 ut
2005 2939 2101 2995 per

492 3026 617 3069 eam
673 3011 820 3067 salus
875 3007 1071 3066 animm
1115 3010 1458 3083 requiratur,
1504 3010 1630 3068 dum
1687 3014 1954 3086 fugientes
1998 3016 2094 3071 lto-

494 3112 708 3171 norem,
764 3103 1072 3158 animarum
1124 3077 1277 3158 lucra
1333 3077 1832 3175 postponimusfid
1882 3077 2176 3177 potissi-c

493 3206 665 3270 mum,
706 3211 930 3274 propter
973 3200 1117 3274 quod
1172 3200 1422 3271 Sriptura
1484 3194 1623 3257 facta
1676 3210 1780 3268 est,
1839 3216 1946 3256 non
1992 3216 2107 3257 ser-

493 3310 708 3352 vamus.
740 3294 808 3351 Et
845 3294 1104 3367 perverso
1140 3290 1322 3359 modo,
1352 3295 1477 3349 dum
1508 3295 1888 3365 obtemperare
1923 3293 2104 3350 sacris

493 3382 862 3445 voluminibus
892 3388 1136 3453 nitimur,
1177 3398 1366 3443 contra
1400 3388 1515 3443 btec
1541 3391 1728 3443 eadem
1758 3404 1915 3443 sacra
1954 3387 2109 3443 volu-

497 3478 645 3536 mina
673 3480 1037 3537 decertamus.
1070 3479 1171 3548 Qui
1198 3481 1342 3536 enim
1372 3474 1542 3536 dicit:
1578 3500 1597 3533 ι
1629 3479 1705 3536 Ne
1738 3482 2024 3537 recumbas
2050 3481 2104 3535 in

499 3570 678 3645 primo
720 3570 840 3629 loco
887 3572 1049 3645 (Luc.
1089 3572 1238 3642 xlv),
1302 3592 1319 3623 ι
1379 3560 1501 3643 ipse
1551 3573 1829 3644 praecipit,
1876 3574 2101 3629 dicens:

503 3684 524 3721 ι
553 3666 654 3737 Qui
684 3666 857 3733 audit,
900 3668 1088 3723 dicat:
1121 3665 1253 3720 Veni
1294 3666 1480 3738 (Apoc.
1515 3667 1674 3737 χχιι).
1716 3686 1733 3717 ι
1764 3667 1830 3721 Ει
1858 3666 1948 3738 qui
1983 3681 2107 3737 pro-

494 3754 665 3823 hibet,
700 3774 767 3815 ne
797 3757 1062 3814 vocemini
1102 3759 1344 3831 magistri
1375 3758 1566 3830 (Matii.
1600 3760 1782 3829 tum),
1815 3759 1930 3829 ipse
1954 3758 2108 3829 jubet

501 3848 781 3921 discipulis
804 3871 817 3906 :
840 3870 859 3903 ι
882 3851 979 3917 lte,
994 3842 1181 3907 docete
1205 3862 1590 3923 omnesgentcs
1609 3851 1824 3919 (Matth.
1845 3851 2057 3923 xxvut).
2081 3873 2099 3906 ι

500 3933 727 4014 Oportet
751 3958 902 4016 ergo,
936 3953 992 3999 ιιι
1028 3945 1154 3999 dum
1187 3945 1493 3998 animarum
1538 3943 1745 3998 fructus
1774 3944 2104 4012 exquiritur,

500 4050 608 4092 non
650 4037 889 4091 humana
934 4037 1074 4101 laus,
1121 4054 1224 4093 non
1255 4038 1531 4108 popularis
1577 4037 1749 4103 favor,
1785 4053 1888 4092 non
1926 4038 2106 4108 aliqua

501 4126 727 4182 honoris
794 4129 1103 4182 reverentia
1182 4131 1386 4183 mentis
1456 4129 1756 4182 intentione
1809 4138 2105 4196 qureratur.

503 4210 655 4285 Quod
702 4215 747 4273 si
788 4216 934 4272 ultro
963 4218 1178 4271 oblatus
1227 4219 1399 4272 honor
1430 4218 1734 4271 nolentibus
1771 4218 1925 4272 nobis
1960 4220 2110 4290 inge-

502 4302 665 4378 ritur,
703 4310 1072 4366 necessarium
1104 4318 1204 4374 est,
1246 4319 1304 4363 ttt
1350 4310 1401 4363 in
1436 4310 1745 4378 pavimento
1779 4310 1961 4366 cordis
2008 4306 2109 4366 sub

502 4392 755 4457 districto
781 4398 1080 4470 disciplina:
1106 4400 1242 4471 pede
1273 4401 1535 4465 calcetur,
1561 4409 1611 4455 et
1640 4400 1784 4455 velut
1812 4400 2109 4459 venenatus

504 4508 732 4564 serpens
765 4493 817 4548 in
858 4496 973 4564 ipso
1022 4495 1383 4566 suggesionis
1430 4495 1605 4564 capite
1652 4494 1817 4549 ictum
1869 4496 2104 4563 sentiat;

504 4602 572 4641 ne
617 4602 735 4652 nos,
779 4589 923 4657 quod
966 4586 1127 4652 absit,
1176 4588 1227 4641 in
1276 4596 1520 4642 extremo
1570 4585 1722 4641 bona:
1776 4586 2108 4657 operationis

2192 1812 2405 1867 culmen
2434 1812 2725 1882 perductus
2748 1820 2851 1877 est,
2878 1822 2934 1865 ut
2961 1812 3138 1867 omnis
3166 1810 3252 1866 ilia
3285 1810 3642 1866 llebrao'rum
3667 1807 3793 1863 mul-

2196 1902 2369 1958 titudo
2393 1906 2457 1959 ad
2474 1904 2737 1975 jussionis
2758 1903 2876 1974 ejus
2897 1920 2954 1959 se
2975 1904 3136 1960 verba
3160 1902 3544 1974 suspenderet,
3570 1901 3791 1972 ejusque

2194 1992 2401 2064 legibus
2422 1995 2641 2065 supplex
2666 1995 3069 2065 obtemperaret
3088 1992 3286 2066 (Exod.
3302 1992 3626 2065 utelseqq.).
3645 1992 3788 2049 Uter-

2196 2092 2300 2156 q‘ue
2333 2095 2510 2143 tamen
2537 2094 2751 2156 quantae
2777 2086 3204 2143 mansuetudinis
3232 2087 3285 2142 in
3317 2088 3432 2159 ipsa
3458 2086 3789 2142 sublimitate

2194 2180 2522 2249 perstiterit,
2556 2180 2923 2237 indubitanter
2961 2182 3295 2251 agnoscitur,
3318 2189 3375 2235 et
3410 2178 3544 2235 dum
3578 2178 3714 2235 alter
3735 2192 3789 2234 se

2196 2274 2596 2345 agnoscendum
2621 2272 2924 2346 peregrinis
2944 2270 3225 2341 fratribus,
3251 2290 3373 2329 cum
3401 2272 3577 2329 latere
3597 2272 3793 2344 pomis.

2198 2375 2302 2432 set,
2327 2368 2608 2422 ultroneus
2632 2365 2792 2439 160
2812 2365 3033 2433 offerat;
3060 2366 3197 2422 alter
3227 2380 3383 2422 suam
3408 2363 3789 2430 humilitatem,

2198 2460 2343 2516 velut
2358 2458 2905 2525 alienam,bumiliter
2925 2462 3153 2531 pandat:
3173 2481 3189 2512 ι
3205 2458 3354 2526 Erat,
3374 2459 3573 2531 inquit,
3589 2458 3786 2530 Moyses

2198 2553 2282 2609 vir
2307 2553 2628 2608 mitissimus
2652 2562 2816 2623 snper
2845 2566 3036 2609 omnes
3069 2550 3340 2619 homines,
3374 2551 3467 2624 qui
3502 2551 3783 2607 moraban-

2201 2648 2290 2701 tur
2321 2647 2376 2701 in
2410 2656 2552 2702 terra
2586 2638 2778 2718 (Num.
2817 2646 2941 2718 xu).
2977 2666 2996 2699 ι
3037 2643 3201 2702 Josue
3228 2660 3466 2716 quoque,
3493 2646 3590 2716 qui
3630 2643 3783 2720 ﬂoysi

2202 2740 2454 2798 minister
2499 2740 2803 2804 exstiterat,
2838 2754 2904 2795 eo
2934 2740 3231 2806 moriente,
3264 2737 3550 2809 suscipere
3583 2739 3783 2810 regimi-

2204 2834 2290 2889 nis
2330 2830 2562 2887 cilicium
2597 2847 2703 2886 non
2753 2839 2972 2886 recusat
3010 2829 3145 2902 (los.
3194 2829 3255 2901 ι).
3302 2824 3404 2898 Qui
3447 2826 3705 2885 nimirum
3742 2829 3780 2886 si

2203 2940 2302 2996 pro
2334 2922 2636 2979 humilitate
2675 2922 2940 2979 servanda
2962 2923 3300 2994 principatus
3326 2919 3450 2991 jura
3483 2930 3782 2978 contemne-

2206 3028 2311 3087 ret,
2345 3018 2649 3074 numerosis
2685 3016 2923 3087 regibus,
2954 3032 3091 3087 quos
3118 3017 3372 3087 peremit,
3421 3016 3779 3088 perimendum

2207 3111 2387 3183 populi
2441 3110 2843 3165 multitudinem
2896 3118 3216 3165 cunctorum
3272 3123 3400 3165 reus
3455 3120 3779 3180 exponeret:

2206 3213 2261 3259 et
2289 3205 2412 3259 dum
2468 3203 2572 3259 sibi
2617 3212 2834 3258 caveret
2862 3201 3143 3271 iactantiae
3181 3210 3392 3268 casum,
3442 3203 3675 3259 fratrum
3706 3220 3784 3258 ne-

2205 3297 2432 3370 gligeret
2480 3296 2604 3351 vitae
2641 3297 2962 3368 periculum.
2999 3298 3140 3364 Quid
3187 3292 3364 3354 dicam
3421 3297 3665 3365 Samuel,
3702 3300 3780 3369 qui

2207 3389 2445 3459 quandiu
2478 3404 2584 3445 non
2621 3396 2706 3443 est
2737 3390 2805 3444 ab
2836 3390 2954 3458 ipso
2986 3389 3183 3460 populo
3203 3403 3273 3444 ex
3308 3390 3652 3461 principatus
3675 3405 3783 3447 arce

2207 3480 2470 3551 dejectus,
2502 3489 2557 3535 et
2603 3479 2853 3536 excelsus
2883 3478 3170 3535 videbatur
3204 3480 3258 3534 in
3298 3480 3520 3550 publico
3545 3522 3562 3545 ,
3616 3492 3669 3536 et
3701 3483 3782 3536 hu-

2207 3574 2351 3630 milis
2373 3573 2565 3630 eratin
2587 3573 2943 3641 occulto.Qui
2966 3573 3217 3629 videlicet
3250 3576 3489 3644 suscepti
3524 3576 3783 3647 regimini:

2206 3660 2383 3721 locum
2423 3666 2557 3721 adeo
2589 3663 2795 3720 invitus
2842 3665 3103 3730 deseruit,
3136 3673 3198 3720 ut
3242 3665 3547 3736 majoribus
3576 3678 3699 3723 natu
3725 3682 3782 3723 ex

2207 3758 2372 3815 Israel
2391 3757 2491 3812 sibi
2513 3770 2694 3829 regem
2709 3757 3048 3828 petentibus,
3064 3758 3132 3812 de
3154 3773 3221 3813 eo
3240 3760 3495 3829 protinus
3519 3759 3778 3830 Scriptura

2208 3848 2383 3905 dicat:
2407 3866 2426 3900 ι
2452 3848 2731 3920 Displicuit
2759 3864 2940 3905 sermo
2966 3850 3018 3904 in
3050 3850 3224 3906 oculis
3248 3849 3547 3917 Samuelis,
3574 3866 3637 3908 eo
3657 3853 3779 3924 quod

2207 3941 2491 4005 dixissent,
2526 3934 2600 3995 Da
2646 3940 2803 3996 nobis
2853 3954 3057 4011 regem,
3108 3951 3165 3996 ut
3188 3941 3399 4014 judicet
3447 3958 3549 3998 nos
3580 3942 3639 4015 (1
3670 3942 3779 4015 Reg.

2207 4034 2350 4105 vui).
2389 4053 2408 4087 ι
2442 4034 2580 4100 Quid
2630 4032 2862 4088 referam
2904 4031 3116 4088 Elian)?
3142 4033 3276 4104 quid
3305 4032 3600 4090 Elisaeum?
3630 4037 3781 4106 quiut

2208 4125 2471 4195 proximis
2505 4123 2808 4194 potuissent
2844 4138 2939 4180 sua
2976 4125 3362 4195 praedicatione
3391 4127 3671 4198 proﬁcere,
3698 4143 3781 4185 ne-

2210 4230 2479 4288 quaquam
2510 4216 2665 4271 veriti
2699 4224 2825 4271 sunt
2868 4225 2922 4271 et
2968 4216 3150 4272 multis
3179 4231 3469 4274 coruscare
3503 4220 3778 4288 miraculis,

2211 4319 2267 4364 et
2292 4309 2423 4378 ipsis
2451 4307 2688 4376 regibus,
2727 4306 2985 4377 omnique
3033 4307 3232 4378 populo
3276 4309 3617 4366 venerabiles
3642 4326 3781 4382 appa.

2212 4412 2356 4455 rere.
2386 4399 2474 4464 Et,
2502 4406 2562 4452 ut
2584 4397 2697 4466 jam
2719 4399 3098 4468 praetermissis
3125 4407 3206 4454 tot
3235 4399 3449 4455 Veteris
3473 4400 3777 4458 Testamenti

2211 4482 2466 4548 Patribus
2512 4490 2576 4545 ad
2630 4489 2981 4562 Evangelium
3019 4501 3326 4557 transeam,
3371 4495 3613 4565 nunquid
3661 4511 3778 4566 prte-

2211 4601 2404 4643 cnrsor
2420 4583 2628 4639 Domini
2657 4584 2829 4639 vitare
2851 4585 3067 4654 penitus
3091 4587 3312 4642 honoris
3333 4589 3680 4655 reverentiam
3699 4604 3776 4659 po-

504 4674 821 4731 calcaneunt
859 4678 1107 4732 mordere
1140 4674 1451 4747 pratsumat.
1492 4666 1599 4732 Nec
1638 4688 1814 4731 tamen
1842 4678 1911 4732 ob
1940 4679 1992 4732 id
2027 4687 2114 4734 est
2214 4678 2335 4740 tuit,
2358 4677 2448 4745 qui
2480 4689 2539 4730 se
2567 4674 2843 4729 Christum
2886 4691 2991 4730 non
3016 4691 3138 4732 esse
3159 4679 3333 4734 turbis
3354 4678 3778 4750 ipsumessecre-

506 4762 809 4822 animarum
852 4764 1058 4823 utilitas
1088 4766 1407 4836 deserenda,
1442 4770 1534 4824 sed
1580 4776 1638 4823 ot
1683 4785 1869 4824 revera
1906 4772 2112 4825 strenui
2216 4770 2466 4823 dentibus
2494 4769 2579 4822 vix
2614 4769 2857 4837 negando
2880 4767 3253 4840 suasitUaan.
3279 4769 3356 4841 t)?
3378 4768 3625 4841 Nunquid
3640 4770 3777 4828 Petro

505 4856 813 4925 bellatores,
849 4860 976 4916 dum
1030 4863 1392 4934 nesmetipSos
1449 4863 1770 4917 humilitatis
1814 4863 1999 4934 clypeo
2042 4862 2111 4917 ab

510 4947 710 4994 iniecto
750 4950 999 4994 Plalinnie
1047 4950 1151 4994 tnln
1193 4953 1524 4994 nrnlpoimnc
1578 4953 1852 4994 nrnx-imnc
1896 4961 2109 4994 nnelrna

2214 4858 2490 4933 popularis
2531 4860 2846 4917 reverentia:
2890 4856 3044 4916 lavor
3079 4860 3271 4930 defuit,
3298 4865 3390 4936 qui
3425 4870 3503 4919 tot
3529 4864 3777 4937 languidos

2220 4953 2499 4994 cnnnrlncn
2540 4940 2879 4994 cnlitmmmin
2907 4951 2989 4994 sui
3030 4953 3276 4994 mrnnrie
3326 4955 3520 4994 ηηιιηιο
3564 4953 3777 4994 ρωπίαν
