  <div class='ocr_page' id='page_1' title='image "/cluster/home/n/w/nwhite01/storage/ocr_20150623/144/hvd.32044010574010/184.png"; bbox 0 0 3964 5310; ppageno 0'>
   <div class='ocr_carea' id='block_1_1' title="bbox 201 355 330 416">
    <p class='ocr_par' dir='ltr' id='par_1_1' title="bbox 201 355 330 416">
     <span class='ocr_line' id='line_1_1' title="bbox 201 355 330 416; baseline -0.031 0"><span class='ocrx_word' id='word_1_1' title='bbox 201 355 330 416; x_wconf 74' lang='lat'><strong>557</strong></span> 
     </span>
    </p>
   </div>
   <div class='ocr_carea' id='block_1_2' title="bbox 1419 361 2409 432">
    <p class='ocr_par' dir='ltr' id='par_1_2' title="bbox 1419 361 2409 432">
     <span class='ocr_line' id='line_1_2' title="bbox 1419 361 2409 432; baseline 0.007 -14"><span class='ocrx_word' id='word_1_2' title='bbox 1419 361 1621 418; x_wconf 81' lang='lat' dir='ltr'><strong>LIBER</strong></span> <span class='ocrx_word' id='word_1_3' title='bbox 1660 362 1984 432; x_wconf 85' lang='lat' dir='ltr'><strong>QUINTUS,</strong></span> <span class='ocrx_word' id='word_1_4' title='bbox 2016 365 2232 424; x_wconf 85' lang='lat' dir='ltr'><strong>EPIST.</strong></span> <span class='ocrx_word' id='word_1_5' title='bbox 2277 365 2409 424; x_wconf 80' lang='lat' dir='ltr'><strong>XIII.</strong></span> 
     </span>
    </p>
   </div>
   <div class='ocr_carea' id='block_1_3' title="bbox 3409 369 3514 428">
    <p class='ocr_par' dir='ltr' id='par_1_3' title="bbox 3409 369 3514 428">
     <span class='ocr_line' id='line_1_3' title="bbox 3409 369 3514 428; baseline 0 0"><span class='ocrx_word' id='word_1_6' title='bbox 3409 369 3514 428; x_wconf 77' lang='lat'><strong>358</strong></span> 
     </span>
    </p>
   </div>
   <div class='ocr_carea' id='block_1_4' title="bbox 205 469 3514 552">
    <p class='ocr_par' dir='ltr' id='par_1_4' title="bbox 205 469 3514 552">
     <span class='ocr_line' id='line_1_4' title="bbox 205 469 3514 552; baseline 0.005 -26"><span class='ocrx_word' id='word_1_7' title='bbox 205 471 274 544; x_wconf 82' lang='grc'>(1</span> <span class='ocrx_word' id='word_1_8' title='bbox 284 469 442 544; x_wconf 78' lang='lat' dir='ltr'><strong>bid.).</strong></span> <span class='ocrx_word' id='word_1_9' title='bbox 479 493 498 524; x_wconf 81' lang='grc' dir='ltr'><strong>ι</strong></span> <span class='ocrx_word' id='word_1_10' title='bbox 532 471 636 528; x_wconf 83' lang='lat' dir='ltr'><strong>Sed</strong></span> <span class='ocrx_word' id='word_1_11' title='bbox 668 485 829 544; x_wconf 88' lang='lat' dir='ltr'><strong>quam</strong></span> <span class='ocrx_word' id='word_1_12' title='bbox 877 471 1188 529; x_wconf 79' lang='lat' dir='ltr'><strong>inﬂexibilis</strong></span> <span class='ocrx_word' id='word_1_13' title='bbox 1238 473 1325 528; x_wconf 88' lang='lat' dir='ltr'><strong>ille</strong></span> <span class='ocrx_word' id='word_1_14' title='bbox 1356 475 1410 530; x_wconf 91' lang='lat' dir='ltr'><strong>in</strong></span> <span class='ocrx_word' id='word_1_15' title='bbox 1441 493 1550 532; x_wconf 66' lang='lat' dir='ltr'><strong>suae</strong></span> <span class='ocrx_word' id='word_1_16' title='bbox 1592 477 1812 534; x_wconf 87' lang='lat' dir='ltr'><strong>humili-</strong></span> <span class='ocrx_word' id='word_1_17' title='bbox 1843 493 1890 548; x_wconf 73' lang='grc' dir='ltr'>Α</span> <span class='ocrx_word' id='word_1_18' title='bbox 1919 481 2071 538; x_wconf 82' lang='lat' dir='ltr'><strong>vobis</strong></span> <span class='ocrx_word' id='word_1_19' title='bbox 2099 483 2149 536; x_wconf 92' lang='lat' dir='ltr'><strong>in</strong></span> <span class='ocrx_word' id='word_1_20' title='bbox 2173 483 2423 552; x_wconf 88' lang='lat' dir='ltr'><strong>Domino,</strong></span> <span class='ocrx_word' id='word_1_21' title='bbox 2458 491 2510 540; x_wconf 91' lang='lat' dir='ltr'><strong>et</strong></span> <span class='ocrx_word' id='word_1_22' title='bbox 2540 491 2888 542; x_wconf 82' lang='lat' dir='ltr'><strong>commonent</strong></span> <span class='ocrx_word' id='word_1_23' title='bbox 2914 498 3029 552; x_wconf 80' lang='lat' dir='ltr'><strong>vos,</strong></span> <span class='ocrx_word' id='word_1_24' title='bbox 3054 495 3114 542; x_wconf 91' lang='lat' dir='ltr'><strong>ut</strong></span> <span class='ocrx_word' id='word_1_25' title='bbox 3144 486 3514 545; x_wconf 84' lang='lat' dir='ltr'><strong>abundantius</strong></span> 
     </span>
    </p>
   </div>
   <div class='ocr_carea' id='block_1_5' title="bbox 205 561 1815 638">
    <p class='ocr_par' dir='ltr' id='par_1_5' title="bbox 205 561 1815 638">
     <span class='ocr_line' id='line_1_5' title="bbox 205 561 1815 638; baseline 0.004 -22"><span class='ocrx_word' id='word_1_26' title='bbox 205 564 350 618; x_wconf 77' lang='lat' dir='ltr'><strong>tatis</strong></span> <span class='ocrx_word' id='word_1_27' title='bbox 379 579 506 618; x_wconf 89' lang='lat' dir='ltr'><strong>arce</strong></span> <span class='ocrx_word' id='word_1_28' title='bbox 539 563 864 634; x_wconf 84' lang='lat' dir='ltr'><strong>perstiterit,</strong></span> <span class='ocrx_word' id='word_1_29' title='bbox 912 561 1226 618; x_wconf 75' lang='lat' dir='ltr'><strong>manifestat</strong></span> <span class='ocrx_word' id='word_1_30' title='bbox 1271 563 1388 638; x_wconf 89' lang='lat' dir='ltr'><strong>ipse</strong></span> <span class='ocrx_word' id='word_1_31' title='bbox 1415 576 1470 620; x_wconf 89' lang='lat' dir='ltr'><strong>et</strong></span> <span class='ocrx_word' id='word_1_32' title='bbox 1520 565 1815 635; x_wconf 80' lang='lat' dir='ltr'><strong>Barnabas,</strong></span> 
     </span>
    </p>
   </div>
   <div class='ocr_carea' id='block_1_6' title="bbox 207 653 1819 724">
    <p class='ocr_par' dir='ltr' id='par_1_6' title="bbox 207 653 1819 724">
     <span class='ocr_line' id='line_1_6' title="bbox 207 653 1819 724; baseline 0.002 -16"><span class='ocrx_word' id='word_1_33' title='bbox 207 669 366 719; x_wconf 87' lang='lat' dir='ltr'><strong>cum,</strong></span> <span class='ocrx_word' id='word_1_34' title='bbox 408 655 598 710; x_wconf 84' lang='lat' dir='ltr'><strong>scissis</strong></span> <span class='ocrx_word' id='word_1_35' title='bbox 647 669 758 724; x_wconf 70' lang='lat' dir='ltr'><strong>prre</strong></span> <span class='ocrx_word' id='word_1_36' title='bbox 807 653 1028 708; x_wconf 74' lang='lat' dir='ltr'><strong>tristitia</strong></span> <span class='ocrx_word' id='word_1_37' title='bbox 1063 655 1300 720; x_wconf 89' lang='lat' dir='ltr'><strong>tunicis,</strong></span> <span class='ocrx_word' id='word_1_38' title='bbox 1359 657 1586 712; x_wconf 91' lang='lat' dir='ltr'><strong>dicunt:</strong></span> <span class='ocrx_word' id='word_1_39' title='bbox 1625 678 1644 710; x_wconf 78' lang='grc' dir='ltr'><strong>ι</strong></span> <span class='ocrx_word' id='word_1_40' title='bbox 1679 659 1819 724; x_wconf 71' lang='lat' dir='ltr'><strong>Viri,</strong></span> 
     </span>
    </p>
   </div>
   <div class='ocr_carea' id='block_1_7' title="bbox 207 745 1820 816">
    <p class='ocr_par' dir='ltr' id='par_1_7' title="bbox 207 745 1820 816">
     <span class='ocr_line' id='line_1_7' title="bbox 207 745 1820 816; baseline 0.004 -18"><span class='ocrx_word' id='word_1_41' title='bbox 207 747 347 816; x_wconf 83' lang='lat' dir='ltr'><strong>quid</strong></span> <span class='ocrx_word' id='word_1_42' title='bbox 401 746 520 800; x_wconf 71' lang='lat' dir='ltr'><strong>hazc</strong></span> <span class='ocrx_word' id='word_1_43' title='bbox 571 745 788 799; x_wconf 84' lang='lat' dir='ltr'><strong>facitis?</strong></span> <span class='ocrx_word' id='word_1_44' title='bbox 833 753 888 800; x_wconf 91' lang='lat' dir='ltr'><strong>et</strong></span> <span class='ocrx_word' id='word_1_45' title='bbox 925 761 1022 800; x_wconf 91' lang='lat' dir='ltr'><strong>nos</strong></span> <span class='ocrx_word' id='word_1_46' title='bbox 1083 745 1341 801; x_wconf 73' lang='lat' dir='ltr'><strong>mortales</strong></span> <span class='ocrx_word' id='word_1_47' title='bbox 1381 763 1569 804; x_wconf 89' lang='lat' dir='ltr'><strong>sumus</strong></span> <span class='ocrx_word' id='word_1_48' title='bbox 1615 749 1820 804; x_wconf 86' lang='lat' dir='ltr'><strong>similes</strong></span> 
     </span>
    </p>
   </div>
   <div class='ocr_carea' id='block_1_8' title="bbox 207 835 1820 906">
    <p class='ocr_par' dir='ltr' id='par_1_8' title="bbox 207 835 1820 906">
     <span class='ocr_line' id='line_1_8' title="bbox 207 835 1820 906; baseline 0.006 -20"><span class='ocrx_word' id='word_1_49' title='bbox 207 837 370 890; x_wconf 70' lang='lat' dir='ltr'><strong>vobis</strong></span> <span class='ocrx_word' id='word_1_50' title='bbox 401 836 652 890; x_wconf 85' lang='lat' dir='ltr'><strong>homines</strong></span> <span class='ocrx_word' id='word_1_51' title='bbox 677 835 866 906; x_wconf 81' lang='lat' dir='ltr'><strong>(lbid.)</strong></span> <span class='ocrx_word' id='word_1_52' title='bbox 909 855 925 886; x_wconf 82' lang='grc' dir='ltr'><strong>ι</strong></span> <span class='ocrx_word' id='word_1_53' title='bbox 961 835 1040 889; x_wconf 89' lang='lat' dir='ltr'><strong>An</strong></span> <span class='ocrx_word' id='word_1_54' title='bbox 1069 835 1302 894; x_wconf 89' lang='lat' dir='ltr'><strong>dilectus</strong></span> <span class='ocrx_word' id='word_1_55' title='bbox 1335 839 1545 892; x_wconf 84' lang='lat' dir='ltr'><strong>Domini</strong></span> <span class='ocrx_word' id='word_1_56' title='bbox 1582 839 1820 896; x_wconf 82' lang='lat' dir='ltr'><strong>Joannes</strong></span> 
     </span>
    </p>
   </div>
   <div class='ocr_carea' id='block_1_9' title="bbox 207 929 1818 1000">
    <p class='ocr_par' dir='ltr' id='par_1_9' title="bbox 207 929 1818 1000">
     <span class='ocr_line' id='line_1_9' title="bbox 207 929 1818 1000; baseline 0.004 -18"><span class='ocrx_word' id='word_1_57' title='bbox 207 930 554 998; x_wconf 75' lang='lat' dir='ltr'><strong>evangelista</strong></span> <span class='ocrx_word' id='word_1_58' title='bbox 609 929 824 1000; x_wconf 89' lang='lat' dir='ltr'><strong>penitus</strong></span> <span class='ocrx_word' id='word_1_59' title='bbox 882 931 1114 984; x_wconf 82' lang='lat' dir='ltr'><strong>evadere</strong></span> <span class='ocrx_word' id='word_1_60' title='bbox 1171 931 1396 986; x_wconf 81' lang='lat' dir='ltr'><strong>honoris</strong></span> <span class='ocrx_word' id='word_1_61' title='bbox 1458 934 1818 994; x_wconf 89' lang='lat' dir='ltr'><strong>reverentiam</strong></span> 
     </span>
    </p>
   </div>
   <div class='ocr_carea' id='block_1_10' title="bbox 209 1007 1818 1090">
    <p class='ocr_par' dir='ltr' id='par_1_10' title="bbox 209 1007 1818 1090">
     <span class='ocr_line' id='line_1_10' title="bbox 209 1007 1818 1090; baseline 0.005 -18"><span class='ocrx_word' id='word_1_62' title='bbox 209 1019 525 1090; x_wconf 86' lang='lat' dir='ltr'><strong>potuit,qui</strong></span> <span class='ocrx_word' id='word_1_63' title='bbox 556 1021 870 1074; x_wconf 83' lang='lat' dir='ltr'><strong>universum</strong></span> <span class='ocrx_word' id='word_1_64' title='bbox 893 1020 1145 1090; x_wconf 85' lang='lat' dir='ltr'><strong>populum</strong></span> <span class='ocrx_word' id='word_1_65' title='bbox 1179 1021 1418 1086; x_wconf 86' lang='lat' dir='ltr'><strong>virorum</strong></span> <span class='ocrx_word' id='word_1_66' title='bbox 1443 1007 1506 1077; x_wconf 83' lang='lat' dir='ltr'><strong>ac</strong></span> <span class='ocrx_word' id='word_1_67' title='bbox 1530 1021 1818 1081; x_wconf 80' lang='lat' dir='ltr'><strong>mulierum</strong></span> 
     </span>
    </p>
   </div>
   <div class='ocr_carea' id='block_1_11' title="bbox 211 1113 1820 1186">
    <p class='ocr_par' dir='ltr' id='par_1_11' title="bbox 211 1113 1820 1186">
     <span class='ocr_line' id='line_1_11' title="bbox 211 1113 1820 1186; baseline 0.005 -19"><span class='ocrx_word' id='word_1_68' title='bbox 211 1129 338 1167; x_wconf 87' lang='lat' dir='ltr'><strong>cum</strong></span> <span class='ocrx_word' id='word_1_69' title='bbox 375 1114 597 1186; x_wconf 81' lang='lat' dir='ltr'><strong>hymnis</strong></span> <span class='ocrx_word' id='word_1_70' title='bbox 625 1123 677 1168; x_wconf 88' lang='lat' dir='ltr'><strong>et</strong></span> <span class='ocrx_word' id='word_1_71' title='bbox 705 1113 950 1170; x_wconf 86' lang='lat' dir='ltr'><strong>laudibus</strong></span> <span class='ocrx_word' id='word_1_72' title='bbox 993 1125 1370 1172; x_wconf 83' lang='lat' dir='ltr'><strong>occurrentem</strong></span> <span class='ocrx_word' id='word_1_73' title='bbox 1414 1117 1540 1180; x_wconf 84' lang='lat' dir='ltr'><strong>sibi.</strong></span> <span class='ocrx_word' id='word_1_74' title='bbox 1590 1119 1716 1174; x_wconf 91' lang='lat' dir='ltr'><strong>dum</strong></span> <span class='ocrx_word' id='word_1_75' title='bbox 1752 1119 1820 1176; x_wconf 90' lang='lat' dir='ltr'><strong>ab</strong></span> 
     </span>
    </p>
   </div>
   <div class='ocr_carea' id='block_1_12' title="bbox 209 1207 1822 1274">
    <p class='ocr_par' dir='ltr' id='par_1_12' title="bbox 209 1207 1822 1274">
     <span class='ocr_line' id='line_1_12' title="bbox 209 1207 1822 1274; baseline 0.004 -14"><span class='ocrx_word' id='word_1_76' title='bbox 209 1207 411 1262; x_wconf 75' lang='lat' dir='ltr'><strong>exsilio</strong></span> <span class='ocrx_word' id='word_1_77' title='bbox 449 1215 846 1274; x_wconf 87' lang='lat' dir='ltr'><strong>reverteretur,</strong></span> <span class='ocrx_word' id='word_1_78' title='bbox 897 1207 1138 1264; x_wconf 87' lang='lat' dir='ltr'><strong>invenit?</strong></span> <span class='ocrx_word' id='word_1_79' title='bbox 1164 1207 1262 1264; x_wconf 89' lang='lat' dir='ltr'><strong>Cui</strong></span> <span class='ocrx_word' id='word_1_80' title='bbox 1312 1209 1478 1264; x_wconf 89' lang='lat' dir='ltr'><strong>etiam</strong></span> <span class='ocrx_word' id='word_1_81' title='bbox 1529 1209 1656 1266; x_wconf 93' lang='lat' dir='ltr'><strong>illud</strong></span> <span class='ocrx_word' id='word_1_82' title='bbox 1711 1211 1822 1267; x_wconf 84' lang='lat' dir='ltr'><strong>sin-</strong></span> 
     </span>
    </p>
   </div>
   <div class='ocr_carea' id='block_1_13' title="bbox 213 1299 1814 1376">
    <p class='ocr_par' dir='ltr' id='par_1_13' title="bbox 213 1299 1814 1376">
     <span class='ocr_line' id='line_1_13' title="bbox 213 1299 1814 1376; baseline 0.006 -24"><span class='ocrx_word' id='word_1_83' title='bbox 213 1300 402 1374; x_wconf 64' lang='lat' dir='ltr'><strong>gulare</strong></span> <span class='ocrx_word' id='word_1_84' title='bbox 429 1299 631 1356; x_wconf 84' lang='lat' dir='ltr'><strong>Christi</strong></span> <span class='ocrx_word' id='word_1_85' title='bbox 673 1301 1002 1370; x_wconf 68' lang='lat' dir='ltr'><strong>praeconium</strong></span> <span class='ocrx_word' id='word_1_86' title='bbox 1055 1317 1160 1357; x_wconf 91' lang='lat' dir='ltr'><strong>non</strong></span> <span class='ocrx_word' id='word_1_87' title='bbox 1187 1305 1626 1376; x_wconf 66' lang='lat' dir='ltr'><strong>praesumptionis</strong></span> <span class='ocrx_word' id='word_1_88' title='bbox 1664 1307 1814 1373; x_wconf 91' lang='lat' dir='ltr'><strong>vitio,</strong></span> 
     </span>
    </p>
   </div>
   <div class='ocr_carea' id='block_1_14' title="bbox 211 1390 1820 1454">
    <p class='ocr_par' dir='ltr' id='par_1_14' title="bbox 211 1390 1820 1454">
     <span class='ocr_line' id='line_1_14' title="bbox 211 1390 1820 1454; baseline 0.006 -10"><span class='ocrx_word' id='word_1_89' title='bbox 211 1390 308 1444; x_wconf 86' lang='lat' dir='ltr'><strong>sed</strong></span> <span class='ocrx_word' id='word_1_90' title='bbox 368 1391 542 1445; x_wconf 88' lang='lat' dir='ltr'><strong>nimio</strong></span> <span class='ocrx_word' id='word_1_91' title='bbox 572 1391 877 1446; x_wconf 87' lang='lat' dir='ltr'><strong>devotionis</strong></span> <span class='ocrx_word' id='word_1_92' title='bbox 931 1393 1200 1448; x_wconf 86' lang='lat' dir='ltr'><strong>desiderio</strong></span> <span class='ocrx_word' id='word_1_93' title='bbox 1246 1396 1612 1451; x_wconf 81' lang='lat' dir='ltr'><strong>cantabatur:</strong></span> <span class='ocrx_word' id='word_1_94' title='bbox 1660 1417 1678 1448; x_wconf 80' lang='grc' dir='ltr'><strong>ι</strong></span> <span class='ocrx_word' id='word_1_95' title='bbox 1719 1395 1820 1454; x_wconf 88' lang='lat' dir='ltr'><strong>Be-</strong></span> 
     </span>
    </p>
   </div>
   <div class='ocr_carea' id='block_1_15' title="bbox 215 1473 1815 1560">
    <p class='ocr_par' dir='ltr' id='par_1_15' title="bbox 215 1473 1815 1560">
     <span class='ocr_line' id='line_1_15' title="bbox 215 1473 1815 1560; baseline 0.005 -24"><span class='ocrx_word' id='word_1_96' title='bbox 215 1483 482 1548; x_wconf 87' lang='lat' dir='ltr'><strong>nedictus,</strong></span> <span class='ocrx_word' id='word_1_97' title='bbox 515 1473 688 1549; x_wconf 71' lang='lat' dir='ltr'><strong>aiunt,</strong></span> <span class='ocrx_word' id='word_1_98' title='bbox 720 1483 810 1554; x_wconf 91' lang='lat' dir='ltr'><strong>qui</strong></span> <span class='ocrx_word' id='word_1_99' title='bbox 841 1485 989 1538; x_wconf 86' lang='lat' dir='ltr'><strong>venit</strong></span> <span class='ocrx_word' id='word_1_100' title='bbox 1016 1485 1068 1538; x_wconf 90' lang='lat' dir='ltr'><strong>in</strong></span> <span class='ocrx_word' id='word_1_101' title='bbox 1109 1487 1328 1542; x_wconf 90' lang='lat' dir='ltr'><strong>nomine</strong></span> <span class='ocrx_word' id='word_1_102' title='bbox 1357 1487 1566 1542; x_wconf 88' lang='lat' dir='ltr'><strong>Domini</strong></span> <span class='ocrx_word' id='word_1_103' title='bbox 1599 1487 1815 1560; x_wconf 77' lang='lat' dir='ltr'><strong>(Matth.</strong></span> 
     </span>
    </p>
   </div>
   <div class='ocr_carea' id='block_1_16' title="bbox 217 1574 1818 1654">
    <p class='ocr_par' dir='ltr' id='par_1_16' title="bbox 217 1574 1818 1654">
     <span class='ocr_line' id='line_1_16' title="bbox 217 1574 1818 1654; baseline 0.007 -28"><span class='ocrx_word' id='word_1_104' title='bbox 217 1575 402 1642; x_wconf 74' lang='lat' dir='ltr'><strong>uin).</strong></span> <span class='ocrx_word' id='word_1_105' title='bbox 441 1593 458 1626; x_wconf 83' lang='grc' dir='ltr'><strong>ι</strong></span> <span class='ocrx_word' id='word_1_106' title='bbox 494 1574 576 1629; x_wconf 92' lang='lat' dir='ltr'><strong>An</strong></span> <span class='ocrx_word' id='word_1_107' title='bbox 611 1583 666 1629; x_wconf 88' lang='lat' dir='ltr'><strong>et</strong></span> <span class='ocrx_word' id='word_1_108' title='bbox 700 1575 948 1632; x_wconf 80' lang='lat' dir='ltr'><strong>Andreas</strong></span> <span class='ocrx_word' id='word_1_109' title='bbox 989 1577 1265 1648; x_wconf 79' lang='lat' dir='ltr'><strong>apostolus</strong></span> <span class='ocrx_word' id='word_1_110' title='bbox 1321 1579 1502 1652; x_wconf 88' lang='lat' dir='ltr'><strong>populi</strong></span> <span class='ocrx_word' id='word_1_111' title='bbox 1556 1581 1818 1654; x_wconf 89' lang='lat' dir='ltr'><strong>obsequio</strong></span> 
     </span>
    </p>
   </div>
   <div class='ocr_carea' id='block_1_17' title="bbox 215 1671 1818 1748">
    <p class='ocr_par' dir='ltr' id='par_1_17' title="bbox 215 1671 1818 1748">
     <span class='ocr_line' id='line_1_17' title="bbox 215 1671 1818 1748; baseline 0.004 -21"><span class='ocrx_word' id='word_1_112' title='bbox 215 1671 461 1728; x_wconf 86' lang='lat' dir='ltr'><strong>caruisse</strong></span> <span class='ocrx_word' id='word_1_113' title='bbox 489 1673 794 1728; x_wconf 86' lang='lat' dir='ltr'><strong>credendus</strong></span> <span class='ocrx_word' id='word_1_114' title='bbox 843 1681 944 1742; x_wconf 89' lang='lat' dir='ltr'><strong>est,</strong></span> <span class='ocrx_word' id='word_1_115' title='bbox 981 1690 1142 1746; x_wconf 89' lang='lat' dir='ltr'><strong>quem</strong></span> <span class='ocrx_word' id='word_1_116' title='bbox 1179 1677 1235 1730; x_wconf 90' lang='lat' dir='ltr'><strong>in</strong></span> <span class='ocrx_word' id='word_1_117' title='bbox 1285 1691 1446 1732; x_wconf 86' lang='lat' dir='ltr'><strong>cruce</strong></span> <span class='ocrx_word' id='word_1_118' title='bbox 1489 1677 1818 1748; x_wconf 87' lang='lat' dir='ltr'><strong>pendentem</strong></span> 
     </span>
    </p>
   </div>
   <div class='ocr_carea' id='block_1_18' title="bbox 209 1763 1818 1840">
    <p class='ocr_par' dir='ltr' id='par_1_18' title="bbox 209 1763 1818 1840">
     <span class='ocr_line' id='line_1_18' title="bbox 209 1763 1818 1840; baseline 0.005 -22"><span class='ocrx_word' id='word_1_119' title='bbox 209 1763 340 1819; x_wconf 91' lang='lat' dir='ltr'><strong>dum</strong></span> <span class='ocrx_word' id='word_1_120' title='bbox 371 1765 594 1820; x_wconf 76' lang='lat' dir='ltr'><strong>Achaici</strong></span> <span class='ocrx_word' id='word_1_121' title='bbox 627 1766 1089 1822; x_wconf 87' lang='lat' dir='ltr'><strong>tumultuarentur</strong></span> <span class='ocrx_word' id='word_1_122' title='bbox 1136 1767 1364 1838; x_wconf 86' lang='lat' dir='ltr'><strong>eripere,</strong></span> <span class='ocrx_word' id='word_1_123' title='bbox 1399 1767 1574 1839; x_wconf 88' lang='lat' dir='ltr'><strong>ipsum</strong></span> <span class='ocrx_word' id='word_1_124' title='bbox 1604 1785 1818 1840; x_wconf 89' lang='lat' dir='ltr'><strong>quoque</strong></span> 
     </span>
    </p>
   </div>
   <div class='ocr_carea' id='block_1_19' title="bbox 1925 573 3515 650">
    <p class='ocr_par' dir='ltr' id='par_1_19' title="bbox 1925 573 3515 650">
     <span class='ocr_line' id='line_1_19' title="bbox 1925 573 3515 650; baseline 0.003 -22"><span class='ocrx_word' id='word_1_125' title='bbox 1925 573 2169 630; x_wconf 84' lang='lat' dir='ltr'><strong>habeatis</strong></span> <span class='ocrx_word' id='word_1_126' title='bbox 2209 575 2328 630; x_wconf 91' lang='lat' dir='ltr'><strong>illos</strong></span> <span class='ocrx_word' id='word_1_127' title='bbox 2377 577 2432 630; x_wconf 90' lang='lat' dir='ltr'><strong>in</strong></span> <span class='ocrx_word' id='word_1_128' title='bbox 2475 577 2741 634; x_wconf 89' lang='lat' dir='ltr'><strong>charitate</strong></span> <span class='ocrx_word' id='word_1_129' title='bbox 2791 585 3012 648; x_wconf 89' lang='lat' dir='ltr'><strong>propter</strong></span> <span class='ocrx_word' id='word_1_130' title='bbox 3039 593 3175 648; x_wconf 81' lang='lat' dir='ltr'><strong>opus</strong></span> <span class='ocrx_word' id='word_1_131' title='bbox 3221 577 3434 634; x_wconf 90' lang='lat' dir='ltr'><strong>illorum</strong></span> <span class='ocrx_word' id='word_1_132' title='bbox 3461 577 3515 650; x_wconf 87' lang='grc' dir='ltr'><strong>(Ι</strong></span> 
     </span>
    </p>
   </div>
   <div class='ocr_carea' id='block_1_20' title="bbox 1925 663 3514 740">
    <p class='ocr_par' dir='ltr' id='par_1_20' title="bbox 1925 663 3514 740">
     <span class='ocr_line' id='line_1_20' title="bbox 1925 663 3514 740; baseline 0.004 -22"><span class='ocrx_word' id='word_1_133' title='bbox 1925 663 2106 722; x_wconf 78' lang='lat' dir='ltr'><strong>Theu.</strong></span> <span class='ocrx_word' id='word_1_134' title='bbox 2135 667 2209 738; x_wconf 86' lang='lat' dir='ltr'><strong>v).</strong></span> <span class='ocrx_word' id='word_1_135' title='bbox 2237 686 2256 719; x_wconf 78' lang='grc' dir='ltr'><strong>ι</strong></span> <span class='ocrx_word' id='word_1_136' title='bbox 2283 665 2422 722; x_wconf 86' lang='lat' dir='ltr'><strong>Hinc</strong></span> <span class='ocrx_word' id='word_1_137' title='bbox 2447 677 2550 734; x_wconf 88' lang='lat' dir='ltr'><strong>est,</strong></span> <span class='ocrx_word' id='word_1_138' title='bbox 2577 670 2721 740; x_wconf 89' lang='lat' dir='ltr'><strong>quod</strong></span> <span class='ocrx_word' id='word_1_139' title='bbox 2754 669 2819 724; x_wconf 90' lang='lat' dir='ltr'><strong>de</strong></span> <span class='ocrx_word' id='word_1_140' title='bbox 2835 668 3204 740; x_wconf 87' lang='lat' dir='ltr'><strong>Epaphrodito</strong></span> <span class='ocrx_word' id='word_1_141' title='bbox 3225 670 3290 724; x_wconf 90' lang='lat' dir='ltr'><strong>ad</strong></span> <span class='ocrx_word' id='word_1_142' title='bbox 3308 667 3514 739; x_wconf 88' lang='lat' dir='ltr'><strong>Philip-</strong></span> 
     </span>
    </p>
   </div>
   <div class='ocr_carea' id='block_1_21' title="bbox 1915 757 3510 831">
    <p class='ocr_par' dir='ltr' id='par_1_21' title="bbox 1915 757 3510 831">
     <span class='ocr_line' id='line_1_21' title="bbox 1915 757 3510 831; baseline 0.003 -21"><span class='ocrx_word' id='word_1_143' title='bbox 1915 771 2116 826; x_wconf 90' lang='lat' dir='ltr'><strong>penses</strong></span> <span class='ocrx_word' id='word_1_144' title='bbox 2163 757 2338 812; x_wconf 88' lang='lat' dir='ltr'><strong>dicit:</strong></span> <span class='ocrx_word' id='word_1_145' title='bbox 2389 777 2406 810; x_wconf 82' lang='grc' dir='ltr'><strong>ι</strong></span> <span class='ocrx_word' id='word_1_146' title='bbox 2439 757 2704 831; x_wconf 79' lang='lat' dir='ltr'><strong>Excipite,</strong></span> <span class='ocrx_word' id='word_1_147' title='bbox 2748 759 2944 830; x_wconf 88' lang='lat' dir='ltr'><strong>inquit,</strong></span> <span class='ocrx_word' id='word_1_148' title='bbox 2989 759 3137 814; x_wconf 90' lang='lat' dir='ltr'><strong>illum</strong></span> <span class='ocrx_word' id='word_1_149' title='bbox 3186 773 3308 814; x_wconf 90' lang='lat' dir='ltr'><strong>cum</strong></span> <span class='ocrx_word' id='word_1_150' title='bbox 3361 761 3510 816; x_wconf 90' lang='lat' dir='ltr'><strong>omni</strong></span> 
     </span>
    </p>
   </div>
   <div class='ocr_carea' id='block_1_22' title="bbox 1921 852 3509 924">
    <p class='ocr_par' dir='ltr' id='par_1_22' title="bbox 1921 852 3509 924">
     <span class='ocr_line' id='line_1_22' title="bbox 1921 852 3509 924; baseline 0.003 -20"><span class='ocrx_word' id='word_1_151' title='bbox 1921 852 2117 924; x_wconf 77' lang='lat' dir='ltr'><strong>gaudio</strong></span> <span class='ocrx_word' id='word_1_152' title='bbox 2139 853 2192 908; x_wconf 91' lang='lat' dir='ltr'><strong>in</strong></span> <span class='ocrx_word' id='word_1_153' title='bbox 2217 853 2479 920; x_wconf 87' lang='lat' dir='ltr'><strong>Domino;</strong></span> <span class='ocrx_word' id='word_1_154' title='bbox 2511 863 2564 908; x_wconf 89' lang='lat' dir='ltr'><strong>et</strong></span> <span class='ocrx_word' id='word_1_155' title='bbox 2589 853 2850 924; x_wconf 79' lang='lat' dir='ltr'><strong>ejusmodi</strong></span> <span class='ocrx_word' id='word_1_156' title='bbox 2880 867 3000 908; x_wconf 89' lang='lat' dir='ltr'><strong>cum</strong></span> <span class='ocrx_word' id='word_1_157' title='bbox 3029 853 3233 908; x_wconf 91' lang='lat' dir='ltr'><strong>honore</strong></span> <span class='ocrx_word' id='word_1_158' title='bbox 3253 853 3509 909; x_wconf 86' lang='lat' dir='ltr'><strong>habetote</strong></span> 
     </span>
    </p>
   </div>
   <div class='ocr_carea' id='block_1_23' title="bbox 1923 939 3514 1016">
    <p class='ocr_par' dir='ltr' id='par_1_23' title="bbox 1923 939 3514 1016">
     <span class='ocr_line' id='line_1_23' title="bbox 1923 939 3514 1016; baseline 0.003 -21"><span class='ocrx_word' id='word_1_159' title='bbox 1923 939 2151 1014; x_wconf 79' lang='lat' dir='ltr'><strong>(Philip.</strong></span> <span class='ocrx_word' id='word_1_160' title='bbox 2189 943 2276 1012; x_wconf 87' lang='grc' dir='ltr'><strong>ιι).</strong></span> <span class='ocrx_word' id='word_1_161' title='bbox 2309 962 2326 994; x_wconf 83' lang='grc' dir='ltr'><strong>ι</strong></span> <span class='ocrx_word' id='word_1_162' title='bbox 2366 943 2422 998; x_wconf 94' lang='lat' dir='ltr'><strong>Si</strong></span> <span class='ocrx_word' id='word_1_163' title='bbox 2448 959 2577 1016; x_wconf 78' lang='lat' dir='ltr'><strong>ergo</strong></span> <span class='ocrx_word' id='word_1_164' title='bbox 2609 943 2898 1014; x_wconf 77' lang='lat' dir='ltr'><strong>Apostolus</strong></span> <span class='ocrx_word' id='word_1_165' title='bbox 2925 945 3285 1000; x_wconf 87' lang='lat' dir='ltr'><strong>reverentiam</strong></span> <span class='ocrx_word' id='word_1_166' title='bbox 3303 943 3514 1016; x_wconf 83' lang='lat' dir='ltr'><strong>fugien-</strong></span> 
     </span>
    </p>
   </div>
   <div class='ocr_carea' id='block_1_24' title="bbox 1921 1033 3504 1110">
    <p class='ocr_par' dir='ltr' id='par_1_24' title="bbox 1921 1033 3504 1110">
     <span class='ocr_line' id='line_1_24' title="bbox 1921 1033 3504 1110; baseline 0.003 -20"><span class='ocrx_word' id='word_1_167' title='bbox 1921 1033 2047 1090; x_wconf 90' lang='lat' dir='ltr'><strong>dam</strong></span> <span class='ocrx_word' id='word_1_168' title='bbox 2076 1035 2300 1090; x_wconf 89' lang='lat' dir='ltr'><strong>omnino</strong></span> <span class='ocrx_word' id='word_1_169' title='bbox 2347 1035 2690 1103; x_wconf 88' lang='lat' dir='ltr'><strong>decerneret,</strong></span> <span class='ocrx_word' id='word_1_170' title='bbox 2715 1037 2842 1092; x_wconf 91' lang='lat' dir='ltr'><strong>dum</strong></span> <span class='ocrx_word' id='word_1_171' title='bbox 2873 1035 3211 1094; x_wconf 89' lang='lat' dir='ltr'><strong>auditoribus</strong></span> <span class='ocrx_word' id='word_1_172' title='bbox 3237 1039 3504 1110; x_wconf 70' lang='lat' dir='ltr'><strong>prmcipit,</strong></span> 
     </span>
    </p>
   </div>
   <div class='ocr_carea' id='block_1_25' title="bbox 1921 1127 3511 1200">
    <p class='ocr_par' dir='ltr' id='par_1_25' title="bbox 1921 1127 3511 1200">
     <span class='ocr_line' id='line_1_25' title="bbox 1921 1127 3511 1200; baseline 0.003 -18"><span class='ocrx_word' id='word_1_173' title='bbox 1921 1137 1980 1182; x_wconf 90' lang='lat' dir='ltr'><strong>ut</strong></span> <span class='ocrx_word' id='word_1_174' title='bbox 2010 1129 2218 1184; x_wconf 89' lang='lat' dir='ltr'><strong>doctori</strong></span> <span class='ocrx_word' id='word_1_175' title='bbox 2249 1143 2348 1184; x_wconf 89' lang='lat' dir='ltr'><strong>suo</strong></span> <span class='ocrx_word' id='word_1_176' title='bbox 2375 1127 2637 1184; x_wconf 88' lang='lat' dir='ltr'><strong>honorem</strong></span> <span class='ocrx_word' id='word_1_177' title='bbox 2671 1127 2986 1196; x_wconf 77' lang='lat' dir='ltr'><strong>exhibeant,</strong></span> <span class='ocrx_word' id='word_1_178' title='bbox 3025 1131 3213 1184; x_wconf 85' lang='lat' dir='ltr'><strong>suadet</strong></span> <span class='ocrx_word' id='word_1_179' title='bbox 3245 1131 3511 1200; x_wconf 81' lang='lat' dir='ltr'><strong>profecto,</strong></span> 
     </span>
    </p>
   </div>
   <div class='ocr_carea' id='block_1_26' title="bbox 1919 1217 3510 1292">
    <p class='ocr_par' dir='ltr' id='par_1_26' title="bbox 1919 1217 3510 1292">
     <span class='ocr_line' id='line_1_26' title="bbox 1919 1217 3510 1292; baseline 0.001 -16"><span class='ocrx_word' id='word_1_180' title='bbox 1919 1228 1980 1276; x_wconf 91' lang='lat' dir='ltr'><strong>ut</strong></span> <span class='ocrx_word' id='word_1_181' title='bbox 2011 1235 2133 1274; x_wconf 89' lang='lat' dir='ltr'><strong>eum</strong></span> <span class='ocrx_word' id='word_1_182' title='bbox 2165 1220 2230 1274; x_wconf 91' lang='lat' dir='ltr'><strong>de</strong></span> <span class='ocrx_word' id='word_1_183' title='bbox 2261 1221 2372 1276; x_wconf 88' lang='lat' dir='ltr'><strong>suis</strong></span> <span class='ocrx_word' id='word_1_184' title='bbox 2413 1217 2609 1276; x_wconf 85' lang='lat' dir='ltr'><strong>finibus</strong></span> <span class='ocrx_word' id='word_1_185' title='bbox 2654 1221 2860 1276; x_wconf 90' lang='lat' dir='ltr'><strong>honore</strong></span> <span class='ocrx_word' id='word_1_186' title='bbox 2909 1231 3301 1292; x_wconf 79' lang='lat' dir='ltr'><strong>prosequentes</strong></span> <span class='ocrx_word' id='word_1_187' title='bbox 3327 1221 3510 1292; x_wconf 77' lang='lat' dir='ltr'><strong>expel-</strong></span> 
     </span>
    </p>
   </div>
   <div class='ocr_carea' id='block_1_27' title="bbox 1921 1311 3506 1384">
    <p class='ocr_par' dir='ltr' id='par_1_27' title="bbox 1921 1311 3506 1384">
     <span class='ocr_line' id='line_1_27' title="bbox 1921 1311 3506 1384; baseline 0.001 -18"><span class='ocrx_word' id='word_1_188' title='bbox 1921 1311 2056 1366; x_wconf 88' lang='lat' dir='ltr'><strong>Iant.</strong></span> <span class='ocrx_word' id='word_1_189' title='bbox 2090 1311 2194 1367; x_wconf 85' lang='lat' dir='ltr'><strong>Sed</strong></span> <span class='ocrx_word' id='word_1_190' title='bbox 2225 1311 2328 1370; x_wconf 87' lang='lat' dir='ltr'><strong>hoc</strong></span> <span class='ocrx_word' id='word_1_191' title='bbox 2364 1326 2586 1372; x_wconf 87' lang='lat' dir='ltr'><strong>monere</strong></span> <span class='ocrx_word' id='word_1_192' title='bbox 2625 1311 2839 1366; x_wconf 90' lang='lat' dir='ltr'><strong>videtur</strong></span> <span class='ocrx_word' id='word_1_193' title='bbox 2876 1313 3200 1384; x_wconf 69' lang='lat' dir='ltr'><strong>praedicator</strong></span> <span class='ocrx_word' id='word_1_194' title='bbox 3229 1313 3506 1384; x_wconf 72' lang='lat' dir='ltr'><strong>egregius,</strong></span> 
     </span>
    </p>
   </div>
   <div class='ocr_carea' id='block_1_28' title="bbox 1921 1403 3511 1460">
    <p class='ocr_par' dir='ltr' id='par_1_28' title="bbox 1921 1403 3511 1460">
     <span class='ocr_line' id='line_1_28' title="bbox 1921 1403 3511 1460; baseline -0.001 0"><span class='ocrx_word' id='word_1_195' title='bbox 1921 1413 1982 1460; x_wconf 91' lang='lat' dir='ltr'><strong>ut</strong></span> <span class='ocrx_word' id='word_1_196' title='bbox 2027 1405 2297 1460; x_wconf 89' lang='lat' dir='ltr'><strong>discretus</strong></span> <span class='ocrx_word' id='word_1_197' title='bbox 2346 1405 2429 1458; x_wconf 90' lang='lat' dir='ltr'><strong>vir</strong></span> <span class='ocrx_word' id='word_1_198' title='bbox 2464 1413 2517 1460; x_wconf 88' lang='lat' dir='ltr'><strong>et</strong></span> <span class='ocrx_word' id='word_1_199' title='bbox 2563 1405 2822 1460; x_wconf 86' lang='lat' dir='ltr'><strong>honorem</strong></span> <span class='ocrx_word' id='word_1_200' title='bbox 2865 1403 2966 1460; x_wconf 82' lang='lat' dir='ltr'><strong>sibi</strong></span> <span class='ocrx_word' id='word_1_201' title='bbox 3000 1404 3237 1460; x_wconf 45' lang='lat' dir='ltr'><strong>delatum</strong></span> <span class='ocrx_word' id='word_1_202' title='bbox 3268 1404 3511 1459; x_wconf 62' lang='lat' dir='ltr'><strong>exterius</strong></span> 
     </span>
    </p>
   </div>
   <div class='ocr_carea' id='block_1_29' title="bbox 1919 1495 3509 1570">
    <p class='ocr_par' dir='ltr' id='par_1_29' title="bbox 1919 1495 3509 1570">
     <span class='ocr_line' id='line_1_29' title="bbox 1919 1495 3509 1570; baseline 0 -18"><span class='ocrx_word' id='word_1_203' title='bbox 1919 1511 2019 1570; x_wconf 89' lang='lat' dir='ltr'><strong>pro</strong></span> <span class='ocrx_word' id='word_1_204' title='bbox 2053 1495 2282 1552; x_wconf 82' lang='lat' dir='ltr'><strong>fratrum</strong></span> <span class='ocrx_word' id='word_1_205' title='bbox 2315 1499 2544 1552; x_wconf 85' lang='lat' dir='ltr'><strong>utilitate</strong></span> <span class='ocrx_word' id='word_1_206' title='bbox 2575 1497 2858 1566; x_wconf 88' lang='lat' dir='ltr'><strong>suscipiat,</strong></span> <span class='ocrx_word' id='word_1_207' title='bbox 2884 1507 2938 1552; x_wconf 91' lang='lat' dir='ltr'><strong>et</strong></span> <span class='ocrx_word' id='word_1_208' title='bbox 2966 1497 3216 1552; x_wconf 71' lang='lat' dir='ltr'><strong>canalem</strong></span> <span class='ocrx_word' id='word_1_209' title='bbox 3245 1497 3509 1552; x_wconf 84' lang='lat' dir='ltr'><strong>honorem</strong></span> 
     </span>
    </p>
   </div>
   <div class='ocr_carea' id='block_1_30' title="bbox 1919 1591 3512 1662">
    <p class='ocr_par' dir='ltr' id='par_1_30' title="bbox 1919 1591 3512 1662">
     <span class='ocr_line' id='line_1_30' title="bbox 1919 1591 3512 1662; baseline -0.001 -16"><span class='ocrx_word' id='word_1_210' title='bbox 1919 1591 2250 1648; x_wconf 83' lang='lat' dir='ltr'><strong>intrinsecus</strong></span> <span class='ocrx_word' id='word_1_211' title='bbox 2277 1607 2378 1662; x_wconf 85' lang='lat' dir='ltr'><strong>pro</strong></span> <span class='ocrx_word' id='word_1_212' title='bbox 2405 1607 2500 1648; x_wconf 88' lang='lat' dir='ltr'><strong>sua</strong></span> <span class='ocrx_word' id='word_1_213' title='bbox 2539 1591 2850 1648; x_wconf 85' lang='lat' dir='ltr'><strong>humilitate</strong></span> <span class='ocrx_word' id='word_1_214' title='bbox 2875 1597 3213 1656; x_wconf 82' lang='lat' dir='ltr'><strong>contemnat,</strong></span> <span class='ocrx_word' id='word_1_215' title='bbox 3244 1599 3512 1660; x_wconf 78' lang='lat' dir='ltr'><strong>quatenus</strong></span> 
     </span>
    </p>
   </div>
   <div class='ocr_carea' id='block_1_31' title="bbox 1921 1682 3509 1754">
    <p class='ocr_par' dir='ltr' id='par_1_31' title="bbox 1921 1682 3509 1754">
     <span class='ocr_line' id='line_1_31' title="bbox 1921 1682 3509 1754; baseline 0 -18"><span class='ocrx_word' id='word_1_216' title='bbox 1921 1683 2164 1754; x_wconf 88' lang='lat' dir='ltr'><strong>undique</strong></span> <span class='ocrx_word' id='word_1_217' title='bbox 2194 1685 2623 1752; x_wconf 85' lang='lat' dir='ltr'><strong>circumspectus</strong></span> <span class='ocrx_word' id='word_1_218' title='bbox 2650 1685 2727 1740; x_wconf 87' lang='lat' dir='ltr'><strong>sic</strong></span> <span class='ocrx_word' id='word_1_219' title='bbox 2771 1683 2983 1738; x_wconf 87' lang='lat' dir='ltr'><strong>illorum</strong></span> <span class='ocrx_word' id='word_1_220' title='bbox 3016 1682 3174 1738; x_wconf 87' lang='lat' dir='ltr'><strong>saluti</strong></span> <span class='ocrx_word' id='word_1_221' title='bbox 3206 1683 3509 1752; x_wconf 82' lang='lat' dir='ltr'><strong>provideat,</strong></span> 
     </span>
    </p>
   </div>
   <div class='ocr_carea' id='block_1_32' title="bbox 1919 1773 3512 1844">
    <p class='ocr_par' dir='ltr' id='par_1_32' title="bbox 1919 1773 3512 1844">
     <span class='ocr_line' id='line_1_32' title="bbox 1919 1773 3512 1844; baseline 0.001 -16"><span class='ocrx_word' id='word_1_222' title='bbox 1919 1783 1978 1828; x_wconf 88' lang='lat' dir='ltr'><strong>ut</strong></span> <span class='ocrx_word' id='word_1_223' title='bbox 2009 1774 2122 1843; x_wconf 81' lang='lat' dir='ltr'><strong>ipse</strong></span> <span class='ocrx_word' id='word_1_224' title='bbox 2157 1785 2334 1830; x_wconf 88' lang='lat' dir='ltr'><strong>tamen</strong></span> <span class='ocrx_word' id='word_1_225' title='bbox 2367 1773 2617 1832; x_wconf 84' lang='lat' dir='ltr'><strong>elationis</strong></span> <span class='ocrx_word' id='word_1_226' title='bbox 2653 1776 2788 1830; x_wconf 91' lang='lat' dir='ltr'><strong>vitio</strong></span> <span class='ocrx_word' id='word_1_227' title='bbox 2817 1793 2924 1830; x_wconf 84' lang='lat' dir='ltr'><strong>non</strong></span> <span class='ocrx_word' id='word_1_228' title='bbox 2953 1776 3292 1830; x_wconf 80' lang='lat' dir='ltr'><strong>succumbat.</strong></span> <span class='ocrx_word' id='word_1_229' title='bbox 3323 1773 3512 1844; x_wconf 81' lang='lat' dir='ltr'><strong>Neque</strong></span> 
     </span>
    </p>
   </div>
   <div class='ocr_carea' id='block_1_33' title="bbox 209 1849 3510 1938">
    <p class='ocr_par' dir='ltr' id='par_1_33' title="bbox 209 1849 3510 1938">
     <span class='ocr_line' id='line_1_33' title="bbox 209 1849 3510 1938; baseline 0.002 -25"><span class='ocrx_word' id='word_1_230' title='bbox 209 1859 510 1930; x_wconf 68' lang='lat' dir='ltr'><strong>provinciae:</strong></span> <span class='ocrx_word' id='word_1_231' title='bbox 565 1859 852 1930; x_wconf 76' lang='lat' dir='ltr'><strong>przesidem</strong></span> <span class='ocrx_word' id='word_1_232' title='bbox 903 1859 1214 1918; x_wconf 90' lang='lat' dir='ltr'><strong>comminati</strong></span> <span class='ocrx_word' id='word_1_233' title='bbox 1253 1871 1378 1915; x_wconf 91' lang='lat' dir='ltr'><strong>sunt</strong></span> <span class='ocrx_word' id='word_1_234' title='bbox 1412 1863 1724 1918; x_wconf 87' lang='lat' dir='ltr'><strong>trucidare?</strong></span> <span class='ocrx_word' id='word_1_235' title='bbox 1752 1863 1818 1918; x_wconf 88' lang='lat' dir='ltr'><strong>Et</strong></span> <span class='ocrx_word' id='word_1_236' title='bbox 1847 1849 1892 1910; x_wconf 83' lang='grc' dir='ltr'><strong>Β</strong></span> <span class='ocrx_word' id='word_1_237' title='bbox 1921 1869 2086 1932; x_wconf 89' lang='lat' dir='ltr'><strong>enim,</strong></span> <span class='ocrx_word' id='word_1_238' title='bbox 2121 1884 2180 1924; x_wconf 83' lang='lat' dir='ltr'><strong>ut</strong></span> <span class='ocrx_word' id='word_1_239' title='bbox 2209 1884 2308 1924; x_wconf 82' lang='lat' dir='ltr'><strong>nos</strong></span> <span class='ocrx_word' id='word_1_240' title='bbox 2331 1869 2612 1924; x_wconf 84' lang='lat' dir='ltr'><strong>valeamus</strong></span> <span class='ocrx_word' id='word_1_241' title='bbox 2641 1871 2708 1924; x_wconf 90' lang='lat' dir='ltr'><strong>ab</strong></span> <span class='ocrx_word' id='word_1_242' title='bbox 2739 1869 3044 1938; x_wconf 84' lang='lat' dir='ltr'><strong>bujusmodi</strong></span> <span class='ocrx_word' id='word_1_243' title='bbox 3083 1869 3212 1922; x_wconf 83' lang='lat' dir='ltr'><strong>vitio</strong></span> <span class='ocrx_word' id='word_1_244' title='bbox 3237 1867 3510 1924; x_wconf 86' lang='lat' dir='ltr'><strong>cautiores</strong></span> 
     </span>
    </p>
   </div>
   <div class='ocr_carea' id='block_1_34' title="bbox 209 1952 1814 2026">
    <p class='ocr_par' dir='ltr' id='par_1_34' title="bbox 209 1952 1814 2026">
     <span class='ocr_line' id='line_1_34' title="bbox 209 1952 1814 2026; baseline 0.006 -21"><span class='ocrx_word' id='word_1_245' title='bbox 209 1961 270 2004; x_wconf 87' lang='lat' dir='ltr'><strong>ut</strong></span> <span class='ocrx_word' id='word_1_246' title='bbox 297 1966 362 2006; x_wconf 85' lang='lat' dir='ltr'><strong>ex</strong></span> <span class='ocrx_word' id='word_1_247' title='bbox 397 1952 512 2022; x_wconf 88' lang='lat' dir='ltr'><strong>ipso</strong></span> <span class='ocrx_word' id='word_1_248' title='bbox 540 1961 852 2010; x_wconf 88' lang='lat' dir='ltr'><strong>sanctorum</strong></span> <span class='ocrx_word' id='word_1_249' title='bbox 885 1953 1130 2007; x_wconf 88' lang='lat' dir='ltr'><strong>onmium</strong></span> <span class='ocrx_word' id='word_1_250' title='bbox 1153 1954 1330 2026; x_wconf 88' lang='lat' dir='ltr'><strong>capite</strong></span> <span class='ocrx_word' id='word_1_251' title='bbox 1352 1955 1601 2026; x_wconf 75' lang='lat' dir='ltr'><strong>allegatio</strong></span> <span class='ocrx_word' id='word_1_252' title='bbox 1629 1969 1814 2016; x_wconf 86' lang='lat' dir='ltr'><strong>nostra</strong></span> 
     </span>
    </p>
   </div>
   <div class='ocr_carea' id='block_1_35' title="bbox 209 2039 1812 2118">
    <p class='ocr_par' dir='ltr' id='par_1_35' title="bbox 209 2039 1812 2118">
     <span class='ocr_line' id='line_1_35' title="bbox 209 2039 1812 2118; baseline 0.007 -23"><span class='ocrx_word' id='word_1_253' title='bbox 209 2039 431 2096; x_wconf 79' lang='lat' dir='ltr'><strong>ﬁrmius</strong></span> <span class='ocrx_word' id='word_1_254' title='bbox 479 2044 810 2112; x_wconf 87' lang='lat' dir='ltr'><strong>roboretur,</strong></span> <span class='ocrx_word' id='word_1_255' title='bbox 869 2045 1290 2118; x_wconf 77' lang='lat' dir='ltr'><strong>Redemptorem</strong></span> <span class='ocrx_word' id='word_1_256' title='bbox 1345 2057 1590 2103; x_wconf 89' lang='lat' dir='ltr'><strong>nostrum</strong></span> <span class='ocrx_word' id='word_1_257' title='bbox 1641 2049 1812 2106; x_wconf 67' lang='lat' dir='ltr'><strong>.Iudazi</strong></span> 
     </span>
    </p>
   </div>
   <div class='ocr_carea' id='block_1_36' title="bbox 209 2135 1814 2206">
    <p class='ocr_par' dir='ltr' id='par_1_36' title="bbox 209 2135 1814 2206">
     <span class='ocr_line' id='line_1_36' title="bbox 209 2135 1814 2206; baseline 0.005 -16"><span class='ocrx_word' id='word_1_258' title='bbox 209 2151 398 2206; x_wconf 75' lang='lat' dir='ltr'><strong>regem</strong></span> <span class='ocrx_word' id='word_1_259' title='bbox 442 2135 738 2192; x_wconf 86' lang='lat' dir='ltr'><strong>voluerunt.</strong></span> <span class='ocrx_word' id='word_1_260' title='bbox 782 2139 1136 2204; x_wconf 87' lang='lat' dir='ltr'><strong>constituere,</strong></span> <span class='ocrx_word' id='word_1_261' title='bbox 1190 2139 1294 2196; x_wconf 90' lang='lat' dir='ltr'><strong>nisi</strong></span> <span class='ocrx_word' id='word_1_262' title='bbox 1349 2139 1435 2196; x_wconf 90' lang='lat' dir='ltr'><strong>ille</strong></span> <span class='ocrx_word' id='word_1_263' title='bbox 1484 2141 1684 2198; x_wconf 90' lang='lat' dir='ltr'><strong>montis</strong></span> <span class='ocrx_word' id='word_1_264' title='bbox 1719 2158 1814 2198; x_wconf 88' lang='lat' dir='ltr'><strong>au-</strong></span> 
     </span>
    </p>
   </div>
   <div class='ocr_carea' id='block_1_37' title="bbox 208 2233 1094 2307">
    <p class='ocr_par' dir='ltr' id='par_1_37' title="bbox 208 2233 1094 2307">
     <span class='ocr_line' id='line_1_37' title="bbox 208 2233 1094 2307; baseline 0.005 -19"><span class='ocrx_word' id='word_1_265' title='bbox 208 2233 420 2306; x_wconf 79' lang='lat' dir='ltr'><strong>fugiam</strong></span> <span class='ocrx_word' id='word_1_266' title='bbox 471 2237 718 2306; x_wconf 84' lang='lat' dir='ltr'><strong>petiisset</strong></span> <span class='ocrx_word' id='word_1_267' title='bbox 756 2235 940 2302; x_wconf 83' lang='lat' dir='ltr'><strong>(Joan.</strong></span> <span class='ocrx_word' id='word_1_268' title='bbox 997 2238 1094 2307; x_wconf 78' lang='lat' dir='ltr'><strong>vr).</strong></span> 
     </span>
    </p>
   </div>
   <div class='ocr_carea' id='block_1_38' title="bbox 281 2323 1811 2396">
    <p class='ocr_par' dir='ltr' id='par_1_38' title="bbox 281 2323 1811 2396">
     <span class='ocr_line' id='line_1_38' title="bbox 281 2323 1811 2396; baseline 0.003 -17"><span class='ocrx_word' id='word_1_269' title='bbox 281 2323 338 2386; x_wconf 86' lang='lat' dir='ltr'><strong>Si</strong></span> <span class='ocrx_word' id='word_1_270' title='bbox 373 2341 506 2396; x_wconf 70' lang='lat' dir='ltr'><strong>ergo</strong></span> <span class='ocrx_word' id='word_1_271' title='bbox 551 2327 819 2382; x_wconf 85' lang='lat' dir='ltr'><strong>mediator</strong></span> <span class='ocrx_word' id='word_1_272' title='bbox 867 2327 962 2384; x_wconf 90' lang='lat' dir='ltr'><strong>Dei</strong></span> <span class='ocrx_word' id='word_1_273' title='bbox 1013 2337 1070 2384; x_wconf 89' lang='lat' dir='ltr'><strong>et</strong></span> <span class='ocrx_word' id='word_1_274' title='bbox 1123 2329 1399 2384; x_wconf 88' lang='lat' dir='ltr'><strong>hominum</strong></span> <span class='ocrx_word' id='word_1_275' title='bbox 1443 2330 1508 2383; x_wconf 80' lang='lat' dir='ltr'><strong>ad</strong></span> <span class='ocrx_word' id='word_1_276' title='bbox 1552 2329 1811 2386; x_wconf 83' lang='lat' dir='ltr'><strong>exhiben-</strong></span> 
     </span>
    </p>
   </div>
   <div class='ocr_carea' id='block_1_39' title="bbox 207 2415 1810 2490">
    <p class='ocr_par' dir='ltr' id='par_1_39' title="bbox 207 2415 1810 2490">
     <span class='ocr_line' id='line_1_39' title="bbox 207 2415 1810 2490; baseline 0.005 -22"><span class='ocrx_word' id='word_1_277' title='bbox 207 2417 336 2470; x_wconf 89' lang='lat' dir='ltr'><strong>dum</strong></span> <span class='ocrx_word' id='word_1_278' title='bbox 373 2415 542 2472; x_wconf 89' lang='lat' dir='ltr'><strong>solius</strong></span> <span class='ocrx_word' id='word_1_279' title='bbox 579 2417 900 2474; x_wconf 86' lang='lat' dir='ltr'><strong>humilitatis</strong></span> <span class='ocrx_word' id='word_1_280' title='bbox 948 2419 1255 2490; x_wconf 79' lang='lat' dir='ltr'><strong>exemplum</strong></span> <span class='ocrx_word' id='word_1_281' title='bbox 1290 2422 1367 2476; x_wconf 91' lang='lat' dir='ltr'><strong>sic</strong></span> <span class='ocrx_word' id='word_1_282' title='bbox 1401 2422 1680 2478; x_wconf 88' lang='lat' dir='ltr'><strong>hominum</strong></span> <span class='ocrx_word' id='word_1_283' title='bbox 1721 2439 1810 2476; x_wconf 85' lang='lat' dir='ltr'><strong>re-</strong></span> 
     </span>
    </p>
   </div>
   <div class='ocr_carea' id='block_1_40' title="bbox 205 2509 1810 2582">
    <p class='ocr_par' dir='ltr' id='par_1_40' title="bbox 205 2509 1810 2582">
     <span class='ocr_line' id='line_1_40' title="bbox 205 2509 1810 2582; baseline 0.005 -20"><span class='ocrx_word' id='word_1_284' title='bbox 205 2509 512 2564; x_wconf 86' lang='lat' dir='ltr'><strong>verentiam</strong></span> <span class='ocrx_word' id='word_1_285' title='bbox 555 2510 818 2566; x_wconf 89' lang='lat' dir='ltr'><strong>voluisset</strong></span> <span class='ocrx_word' id='word_1_286' title='bbox 861 2511 1136 2582; x_wconf 79' lang='lat' dir='ltr'><strong>abjicere,</strong></span> <span class='ocrx_word' id='word_1_287' title='bbox 1167 2523 1224 2566; x_wconf 90' lang='lat' dir='ltr'><strong>ut</strong></span> <span class='ocrx_word' id='word_1_288' title='bbox 1274 2528 1374 2568; x_wconf 91' lang='lat' dir='ltr'><strong>nec</strong></span> <span class='ocrx_word' id='word_1_289' title='bbox 1429 2515 1810 2572; x_wconf 81' lang='lat' dir='ltr'><strong>miraculorum</strong></span> 
     </span>
    </p>
   </div>
   <div class='ocr_carea' id='block_1_41' title="bbox 203 2603 1854 2678">
    <p class='ocr_par' dir='ltr' id='par_1_41' title="bbox 203 2603 1854 2678">
     <span class='ocr_line' id='line_1_41' title="bbox 203 2603 1854 2678; baseline 0.004 -22"><span class='ocrx_word' id='word_1_290' title='bbox 203 2603 440 2660; x_wconf 77' lang='lat' dir='ltr'><strong>virtutes</strong></span> <span class='ocrx_word' id='word_1_291' title='bbox 475 2605 826 2670; x_wconf 87' lang='lat' dir='ltr'><strong>ostenderet,</strong></span> <span class='ocrx_word' id='word_1_292' title='bbox 858 2620 1032 2675; x_wconf 90' lang='lat' dir='ltr'><strong>neque</strong></span> <span class='ocrx_word' id='word_1_293' title='bbox 1067 2606 1468 2676; x_wconf 66' lang='lat' dir='ltr'><strong>praedicationis</strong></span> <span class='ocrx_word' id='word_1_294' title='bbox 1495 2608 1654 2664; x_wconf 88' lang='lat' dir='ltr'><strong>verba</strong></span> <span class='ocrx_word' id='word_1_295' title='bbox 1687 2624 1812 2678; x_wconf 80' lang='lat' dir='ltr'><strong>pro—</strong></span> <span class='ocrx_word' id='word_1_296' title='bbox 1851 2623 1854 2626; x_wconf 92' lang='grc'>·</span> 
     </span>
    </p>
   </div>
   <div class='ocr_carea' id='block_1_42' title="bbox 205 2687 1808 2770">
    <p class='ocr_par' dir='ltr' id='par_1_42' title="bbox 205 2687 1808 2770">
     <span class='ocr_line' id='line_1_42' title="bbox 205 2687 1808 2770; baseline 0.004 -24"><span class='ocrx_word' id='word_1_297' title='bbox 205 2687 404 2760; x_wconf 86' lang='lat' dir='ltr'><strong>ferret,</strong></span> <span class='ocrx_word' id='word_1_298' title='bbox 442 2695 682 2754; x_wconf 87' lang='lat' dir='ltr'><strong>humano</strong></span> <span class='ocrx_word' id='word_1_299' title='bbox 731 2697 938 2770; x_wconf 73' lang='lat' dir='ltr'><strong>generi,</strong></span> <span class='ocrx_word' id='word_1_300' title='bbox 993 2697 1046 2752; x_wconf 88' lang='lat' dir='ltr'><strong>in</strong></span> <span class='ocrx_word' id='word_1_301' title='bbox 1095 2699 1335 2768; x_wconf 87' lang='lat' dir='ltr'><strong>peccatis</strong></span> <span class='ocrx_word' id='word_1_302' title='bbox 1381 2707 1620 2763; x_wconf 89' lang='lat' dir='ltr'><strong>mortuo,</strong></span> <span class='ocrx_word' id='word_1_303' title='bbox 1657 2700 1808 2767; x_wconf 87' lang='lat' dir='ltr'><strong>quid,</strong></span> 
     </span>
    </p>
   </div>
   <div class='ocr_carea' id='block_1_43' title="bbox 206 2793 1811 2868">
    <p class='ocr_par' dir='ltr' id='par_1_43' title="bbox 206 2793 1811 2868">
     <span class='ocr_line' id='line_1_43' title="bbox 206 2793 1811 2868; baseline -0.001 -18"><span class='ocrx_word' id='word_1_304' title='bbox 206 2807 386 2864; x_wconf 78' lang='lat' dir='ltr'><strong>rego,</strong></span> <span class='ocrx_word' id='word_1_305' title='bbox 439 2793 676 2860; x_wconf 81' lang='lat' dir='ltr'><strong>salutis,</strong></span> <span class='ocrx_word' id='word_1_306' title='bbox 728 2794 858 2866; x_wconf 82' lang='lat' dir='ltr'><strong>quid</strong></span> <span class='ocrx_word' id='word_1_307' title='bbox 905 2795 1160 2852; x_wconf 84' lang='lat' dir='ltr'><strong>utilitatis</strong></span> <span class='ocrx_word' id='word_1_308' title='bbox 1210 2795 1366 2868; x_wconf 77' lang='lat'><strong>161</strong></span> <span class='ocrx_word' id='word_1_309' title='bbox 1431 2795 1811 2864; x_wconf 85' lang='lat' dir='ltr'><strong>impenderet?</strong></span> 
     </span>
    </p>
   </div>
   <div class='ocr_carea' id='block_1_44' title="bbox 209 2882 1806 2958">
    <p class='ocr_par' dir='ltr' id='par_1_44' title="bbox 209 2882 1806 2958">
     <span class='ocr_line' id='line_1_44' title="bbox 209 2882 1806 2958; baseline 0.003 -20"><span class='ocrx_word' id='word_1_310' title='bbox 209 2882 318 2940; x_wconf 86' lang='lat' dir='ltr'><strong>Sed</strong></span> <span class='ocrx_word' id='word_1_311' title='bbox 349 2885 556 2942; x_wconf 87' lang='lat' dir='ltr'><strong>idcirco</strong></span> <span class='ocrx_word' id='word_1_312' title='bbox 581 2885 758 2944; x_wconf 18' lang='lat' dir='ltr'><strong>voluit.</strong></span> <span class='ocrx_word' id='word_1_313' title='bbox 781 2887 1110 2944; x_wconf 88' lang='lat' dir='ltr'><strong>reverendus</strong></span> <span class='ocrx_word' id='word_1_314' title='bbox 1134 2895 1187 2942; x_wconf 88' lang='lat' dir='ltr'><strong>et</strong></span> <span class='ocrx_word' id='word_1_315' title='bbox 1233 2887 1499 2942; x_wconf 88' lang='lat' dir='ltr'><strong>mirabilis</strong></span> <span class='ocrx_word' id='word_1_316' title='bbox 1525 2903 1806 2958; x_wconf 83' lang='lat' dir='ltr'><strong>apparere,</strong></span> 
     </span>
    </p>
   </div>
   <div class='ocr_carea' id='block_1_45' title="bbox 209 2975 1810 3043">
    <p class='ocr_par' dir='ltr' id='par_1_45' title="bbox 209 2975 1810 3043">
     <span class='ocr_line' id='line_1_45' title="bbox 209 2975 1810 3043; baseline 0.006 -17"><span class='ocrx_word' id='word_1_317' title='bbox 209 2982 274 3027; x_wconf 93' lang='grc' dir='ltr'><strong>ιιι</strong></span> <span class='ocrx_word' id='word_1_318' title='bbox 327 2975 644 3032; x_wconf 76' lang='lat' dir='ltr'><strong>mirantium</strong></span> <span class='ocrx_word' id='word_1_319' title='bbox 695 2978 764 3032; x_wconf 89' lang='lat' dir='ltr'><strong>ad</strong></span> <span class='ocrx_word' id='word_1_320' title='bbox 795 2993 852 3034; x_wconf 89' lang='lat' dir='ltr'><strong>se</strong></span> <span class='ocrx_word' id='word_1_321' title='bbox 901 2978 1068 3034; x_wconf 89' lang='lat' dir='ltr'><strong>corda</strong></span> <span class='ocrx_word' id='word_1_322' title='bbox 1107 2988 1470 3043; x_wconf 85' lang='lat' dir='ltr'><strong>converteret,</strong></span> <span class='ocrx_word' id='word_1_323' title='bbox 1509 2994 1810 3036; x_wconf 85' lang='lat' dir='ltr'><strong>conversos</strong></span> 
     </span>
    </p>
   </div>
   <div class='ocr_carea' id='block_1_46' title="bbox 207 3070 1808 3142">
    <p class='ocr_par' dir='ltr' id='par_1_46' title="bbox 207 3070 1808 3142">
     <span class='ocr_line' id='line_1_46' title="bbox 207 3070 1808 3142; baseline 0.003 -21"><span class='ocrx_word' id='word_1_324' title='bbox 207 3076 394 3123; x_wconf 86' lang='lat' dir='ltr'><strong>autem</strong></span> <span class='ocrx_word' id='word_1_325' title='bbox 421 3085 517 3140; x_wconf 88' lang='lat' dir='ltr'><strong>per</strong></span> <span class='ocrx_word' id='word_1_326' title='bbox 553 3070 722 3136; x_wconf 83' lang='lat' dir='ltr'><strong>viam.</strong></span> <span class='ocrx_word' id='word_1_327' title='bbox 749 3086 854 3142; x_wconf 84' lang='lat' dir='ltr'><strong>qua</strong></span> <span class='ocrx_word' id='word_1_328' title='bbox 887 3071 1258 3142; x_wconf 66' lang='lat' dir='ltr'><strong>gradiebantur,</strong></span> <span class='ocrx_word' id='word_1_329' title='bbox 1290 3072 1356 3126; x_wconf 90' lang='lat' dir='ltr'><strong>ad</strong></span> <span class='ocrx_word' id='word_1_330' title='bbox 1383 3073 1616 3142; x_wconf 89' lang='lat' dir='ltr'><strong>patriam</strong></span> <span class='ocrx_word' id='word_1_331' title='bbox 1647 3089 1808 3126; x_wconf 82' lang='lat' dir='ltr'><strong>revo-</strong></span> 
     </span>
    </p>
   </div>
   <div class='ocr_carea' id='block_1_47' title="bbox 209 3161 1806 3234">
    <p class='ocr_par' dir='ltr' id='par_1_47' title="bbox 209 3161 1806 3234">
     <span class='ocr_line' id='line_1_47' title="bbox 209 3161 1806 3234; baseline 0.002 -19"><span class='ocrx_word' id='word_1_332' title='bbox 209 3170 388 3217; x_wconf 78' lang='lat' dir='ltr'><strong>caret.</strong></span> <span class='ocrx_word' id='word_1_333' title='bbox 423 3161 557 3218; x_wconf 89' lang='lat' dir='ltr'><strong>Cum</strong></span> <span class='ocrx_word' id='word_1_334' title='bbox 587 3177 717 3234; x_wconf 71' lang='lat' dir='ltr'><strong>ergo</strong></span> <span class='ocrx_word' id='word_1_335' title='bbox 757 3177 1085 3234; x_wconf 76' lang='lat' dir='ltr'><strong>magnopere</strong></span> <span class='ocrx_word' id='word_1_336' title='bbox 1125 3163 1382 3218; x_wconf 89' lang='lat' dir='ltr'><strong>timemus</strong></span> <span class='ocrx_word' id='word_1_337' title='bbox 1411 3165 1690 3218; x_wconf 89' lang='lat' dir='ltr'><strong>hominum</strong></span> <span class='ocrx_word' id='word_1_338' title='bbox 1721 3179 1806 3218; x_wconf 89' lang='lat' dir='ltr'><strong>re-</strong></span> 
     </span>
    </p>
   </div>
   <div class='ocr_carea' id='block_1_48' title="bbox 207 3255 1808 3332">
    <p class='ocr_par' dir='ltr' id='par_1_48' title="bbox 207 3255 1808 3332">
     <span class='ocr_line' id='line_1_48' title="bbox 207 3255 1808 3332; baseline 0.002 -24"><span class='ocrx_word' id='word_1_339' title='bbox 207 3255 538 3322; x_wconf 84' lang='lat' dir='ltr'><strong>verentiam,</strong></span> <span class='ocrx_word' id='word_1_340' title='bbox 572 3271 678 3332; x_wconf 87' lang='lat' dir='ltr'><strong>qua</strong></span> <span class='ocrx_word' id='word_1_341' title='bbox 724 3265 780 3312; x_wconf 88' lang='lat' dir='ltr'><strong>et</strong></span> <span class='ocrx_word' id='word_1_342' title='bbox 827 3265 1014 3312; x_wconf 87' lang='lat' dir='ltr'><strong>nostra</strong></span> <span class='ocrx_word' id='word_1_343' title='bbox 1065 3271 1184 3314; x_wconf 89' lang='lat' dir='ltr'><strong>sese</strong></span> <span class='ocrx_word' id='word_1_344' title='bbox 1241 3257 1414 3312; x_wconf 84' lang='lat' dir='ltr'><strong>virtus</strong></span> <span class='ocrx_word' id='word_1_345' title='bbox 1435 3265 1716 3322; x_wconf 76' lang='lat' dir='ltr'><strong>exerceat,</strong></span> <span class='ocrx_word' id='word_1_346' title='bbox 1752 3265 1808 3312; x_wconf 89' lang='lat' dir='ltr'><strong>et</strong></span> 
     </span>
    </p>
   </div>
   <div class='ocr_carea' id='block_1_49' title="bbox 211 3345 1808 3418">
    <p class='ocr_par' dir='ltr' id='par_1_49' title="bbox 211 3345 1808 3418">
     <span class='ocr_line' id='line_1_49' title="bbox 211 3345 1808 3418; baseline 0.002 -16"><span class='ocrx_word' id='word_1_347' title='bbox 211 3345 600 3404; x_wconf 71' lang='lat' dir='ltr'><strong>exhibendum</strong></span> <span class='ocrx_word' id='word_1_348' title='bbox 627 3348 898 3406; x_wconf 87' lang='lat' dir='ltr'><strong>devotioni</strong></span> <span class='ocrx_word' id='word_1_349' title='bbox 929 3347 1140 3408; x_wconf 82' lang='lat' dir='ltr'><strong>fructus</strong></span> <span class='ocrx_word' id='word_1_350' title='bbox 1167 3357 1466 3408; x_wconf 83' lang='lat' dir='ltr'><strong>accrescat.</strong></span> <span class='ocrx_word' id='word_1_351' title='bbox 1499 3349 1630 3418; x_wconf 72' lang='lat' dir='ltr'><strong>Quae</strong></span> <span class='ocrx_word' id='word_1_352' title='bbox 1657 3349 1808 3405; x_wconf 90' lang='lat' dir='ltr'><strong>vide-</strong></span> 
     </span>
    </p>
   </div>
   <div class='ocr_carea' id='block_1_50' title="bbox 209 3435 1809 3512">
    <p class='ocr_par' dir='ltr' id='par_1_50' title="bbox 209 3435 1809 3512">
     <span class='ocr_line' id='line_1_50' title="bbox 209 3435 1809 3512; baseline 0.003 -22"><span class='ocrx_word' id='word_1_353' title='bbox 209 3435 344 3498; x_wconf 87' lang='lat' dir='ltr'><strong>licet</strong></span> <span class='ocrx_word' id='word_1_354' title='bbox 367 3437 410 3494; x_wconf 94' lang='lat' dir='ltr'><strong>si</strong></span> <span class='ocrx_word' id='word_1_355' title='bbox 441 3437 658 3510; x_wconf 85' lang='lat' dir='ltr'><strong>quando</strong></span> <span class='ocrx_word' id='word_1_356' title='bbox 681 3448 807 3494; x_wconf 89' lang='lat' dir='ltr'><strong>ante</strong></span> <span class='ocrx_word' id='word_1_357' title='bbox 830 3439 1026 3500; x_wconf 89' lang='lat' dir='ltr'><strong>mentis</strong></span> <span class='ocrx_word' id='word_1_358' title='bbox 1050 3449 1246 3496; x_wconf 69' lang='lat' dir='ltr'><strong>nostrae</strong></span> <span class='ocrx_word' id='word_1_359' title='bbox 1265 3439 1488 3509; x_wconf 87' lang='lat' dir='ltr'><strong>januam</strong></span> <span class='ocrx_word' id='word_1_360' title='bbox 1517 3455 1669 3496; x_wconf 80' lang='lat' dir='ltr'><strong>vanae</strong></span> <span class='ocrx_word' id='word_1_361' title='bbox 1695 3440 1809 3512; x_wconf 81' lang='lat' dir='ltr'><strong>glo-</strong></span> 
     </span>
    </p>
   </div>
   <div class='ocr_carea' id='block_1_51' title="bbox 219 3529 1808 3606">
    <p class='ocr_par' dir='ltr' id='par_1_51' title="bbox 219 3529 1808 3606">
     <span class='ocr_line' id='line_1_51' title="bbox 219 3529 1808 3606; baseline 0.004 -22"><span class='ocrx_word' id='word_1_362' title='bbox 219 3529 322 3586; x_wconf 69' lang='lat' dir='ltr'><strong>rite</strong></span> <span class='ocrx_word' id='word_1_363' title='bbox 350 3539 514 3586; x_wconf 88' lang='lat' dir='ltr'><strong>vento</strong></span> <span class='ocrx_word' id='word_1_364' title='bbox 549 3532 982 3598; x_wconf 86' lang='lat' dir='ltr'><strong>submurmurat,</strong></span> <span class='ocrx_word' id='word_1_365' title='bbox 1015 3543 1228 3588; x_wconf 89' lang='lat' dir='ltr'><strong>scutum</strong></span> <span class='ocrx_word' id='word_1_366' title='bbox 1257 3533 1504 3606; x_wconf 89' lang='lat' dir='ltr'><strong>protinus</strong></span> <span class='ocrx_word' id='word_1_367' title='bbox 1533 3533 1808 3590; x_wconf 84' lang='lat' dir='ltr'><strong>humilita-</strong></span> 
     </span>
    </p>
   </div>
   <div class='ocr_carea' id='block_1_52' title="bbox 213 3623 1807 3698">
    <p class='ocr_par' dir='ltr' id='par_1_52' title="bbox 213 3623 1807 3698">
     <span class='ocr_line' id='line_1_52' title="bbox 213 3623 1807 3698; baseline 0.002 -21"><span class='ocrx_word' id='word_1_368' title='bbox 213 3623 288 3678; x_wconf 83' lang='lat' dir='ltr'><strong>tis</strong></span> <span class='ocrx_word' id='word_1_369' title='bbox 340 3625 679 3692; x_wconf 85' lang='lat' dir='ltr'><strong>opponitur:</strong></span> <span class='ocrx_word' id='word_1_370' title='bbox 712 3632 903 3698; x_wconf 89' lang='lat' dir='ltr'><strong>etquo</strong></span> <span class='ocrx_word' id='word_1_371' title='bbox 947 3625 1234 3680; x_wconf 86' lang='lat' dir='ltr'><strong>violentior</strong></span> <span class='ocrx_word' id='word_1_372' title='bbox 1278 3626 1417 3681; x_wconf 88' lang='lat' dir='ltr'><strong>ictus</strong></span> <span class='ocrx_word' id='word_1_373' title='bbox 1465 3626 1807 3696; x_wconf 77' lang='lat' dir='ltr'><strong>impingitur,</strong></span> 
     </span>
    </p>
   </div>
   <div class='ocr_carea' id='block_1_53' title="bbox 209 3715 1807 3788">
    <p class='ocr_par' dir='ltr' id='par_1_53' title="bbox 209 3715 1807 3788">
     <span class='ocr_line' id='line_1_53' title="bbox 209 3715 1807 3788; baseline 0.003 -18"><span class='ocrx_word' id='word_1_374' title='bbox 209 3727 278 3770; x_wconf 84' lang='lat' dir='ltr'><strong>eo</strong></span> <span class='ocrx_word' id='word_1_375' title='bbox 329 3715 485 3788; x_wconf 80' lang='lat' dir='ltr'><strong>nobis</strong></span> <span class='ocrx_word' id='word_1_376' title='bbox 539 3715 886 3788; x_wconf 86' lang='lat' dir='ltr'><strong>locupletius,</strong></span> <span class='ocrx_word' id='word_1_377' title='bbox 941 3727 1159 3788; x_wconf 85' lang='lat' dir='ltr'><strong>peracta</strong></span> <span class='ocrx_word' id='word_1_378' title='bbox 1212 3717 1462 3784; x_wconf 88' lang='lat' dir='ltr'><strong>victoria,</strong></span> <span class='ocrx_word' id='word_1_379' title='bbox 1527 3719 1807 3788; x_wconf 65' lang='lat' dir='ltr'><strong>praemium</strong></span> 
     </span>
    </p>
   </div>
   <div class='ocr_carea' id='block_1_54' title="bbox 213 3807 1809 3880">
    <p class='ocr_par' dir='ltr' id='par_1_54' title="bbox 213 3807 1809 3880">
     <span class='ocr_line' id='line_1_54' title="bbox 213 3807 1809 3880; baseline 0.003 -20"><span class='ocrx_word' id='word_1_380' title='bbox 213 3807 546 3862; x_wconf 89' lang='lat' dir='ltr'><strong>cumulatur.</strong></span> <span class='ocrx_word' id='word_1_381' title='bbox 571 3807 743 3866; x_wconf 89' lang='lat' dir='ltr'><strong>Porro</strong></span> <span class='ocrx_word' id='word_1_382' title='bbox 781 3819 960 3864; x_wconf 91' lang='lat' dir='ltr'><strong>autem</strong></span> <span class='ocrx_word' id='word_1_383' title='bbox 993 3810 1093 3864; x_wconf 89' lang='lat' dir='ltr'><strong>nisi</strong></span> <span class='ocrx_word' id='word_1_384' title='bbox 1130 3809 1312 3880; x_wconf 85' lang='lat' dir='ltr'><strong>aliquo</strong></span> <span class='ocrx_word' id='word_1_385' title='bbox 1346 3810 1506 3866; x_wconf 90' lang='lat' dir='ltr'><strong>modo</strong></span> <span class='ocrx_word' id='word_1_386' title='bbox 1529 3810 1809 3866; x_wconf 86' lang='lat' dir='ltr'><strong>venerabi-</strong></span> 
     </span>
    </p>
   </div>
   <div class='ocr_carea' id='block_1_55' title="bbox 211 3897 1808 3974">
    <p class='ocr_par' dir='ltr' id='par_1_55' title="bbox 211 3897 1808 3974">
     <span class='ocr_line' id='line_1_55' title="bbox 211 3897 1808 3974; baseline 0.005 -22"><span class='ocrx_word' id='word_1_387' title='bbox 211 3897 280 3953; x_wconf 90' lang='lat' dir='ltr'><strong>lis</strong></span> <span class='ocrx_word' id='word_1_388' title='bbox 335 3901 678 3958; x_wconf 84' lang='lat' dir='ltr'><strong>auditoribus</strong></span> <span class='ocrx_word' id='word_1_389' title='bbox 727 3917 960 3973; x_wconf 87' lang='lat' dir='ltr'><strong>persona</strong></span> <span class='ocrx_word' id='word_1_390' title='bbox 1009 3903 1354 3974; x_wconf 67' lang='lat' dir='ltr'><strong>praedicantis</strong></span> <span class='ocrx_word' id='word_1_391' title='bbox 1388 3913 1664 3974; x_wconf 85' lang='lat' dir='ltr'><strong>appareat,</strong></span> <span class='ocrx_word' id='word_1_392' title='bbox 1701 3919 1808 3960; x_wconf 89' lang='lat' dir='ltr'><strong>non</strong></span> 
     </span>
    </p>
   </div>
   <div class='ocr_carea' id='block_1_56' title="bbox 213 3991 1808 4066">
    <p class='ocr_par' dir='ltr' id='par_1_56' title="bbox 213 3991 1808 4066">
     <span class='ocr_line' id='line_1_56' title="bbox 213 3991 1808 4066; baseline 0.003 -20"><span class='ocrx_word' id='word_1_393' title='bbox 213 3991 491 4050; x_wconf 86' lang='lat' dir='ltr'><strong>admissus</strong></span> <span class='ocrx_word' id='word_1_394' title='bbox 537 3995 942 4066; x_wconf 72' lang='lat' dir='ltr'><strong>praedicationis</strong></span> <span class='ocrx_word' id='word_1_395' title='bbox 973 4009 1152 4050; x_wconf 86' lang='lat' dir='ltr'><strong>sermo</strong></span> <span class='ocrx_word' id='word_1_396' title='bbox 1179 3996 1318 4066; x_wconf 89' lang='lat' dir='ltr'><strong>apud</strong></span> <span class='ocrx_word' id='word_1_397' title='bbox 1345 4009 1532 4050; x_wconf 88' lang='lat' dir='ltr'><strong>eorum</strong></span> <span class='ocrx_word' id='word_1_398' title='bbox 1565 3995 1808 4056; x_wconf 89' lang='lat' dir='ltr'><strong>animum</strong></span> 
     </span>
    </p>
   </div>
   <div class='ocr_carea' id='block_1_57' title="bbox 219 4087 1806 4161">
    <p class='ocr_par' dir='ltr' id='par_1_57' title="bbox 219 4087 1806 4161">
     <span class='ocr_line' id='line_1_57' title="bbox 219 4087 1806 4161; baseline 0 -20"><span class='ocrx_word' id='word_1_399' title='bbox 219 4103 330 4142; x_wconf 87' lang='lat' dir='ltr'><strong>non</strong></span> <span class='ocrx_word' id='word_1_400' title='bbox 364 4087 595 4146; x_wconf 90' lang='lat' dir='ltr'><strong>laborat.</strong></span> <span class='ocrx_word' id='word_1_401' title='bbox 631 4089 765 4144; x_wconf 84' lang='lat' dir='ltr'><strong>Nam</strong></span> <span class='ocrx_word' id='word_1_402' title='bbox 815 4090 860 4144; x_wconf 89' lang='lat' dir='ltr'><strong>si</strong></span> <span class='ocrx_word' id='word_1_403' title='bbox 903 4089 1172 4161; x_wconf 85' lang='lat' dir='ltr'><strong>loquentis</strong></span> <span class='ocrx_word' id='word_1_404' title='bbox 1217 4103 1450 4160; x_wconf 82' lang='lat' dir='ltr'><strong>persona</strong></span> <span class='ocrx_word' id='word_1_405' title='bbox 1487 4088 1806 4160; x_wconf 89' lang='lat' dir='ltr'><strong>despicitur,</strong></span> 
     </span>
    </p>
   </div>
   <div class='ocr_carea' id='block_1_58' title="bbox 216 4171 1808 4254">
    <p class='ocr_par' dir='ltr' id='par_1_58' title="bbox 216 4171 1808 4254">
     <span class='ocr_line' id='line_1_58' title="bbox 216 4171 1808 4254; baseline 0.003 -20"><span class='ocrx_word' id='word_1_406' title='bbox 216 4191 392 4236; x_wconf 87' lang='lat' dir='ltr'><strong>restat</strong></span> <span class='ocrx_word' id='word_1_407' title='bbox 435 4193 494 4236; x_wconf 89' lang='lat' dir='ltr'><strong>nt</strong></span> <span class='ocrx_word' id='word_1_408' title='bbox 543 4185 660 4254; x_wconf 87' lang='lat' dir='ltr'><strong>ipsa</strong></span> <span class='ocrx_word' id='word_1_409' title='bbox 709 4181 910 4240; x_wconf 86' lang='lat' dir='ltr'><strong>locutio</strong></span> <span class='ocrx_word' id='word_1_410' title='bbox 960 4185 1099 4254; x_wconf 89' lang='lat' dir='ltr'><strong>apud</strong></span> <span class='ocrx_word' id='word_1_411' title='bbox 1136 4171 1421 4238; x_wconf 87' lang='lat' dir='ltr'><strong>audientes</strong></span> <span class='ocrx_word' id='word_1_412' title='bbox 1458 4182 1808 4252; x_wconf 84' lang='lat' dir='ltr'><strong>despicabilis</strong></span> 
     </span>
    </p>
   </div>
   <div class='ocr_carea' id='block_1_59' title="bbox 207 4269 1812 4345">
    <p class='ocr_par' dir='ltr' id='par_1_59' title="bbox 207 4269 1812 4345">
     <span class='ocr_line' id='line_1_59' title="bbox 207 4269 1812 4345; baseline 0.001 -19"><span class='ocrx_word' id='word_1_413' title='bbox 207 4269 509 4342; x_wconf 83' lang='lat' dir='ltr'><strong>judicetur.</strong></span> <span class='ocrx_word' id='word_1_414' title='bbox 543 4271 734 4343; x_wconf 81' lang='lat' dir='ltr'><strong>Neque</strong></span> <span class='ocrx_word' id='word_1_415' title='bbox 771 4275 916 4328; x_wconf 89' lang='lat' dir='ltr'><strong>enim</strong></span> <span class='ocrx_word' id='word_1_416' title='bbox 968 4273 1214 4328; x_wconf 88' lang='lat' dir='ltr'><strong>laborare</strong></span> <span class='ocrx_word' id='word_1_417' title='bbox 1262 4274 1402 4344; x_wconf 88' lang='lat' dir='ltr'><strong>apud</strong></span> <span class='ocrx_word' id='word_1_418' title='bbox 1455 4287 1552 4328; x_wconf 87' lang='lat' dir='ltr'><strong>eos</strong></span> <span class='ocrx_word' id='word_1_419' title='bbox 1595 4280 1812 4345; x_wconf 84' lang='lat' dir='ltr'><strong>poterat</strong></span> 
     </span>
    </p>
   </div>
   <div class='ocr_carea' id='block_1_60' title="bbox 213 4361 1808 4437">
    <p class='ocr_par' dir='ltr' id='par_1_60' title="bbox 213 4361 1808 4437">
     <span class='ocr_line' id='line_1_60' title="bbox 213 4361 1808 4437; baseline 0.001 -19"><span class='ocrx_word' id='word_1_420' title='bbox 213 4361 441 4432; x_wconf 85' lang='lat' dir='ltr'><strong>Paulus,</strong></span> <span class='ocrx_word' id='word_1_421' title='bbox 463 4365 554 4436; x_wconf 90' lang='lat' dir='ltr'><strong>qui</strong></span> <span class='ocrx_word' id='word_1_422' title='bbox 591 4381 716 4420; x_wconf 90' lang='lat' dir='ltr'><strong>eum</strong></span> <span class='ocrx_word' id='word_1_423' title='bbox 747 4366 1142 4437; x_wconf 87' lang='lat' dir='ltr'><strong>despiciebant,</strong></span> <span class='ocrx_word' id='word_1_424' title='bbox 1167 4365 1446 4422; x_wconf 84' lang='lat' dir='ltr'><strong>dicentes:</strong></span> <span class='ocrx_word' id='word_1_425' title='bbox 1478 4385 1495 4416; x_wconf 85' lang='grc' dir='ltr'><strong>ι</strong></span> <span class='ocrx_word' id='word_1_426' title='bbox 1531 4365 1808 4436; x_wconf 70' lang='grc' dir='ltr'><strong>ΕρίειοΙτε,</strong></span> 
     </span>
    </p>
   </div>
   <div class='ocr_carea' id='block_1_61' title="bbox 215 4456 1806 4529">
    <p class='ocr_par' dir='ltr' id='par_1_61' title="bbox 215 4456 1806 4529">
     <span class='ocr_line' id='line_1_61' title="bbox 215 4456 1806 4529; baseline -0.001 -15"><span class='ocrx_word' id='word_1_427' title='bbox 215 4456 496 4529; x_wconf 88' lang='lat' dir='ltr'><strong>inquiunt,</strong></span> <span class='ocrx_word' id='word_1_428' title='bbox 527 4471 720 4528; x_wconf 85' lang='lat' dir='ltr'><strong>graves</strong></span> <span class='ocrx_word' id='word_1_429' title='bbox 771 4465 918 4524; x_wconf 90' lang='lat' dir='ltr'><strong>sunt,</strong></span> <span class='ocrx_word' id='word_1_430' title='bbox 952 4465 1004 4513; x_wconf 89' lang='lat' dir='ltr'><strong>et</strong></span> <span class='ocrx_word' id='word_1_431' title='bbox 1049 4457 1252 4522; x_wconf 83' lang='lat' dir='ltr'><strong>fortes,</strong></span> <span class='ocrx_word' id='word_1_432' title='bbox 1287 4457 1577 4528; x_wconf 66' lang='lat' dir='ltr'><strong>praesentia</strong></span> <span class='ocrx_word' id='word_1_433' title='bbox 1627 4465 1806 4512; x_wconf 89' lang='lat' dir='ltr'><strong>autem</strong></span> 
     </span>
    </p>
   </div>
   <div class='ocr_carea' id='block_1_62' title="bbox 213 4549 1799 4622">
    <p class='ocr_par' dir='ltr' id='par_1_62' title="bbox 213 4549 1799 4622">
     <span class='ocr_line' id='line_1_62' title="bbox 213 4549 1799 4622; baseline -0.003 -15"><span class='ocrx_word' id='word_1_434' title='bbox 213 4550 464 4621; x_wconf 88' lang='lat' dir='ltr'><strong>corporis</strong></span> <span class='ocrx_word' id='word_1_435' title='bbox 480 4549 717 4616; x_wconf 84' lang='lat' dir='ltr'><strong>infirma,</strong></span> <span class='ocrx_word' id='word_1_436' title='bbox 734 4561 788 4605; x_wconf 90' lang='lat' dir='ltr'><strong>et</strong></span> <span class='ocrx_word' id='word_1_437' title='bbox 808 4565 988 4606; x_wconf 87' lang='lat' dir='ltr'><strong>sermo</strong></span> <span class='ocrx_word' id='word_1_438' title='bbox 1004 4549 1426 4621; x_wconf 82' lang='lat' dir='ltr'><strong>contemptibilis</strong></span> <span class='ocrx_word' id='word_1_439' title='bbox 1447 4550 1530 4622; x_wconf 91' lang='grc'><strong>(11</strong></span> <span class='ocrx_word' id='word_1_440' title='bbox 1551 4549 1672 4606; x_wconf 88' lang='lat' dir='ltr'><strong>Cor.</strong></span> <span class='ocrx_word' id='word_1_441' title='bbox 1689 4549 1764 4622; x_wconf 73' lang='grc' dir='ltr'><strong>χ).</strong></span> <span class='ocrx_word' id='word_1_442' title='bbox 1781 4569 1799 4602; x_wconf 81' lang='grc' dir='ltr'><strong>ι</strong></span> 
     </span>
    </p>
   </div>
   <div class='ocr_carea' id='block_1_63' title="bbox 1920 1961 3510 2030">
    <p class='ocr_par' dir='ltr' id='par_1_63' title="bbox 1920 1961 3510 2030">
     <span class='ocr_line' id='line_1_63' title="bbox 1920 1961 3510 2030; baseline -0.003 -12"><span class='ocrx_word' id='word_1_443' title='bbox 1920 1963 2184 2029; x_wconf 77' lang='lat' dir='ltr'><strong>existere,</strong></span> <span class='ocrx_word' id='word_1_444' title='bbox 2215 1963 2420 2018; x_wconf 86' lang='lat' dir='ltr'><strong>idcirco</strong></span> <span class='ocrx_word' id='word_1_445' title='bbox 2444 1962 2704 2016; x_wconf 89' lang='lat' dir='ltr'><strong>debemus</strong></span> <span class='ocrx_word' id='word_1_446' title='bbox 2737 1961 2994 2016; x_wconf 88' lang='lat' dir='ltr'><strong>fratribus</strong></span> <span class='ocrx_word' id='word_1_447' title='bbox 3020 1961 3220 2016; x_wconf 88' lang='lat' dir='ltr'><strong>nostris</strong></span> <span class='ocrx_word' id='word_1_448' title='bbox 3249 1961 3510 2030; x_wconf 68' lang='lat' dir='ltr'><strong>praedica-</strong></span> 
     </span>
    </p>
   </div>
   <div class='ocr_carea' id='block_1_64' title="bbox 1919 2052 3486 2124">
    <p class='ocr_par' dir='ltr' id='par_1_64' title="bbox 1919 2052 3486 2124">
     <span class='ocr_line' id='line_1_64' title="bbox 1919 2052 3486 2124; baseline 0.001 -18"><span class='ocrx_word' id='word_1_449' title='bbox 1919 2053 2083 2108; x_wconf 84' lang='lat' dir='ltr'><strong>tionis</strong></span> <span class='ocrx_word' id='word_1_450' title='bbox 2113 2053 2372 2108; x_wconf 78' lang='lat' dir='ltr'><strong>auxilium</strong></span> <span class='ocrx_word' id='word_1_451' title='bbox 2396 2053 2686 2122; x_wconf 72' lang='lat' dir='ltr'><strong>denegare,</strong></span> <span class='ocrx_word' id='word_1_452' title='bbox 2714 2053 3060 2124; x_wconf 77' lang='lat' dir='ltr'><strong>cumldoyses</strong></span> <span class='ocrx_word' id='word_1_453' title='bbox 3087 2053 3230 2108; x_wconf 88' lang='lat' dir='ltr'><strong>dicat</strong></span> <span class='ocrx_word' id='word_1_454' title='bbox 3257 2071 3270 2107; x_wconf 89' lang='lat'><strong>:</strong></span> <span class='ocrx_word' id='word_1_455' title='bbox 3293 2071 3312 2104; x_wconf 79' lang='grc' dir='ltr'><strong>ι</strong></span> <span class='ocrx_word' id='word_1_456' title='bbox 3340 2052 3486 2108; x_wconf 84' lang='lat' dir='ltr'><strong>Obse</strong></span> 
     </span>
    </p>
   </div>
   <div class='ocr_carea' id='block_1_65' title="bbox 1917 2145 3578 2218">
    <p class='ocr_par' dir='ltr' id='par_1_65' title="bbox 1917 2145 3578 2218">
     <span class='ocr_line' id='line_1_65' title="bbox 1917 2145 3578 2218; baseline -0.004 -12"><span class='ocrx_word' id='word_1_457' title='bbox 1917 2165 2035 2214; x_wconf 89' lang='lat' dir='ltr'><strong>cro,</strong></span> <span class='ocrx_word' id='word_1_458' title='bbox 2093 2149 2343 2212; x_wconf 82' lang='lat' dir='ltr'><strong>Domine,</strong></span> <span class='ocrx_word' id='word_1_459' title='bbox 2379 2147 2628 2218; x_wconf 84' lang='lat' dir='ltr'><strong>peccavit</strong></span> <span class='ocrx_word' id='word_1_460' title='bbox 2677 2145 2906 2218; x_wconf 89' lang='lat' dir='ltr'><strong>populus</strong></span> <span class='ocrx_word' id='word_1_461' title='bbox 2951 2147 3053 2201; x_wconf 87' lang='lat' dir='ltr'><strong>iste</strong></span> <span class='ocrx_word' id='word_1_462' title='bbox 3083 2155 3364 2218; x_wconf 87' lang='lat' dir='ltr'><strong>peccatum</strong></span> <span class='ocrx_word' id='word_1_463' title='bbox 3393 2161 3508 2200; x_wconf 87' lang='lat' dir='ltr'><strong>ma-</strong></span> <span class='ocrx_word' id='word_1_464' title='bbox 3576 2173 3578 2176; x_wconf 55' lang='grc' dir='ltr'>ν</span> 
     </span>
    </p>
   </div>
   <div class='ocr_carea' id='block_1_66' title="bbox 1915 2237 3506 2312">
    <p class='ocr_par' dir='ltr' id='par_1_66' title="bbox 1915 2237 3506 2312">
     <span class='ocr_line' id='line_1_66' title="bbox 1915 2237 3506 2312; baseline 0 -18"><span class='ocrx_word' id='word_1_465' title='bbox 1915 2256 2104 2312; x_wconf 74' lang='lat' dir='ltr'><strong>ginun,</strong></span> <span class='ocrx_word' id='word_1_466' title='bbox 2129 2237 2375 2294; x_wconf 87' lang='lat' dir='ltr'><strong>fecerunt</strong></span> <span class='ocrx_word' id='word_1_467' title='bbox 2391 2239 2494 2294; x_wconf 90' lang='lat' dir='ltr'><strong>sibi</strong></span> <span class='ocrx_word' id='word_1_468' title='bbox 2518 2237 2649 2294; x_wconf 90' lang='lat' dir='ltr'><strong>deos</strong></span> <span class='ocrx_word' id='word_1_469' title='bbox 2673 2253 2898 2304; x_wconf 86' lang='lat' dir='ltr'><strong>aureos;</strong></span> <span class='ocrx_word' id='word_1_470' title='bbox 2925 2246 3016 2292; x_wconf 90' lang='lat' dir='ltr'><strong>aut</strong></span> <span class='ocrx_word' id='word_1_471' title='bbox 3037 2239 3248 2294; x_wconf 88' lang='lat' dir='ltr'><strong>dimitte</strong></span> <span class='ocrx_word' id='word_1_472' title='bbox 3271 2241 3351 2294; x_wconf 86' lang='lat' dir='ltr'><strong>eis</strong></span> <span class='ocrx_word' id='word_1_473' title='bbox 3367 2239 3506 2294; x_wconf 79' lang='lat' dir='ltr'><strong>lianc</strong></span> 
     </span>
    </p>
   </div>
   <div class='ocr_carea' id='block_1_67' title="bbox 1916 2328 3511 2396">
    <p class='ocr_par' dir='ltr' id='par_1_67' title="bbox 1916 2328 3511 2396">
     <span class='ocr_line' id='line_1_67' title="bbox 1916 2328 3511 2396; baseline -0.003 -8"><span class='ocrx_word' id='word_1_474' title='bbox 1916 2349 2136 2396; x_wconf 79' lang='lat' dir='ltr'><strong>noxam,</strong></span> <span class='ocrx_word' id='word_1_475' title='bbox 2174 2341 2292 2396; x_wconf 89' lang='lat' dir='ltr'><strong>aut,</strong></span> <span class='ocrx_word' id='word_1_476' title='bbox 2338 2331 2384 2386; x_wconf 91' lang='lat' dir='ltr'><strong>si</strong></span> <span class='ocrx_word' id='word_1_477' title='bbox 2431 2345 2538 2386; x_wconf 89' lang='lat' dir='ltr'><strong>non</strong></span> <span class='ocrx_word' id='word_1_478' title='bbox 2585 2328 2782 2394; x_wconf 89' lang='lat' dir='ltr'><strong>facias,</strong></span> <span class='ocrx_word' id='word_1_479' title='bbox 2824 2331 2944 2384; x_wconf 88' lang='lat' dir='ltr'><strong>dele</strong></span> <span class='ocrx_word' id='word_1_480' title='bbox 2981 2345 3068 2384; x_wconf 89' lang='lat' dir='ltr'><strong>me</strong></span> <span class='ocrx_word' id='word_1_481' title='bbox 3117 2331 3182 2384; x_wconf 88' lang='lat' dir='ltr'><strong>de</strong></span> <span class='ocrx_word' id='word_1_482' title='bbox 3225 2329 3365 2384; x_wconf 93' lang='lat' dir='ltr'><strong>libro</strong></span> <span class='ocrx_word' id='word_1_483' title='bbox 3420 2341 3511 2384; x_wconf 91' lang='lat' dir='ltr'><strong>tuo</strong></span> 
     </span>
    </p>
   </div>
   <div class='ocr_carea' id='block_1_68' title="bbox 1918 2423 3510 2496">
    <p class='ocr_par' dir='ltr' id='par_1_68' title="bbox 1918 2423 3510 2496">
     <span class='ocr_line' id='line_1_68' title="bbox 1918 2423 3510 2496; baseline -0.001 -16"><span class='ocrx_word' id='word_1_484' title='bbox 1918 2441 2078 2496; x_wconf 83' lang='lat' dir='ltr'><strong>quem</strong></span> <span class='ocrx_word' id='word_1_485' title='bbox 2105 2426 2366 2496; x_wconf 85' lang='lat' dir='ltr'><strong>scripsisti</strong></span> <span class='ocrx_word' id='word_1_486' title='bbox 2423 2423 2620 2494; x_wconf 68' lang='lat' dir='ltr'><strong>(Exod.</strong></span> <span class='ocrx_word' id='word_1_487' title='bbox 2653 2429 2846 2496; x_wconf 74' lang='lat' dir='ltr'><strong>xuii).</strong></span> <span class='ocrx_word' id='word_1_488' title='bbox 2881 2445 2900 2476; x_wconf 74' lang='grc' dir='ltr'><strong>ι</strong></span> <span class='ocrx_word' id='word_1_489' title='bbox 2935 2423 3048 2490; x_wconf 83' lang='lat' dir='ltr'><strong>Qua</strong></span> <span class='ocrx_word' id='word_1_490' title='bbox 3071 2439 3199 2494; x_wconf 77' lang='lat' dir='ltr'><strong>ergo</strong></span> <span class='ocrx_word' id='word_1_491' title='bbox 3230 2423 3510 2480; x_wconf 79' lang='lat' dir='ltr'><strong>conscien-</strong></span> 
     </span>
    </p>
   </div>
   <div class='ocr_carea' id='block_1_69' title="bbox 1917 2515 3508 2588">
    <p class='ocr_par' dir='ltr' id='par_1_69' title="bbox 1917 2515 3508 2588">
     <span class='ocr_line' id='line_1_69' title="bbox 1917 2515 3508 2588; baseline -0.003 -14"><span class='ocrx_word' id='word_1_492' title='bbox 1917 2521 1988 2574; x_wconf 88' lang='lat' dir='ltr'><strong>tia</strong></span> <span class='ocrx_word' id='word_1_493' title='bbox 2037 2533 2322 2588; x_wconf 81' lang='lat' dir='ltr'><strong>possumus</strong></span> <span class='ocrx_word' id='word_1_494' title='bbox 2352 2517 2561 2588; x_wconf 82' lang='lat' dir='ltr'><strong>privato</strong></span> <span class='ocrx_word' id='word_1_495' title='bbox 2599 2517 2776 2572; x_wconf 90' lang='lat' dir='ltr'><strong>amori</strong></span> <span class='ocrx_word' id='word_1_496' title='bbox 2821 2515 3052 2570; x_wconf 84' lang='lat' dir='ltr'><strong>fratrum</strong></span> <span class='ocrx_word' id='word_1_497' title='bbox 3103 2515 3254 2570; x_wconf 89' lang='lat' dir='ltr'><strong>lucra</strong></span> <span class='ocrx_word' id='word_1_498' title='bbox 3283 2523 3508 2586; x_wconf 80' lang='lat' dir='ltr'><strong>postpo-</strong></span> 
     </span>
    </p>
   </div>
   <div class='ocr_carea' id='block_1_70' title="bbox 1915 2608 3506 2680">
    <p class='ocr_par' dir='ltr' id='par_1_70' title="bbox 1915 2608 3506 2680">
     <span class='ocr_line' id='line_1_70' title="bbox 1915 2608 3506 2680; baseline -0.001 -14"><span class='ocrx_word' id='word_1_499' title='bbox 1915 2625 2070 2674; x_wconf 88' lang='lat' dir='ltr'><strong>nere,</strong></span> <span class='ocrx_word' id='word_1_500' title='bbox 2111 2626 2234 2664; x_wconf 89' lang='lat' dir='ltr'><strong>cnm</strong></span> <span class='ocrx_word' id='word_1_501' title='bbox 2265 2609 2370 2665; x_wconf 89' lang='lat' dir='ltr'><strong>iste</strong></span> <span class='ocrx_word' id='word_1_502' title='bbox 2423 2625 2530 2664; x_wconf 88' lang='lat' dir='ltr'><strong>non</strong></span> <span class='ocrx_word' id='word_1_503' title='bbox 2563 2609 2778 2664; x_wconf 89' lang='lat' dir='ltr'><strong>dubitet</strong></span> <span class='ocrx_word' id='word_1_504' title='bbox 2801 2624 2900 2677; x_wconf 88' lang='lat' dir='ltr'><strong>pro</strong></span> <span class='ocrx_word' id='word_1_505' title='bbox 2927 2608 3101 2664; x_wconf 89' lang='lat' dir='ltr'><strong>salute</strong></span> <span class='ocrx_word' id='word_1_506' title='bbox 3129 2612 3506 2680; x_wconf 73' lang='lat' dir='ltr'><strong>proximorum</strong></span> 
     </span>
    </p>
   </div>
   <div class='ocr_carea' id='block_1_71' title="bbox 1913 2697 3504 2770">
    <p class='ocr_par' dir='ltr' id='par_1_71' title="bbox 1913 2697 3504 2770">
     <span class='ocr_line' id='line_1_71' title="bbox 1913 2697 3504 2770; baseline 0 -14"><span class='ocrx_word' id='word_1_507' title='bbox 1913 2702 1980 2756; x_wconf 84' lang='lat' dir='ltr'><strong>de</strong></span> <span class='ocrx_word' id='word_1_508' title='bbox 2011 2701 2148 2756; x_wconf 88' lang='lat' dir='ltr'><strong>libro</strong></span> <span class='ocrx_word' id='word_1_509' title='bbox 2180 2701 2378 2756; x_wconf 70' lang='lat' dir='ltr'><strong>divina:</strong></span> <span class='ocrx_word' id='word_1_510' title='bbox 2403 2699 2682 2756; x_wconf 70' lang='lat' dir='ltr'><strong>memoriae</strong></span> <span class='ocrx_word' id='word_1_511' title='bbox 2713 2697 2960 2755; x_wconf 82' lang='lat' dir='ltr'><strong>funditus</strong></span> <span class='ocrx_word' id='word_1_512' title='bbox 2991 2699 3275 2770; x_wconf 82' lang='lat' dir='ltr'><strong>deperire?</strong></span> <span class='ocrx_word' id='word_1_513' title='bbox 3295 2701 3504 2756; x_wconf 86' lang='lat' dir='ltr'><strong>Dehinc</strong></span> 
     </span>
    </p>
   </div>
   <div class='ocr_carea' id='block_1_72' title="bbox 1912 2790 3504 2864">
    <p class='ocr_par' dir='ltr' id='par_1_72' title="bbox 1912 2790 3504 2864">
     <span class='ocr_line' id='line_1_72' title="bbox 1912 2790 3504 2864; baseline -0.001 -14"><span class='ocrx_word' id='word_1_514' title='bbox 1912 2794 2078 2850; x_wconf 88' lang='lat' dir='ltr'><strong>etiam</strong></span> <span class='ocrx_word' id='word_1_515' title='bbox 2129 2791 2328 2848; x_wconf 88' lang='lat' dir='ltr'><strong>Paulus</strong></span> <span class='ocrx_word' id='word_1_516' title='bbox 2372 2791 2540 2846; x_wconf 86' lang='lat' dir='ltr'><strong>dicit:</strong></span> <span class='ocrx_word' id='word_1_517' title='bbox 2576 2809 2596 2844; x_wconf 83' lang='grc' dir='ltr'><strong>ι</strong></span> <span class='ocrx_word' id='word_1_518' title='bbox 2635 2790 2898 2864; x_wconf 83' lang='lat' dir='ltr'><strong>Optabam</strong></span> <span class='ocrx_word' id='word_1_519' title='bbox 2937 2807 3038 2862; x_wconf 75' lang='lat' dir='ltr'><strong>ego</strong></span> <span class='ocrx_word' id='word_1_520' title='bbox 3067 2791 3182 2862; x_wconf 88' lang='lat' dir='ltr'><strong>ipse</strong></span> <span class='ocrx_word' id='word_1_521' title='bbox 3211 2792 3504 2848; x_wconf 82' lang='lat' dir='ltr'><strong>anathema</strong></span> 
     </span>
    </p>
   </div>
   <div class='ocr_carea' id='block_1_73' title="bbox 1914 2886 3498 2959">
    <p class='ocr_par' dir='ltr' id='par_1_73' title="bbox 1914 2886 3498 2959">
     <span class='ocr_line' id='line_1_73' title="bbox 1914 2886 3498 2959; baseline -0.001 -15"><span class='ocrx_word' id='word_1_522' title='bbox 1914 2905 2038 2946; x_wconf 82' lang='lat' dir='ltr'><strong>esse</strong></span> <span class='ocrx_word' id='word_1_523' title='bbox 2066 2905 2098 2944; x_wconf 90' lang='lat' dir='ltr'><strong>a</strong></span> <span class='ocrx_word' id='word_1_524' title='bbox 2125 2887 2345 2944; x_wconf 87' lang='lat' dir='ltr'><strong>Christo</strong></span> <span class='ocrx_word' id='word_1_525' title='bbox 2373 2903 2472 2958; x_wconf 90' lang='lat' dir='ltr'><strong>pro</strong></span> <span class='ocrx_word' id='word_1_526' title='bbox 2495 2886 2758 2944; x_wconf 85' lang='lat' dir='ltr'><strong>fratribus</strong></span> <span class='ocrx_word' id='word_1_527' title='bbox 2787 2887 2942 2952; x_wconf 89' lang='lat' dir='ltr'><strong>meis,</strong></span> <span class='ocrx_word' id='word_1_528' title='bbox 2977 2889 3070 2958; x_wconf 88' lang='lat' dir='ltr'><strong>qui</strong></span> <span class='ocrx_word' id='word_1_529' title='bbox 3113 2897 3244 2943; x_wconf 87' lang='lat' dir='ltr'><strong>sunt</strong></span> <span class='ocrx_word' id='word_1_530' title='bbox 3277 2888 3498 2959; x_wconf 73' lang='lat' dir='ltr'><strong>cognati</strong></span> 
     </span>
    </p>
   </div>
   <div class='ocr_carea' id='block_1_74' title="bbox 1913 2977 3499 3050">
    <p class='ocr_par' dir='ltr' id='par_1_74' title="bbox 1913 2977 3499 3050">
     <span class='ocr_line' id='line_1_74' title="bbox 1913 2977 3499 3050; baseline -0.005 -12"><span class='ocrx_word' id='word_1_531' title='bbox 1913 2983 2020 3038; x_wconf 88' lang='lat' dir='ltr'><strong>mei</strong></span> <span class='ocrx_word' id='word_1_532' title='bbox 2061 2983 2360 3036; x_wconf 88' lang='lat' dir='ltr'><strong>secundum</strong></span> <span class='ocrx_word' id='word_1_533' title='bbox 2400 2993 2639 3042; x_wconf 89' lang='lat' dir='ltr'><strong>carnem,</strong></span> <span class='ocrx_word' id='word_1_534' title='bbox 2689 2979 2782 3050; x_wconf 91' lang='lat' dir='ltr'><strong>qui</strong></span> <span class='ocrx_word' id='word_1_535' title='bbox 2824 2986 2952 3032; x_wconf 91' lang='lat' dir='ltr'><strong>sunt</strong></span> <span class='ocrx_word' id='word_1_536' title='bbox 3001 2978 3264 3034; x_wconf 69' lang='lat' dir='ltr'><strong>Israelita:</strong></span> <span class='ocrx_word' id='word_1_537' title='bbox 3305 2977 3499 3050; x_wconf 77' lang='lat' dir='ltr'><strong>(Rom.</strong></span> 
     </span>
    </p>
   </div>
   <div class='ocr_carea' id='block_1_75' title="bbox 1923 3072 3504 3148">
    <p class='ocr_par' dir='ltr' id='par_1_75' title="bbox 1923 3072 3504 3148">
     <span class='ocr_line' id='line_1_75' title="bbox 1923 3072 3504 3148; baseline -0.004 -16"><span class='ocrx_word' id='word_1_538' title='bbox 1923 3076 2022 3148; x_wconf 78' lang='lat' dir='ltr'><strong>Ix).</strong></span> <span class='ocrx_word' id='word_1_539' title='bbox 2057 3096 2078 3128; x_wconf 77' lang='grc' dir='ltr'><strong>ι</strong></span> <span class='ocrx_word' id='word_1_540' title='bbox 2109 3075 2244 3131; x_wconf 92' lang='lat' dir='ltr'><strong>Cum</strong></span> <span class='ocrx_word' id='word_1_541' title='bbox 2289 3075 2453 3146; x_wconf 66' lang='lat' dir='ltr'><strong>igitur</strong></span> <span class='ocrx_word' id='word_1_542' title='bbox 2475 3076 2648 3130; x_wconf 86' lang='lat' dir='ltr'><strong>sancti</strong></span> <span class='ocrx_word' id='word_1_543' title='bbox 2671 3074 2796 3139; x_wconf 84' lang='lat' dir='ltr'><strong>viri,</strong></span> <span class='ocrx_word' id='word_1_544' title='bbox 2825 3083 2886 3128; x_wconf 83' lang='lat' dir='ltr'><strong>ut</strong></span> <span class='ocrx_word' id='word_1_545' title='bbox 2913 3073 3174 3130; x_wconf 79' lang='lat' dir='ltr'><strong>fratribus</strong></span> <span class='ocrx_word' id='word_1_546' title='bbox 3195 3072 3504 3140; x_wconf 85' lang='lat' dir='ltr'><strong>consulant,</strong></span> 
     </span>
    </p>
   </div>
   <div class='ocr_carea' id='block_1_76' title="bbox 1911 3165 3509 3238">
    <p class='ocr_par' dir='ltr' id='par_1_76' title="bbox 1911 3165 3509 3238">
     <span class='ocr_line' id='line_1_76' title="bbox 1911 3165 3509 3238; baseline -0.003 -13"><span class='ocrx_word' id='word_1_547' title='bbox 1911 3171 2074 3226; x_wconf 85' lang='lat' dir='ltr'><strong>etiam</strong></span> <span class='ocrx_word' id='word_1_548' title='bbox 2101 3171 2400 3224; x_wconf 83' lang='lat' dir='ltr'><strong>animarum</strong></span> <span class='ocrx_word' id='word_1_549' title='bbox 2433 3183 2651 3224; x_wconf 87' lang='lat' dir='ltr'><strong>suarum</strong></span> <span class='ocrx_word' id='word_1_550' title='bbox 2671 3167 2970 3238; x_wconf 83' lang='lat' dir='ltr'><strong>periculum</strong></span> <span class='ocrx_word' id='word_1_551' title='bbox 2999 3166 3184 3222; x_wconf 86' lang='lat' dir='ltr'><strong>subire</strong></span> <span class='ocrx_word' id='word_1_552' title='bbox 3213 3165 3372 3237; x_wconf 71' lang='grc'><strong>162</strong></span> <span class='ocrx_word' id='word_1_553' title='bbox 3399 3179 3509 3220; x_wconf 87' lang='lat' dir='ltr'><strong>nou</strong></span> 
     </span>
    </p>
   </div>
   <div class='ocr_carea' id='block_1_77' title="bbox 1915 3259 3504 3330">
    <p class='ocr_par' dir='ltr' id='par_1_77' title="bbox 1915 3259 3504 3330">
     <span class='ocr_line' id='line_1_77' title="bbox 1915 3259 3504 3330; baseline -0.001 -13"><span class='ocrx_word' id='word_1_554' title='bbox 1915 3269 2184 3328; x_wconf 82' lang='lat' dir='ltr'><strong>metmmt,</strong></span> <span class='ocrx_word' id='word_1_555' title='bbox 2219 3260 2346 3330; x_wconf 89' lang='lat' dir='ltr'><strong>quid</strong></span> <span class='ocrx_word' id='word_1_556' title='bbox 2403 3260 2547 3314; x_wconf 89' lang='lat' dir='ltr'><strong>aliud</strong></span> <span class='ocrx_word' id='word_1_557' title='bbox 2582 3259 2810 3324; x_wconf 79' lang='lat' dir='ltr'><strong>faciunt,</strong></span> <span class='ocrx_word' id='word_1_558' title='bbox 2841 3275 3006 3328; x_wconf 88' lang='lat' dir='ltr'><strong>quam</strong></span> <span class='ocrx_word' id='word_1_559' title='bbox 3059 3259 3367 3328; x_wconf 73' lang='lat' dir='ltr'><strong>exetnplum</strong></span> <span class='ocrx_word' id='word_1_560' title='bbox 3417 3259 3504 3316; x_wconf 86' lang='lat' dir='ltr'><strong>sui</strong></span> 
     </span>
    </p>
   </div>
   <div class='ocr_carea' id='block_1_78' title="bbox 1913 3351 3504 3425">
    <p class='ocr_par' dir='ltr' id='par_1_78' title="bbox 1913 3351 3504 3425">
     <span class='ocr_line' id='line_1_78' title="bbox 1913 3351 3504 3425; baseline -0.004 -14"><span class='ocrx_word' id='word_1_561' title='bbox 1913 3355 2108 3425; x_wconf 89' lang='lat' dir='ltr'><strong>capitis</strong></span> <span class='ocrx_word' id='word_1_562' title='bbox 2155 3354 2471 3408; x_wconf 83' lang='lat' dir='ltr'><strong>imitantur?</strong></span> <span class='ocrx_word' id='word_1_563' title='bbox 2512 3351 2614 3420; x_wconf 85' lang='lat' dir='ltr'><strong>Qui</strong></span> <span class='ocrx_word' id='word_1_564' title='bbox 2647 3353 2892 3408; x_wconf 86' lang='lat' dir='ltr'><strong>videlicet</strong></span> <span class='ocrx_word' id='word_1_565' title='bbox 2923 3368 3020 3423; x_wconf 90' lang='lat' dir='ltr'><strong>pro</strong></span> <span class='ocrx_word' id='word_1_566' title='bbox 3043 3352 3236 3408; x_wconf 88' lang='lat' dir='ltr'><strong>ovibus</strong></span> <span class='ocrx_word' id='word_1_567' title='bbox 3263 3351 3504 3404; x_wconf 72' lang='lat' dir='ltr'><strong>animam</strong></span> 
     </span>
    </p>
   </div>
   <div class='ocr_carea' id='block_1_79' title="bbox 1911 3443 3508 3518">
    <p class='ocr_par' dir='ltr' id='par_1_79' title="bbox 1911 3443 3508 3518">
     <span class='ocr_line' id='line_1_79' title="bbox 1911 3443 3508 3518; baseline -0.003 -14"><span class='ocrx_word' id='word_1_568' title='bbox 1911 3463 2070 3504; x_wconf 85' lang='lat' dir='ltr'><strong>suam</strong></span> <span class='ocrx_word' id='word_1_569' title='bbox 2099 3447 2278 3518; x_wconf 88' lang='lat' dir='ltr'><strong>posuit</strong></span> <span class='ocrx_word' id='word_1_570' title='bbox 2310 3464 2322 3498; x_wconf 90' lang='lat'><strong>:</strong></span> <span class='ocrx_word' id='word_1_571' title='bbox 2358 3454 2434 3512; x_wconf 88' lang='lat' dir='ltr'><strong>et,</strong></span> <span class='ocrx_word' id='word_1_572' title='bbox 2476 3455 2534 3500; x_wconf 88' lang='lat' dir='ltr'><strong>ut</strong></span> <span class='ocrx_word' id='word_1_573' title='bbox 2565 3459 2668 3500; x_wconf 89' lang='lat' dir='ltr'><strong>nos</strong></span> <span class='ocrx_word' id='word_1_574' title='bbox 2693 3459 2724 3498; x_wconf 89' lang='lat' dir='ltr'><strong>a</strong></span> <span class='ocrx_word' id='word_1_575' title='bbox 2766 3453 2942 3500; x_wconf 89' lang='lat' dir='ltr'><strong>morte</strong></span> <span class='ocrx_word' id='word_1_576' title='bbox 2967 3444 3286 3509; x_wconf 81' lang='lat' dir='ltr'><strong>redimeret,</strong></span> <span class='ocrx_word' id='word_1_577' title='bbox 3312 3443 3508 3500; x_wconf 83' lang='lat' dir='ltr'><strong>mortis</strong></span> 
     </span>
    </p>
   </div>
   <div class='ocr_carea' id='block_1_80' title="bbox 1912 3533 3504 3610">
    <p class='ocr_par' dir='ltr' id='par_1_80' title="bbox 1912 3533 3504 3610">
     <span class='ocr_line' id='line_1_80' title="bbox 1912 3533 3504 3610; baseline -0.001 -17"><span class='ocrx_word' id='word_1_578' title='bbox 1912 3539 2158 3610; x_wconf 79' lang='lat' dir='ltr'><strong>perferre</strong></span> <span class='ocrx_word' id='word_1_579' title='bbox 2177 3538 2436 3608; x_wconf 86' lang='lat' dir='ltr'><strong>supplicia</strong></span> <span class='ocrx_word' id='word_1_580' title='bbox 2471 3553 2576 3593; x_wconf 86' lang='lat' dir='ltr'><strong>non</strong></span> <span class='ocrx_word' id='word_1_581' title='bbox 2603 3537 2824 3606; x_wconf 73' lang='lat' dir='ltr'><strong>expavit</strong></span> <span class='ocrx_word' id='word_1_582' title='bbox 2851 3535 3034 3607; x_wconf 76' lang='lat' dir='ltr'><strong>(Joau.</strong></span> <span class='ocrx_word' id='word_1_583' title='bbox 3063 3537 3142 3607; x_wconf 79' lang='grc' dir='ltr'><strong>ιι).</strong></span> <span class='ocrx_word' id='word_1_584' title='bbox 3172 3533 3328 3590; x_wconf 73' lang='lat' dir='ltr'><strong>Absit</strong></span> <span class='ocrx_word' id='word_1_585' title='bbox 3351 3549 3504 3606; x_wconf 69' lang='lat' dir='ltr'><strong>ergo,</strong></span> 
     </span>
    </p>
   </div>
   <div class='ocr_carea' id='block_1_81' title="bbox 1919 3629 3508 3702">
    <p class='ocr_par' dir='ltr' id='par_1_81' title="bbox 1919 3629 3508 3702">
     <span class='ocr_line' id='line_1_81' title="bbox 1919 3629 3508 3702; baseline -0.001 -15"><span class='ocrx_word' id='word_1_586' title='bbox 1919 3643 1978 3687; x_wconf 87' lang='lat' dir='ltr'><strong>ut</strong></span> <span class='ocrx_word' id='word_1_587' title='bbox 2009 3634 2510 3702; x_wconf 82' lang='lat' dir='ltr'><strong>propterhenorem</strong></span> <span class='ocrx_word' id='word_1_588' title='bbox 2539 3633 2630 3701; x_wconf 87' lang='lat' dir='ltr'><strong>qui</strong></span> <span class='ocrx_word' id='word_1_589' title='bbox 2653 3632 2812 3686; x_wconf 83' lang='lat' dir='ltr'><strong>nobis</strong></span> <span class='ocrx_word' id='word_1_590' title='bbox 2841 3629 3192 3700; x_wconf 76' lang='lat' dir='ltr'><strong>impenditur,</strong></span> <span class='ocrx_word' id='word_1_591' title='bbox 3215 3629 3508 3686; x_wconf 79' lang='lat' dir='ltr'><strong>debearuus</strong></span> 
     </span>
    </p>
   </div>
   <div class='ocr_carea' id='block_1_82' title="bbox 1913 3719 3498 3780">
    <p class='ocr_par' dir='ltr' id='par_1_82' title="bbox 1913 3719 3498 3780">
     <span class='ocr_line' id='line_1_82' title="bbox 1913 3719 3498 3780; baseline -0.002 -3"><span class='ocrx_word' id='word_1_592' title='bbox 1913 3725 2170 3780; x_wconf 87' lang='lat' dir='ltr'><strong>fratribus</strong></span> <span class='ocrx_word' id='word_1_593' title='bbox 2223 3725 2423 3780; x_wconf 83' lang='lat' dir='ltr'><strong>nostris</strong></span> <span class='ocrx_word' id='word_1_594' title='bbox 2473 3722 2858 3780; x_wconf 66' lang='lat' dir='ltr'><strong>adiﬁcationis</strong></span> <span class='ocrx_word' id='word_1_595' title='bbox 2899 3721 3064 3778; x_wconf 82' lang='lat' dir='ltr'><strong>verba</strong></span> <span class='ocrx_word' id='word_1_596' title='bbox 3123 3719 3498 3776; x_wconf 78' lang='lat' dir='ltr'><strong>subtrahere:</strong></span> 
     </span>
    </p>
   </div>
   <div class='ocr_carea' id='block_1_83' title="bbox 1913 3813 3506 3888">
    <p class='ocr_par' dir='ltr' id='par_1_83' title="bbox 1913 3813 3506 3888">
     <span class='ocr_line' id='line_1_83' title="bbox 1913 3813 3506 3888; baseline -0.004 -15"><span class='ocrx_word' id='word_1_597' title='bbox 1913 3820 2006 3874; x_wconf 91' lang='lat' dir='ltr'><strong>sed</strong></span> <span class='ocrx_word' id='word_1_598' title='bbox 2043 3826 2265 3888; x_wconf 87' lang='lat' dir='ltr'><strong>propter</strong></span> <span class='ocrx_word' id='word_1_599' title='bbox 2309 3831 2498 3871; x_wconf 90' lang='lat' dir='ltr'><strong>eorum</strong></span> <span class='ocrx_word' id='word_1_600' title='bbox 2555 3815 2810 3878; x_wconf 88' lang='lat' dir='ltr'><strong>salutem,</strong></span> <span class='ocrx_word' id='word_1_601' title='bbox 2864 3814 3042 3884; x_wconf 85' lang='lat' dir='ltr'><strong>ipsum</strong></span> <span class='ocrx_word' id='word_1_602' title='bbox 3089 3813 3506 3880; x_wconf 80' lang='lat' dir='ltr'><strong>acquiescamus</strong></span> 
     </span>
    </p>
   </div>
   <div class='ocr_carea' id='block_1_84' title="bbox 1915 3907 2857 3982">
    <p class='ocr_par' dir='ltr' id='par_1_84' title="bbox 1915 3907 2857 3982">
     <span class='ocr_line' id='line_1_84' title="bbox 1915 3907 2857 3982; baseline -0.011 -12"><span class='ocrx_word' id='word_1_603' title='bbox 1915 3913 2177 3970; x_wconf 81' lang='lat' dir='ltr'><strong>honorem</strong></span> <span class='ocrx_word' id='word_1_604' title='bbox 2204 3909 2584 3982; x_wconf 70' lang='lat' dir='ltr'><strong>aequanimiter</strong></span> <span class='ocrx_word' id='word_1_605' title='bbox 2607 3907 2857 3962; x_wconf 84' lang='lat' dir='ltr'><strong>tolerare.</strong></span> 
     </span>
    </p>
   </div>
   <div class='ocr_carea' id='block_1_85' title="bbox 1985 3999 3508 4071">
    <p class='ocr_par' dir='ltr' id='par_1_85' title="bbox 1985 3999 3508 4071">
     <span class='ocr_line' id='line_1_85' title="bbox 1985 3999 3508 4071; baseline -0.005 -7"><span class='ocrx_word' id='word_1_606' title='bbox 1985 4009 2112 4064; x_wconf 65' lang='lat' dir='ltr'><strong>Haec</strong></span> <span class='ocrx_word' id='word_1_607' title='bbox 2144 4015 2350 4071; x_wconf 87' lang='lat' dir='ltr'><strong>autem,</strong></span> <span class='ocrx_word' id='word_1_608' title='bbox 2401 4003 2728 4060; x_wconf 81' lang='lat' dir='ltr'><strong>venerabilis</strong></span> <span class='ocrx_word' id='word_1_609' title='bbox 2771 4003 2952 4065; x_wconf 88' lang='lat' dir='ltr'><strong>Pater,</strong></span> <span class='ocrx_word' id='word_1_610' title='bbox 3006 3999 3262 4066; x_wconf 70' lang='lat' dir='ltr'><strong>dixerim,</strong></span> <span class='ocrx_word' id='word_1_611' title='bbox 3311 4015 3420 4056; x_wconf 86' lang='lat' dir='ltr'><strong>non</strong></span> <span class='ocrx_word' id='word_1_612' title='bbox 3448 4008 3508 4056; x_wconf 89' lang='lat' dir='ltr'><strong>ut</strong></span> 
     </span>
    </p>
   </div>
   <div class='ocr_carea' id='block_1_86' title="bbox 1913 4093 3508 4171">
    <p class='ocr_par' dir='ltr' id='par_1_86' title="bbox 1913 4093 3508 4171">
     <span class='ocr_line' id='line_1_86' title="bbox 1913 4093 3508 4171; baseline -0.004 -16"><span class='ocrx_word' id='word_1_613' title='bbox 1913 4101 2264 4171; x_wconf 84' lang='lat' dir='ltr'><strong>pertinaci-tor</strong></span> <span class='ocrx_word' id='word_1_614' title='bbox 2290 4097 2494 4168; x_wconf 86' lang='lat' dir='ltr'><strong>proprii</strong></span> <span class='ocrx_word' id='word_1_615' title='bbox 2523 4095 2828 4151; x_wconf 82' lang='lat' dir='ltr'><strong>intellectus</strong></span> <span class='ocrx_word' id='word_1_616' title='bbox 2852 4093 3142 4150; x_wconf 76' lang='lat' dir='ltr'><strong>arbitrium</strong></span> <span class='ocrx_word' id='word_1_617' title='bbox 3171 4107 3388 4163; x_wconf 82' lang='lat' dir='ltr'><strong>sequar,</strong></span> <span class='ocrx_word' id='word_1_618' title='bbox 3415 4101 3508 4149; x_wconf 82' lang='lat' dir='ltr'><strong>aut</strong></span> 
     </span>
    </p>
   </div>
   <div class='ocr_carea' id='block_1_87' title="bbox 1913 4185 3509 4260">
    <p class='ocr_par' dir='ltr' id='par_1_87' title="bbox 1913 4185 3509 4260">
     <span class='ocr_line' id='line_1_87' title="bbox 1913 4185 3509 4260; baseline -0.006 -11"><span class='ocrx_word' id='word_1_619' title='bbox 1913 4193 2030 4248; x_wconf 67' lang='lat' dir='ltr'><strong>haec</strong></span> <span class='ocrx_word' id='word_1_620' title='bbox 2059 4191 2328 4246; x_wconf 76' lang='lat' dir='ltr'><strong>allii-mare</strong></span> <span class='ocrx_word' id='word_1_621' title='bbox 2359 4201 2716 4260; x_wconf 73' lang='lat' dir='ltr'><strong>pmsumam;</strong></span> <span class='ocrx_word' id='word_1_622' title='bbox 2765 4187 2862 4242; x_wconf 88' lang='lat' dir='ltr'><strong>sed</strong></span> <span class='ocrx_word' id='word_1_623' title='bbox 2887 4194 2949 4240; x_wconf 91' lang='lat' dir='ltr'><strong>ut</strong></span> <span class='ocrx_word' id='word_1_624' title='bbox 2977 4194 3034 4242; x_wconf 84' lang='lat' dir='ltr'><strong>tu</strong></span> <span class='ocrx_word' id='word_1_625' title='bbox 3075 4185 3376 4242; x_wconf 70' lang='lat' dir='ltr'><strong>secundum</strong></span> <span class='ocrx_word' id='word_1_626' title='bbox 3423 4187 3509 4240; x_wconf 85' lang='lat' dir='ltr'><strong>iu-</strong></span> 
     </span>
    </p>
   </div>
   <div class='ocr_carea' id='block_1_88' title="bbox 1917 4279 3508 4357">
    <p class='ocr_par' dir='ltr' id='par_1_88' title="bbox 1917 4279 3508 4357">
     <span class='ocr_line' id='line_1_88' title="bbox 1917 4279 3508 4357; baseline -0.004 -17"><span class='ocrx_word' id='word_1_627' title='bbox 1917 4286 2144 4357; x_wconf 66' lang='lat' dir='ltr'><strong>genium‘</strong></span> <span class='ocrx_word' id='word_1_628' title='bbox 2166 4284 2262 4338; x_wconf 91' lang='lat' dir='ltr'><strong>tibi</strong></span> <span class='ocrx_word' id='word_1_629' title='bbox 2291 4283 2556 4338; x_wconf 84' lang='lat' dir='ltr'><strong>divinitus</strong></span> <span class='ocrx_word' id='word_1_630' title='bbox 2582 4283 2792 4344; x_wconf 85' lang='lat' dir='ltr'><strong>datum,</strong></span> <span class='ocrx_word' id='word_1_631' title='bbox 2825 4280 2910 4336; x_wconf 88' lang='lat' dir='ltr'><strong>vel</strong></span> <span class='ocrx_word' id='word_1_632' title='bbox 2940 4280 2984 4334; x_wconf 90' lang='lat' dir='ltr'><strong>si</strong></span> <span class='ocrx_word' id='word_1_633' title='bbox 3021 4293 3112 4335; x_wconf 80' lang='lat' dir='ltr'><strong>res</strong></span> <span class='ocrx_word' id='word_1_634' title='bbox 3137 4280 3300 4335; x_wconf 82' lang='lat' dir='ltr'><strong>aliter</strong></span> <span class='ocrx_word' id='word_1_635' title='bbox 3323 4279 3508 4346; x_wconf 85' lang='lat' dir='ltr'><strong>hbet,</strong></span> 
     </span>
    </p>
   </div>
   <div class='ocr_carea' id='block_1_89' title="bbox 1914 4371 3510 4447">
    <p class='ocr_par' dir='ltr' id='par_1_89' title="bbox 1914 4371 3510 4447">
     <span class='ocr_line' id='line_1_89' title="bbox 1914 4371 3510 4447; baseline -0.004 -13"><span class='ocrx_word' id='word_1_636' title='bbox 1914 4380 2156 4434; x_wconf 88' lang='lat' dir='ltr'><strong>insinues</strong></span> <span class='ocrx_word' id='word_1_637' title='bbox 2183 4397 2194 4432; x_wconf 94' lang='lat'><strong>:</strong></span> <span class='ocrx_word' id='word_1_638' title='bbox 2229 4377 2312 4432; x_wconf 89' lang='lat' dir='ltr'><strong>vel</strong></span> <span class='ocrx_word' id='word_1_639' title='bbox 2341 4392 2462 4447; x_wconf 71' lang='lat' dir='ltr'><strong>qua:</strong></span> <span class='ocrx_word' id='word_1_640' title='bbox 2509 4375 2652 4430; x_wconf 86' lang='lat' dir='ltr'><strong>dicta</strong></span> <span class='ocrx_word' id='word_1_641' title='bbox 2679 4383 2829 4440; x_wconf 81' lang='lat' dir='ltr'><strong>sunt,</strong></span> <span class='ocrx_word' id='word_1_642' title='bbox 2861 4373 3188 4444; x_wconf 75' lang='lat' dir='ltr'><strong>gravissita</strong></span> <span class='ocrx_word' id='word_1_643' title='bbox 3217 4373 3292 4426; x_wconf 91' lang='lat' dir='ltr'><strong>tui</strong></span> <span class='ocrx_word' id='word_1_644' title='bbox 3319 4371 3510 4442; x_wconf 89' lang='lat' dir='ltr'><strong>judicii</strong></span> 
     </span>
    </p>
   </div>
   <div class='ocr_carea' id='block_1_90' title="bbox 1915 4465 3511 4536">
    <p class='ocr_par' dir='ltr' id='par_1_90' title="bbox 1915 4465 3511 4536">
     <span class='ocr_line' id='line_1_90' title="bbox 1915 4465 3511 4536; baseline -0.003 -12"><span class='ocrx_word' id='word_1_645' title='bbox 1915 4473 2240 4525; x_wconf 74' lang='lat' dir='ltr'><strong>auctoritate</strong></span> <span class='ocrx_word' id='word_1_646' title='bbox 2271 4471 2576 4524; x_wconf 75' lang='lat' dir='ltr'><strong>confirmes.</strong></span> <span class='ocrx_word' id='word_1_647' title='bbox 2619 4465 2832 4531; x_wconf 88' lang='lat' dir='ltr'><strong>Saluta,</strong></span> <span class='ocrx_word' id='word_1_648' title='bbox 2861 4479 3066 4536; x_wconf 60' lang='lat' dir='ltr'><strong>quaso,</strong></span> <span class='ocrx_word' id='word_1_649' title='bbox 3102 4481 3174 4520; x_wconf 68' lang='lat' dir='ltr'><strong>ea.</strong></span> <span class='ocrx_word' id='word_1_650' title='bbox 3199 4479 3324 4518; x_wconf 86' lang='lat' dir='ltr'><strong>mea</strong></span> <span class='ocrx_word' id='word_1_651' title='bbox 3355 4473 3511 4533; x_wconf 86' lang='lat' dir='ltr'><strong>parte</strong></span> 
     </span>
    </p>
   </div>
   <div class='ocr_carea' id='block_1_91' title="bbox 1918 4555 3510 4627">
    <p class='ocr_par' dir='ltr' id='par_1_91' title="bbox 1918 4555 3510 4627">
     <span class='ocr_line' id='line_1_91' title="bbox 1918 4555 3510 4627; baseline -0.004 -12"><span class='ocrx_word' id='word_1_652' title='bbox 1918 4560 2302 4615; x_wconf 81' lang='lat' dir='ltr'><strong>charissimam</strong></span> <span class='ocrx_word' id='word_1_653' title='bbox 2361 4559 2490 4614; x_wconf 91' lang='lat' dir='ltr'><strong>mihi</strong></span> <span class='ocrx_word' id='word_1_654' title='bbox 2541 4565 2750 4626; x_wconf 86' lang='lat' dir='ltr'><strong>patrem</strong></span> <span class='ocrx_word' id='word_1_655' title='bbox 2819 4565 2874 4610; x_wconf 88' lang='lat' dir='ltr'><strong>et</strong></span> <span class='ocrx_word' id='word_1_656' title='bbox 2939 4555 3266 4627; x_wconf 77' lang='lat' dir='ltr'><strong>magistrum</strong></span> <span class='ocrx_word' id='word_1_657' title='bbox 3327 4569 3510 4608; x_wconf 74' lang='lat' dir='ltr'><strong>Ineunt</strong></span> 
     </span>
    </p>
   </div>
   <div class='ocr_carea' id='block_1_92' title="bbox 213 4611 3508 4720">
    <p class='ocr_par' dir='ltr' id='par_1_92' title="bbox 213 4611 3508 4720">
     <span class='ocr_line' id='line_1_92' title="bbox 213 4611 3508 4720; baseline -0 -20"><span class='ocrx_word' id='word_1_658' title='bbox 213 4644 372 4716; x_wconf 83' lang='lat' dir='ltr'><strong>Apud</strong></span> <span class='ocrx_word' id='word_1_659' title='bbox 419 4659 514 4702; x_wconf 83' lang='lat' dir='ltr'><strong>eos</strong></span> <span class='ocrx_word' id='word_1_660' title='bbox 544 4657 725 4701; x_wconf 89' lang='lat' dir='ltr'><strong>autem</strong></span> <span class='ocrx_word' id='word_1_661' title='bbox 765 4645 992 4702; x_wconf 91' lang='lat' dir='ltr'><strong>multum</strong></span> <span class='ocrx_word' id='word_1_662' title='bbox 1029 4646 1356 4716; x_wconf 85' lang='lat' dir='ltr'><strong>profecerat,</strong></span> <span class='ocrx_word' id='word_1_663' title='bbox 1381 4649 1578 4716; x_wconf 90' lang='lat' dir='ltr'><strong>quibus</strong></span> <span class='ocrx_word' id='word_1_664' title='bbox 1604 4649 1808 4719; x_wconf 80' lang='lat' dir='ltr'><strong>gratias</strong></span> <span class='ocrx_word' id='word_1_665' title='bbox 1840 4611 1888 4670; x_wconf 69' lang='grc' dir='ltr'><strong>Β</strong></span> <span class='ocrx_word' id='word_1_666' title='bbox 1917 4651 2276 4706; x_wconf 82' lang='lat' dir='ltr'><strong>Mainfrenum</strong></span> <span class='ocrx_word' id='word_1_667' title='bbox 2307 4611 2684 4720; x_wconf 72' lang='lat' dir='ltr'><strong>presbyterum</strong></span> <span class='ocrx_word' id='word_1_668' title='bbox 2704 4687 2720 4714; x_wconf 94' lang='lat'><strong>,</strong></span> <span class='ocrx_word' id='word_1_669' title='bbox 2743 4655 2800 4702; x_wconf 90' lang='lat' dir='ltr'><strong>et</strong></span> <span class='ocrx_word' id='word_1_670' title='bbox 2827 4611 3246 4703; x_wconf 53' lang='lat' dir='ltr'><strong>dilectissimum</strong></span> <span class='ocrx_word' id='word_1_671' title='bbox 3275 4644 3508 4700; x_wconf 82' lang='lat' dir='ltr'><strong>fratrem</strong></span> 
     </span>
    </p>
   </div>
   <div class='ocr_carea' id='block_1_93' title="bbox 215 4735 1814 4810">
    <p class='ocr_par' dir='ltr' id='par_1_93' title="bbox 215 4735 1814 4810">
     <span class='ocr_line' id='line_1_93' title="bbox 215 4735 1814 4810; baseline 0.003 -20"><span class='ocrx_word' id='word_1_672' title='bbox 215 4735 505 4794; x_wconf 88' lang='lat' dir='ltr'><strong>referendo</strong></span> <span class='ocrx_word' id='word_1_673' title='bbox 540 4737 800 4794; x_wconf 89' lang='lat' dir='ltr'><strong>dicebat:</strong></span> <span class='ocrx_word' id='word_1_674' title='bbox 841 4757 858 4790; x_wconf 84' lang='grc' dir='ltr'><strong>ι</strong></span> <span class='ocrx_word' id='word_1_675' title='bbox 909 4736 1061 4793; x_wconf 84' lang='lat' dir='ltr'><strong>Slcut</strong></span> <span class='ocrx_word' id='word_1_676' title='bbox 1096 4738 1348 4808; x_wconf 78' lang='lat' dir='ltr'><strong>angelum</strong></span> <span class='ocrx_word' id='word_1_677' title='bbox 1377 4739 1472 4794; x_wconf 90' lang='lat' dir='ltr'><strong>Dei</strong></span> <span class='ocrx_word' id='word_1_678' title='bbox 1522 4740 1814 4810; x_wconf 77' lang='lat' dir='ltr'><strong>excepistis</strong></span> 
     </span>
    </p>
   </div>
   <div class='ocr_carea' id='block_1_94' title="bbox 215 4829 1814 4902">
    <p class='ocr_par' dir='ltr' id='par_1_94' title="bbox 215 4829 1814 4902">
     <span class='ocr_line' id='line_1_94' title="bbox 215 4829 1814 4902; baseline 0.001 -18"><span class='ocrx_word' id='word_1_679' title='bbox 215 4845 334 4896; x_wconf 89' lang='lat' dir='ltr'><strong>me;</strong></span> <span class='ocrx_word' id='word_1_680' title='bbox 369 4829 746 4886; x_wconf 89' lang='lat' dir='ltr'><strong>testimonium</strong></span> <span class='ocrx_word' id='word_1_681' title='bbox 786 4829 932 4884; x_wconf 87' lang='lat' dir='ltr'><strong>enim</strong></span> <span class='ocrx_word' id='word_1_682' title='bbox 957 4831 1111 4886; x_wconf 88' lang='lat' dir='ltr'><strong>vobis</strong></span> <span class='ocrx_word' id='word_1_683' title='bbox 1139 4831 1418 4902; x_wconf 87' lang='lat' dir='ltr'><strong>perhiheo.</strong></span> <span class='ocrx_word' id='word_1_684' title='bbox 1448 4832 1574 4902; x_wconf 89' lang='lat' dir='ltr'><strong>quia</strong></span> <span class='ocrx_word' id='word_1_685' title='bbox 1607 4833 1650 4886; x_wconf 85' lang='lat' dir='ltr'><strong>si</strong></span> <span class='ocrx_word' id='word_1_686' title='bbox 1697 4831 1814 4886; x_wconf 79' lang='lat' dir='ltr'><strong>fieri</strong></span> 
     </span>
    </p>
   </div>
   <div class='ocr_carea' id='block_1_95' title="bbox 211 4923 1812 4994">
    <p class='ocr_par' dir='ltr' id='par_1_95' title="bbox 211 4923 1812 4994">
     <span class='ocr_line' id='line_1_95' title="bbox 211 4923 1812 4994; baseline 0 -16"><span class='ocrx_word' id='word_1_687' title='bbox 211 4931 438 4994; x_wconf 88' lang='lat' dir='ltr'><strong>posset,</strong></span> <span class='ocrx_word' id='word_1_688' title='bbox 469 4923 658 4980; x_wconf 88' lang='lat' dir='ltr'><strong>oculos</strong></span> <span class='ocrx_word' id='word_1_689' title='bbox 700 4929 912 4978; x_wconf 90' lang='lat' dir='ltr'><strong>vestros</strong></span> <span class='ocrx_word' id='word_1_690' title='bbox 956 4923 1240 4980; x_wconf 84' lang='lat' dir='ltr'><strong>eruissetis</strong></span> <span class='ocrx_word' id='word_1_691' title='bbox 1272 4933 1328 4980; x_wconf 85' lang='lat' dir='ltr'><strong>et</strong></span> <span class='ocrx_word' id='word_1_692' title='bbox 1355 4923 1642 4980; x_wconf 87' lang='lat' dir='ltr'><strong>dedissetis</strong></span> <span class='ocrx_word' id='word_1_693' title='bbox 1681 4923 1812 4978; x_wconf 88' lang='lat' dir='ltr'><strong>mihi</strong></span> 
     </span>
    </p>
   </div>
   <div class='ocr_carea' id='block_1_96' title="bbox 213 5009 1809 5086">
    <p class='ocr_par' dir='ltr' id='par_1_96' title="bbox 213 5009 1809 5086">
     <span class='ocr_line' id='line_1_96' title="bbox 213 5009 1809 5086; baseline 0 -18"><span class='ocrx_word' id='word_1_694' title='bbox 213 5009 360 5084; x_wconf 83' lang='lat' dir='ltr'><strong>(Gal.</strong></span> <span class='ocrx_word' id='word_1_695' title='bbox 399 5012 499 5086; x_wconf 78' lang='lat' dir='ltr'><strong>IV).</strong></span> <span class='ocrx_word' id='word_1_696' title='bbox 523 5031 542 5066; x_wconf 76' lang='grc' dir='ltr'><strong>ι</strong></span> <span class='ocrx_word' id='word_1_697' title='bbox 573 5013 824 5084; x_wconf 83' lang='lat' dir='ltr'><strong>Nunquid</strong></span> <span class='ocrx_word' id='word_1_698' title='bbox 855 5014 1141 5083; x_wconf 86' lang='lat' dir='ltr'><strong>Apostolus</strong></span> <span class='ocrx_word' id='word_1_699' title='bbox 1167 5015 1442 5086; x_wconf 88' lang='lat' dir='ltr'><strong>despectui</strong></span> <span class='ocrx_word' id='word_1_700' title='bbox 1472 5015 1686 5072; x_wconf 84' lang='lat' dir='ltr'><strong>volebat</strong></span> <span class='ocrx_word' id='word_1_701' title='bbox 1711 5015 1809 5070; x_wconf 82' lang='lat' dir='ltr'><strong>ha-</strong></span> 
     </span>
    </p>
   </div>
   <div class='ocr_carea' id='block_1_97' title="bbox 211 5101 1810 5150">
    <p class='ocr_par' dir='ltr' id='par_1_97' title="bbox 211 5101 1810 5150">
     <span class='ocr_line' id='line_1_97' title="bbox 211 5101 1810 5150; baseline 0 0"><span class='ocrx_word' id='word_1_702' title='bbox 211 5101 354 5150; x_wconf 70' lang='lat' dir='ltr'><strong>Imri-</strong></span> <span class='ocrx_word' id='word_1_703' title='bbox 401 5104 546 5150; x_wconf 70' lang='lat' dir='ltr'><strong>unde</strong></span> <span class='ocrx_word' id='word_1_704' title='bbox 593 5104 990 5150; x_wconf 70' lang='lat' dir='ltr'><strong>Pnnnlmrilnr?</strong></span> <span class='ocrx_word' id='word_1_705' title='bbox 1019 5105 1270 5150; x_wconf 73' lang='lat' dir='ltr'><strong>Nnnrmiri</strong></span> <span class='ocrx_word' id='word_1_706' title='bbox 1307 5105 1612 5150; x_wconf 63' lang='lat' dir='ltr'><strong>sedulitatis</strong></span> <span class='ocrx_word' id='word_1_707' title='bbox 1647 5108 1810 5150; x_wconf 65' lang='lat' dir='ltr'><strong>nitea-</strong></span> 
     </span>
    </p>
   </div>
   <div class='ocr_carea' id='block_1_98' title="bbox 1917 4737 3510 4807">
    <p class='ocr_par' dir='ltr' id='par_1_98' title="bbox 1917 4737 3510 4807">
     <span class='ocr_line' id='line_1_98' title="bbox 1917 4737 3510 4807; baseline -0.006 -7"><span class='ocrx_word' id='word_1_708' title='bbox 1917 4759 2096 4800; x_wconf 88' lang='lat' dir='ltr'><strong>meum</strong></span> <span class='ocrx_word' id='word_1_709' title='bbox 2125 4743 2428 4799; x_wconf 78' lang='lat' dir='ltr'><strong>Gerardum</strong></span> <span class='ocrx_word' id='word_1_710' title='bbox 2459 4743 2525 4796; x_wconf 91' lang='lat' dir='ltr'><strong>de</strong></span> <span class='ocrx_word' id='word_1_711' title='bbox 2554 4741 2770 4796; x_wconf 87' lang='lat' dir='ltr'><strong>Blanca.</strong></span> <span class='ocrx_word' id='word_1_712' title='bbox 2799 4739 3012 4796; x_wconf 76' lang='lat' dir='ltr'><strong>Reddat</strong></span> <span class='ocrx_word' id='word_1_713' title='bbox 3033 4737 3140 4795; x_wconf 90' lang='lat' dir='ltr'><strong>illis</strong></span> <span class='ocrx_word' id='word_1_714' title='bbox 3165 4737 3510 4807; x_wconf 83' lang='lat' dir='ltr'><strong>omnipotens</strong></span> 
     </span>
    </p>
   </div>
   <div class='ocr_carea' id='block_1_99' title="bbox 1919 4828 3511 4900">
    <p class='ocr_par' dir='ltr' id='par_1_99' title="bbox 1919 4828 3511 4900">
     <span class='ocr_line' id='line_1_99' title="bbox 1919 4828 3511 4900; baseline -0.005 -10"><span class='ocrx_word' id='word_1_715' title='bbox 1919 4835 2060 4890; x_wconf 87' lang='lat' dir='ltr'><strong>Deus</strong></span> <span class='ocrx_word' id='word_1_716' title='bbox 2107 4833 2292 4890; x_wconf 79' lang='lat' dir='ltr'><strong>oninia</strong></span> <span class='ocrx_word' id='word_1_717' title='bbox 2342 4833 2486 4888; x_wconf 86' lang='lat' dir='ltr'><strong>bona</strong></span> <span class='ocrx_word' id='word_1_718' title='bbox 2536 4847 2660 4900; x_wconf 73' lang='lat' dir='ltr'><strong>quae</strong></span> <span class='ocrx_word' id='word_1_719' title='bbox 2696 4828 2830 4885; x_wconf 82' lang='lat' dir='ltr'><strong>mihi</strong></span> <span class='ocrx_word' id='word_1_720' title='bbox 2875 4829 3128 4886; x_wconf 86' lang='lat' dir='ltr'><strong>fecerunt</strong></span> <span class='ocrx_word' id='word_1_721' title='bbox 3173 4845 3274 4900; x_wconf 86' lang='lat' dir='ltr'><strong>pro</strong></span> <span class='ocrx_word' id='word_1_722' title='bbox 3324 4840 3511 4882; x_wconf 82' lang='lat' dir='ltr'><strong>amore</strong></span> 
     </span>
    </p>
   </div>
   <div class='ocr_carea' id='block_1_100' title="bbox 1917 4928 2054 4998">
    <p class='ocr_par' dir='ltr' id='par_1_100' title="bbox 1917 4928 2054 4998">
     <span class='ocr_line' id='line_1_100' title="bbox 1917 4928 2054 4998; baseline 0.015 -17"><span class='ocrx_word' id='word_1_723' title='bbox 1917 4928 2054 4998; x_wconf 82' lang='lat' dir='ltr'><strong>ejus.</strong></span> 
     </span>
    </p>
   </div>
   <div class='ocr_carea' id='block_1_101' title="bbox 2457 5033 2975 5096">
    <p class='ocr_par' dir='ltr' id='par_1_101' title="bbox 2457 5033 2975 5096">
     <span class='ocr_line' id='line_1_101' title="bbox 2457 5033 2975 5096; baseline -0.012 -1"><span class='ocrx_word' id='word_1_724' title='bbox 2457 5034 2792 5096; x_wconf 80' lang='lat' dir='ltr'><strong>EPISTOLA</strong></span> <span class='ocrx_word' id='word_1_725' title='bbox 2839 5033 2975 5090; x_wconf 77' lang='lat' dir='ltr'><strong>XIII.</strong></span> 
     </span>
    </p>
   </div>
  </div>
