3950 5344
483 239 592 300 359

986 239 1045 296 S.
1086 240 1292 296 PETRI
1331 241 1614 298 DA‘MlANl
1650 242 1801 301 OPP.
1844 238 2025 298 PARS
2063 235 2196 294 SEU
2238 234 2475 295 TOHUS
2513 235 2553 291 Ι.
2587 265 2656 281 --
2692 233 2912 293 EPIST.
2950 233 3080 288 LIB.
3126 234 3238 290 VIII

3657 233 3776 292 560

485 356 626 414 fredi
679 356 853 423 ducis,
907 355 1122 412 Psraus
1168 367 1422 428 peccator
1471 358 1770 413 monachus
1817 356 2062 412 salutem.
2095 357 2148 416 Α
2180 353 2343 421 libus,
2375 351 2604 424 cleptica
2657 349 2847 406 fraude
2891 349 3182 418 subripuit,
3210 357 3265 404 et
3292 348 3445 404 vobis
3475 347 3620 404 nihil
3641 363 3776 404 crn-

553 448 689 504 Cunt
742 449 1063 504 semandum
1103 445 1307 517 aliquid
1359 448 1502 518 quod
1542 449 1694 503 cordi
1730 449 1800 503 sit
1827 449 2070 503 scribere

485 541 656 608 soleo,
707 540 987 612 multiplici
1041 541 1378 596 diversormn
1435 541 1686 597 codicum
1739 541 2066 598 bibliotheca

482 634 736 700 vallatus,
767 633 1032 705 majorum
1070 633 1376 689 sententias
1407 634 1610 702 recolo,
1640 643 1824 705 atque,
1851 635 1937 689 ubi
1969 649 2067 689 ne-

479 729 781 786 cessarium
807 738 912 793 est,
958 728 1026 783 ad
1062 743 1249 783 eorum
1280 741 1498 805 semper
1525 728 1770 800 exempla
1801 743 2023 785 recurro
2049 745 2063 782 :

478 836 623 876 nunc
650 830 833 876 autem
874 822 927 876 in
969 822 1226 892 praerupti
1261 821 1462 877 montis
1491 831 1653 892 atque
1681 822 1876 878 nivalis
1903 837 2064 878 cacu-

485 913 633 968 mine
659 913 1009 979 constitulus,
1046 907 1180 969 'dum
1230 913 1632 969 monasterialis
1657 914 1870 970 aedilicii
1901 913 2068 970 fabri-

477 1019 600 1061 cam
632 1013 950 1061 construere
986 1005 1181 1076 gestio,
1208 1019 1316 1060 non
1347 1007 1508 1060 modo
1539 1003 1801 1060 librorum
1829 1005 2062 1076 paginis,

477 1109 596 1166 qua:
623 1095 808 1166 procul
832 1096 1316 1162 absunt,insistere
1342 1111 1586 1167 nequeo;
1623 1097 1717 1152 sed
1747 1103 1801 1151 et
1832 1109 2066 1151 caemen-

476 1189 743 1247 tat‘lcrum
777 1205 840 1244 ac
869 1189 1192 1245 latomorum
1220 1189 1680 1261 perstrepentium
1712 1188 1950 1244 clamore
1973 1189 2068 1243 de-

475 1296 719 1354 pressus,
755 1281 810 1336 id
838 1281 1013 1352 ipsum
1042 1296 1202 1351 pene,
1232 1281 1376 1352 quod
1406 1281 1548 1336 intra
1577 1295 1666 1335 me
1686 1287 1790 1346 est,
1816 1279 2066 1350 ignorare

477 1372 774 1444 compellor
803 1390 816 1426 :
844 1372 984 1428 unde
1011 1372 1164 1427 vobis
1191 1371 1431 1428 scribere
1458 1372 1646 1437 timeo,
1678 1387 1746 1426 ne
1771 1371 1898 1426 dum
1940 1371 2064 1442 styli

475 1462 626 1518 rudis
649 1461 937 1519 articulum
961 1461 1426 1534 inexpugnabilia.
1452 1462 1593 1518 sicut
1622 1461 1818 1516 talibus
1841 1459 2064 1530 dignum

477 1566 582 1622 est,
622 1572 730 1612 non
770 1556 1068 1612 munierint
1117 1555 1430 1612 testimonia
1478 1555 1906 1625 Scripturarum.
1939 1568 2066 1607 mox

475 1657 540 1704 ut
593 1647 733 1704 elato
779 1648 1093 1718 supercilio,
1126 1657 1181 1703 et
1212 1657 1402 1720 rugata
1435 1647 1612 1704 fronte
1644 1647 1907 1718 legeritis,
1939 1654 2062 1702 tan-

2174 447 2302 502 nino
2344 445 2718 518 peccantibus,
2765 445 2890 517 quia
2937 455 3115 500 tamen
3166 453 3349 500 vester
3389 453 3512 500 erat
3554 445 3774 512 socius,

2172 540 2568 611 quodammodo
2607 553 2818 593 nmvum
2869 547 3053 593 reatus
3091 539 3320 593 induxit.
3367 537 3468 604 Qui
3529 552 3663 592 mox
3717 539 3774 593 in

2170 632 2400 687 crimine
2423 631 2818 703 deprehensus,
2840 640 2895 687 et
2924 632 3123 688 minaci
3147 640 3352 687 terrore
3378 630 3652 684 Bcatricis
3674 646 3775 684 ex-

2169 725 2568 783 cellentissima:
2593 726 2778 792 ducis,
2809 736 2864 782 et
2909 726 3168 784 animosa:
3199 725 3458 797 \‘iragiuis
3489 725 3775 780 violenter

2170 833 2486 889 oppressus,
2509 833 2699 872 aurum
2724 817 2880 874 fratri
2903 817 3529 874 nostrclatenterattulit
3557 834 3571 869 :
3601 826 3775 886 atque

2168 918 2228 964 ut
2271 925 2371 980 pro
2401 926 2461 966 se
2515 911 2932 981 supplicaretur,
2965 911 3161 966 oravit.
3210 909 3383 978 Quam
3425 924 3559 965 sane
3610 925 3771 964 sum-

2167 1019 2313 1061 mam
2341 1020 2488 1072 mox,
2522 1014 2581 1060 ut
2611 1005 2951 1072 rescivimus,
2981 1006 3159 1062 eidem
3187 1005 3390 1060 clerico
3412 1003 3568 1060 reddi
3620 1018 3772 1074 pra.

2167 1098 2410 1168 cepimus
2441 1115 2455 1152 :
2491 1106 2654 1168 atque
2681 1107 2742 1152 ut
2767 1098 2836 1153 de
2866 1097 3198 1154 restituenda
3245 1096 3346 1152 sibi
3379 1096 3620 1152 domina:
3651 1111 3770 1151 sua:

2167 1191 2341 1262 gratia
2367 1205 2472 1246 non
2499 1190 2785 1257 dillideret,
2812 1190 3087 1246 exhortati
3101 1205 3322 1245 sumus.
3347 1188 3524 1256 Quam
3551 1188 3647 1242 ille
3669 1204 3770 1259 pe-

2167 1281 2383 1336 cuniam
2417 1284 2544 1336 dum
2566 1282 2921 1337 vehementer
2949 1281 3246 1347 insisteret,
3279 1289 3334 1338 et
3354 1280 3519 1336 nullis
3537 1280 3770 1336 omnino

2164 1375 2419 1444 precibus
2451 1375 2604 1431 nobis
2631 1374 2876 1446 ingerere
2899 1375 3200 1444 potuisset,
3227 1374 3400 1430 altero
3421 1373 3651 1429 tandem
3679 1372 3769 1428 die

2165 1467 2320 1521 fratri
2353 1475 2539 1522 nostro
2553 1466 2690 1522 clam
2713 1467 2880 1534 dedit,
2905 1466 3089 1536 sicque
3108 1481 3168 1523 se
3189 1465 3457 1522 mordacis
3471 1464 3766 1522 conscien.

2167 1560 2255 1614 tia:
2297 1561 2538 1630 pondere
2574 1559 2848 1632 levigavit.
2883 1559 2993 1614 Cur
3020 1574 3150 1630 ergo
3181 1559 3427 1614 avaritia:
3452 1558 3754 1623 accusatis,

2166 1667 2326 1722 quem
2358 1651 2604 1722 pecunia:
2630 1661 2898 1721 quaestum
2930 1660 3210 1723 tantopere
3238 1651 3638 1722 contempsisse
3667 1665 3762 1704 co-

476 1755 640 1811 quam
661 1739 859 1796 deliras
881 1739 1214 1795 somniorum
1239 1755 1429 1810 nugas,
1452 1748 1507 1794 et
1533 1738 1692 1793 anilis
1716 1738 1934 1808 ineptia:
1956 1751 2066 1791 nae-
2094 1755 2140 1814 Β
2167 1743 2464 1813 gnoscitis?
2501 1741 2612 1798 Cur
2635 1743 2923 1798 adversum
2955 1756 3043 1797 me
3079 1741 3292 1812 linguas
3316 1740 3539 1807 acuitis,
3568 1748 3627 1796 et
3652 1753 3762 1796 non

485 1833 604 1888 nias
643 1831 974 1903 conspuatis.
1014 1829 1402 1887 Verumtamen
1433 1845 1534 1901 ego
1572 1819 1716 1885 malo
1747 1843 1870 1883 cum
1894 1827 2063 1883 David

481 1921 669 1979 salivis
718 1922 772 1978 in
819 1921 1066 1976 barbam.
1098 1919 1456 1976 deﬂuentibus
1485 1920 1626 1990 apud
1673 1919 1829 1982 Achi,
1881 1931 2062 1988 regem

483 2013 642 2079 Geth,
675 2013 912 2068 furiosus
941 2013 1046 2068 dici
1073 2011 1125 2083 (1
1168 2012 1300 2083 Reg.
1333 2012 1469 2083 xxI),
1495 2021 1698 2066 etcum
1727 2010 1876 2075 Jesu,
1923 2010 2065 2066 sicut

476 2107 693 2164 Marcus
722 2108 934 2171 asserit,
981 2105 1123 2177 apud
1167 2104 1382 2161 Judaeos
1418 2105 1772 2175 phreneticus
1799 2103 2062 2174 appellari

476 2200 671 2270 (Marc.
696 2200 804 2270 ιιι),
828 2215 990 2270 quam
1021 2199 1305 2270 imperitia:
1327 2207 1510 2254 notam
1538 2199 1754 2264 timens,
1787 2199 1840 2253 in
1873 2213 2066 2268 super-

478 2305 566 2346 na:
601 2288 904 2359 maiestatis
956 2289 1206 2344 examine
1233 2289 1300 2344 de
1333 2288 1550 2344 silentio
1576 2289 1946 2355 condemnari,
1979 2288 2065 2344 di-

476 2396 609 2438 cens
638 2397 762 2436 cum
785 2381 925 2438 Isaia
961 2399 973 2435 :
1010 2400 1029 2433 ‹
1071 2381 1164 2437 Va:
1187 2381 1320 2436 mihi
1348 2381 1474 2450 quia
1497 2381 1661 2448 tacui,
1685 2382 1810 2452 quia
1840 2382 1926 2435 vir
1950 2379 2065 2451 pol-

472 2473 623 2530 lutus
652 2473 813 2530 labiis
838 2489 938 2546 ego
964 2489 1082 2529 sum
1116 2472 1252 2544 (Isa.
1281 2474 1378 2544 vr).
1416 2493 1436 2526 ι
1467 2472 1639 2530 Porro
1670 2473 1826 2545 163
1860 2491 1877 2524 ι
1919 2473 2063 2544 quod

475 2565 702 2623 stultum
728 2574 811 2621 est
831 2565 948 2633 Dei,
973 2565 1273 2640 sapientius
1294 2573 1379 2620 est
1403 2563 1714 2620 hominibus
1736 2563 1784 2635 (Ι
1817 2561 1941 2617 Cor.
1959 2564 2018 2633 ι).
2041 2581 2059 2615 ›

474 2656 544 2712 Et
571 2656 714 2713 sicut
752 2656 892 2713 idem
925 2657 1058 2712 dicit
1081 2655 1370 2728 Apostolus
1404 2672 1417 2708 :
1457 2674 1474 2708 ‹
1511 2655 1646 2724 Quia
1676 2671 1782 2711 non
1809 2655 2065 2726 cognovit

474 2749 709 2806 mundus
734 2764 832 2820 per
862 2749 1182 2819 sapientiam
1215 2749 1406 2815 Deum,
1436 2747 1641 2817 placuit
1667 2749 1777 2803 Deo
1807 2761 1904 2818 per
1927 2746 2064 2800 stul-

475 2841 655 2896 titiam
670 2839 1072 2910 pr2edicationis
1093 2839 1271 2895 salvos
1294 2840 1474 2894 facere
1495 2838 1780 2894 credentes
1801 2838 1849 2910 (1
1859 2839 2012 2911 bid.).
2043 2858 2059 2890 ι

475 2929 590 2986 Hoc
618 2931 818 2986 ctenim
845 2941 902 2986 et
933 2933 1166 2986 Samson
1191 2931 1282 2988 ille
1303 2932 1559 3002 signavit.
1589 2932 1680 3002 qui
1704 2947 1827 2986 cum
1857 2932 2066 2986 mandi-

474 3021 600 3077 bula
652 3021 790 3076 asini
835 3021 982 3076 mille
1020 3020 1365 3077 Philisthaeos
1420 3022 1744 3078 mirabiliter
1792 3021 2066 3077 interfecit

2167 1839 2487 1909 repugnanti
2517 1837 2818 1894 mordentis
2839 1837 3077 1907 obloquii
3110 1837 3306 1892 vulnus
3335 1834 3580 1908 infligere
3607 1833 3761 1890 festi-

2165 1929 2344 1984 natis?
2372 1929 2508 1983 Nam
2539 1936 2593 1983 et
2623 1927 2879 1984 Salomon
2909 1927 3076 1983 dicit:
3117 1947 3136 1979 ι
3169 1925 3415 1982 Jaculum
3440 1933 3497 1980 et
3519 1922 3756 1995 gladius,

2166 2028 2222 2073 et
2263 2019 2462 2089 sagitta
2504 2025 2661 2072 acuta
2711 2017 2895 2085 homo,
2923 2017 3016 2088 qui
3071 2016 3310 2088 loquitur
3348 2023 3537 2070 contra
3573 2013 3759 2085 proxi-

2166 2125 2314 2164 mum
2346 2125 2501 2164 suum
2558 2109 2929 2164 testimonium
2984 2107 3180 2164 falsum
3212 2105 3398 2179 (Prov.
3440 2105 3596 2175 xxv).
3638 2124 3657 2158 ι
3694 2104 3758 2158 Et

2165 2201 2443 2273 psalmista
2473 2219 2488 2258 :
2523 2221 2539 2254 ι
2578 2201 2700 2256 Filii
2743 2201 3057 2267 hominum,
3101 2201 3292 2256 dentes
3332 2214 3524 2255 eorum
3580 2212 3754 2262 arma,

2169 2302 2223 2347 et
2242 2291 2666 2364 sagittte,lingua
2692 2307 2878 2348 eorum
2907 2292 3178 2347 machaera
3201 2288 3360 2348 acuta
3384 2289 3564 2362 (Paul.
3587 2289 3749 2361 LYI).I

2166 2383 2350 2454 Egone
2373 2382 2686 2453 cupiditatis
2721 2384 3031 2455 arguendus
3060 2399 3203 2450 sum,
3235 2384 3328 2455 qui
3354 2384 3605 2455 recipere
3631 2383 3756 2437 sub-

2166 2485 2321 2545 repta
2380 2476 2717 2547 contempsi,
2769 2475 2976 2531 crimen
3029 2475 3281 2532 indulsi:
3337 2491 3400 2531 ac
3445 2490 3547 2547 pro
3596 2474 3754 2530 malis

2165 2567 2307 2622 bona
2353 2567 2666 2634 restituens,
2719 2567 2944 2623 herilem
2992 2583 3086 2623 rec
3133 2567 3364 2640 gratiam
3420 2566 3753 2624 refcrmavi?

2164 2657 2299 2729 Ego,
2330 2659 2573 2729 inquam,
2605 2660 2847 2715 avaritia:
2875 2659 3144 2716 notandus
3179 2677 3321 2726 smn,
3358 2660 3452 2731 qui
3477 2658 3749 2729 iacturam

2166 2751 2544 2820 :equanimiter
2567 2751 2800 2822 pertuli;
2827 2767 2897 2807 an
2946 2751 3058 2817 ille,
3095 2751 3255 2825 164
3295 2752 3388 2822 qui
3431 2766 3650 2808 sacrum
3689 2751 3752 2806 de

2167 2859 2323 2900 sacro
2375 2845 2719 2916 subripiens,
2769 2847 3080 2913 sacerdotii,
3115 2863 3224 2918 quo
3271 2846 3619 2918 fungebatur,
3646 2845 3750 2902 clli-

2165 2938 2310 2994 cium
2352 2938 2696 3009 profanavit?
2721 2939 2999 2997 Adversus
3032 2957 3192 3013 quem
3231 2941 3509 3009 videlicet,
3537 2940 3746 3009 fratres,

2166 3030 2270 3087 hoc
2295 3046 2396 3102 ego
2424 3047 2676 3089 sermone
2701 3049 2810 3089 non
2843 3034 3076 3089 invehor
3111 3051 3122 3088 :
3164 3035 3259 3091 sed
3285 3045 3471 3092 vestra
3493 3051 3748 3107 provoca-

483 3110 691 3183 (Judic.
734 3111 848 3184 xv).
899 3111 1126 3187 Samson
1168 3113 1314 3168 enim
1347 3153 1362 3178 ,
1407 3113 1498 3184 qui
1541 3113 1935 3182 interpretatur
1979 3111 2061 3168 sol

2171 3132 2256 3180 tus
2281 3125 2524 3190 infamia,
2565 3140 2654 3181 me
2681 3135 2889 3189 tantum
2914 3126 3206 3196 purificare
3233 3129 3549 3200 compellor.
3573 3130 3749 3186 Pisca-

475 3218 677 3270 eorum,
710 3201 962 3260 Christus
1001 3213 1104 3271 est,
1136 3205 1229 3274 qui
1267 3205 1320 3258 in
1368 3203 1678 3260 ntandibula
1727 3205 1886 3271 asini,
1917 3204 2064 3260 bruti

475 3295 730 3352 videlicet
757 3305 813 3352 et
857 3297 1121 3369 simplicis
1147 3298 1418 3364 animalis,
1447 3298 1712 3369 plurimos
1741 3299 2019 3356 interemit
2047 3313 2063 3354 :

475 3389 694 3458 quando
737 3404 836 3460 per
860 3405 956 3445 ora
985 3391 1316 3460 piscatorum
1347 3401 1511 3462 atque
1541 3391 1867 3462 simplicium
1896 3407 2066 3463 genus

476 3477 776 3534 humanum
821 3494 852 3535 a
902 3480 1172 3550 superbia:
1224 3497 1336 3537 suae
1365 3481 1547 3553 rigore
1573 3481 1855 3547 contrivit,
1884 3491 1945 3536 ut
1973 3482 2062 3552 qui

475 3569 544 3624 ad
565 3568 915 3627 debellandas
942 3586 1134 3628 aereas
1159 3581 1385 3628 venerat
1412 3581 1728 3644 potestates,
1789 3590 1896 3629 non
1939 3589 2062 3629 cum

475 3662 787 3719 oratoribus
825 3679 891 3720 ac
930 3664 1294 3735 philosophis,
1327 3665 1420 3722 sed
1461 3679 1586 3721 cum
1619 3666 1842 3723 mitibus
1875 3666 2065 3722 trium-

473 3755 670 3828 pharet
697 3766 752 3812 et
779 3757 1066 3830 imperitis.

551 3847 680 3903 Tria
707 3847 866 3919 plane
896 3850 1096 3919 dicitis,
1121 3853 1317 3922 quibus
1368 3854 1516 3910 salva
1565 3856 1832 3912 eharilate
1882 3865 2064 3913 vestra

477 3953 704 3995 necesse
740 3950 822 3996 est
848 3943 1182 4013 responderi.
1208 3945 1598 4016 Dogmatizatis
1621 3948 1765 4004 enim
1793 3949 1933 4004 sacri
1959 3949 2065 4004 mi-

481 4036 686 4092 nistros
737 4035 927 4091 altaris
959 4038 1083 4109 jure
1126 4054 1287 4110 posse
1332 4041 1649 4097 mulieribus
1703 4044 2059 4113 permisceri:

479 4123 611 4178 illud
648 4123 871 4194 insuper
901 4125 1121 4192 additis,
1178 4137 1235 4182 et
1283 4129 1603 4199 quibusdam
1652 4131 2066 4202 allegationibus

480 4215 750 4272 allirmare
773 4219 1012 4284 tentatis,
1047 4221 1174 4290 quia
1209 4237 1314 4277 non
1345 4223 1435 4278 ille
1459 4223 1804 4280 Simoniacus
1825 4242 1946 4281 esse
1976 4226 2062 4281 di-

479 4311 685 4367 cendus
721 4317 824 4378 est,
854 4311 947 4380 qui
998 4313 1098 4367 sub
1146 4314 1492 4384 prastatione
1533 4315 1776 4385 pecunia:
1820 4318 2064 4386 regimen

478 4403 735 4459 Ecclesia:
788 4404 1046 4475 suscipit;
1077 4406 1171 4460 sed
1207 4405 1296 4460 ille
1327 4406 1604 4470 duntaxat,
1630 4409 1721 4478 qui
1749 4409 1815 4463 ad
1846 4410 2066 4479 imposi-

479 4496 681 4550 tionem
717 4510 929 4562 manus,
961 4505 1016 4551 et
1043 4495 1509 4552 consecrationem
1552 4512 1650 4567 per
1674 4499 2062 4554 commercium
2092 4495 2144 4556 D

476 4587 786 4643 venalitatis
834 4587 1044 4658 irrepit.
1094 4589 1403 4655 Postremo,
1435 4591 1578 4659 quod
1629 4590 1913 4645 minimum
1958 4599 2061 4658 est,

478 4681 613 4735 mihi
650 4682 1182 4752 notam_cupiditatis
1235 4682 1472 4749 inuritis,
1505 4684 1648 4752 quod
1679 4683 1934 4738 nimirum
1964 4699 2066 4741 cur

476 4774 840 4843 praesumatis,
891 4774 1019 4846 quia
1086 4774 1221 4829 mihi
1274 4789 1372 4845 pro
1413 4775 1640 4830 minimo
1674 4785 1779 4839 est,
1829 4777 2066 4833 breviter

479 4863 714 4920 referam
750 4884 762 4920 :
795 4875 850 4922 et
870 4868 950 4922 sic
979 4867 1205 4938 reliquis
1227 4867 1437 4924 duabus
1461 4869 1878 4940 objectionibus,
1911 4885 2062 4926 com-

481 4957 734 5012 munibus
758 4958 1008 5014 videlicet
1047 4959 1302 5015 Ecclesia:
1341 4961 1595 5032 negotiis,
1629 4962 1846 5032 proprio
1873 4977 2068 5034 purga-

482 5057 590 5113 tus,
621 5064 926 5104 occurram.
965 5071 981 5101 ι
1022 5052 1150 5108 Mihi
1193 5053 1338 5108 enim
1389 5069 1488 5124 pro
1536 5055 1762 5110 minimo
1813 5063 1918 5121 est,
1950 5064 2068 5111 uta

477 5141 633 5200 vobis
657 5139 892 5209 judicer,
927 5152 1020 5196 aut
1055 5143 1122 5198 ab
1148 5145 1386 5200 humano
1411 5145 1496 5200 die
1526 5143 1578 5215 (Ι
1605 5143 1728 5200 Cor.
1767 5145 1866 5218 tv).
1906 5165 1923 5198 ι
1954 5145 2085 5225 Age

479 5233 644 5303 igitur
690 5233 981 5289 missarum
1037 5236 1168 5291 mihi
1227 5237 1486 5309 mysteria
1517 5236 1835 5303 celebranti,
1869 5253 2067 5294 uxores

2167 3224 2346 3272 torum
2379 3233 2499 3273 sum
2530 3217 2690 3289 plane
2729 3217 3062 3288 discipulus,
3089 3220 3316 3292 ideoque
3340 3236 3448 3277 non
3476 3236 3630 3276 mare
3654 3220 3750 3276 De-

2165 3309 2484 3376 mosthenis,
2515 3325 2616 3366 nec
2656 3319 2957 3367 torrentem
3003 3327 3321 3369 commoveo
3344 3313 3653 3370 Ciceronis.
3686 3312 3749 3368 Et

2167 3403 2291 3472 quia
2321 3403 2652 3474 delinquenti
2695 3403 2850 3459 fratri
2878 3407 3314 3476 compassionem
3347 3407 3543 3474 debeo,
3571 3407 3639 3462 ad
3668 3421 3745 3462 re-

2165 3495 2445 3550 ferendam
2493 3495 2642 3566 digni
2693 3495 2915 3552 talionis
2951 3495 3207 3567 injuriam
3237 3514 3345 3553 non
3393 3498 3611 3554 anhelo.
3643 3497 3747 3554 Hoc

2166 3594 2376 3642 tantum
2405 3587 2535 3643 mihi
2559 3588 2741 3644 dicere
2764 3589 2946 3657 liceat,
2970 3591 3096 3661 quia
3125 3592 3171 3647 si
3202 3605 3235 3647 a
3255 3591 3747 3659 contubernalibus,

2165 3690 2221 3735 et
2249 3680 2621 3738 familiaritate
2647 3685 2974 3756 conjunctis,
3016 3686 3160 3742 sicut
3193 3696 3442 3744 oratores
3473 3703 3539 3743 ac
3570 3689 3746 3745 rheto-

2166 3787 2256 3828 res
2282 3772 2592 3844 perhibent,
2620 3775 2887 3831 trahenda
2911 3785 3037 3831 sunt
3060 3787 3400 3848 argumenta,
3429 3793 3541 3834 non
3565 3779 3748 3835 merito

2166 3866 2326 3923 nobis
2377 3867 2620 3922 avaritia:
2669 3868 2878 3923 crimen
2921 3870 3282 3941 impingitur,
3310 3885 3544 3940 quorum
3588 3870 3748 3928 frater

2166 3959 2453 4032 pecuniam
2487 3959 2640 4029 quasi
2690 3961 3091 4031 parvipendens
3121 3972 3286 4032 atque
3330 3963 3655 4034 despiciens,
3698 3965 3746 4019 in

2167 4050 2410 4106 Ecclesia
2439 4050 2747 4121 dereliquit.
2779 4049 2911 4118 Sed,
2941 4053 2989 4108 si
3037 4053 3221 4111 dicere
3247 4053 3442 4121 liceat,
3477 4056 3636 4112 vobis
3663 4071 3748 4126 po-

2168 4143 2276 4198 tius
2297 4142 2676 4198 ascribendum
2701 4152 2807 4209 est,
2837 4159 3068 4214 quorum
3100 4147 3305 4215 socius,
3330 4148 3475 4216 quod
3520 4147 3743 4204 alienum

2167 4245 2309 4304 erat,
2347 4236 2539 4293 callida
2571 4237 2978 4295 machinatione
3003 4239 3296 4310 subripuit.
3324 4239 3443 4295 Jam
3468 4256 3600 4296 vero
3615 4243 3745 4312 quod

2169 4330 2516 4400 impudenter
2537 4330 2804 4397 asseritis,
2832 4331 3114 4389 ministros
3155 4333 3346 4389 altaris
3389 4335 3645 4407 conjugio
3672 4338 3746 4392 de-

2168 4423 2300 4479 bere
2331 4424 2551 4490 sociari,
2577 4425 2782 4496 proprii
2814 4427 3086 4483 sermonis
3125 4425 3409 4484 adversum
3455 4444 3554 4484 vos
3581 4430 3745 4503 evagi-

2169 4527 2303 4569 nare
2327 4527 2642 4568 mucronem
2672 4514 3004 4584 superfluum
3033 4515 3281 4573 ducimus
3301 4558 3317 4585 ,
3343 4519 3469 4574 dum
3495 4531 3742 4586 armatos,

2169 4613 2360 4662 contra
2389 4619 2487 4660 vos
2511 4605 2674 4661 totius
2719 4605 2974 4663 Ecclesia:
3024 4622 3249 4676 cuneos,
3293 4621 3350 4664 et
3392 4613 3742 4682 constipatam

2169 4699 2410 4754 omnium
2461 4706 2773 4753 sanctorum
2819 4697 3043 4754 Patrum
3086 4700 3262 4756 aciem
3306 4701 3463 4757 vobis
3505 4704 3745 4760 resistere

2172 4789 2474 4849 videamus.
2508 4789 2576 4844 Et
2615 4790 2706 4844 ubi
2763 4800 2910 4845 tanta
2968 4806 3030 4847 se
3080 4791 3384 4849 cmlestium
3429 4794 3740 4851 bellatorum

2170 4880 2341 4936 nubes
2362 4881 2604 4950 opponit,
2637 4881 2836 4936 mirum
2859 4894 2965 4948 est,
2995 4882 3040 4938 si
3089 4899 3196 4939 non
3244 4892 3412 4942 tantm
3440 4887 3740 4943 auctoritati

2171 4970 2426 5039 quaelibet
2453 4986 2607 5025 nova:
2648 4974 3093 5044 praesumptionis
3122 4978 3403 5033 temeritas
3435 4980 3738 5050 acquiescit.

2172 5058 2279 5115 Sed
2306 5075 2616 5130 quanquam
2661 5077 2857 5132 corpus
2901 5079 3172 5120 canonum
3199 5066 3337 5123 desit
3379 5068 3449 5123 ad
3497 5085 3738 5140 prresens,

2172 5151 2420 5221 quaedam
2468 5161 2651 5207 tamen
2681 5152 2904 5209 Patrum
2943 5158 3250 5213 testimonia
3301 5174 3411 5214 non
3470 5176 3740 5232 gravemur

2171 5259 2466 5310 apponere,
2507 5262 2627 5310 quae
2653 5247 2737 5302 vel
2767 5263 2834 5303 ex
2866 5252 3094 5310 repetita
3132 5255 3414 5310 memoria.
3438 5256 3530 5310 vel
3561 5258 3614 5310 in
3635 5261 3738 5310 aui-
