3950 5344
140 256 256 318 $61

1297 248 1496 308 LIBER
1526 246 1847 319 QUINTUS,
1889 245 2101 303 EPIST.
2141 249 2273 306 XIII.

3290 238 3392 296 36%

141 381 414 446 querunt.
447 371 600 440 Quod
631 369 675 426 si
705 373 823 440 post
861 353 1252 422 ordinationem
1281 367 1529 420 ministro
1554 361 1728 416 conti-
1755 365 1804 420 Α
1830 367 2003 423 catur,
2027 368 2084 414 ut
2105 359 2306 413 nullum
2329 357 2502 411 facere
2522 355 2905 410 subdiaconum
2926 361 3270 422 prmsumant.
3295 351 3395 406 nisi

141 466 302 535 gerit
330 464 561 534 propria:
584 461 784 515 nudare
811 459 984 513 cubile
1015 457 1221 521 uxoris,
1250 456 1472 511 sacrarii
1507 470 1610 508 non
1643 453 1722 505 in-

145 563 274 608 tret
325 552 536 615 limina,
576 566 675 604 nec
720 548 940 602 sacrarii
985 547 1212 617 portitor
1247 547 1358 609 liat,
1417 558 1512 598 nec
1555 543 1726 596 altare

144 642 462 712 contingat,
487 656 589 696 nec
617 641 684 695 ab
700 637 1048 694 oﬂerentibus
1077 636 1375 691 holocausti
1402 634 1725 690 oblationem

146 733 441 802 suscipiat.
479 747 579 784 nec
601 732 667 785 ad
695 729 952 784 Duminici
981 728 1222 796 corporis
1249 727 1548 796 portionem
1572 737 1724 778 acce—

149 822 278 875 dat.
305 821 518 890 Aquam
547 820 886 873 sacerdotum
912 819 1151 888 porrigat
1191 817 1459 878 manibus,
1485 814 1622 868 ostia
1651 812 1728 867 fo-

151 910 409 964 rinsecus
450 909 686 972 claudat,
723 908 926 962 minora
956 917 1107 976 gerat
1130 903 1325 969 oliicia,
1351 919 1569 958 urceum
1601 915 1730 956 sane

152 1001 229 1054 ad
261 1000 554 1054 salutarem
582 1001 802 1054 calicem
832 1013 935 1052 non
959 1004 1228 1067 suggerat.
1260 1015 1276 1047 ι
1309 995 1370 1049 Et
1396 993 1554 1065 paulo
1577 1000 1726 1063 post:

159 1106 180 1138 ι
217 1087 463 1142 Clericus
508 1101 636 1141 vero
663 1085 810 1140 solus
835 1085 900 1138 ad
936 1084 1152 1138 feminae
1191 1081 1593 1138 tabernaculum
1623 1094 1730 1133 non

155 1182 403 1244 accedat,
419 1195 520 1234 nec
546 1186 795 1248 properet
818 1177 932 1232 sine
957 1175 1315 1244 majorisnatu
1338 1174 1596 1246 principis
1618 1171 1733 1238 jus-

155 1274 314 1327 sione
339 1291 351 1324 :
377 1287 474 1325 nec
500 1271 782 1340 presbyter
802 1268 946 1323 solus
969 1283 1091 1323 cum
1125 1267 1239 1321 sola
1286 1267 1482 1320 femina
1525 1265 1735 1320 fabulas

157 1364 410 1425 misceat,
429 1376 528 1414 nec
541 1361 970 1420 archidiaconus,
987 1358 1346 1412 aut-diaconus
1361 1357 1459 1411 sub
1471 1367 1732 1427 praetextu

158 1451 486 1505 humilitatis
533 1457 588 1503 et
613 1448 770 1503 ollicii
803 1447 1104 1516 frequentet
1155 1447 1424 1502 domicilia
1455 1455 1732 1500 matrona-

161 1555 284 1593 rum
311 1557 322 1592 :
341 1548 435 1592 aut
450 1539 590 1594 forte
612 1553 706 1608 per
719 1538 966 1601 clericos,
985 1546 1183 1606 autper
1197 1538 1517 1592 domesticos
1535 1547 1732 1590 matro-

161 1630 511 1684 nzmandent
525 1635 788 1684 secretum
808 1627 1024 1697 aliquid.
1044 1628 1098 1682 Si
1118 1627 1355 1698 agnitum
1371 1626 1551 1693 fuerit,
1567 1636 1621 1682 et
1646 1625 1734 1680 ille

1825 451 1914 520 qui
1950 465 2008 506 se
2038 460 2187 505 caste
2211 452 2478 506 victurum
2506 447 2842 517 promiserit;
2876 456 3143 516 quatenus
3167 452 3222 499 et
3256 458 3395 512 pne-

1827 541 2006 606 tcrita.
2034 557 2152 610 quae
2180 556 2275 611 per
2303 539 2629 612 propositum
2653 537 2847 592 mentis
2869 537 3100 605 appetita
3124 551 3227 590 non
3252 541 3395 596 sunt.

1828 629 2084 684 violenter
2108 645 2213 684 non
2243 631 2556 700 exigantur,
2589 636 2644 683 et
2690 625 2866 680 futura
2897 634 3052 679 caute
3085 633 3395 679 caveantur.

1827 717 1929 785 Qui
1978 735 2106 774 vero
2156 729 2274 790 post
2321 719 2560 774 eamdem
2615 718 3049 786 prohibitionem,
3103 732 3221 784 qua:
3274 723 3400 768 ante

1831 809 2118 862 triennium
2141 809 2281 864 facta
2311 818 2412 874 est,
2441 810 2777 862 continenter
2805 823 2925 862 cum
2948 808 3060 862 suis
3086 804 3403 875 coniugibus

1830 897 2094 961 vixerant,
2125 897 2409 960 laudandi,
2447 908 2609 966 atque
2654 898 3031 952 remunerandi
3074 905 3232 952 sunt:
3263 904 3318 950 et
3346 905 3405 950 ut

1831 987 1886 1040 in
1913 987 2052 1040 bono
2080 1003 2177 1042 suo
2198 998 2562 1056 permaneant,
2589 989 2926 1042 exhortandi.
2957 989 3060 1042 Eos
3083 996 3279 1049 autem,
3311 987 3404 1054 qui

1830 1085 1952 1144 post
1974 1078 2390 1146 prohibitionem
2420 1078 2617 1132 factam
2645 1093 2702 1132 sc
2731 1095 2763 1132 a
2799 1080 2910 1133 suis
2941 1079 3199 1132 uxoribus
3232 1076 3406 1140 conti-

1832 1180 1962 1220 nere
1989 1165 2293 1231 noluerunt,
2319 1166 2602 1236 pervenire
2638 1167 2706 1220 ad
2740 1181 2954 1222 sacrum
2979 1167 3223 1222 ordinem
3254 1164 3408 1220 nolu-

1835 1270 1954 1309 mus
1977 1271 1991 1320 ;
2028 1255 2154 1324 quia
2183 1255 2360 1311 nullus
2385 1256 2542 1310 debet
2571 1254 2638 1309 ad
2658 1256 3013 1311 ministerium
3039 1255 3226 1309 altaris
3254 1270 3408 1310 acce-

1834 1343 1979 1409 dere,
2008 1346 2108 1400 nisi
2139 1345 2289 1414 cujus
2316 1346 2533 1401 castitas
2560 1355 2685 1400 ante
2713 1357 3020 1415 susceptum
3053 1346 3407 1400 ministerium

1834 1434 1997 1491 fuerit
2067 1438 2311 1506 probata.
2369 1437 2499 1491 Item
2555 1446 2608 1491 et
2669 1437 2946 1492 decretum
3004 1437 3199 1492 Leonis
3259 1453 3412 1507 papa:

1836 1529 2008 1598 (epist.
2047 1528 2136 1593 82,
2169 1544 2286 1599 cap.
2318 1529 2373 1594 4,
2423 1536 2489 1583 ad
2544 1529 2791 1583 Anastas.
2843 1528 3099 1598 Thermi.)
3151 1547 3164 1582 :
3227 1547 3244 1580 ι
3276 1527 3412 1582 Nam

1836 1636 1958 1676 cum
1987 1630 2140 1676 extra
2189 1621 2508 1678 clericorum
2559 1622 2804 1676 ordinem
2847 1622 3155 1678 constitutis
3199 1622 3414 1690 nuptia-

161 1719 484 1789 deponatur,
541 1727 596 1774 et
647 1719 733 1773 illa
763 1735 791 1772 a
827 1718 1101 1773 liminibus
1131 1728 1380 1774 arceatur
1407 1718 1680 1773 Ecclesiae.
1709 1737 1728 1770 ι
1762 1722 1808 1782 Β
1836 1727 1954 1767 rum
1989 1713 2256 1778 societati,
2302 1721 2356 1767 et
2383 1713 2745 1783 procreationi
2796 1714 3024 1768 filiorum
3071 1715 3292 1770 studere
3342 1713 3415 1768 sit

159 1807 220 1862 In
251 1807 465 1862 Nicarno
490 1809 652 1863 etiam
680 1807 908 1863 concilio
934 1808 1130 1862 dicitur
1161 1824 1173 1860 :
1210 1827 1228 1859 ι
1264 1808 1505 1879 lnnuplis
1534 1819 1732 1875 autem,

160 1898 255 1966 qui
285 1897 350 1950 ad
380 1898 585 1951 clerum
619 1897 853 1967 provecti
889 1905 1034 1960 sunt,
1065 1897 1406 1967 praecipimus
1434 1907 1514 1966 ut,
1554 1898 1600 1952 si
1647 1913 1736 1952 vo-

162 1985 384 2048 luerint,
410 2002 608 2040 uxores
653 1986 940 2056 accipiant,
974 1987 1067 2041 sed
1122 1987 1350 2043 lectores
1380 1998 1736 2058 cantoresque

164 2076 556 2130 tantummodo.
596 2096 614 2129 ι
653 2077 728 2130 Ex
772 2077 1004 2132 concilio
1065 2091 1280 2148 quoque
1325 2079 1735 2149 Carthaginensi

164 2166 514 2237 (Cam'apoxI.
544 2168 644 2232 25;
672 2184 817 2222 conc.
843 2167 1022 2222 Carth.
1046 2184 1101 2234 v,
1125 2184 1244 2239 cap.
1268 2169 1323 2238 5)
1354 2187 1368 2224 :
1411 2188 1430 2222 (
1468 2169 1734 2225 Praeterea

164 2271 285 2311 eum
339 2259 408 2311 de
470 2259 823 2327 quorumdam
889 2258 1226 2325 clericorum,
1279 2260 1522 2329 quamvis
1565 2260 1733 2314 lecto-

170 2361 284 2399 rum
314 2385 329 2410 ,
390 2361 519 2417 erga
575 2362 768 2403 uxores
813 2348 1057 2417 proprias
1113 2347 1501 2404 incontinentia
1569 2348 1736 2404 refer-

165 2445 332 2500 retur,
358 2437 562 2504 placuit
588 2437 883 2508 episcopos,
907 2445 962 2491 et
993 2438 1359 2509 presbyteros,
1387 2446 1443 2493 et
1484 2438 1736 2494 diaconos

164 2527 456 2582 secundum
510 2529 725 2598 propria
754 2535 953 2584 statuta
981 2529 1144 2584 etiam
1177 2529 1243 2584 ab
1271 2528 1530 2583 uxoribus
1559 2529 1732 2583 conti-

165 2633 324 2674 nere:
361 2621 504 2689 quod
536 2622 636 2676 nisi
663 2620 908 2689 fecerint,
939 2623 1007 2678 ab
1029 2623 1394 2679 ecclesiastico
1423 2639 1734 2678 removeana

171 2717 253 2765 tur
279 2712 477 2767 cilicio.
513 2733 531 2765 ι
561 2714 691 2770 Item
716 2730 781 2770 ex
805 2714 909 2770 alio
937 2715 1160 2770 concilio
1189 2716 1328 2784 apud
1355 2715 1734 2785 Carthaginem

165 2800 341 2870 (Cone.
378 2802 629 2875 Carthag.
666 2819 724 2871 tt,
751 2820 870 2875 cap.
899 2806 955 2875 2)
986 2807 1234 2860 Aurelius
1289 2807 1570 2877 cpiscopus
1594 2805 1735 2861 inter

163 2898 352 2945 cetera
385 2893 518 2948 dixit
552 2912 564 2947 :
601 2914 619 2944 ι
659 2893 866 2950 Placuit
895 2910 1078 2950 sacros
1108 2896 1381 2952 antistites
1405 2911 1470 2952 ac
1511 2897 1604 2952 Dei
1646 2911 1734 2951 sa-

164 2981 446 3043 cerdotes,
505 2999 709 3039 necnon
759 2994 813 3040 et
871 2985 1099 3051 levitas,
1133 2985 1214 3040 vel
1265 2987 1356 3057 qui
1423 3002 1732 3042 sacramen-

1836 1800 2083 1865 liberum,
2113 1802 2180 1857 ad
2208 1801 2562 1857 exhibendam
2587 1810 2765 1857 tamen
2789 1804 3040 1871 perfectae
3068 1805 3414 1859 continentia:

1834 1896 2144 1964 puritatem,
2190 1912 2290 1951 nec
2319 1896 2661 1951 subdiaconis
2690 1898 2904 1966 quidem
2932 1898 3259 1952 connubium
3291 1913 3413 1952 car-

1835 1985 1953 2041 nale
1982 1987 2328 2052 conceditur;
2364 1997 2422 2040 ut
2449 1995 2502 2040 et
2527 1987 2618 2056 qui
2641 1987 2858 2051 habent,
2885 1987 2992 2040 sint
3023 1996 3275 2056 tanquam
3302 2001 3411 2041 non

1834 2076 2122 2142 habentes;
2154 2085 2209 2132 et
2229 2078 2318 2146 qui
2344 2093 2448 2132 non
2490 2078 2707 2141 habent,
2733 2091 3083 2148 permaneant
3114 2077 3413 2147 singulares

1834 2164 1888 2237 (I
1917 2164 2036 2219 Cor.
2059 2167 2174 2236 vn).
2200 2186 2218 2218 ›
2239 2165 2388 2232 Quod
2411 2167 2454 2220 si
2479 2167 2532 2220 in
2551 2168 2650 2221 hoc
2669 2169 2876 2231 ordine,
2901 2169 2992 2236 qui
3023 2177 3246 2238 quartus
3268 2180 3352 2225 est
3379 2187 3411 2226 a

1833 2257 2026 2326 capite,
2051 2257 2267 2328 dignum
2307 2268 2389 2313 est
2419 2258 2694 2321 custodiri,
2726 2269 2928 2329 quanto
2968 2261 3138 2330 magis
3161 2276 3193 2315 a
3213 2262 3410 2332 primo,

1833 2346 1915 2400 vel
1939 2349 2194 2412 secundo,
2227 2348 2453 2402 tertiove
2473 2349 2794 2402 servandum
2821 2357 2904 2403 est
2931 2365 2946 2404 :
2973 2366 3038 2405 ne
3060 2358 3152 2405 aut
3177 2350 3410 2416 Ievitico,

1832 2448 1926 2491 aut
1971 2437 2325 2508 presbyterali
2357 2439 2581 2503 honore,
2618 2448 2711 2492 aut
2755 2439 3045 2510 episcopali
3095 2441 3412 2496 excellentia

1833 2529 2059 2599 quisque
2092 2530 2314 2584 idoneus
2342 2531 2654 2592 aestimetur,
2705 2531 2795 2598 qui
2829 2546 2887 2584 se
2918 2547 2948 2584 a
2977 2531 3247 2601 voluptate
3273 2547 3412 2586 uxo-

1834 2621 1936 2683 ria,
1965 2619 2191 2674 necdum
2220 2620 2462 2675 frenasse
2505 2621 2804 2688 detegitur?
2833 2621 2963 2677 Item
2989 2639 3123 2693 papa
3155 2623 3414 2680 Silvester

1833 2709 1986 2781 (Syn.
2015 2710 2169 2765 Rom.
2197 2727 2247 2766 c.
2271 2711 2326 2781 8)
2357 2729 2369 2764 :
2407 2731 2425 2762 ι
2468 2710 2604 2764 Nulli
2653 2720 2830 2766 autem
2861 2709 3311 2768 subdiaconorum
3344 2716 3412 2768 ad

1831 2800 2045 2870 nuptias
2067 2801 2298 2856 transire
2320 2801 2708 2870 permittentes,
2735 2802 3093 2870 praecipimus,
3135 2817 3204 2858 ne
3231 2802 3411 2872 aliqua

1833 2892 1936 2948 hoc
1979 2893 2424 2963 pmvaricatione
2471 2893 2892 2963 praesumpserit.
2928 2913 2947 2945 ›
2983 2893 3135 2960 Quod
3181 2895 3227 2950 si
3277 2909 3411 2950 con-

1833 2983 2120 3040 temnenda
2155 2991 2236 3040 tot
2254 2983 2668 3054 apostolicorum
2701 2985 2938 3039 virorum
2962 2986 3176 3040 decreta
3198 2986 3414 3040 duxeri-

166 3070 230 3123 tis
270 3071 467 3126 divinis
523 3073 838 3139 inserviunt,
887 3075 1221 3130 continentes
1276 3091 1394 3132 esse
1455 3077 1508 3132 in
1561 3067 1802 3132 omni-C
1834 3075 1923 3140 tis,
1980 3090 2044 3131 ac
2086 3091 2183 3146 per
2211 3089 2398 3130 eorum
2427 3089 2520 3129 ora
2553 3083 2806 3144 tanquam
2851 3075 3072 3130 totidem
3099 3090 3301 3147 organa
3335 3078 3414 3132 lo-

165 3159 280 3225 bus,
313 3162 470 3233 165
492 3179 600 3232 quo
619 3164 823 3234 possint
846 3165 1181 3234 simpliciter,
1202 3167 1341 3234 quod
1362 3182 1391 3219 a
1414 3166 1522 3222 Deo
1548 3174 1734 3236 postu-

163 3249 289 3315 lant,
320 3253 643 3321 impetrare;
677 3261 734 3306 ut
760 3253 900 3322 quod
927 3253 1152 3322 apostoli
1184 3255 1512 3319 docuerunt,
1536 3265 1592 3310 et
1621 3254 1735 3324 ipsa

166 3343 396 3395 servavit
436 3343 755 3412 antiquitas,
790 3358 888 3397 nos
917 3359 1129 3412 quoque
1159 3345 1543 3400 custodiamus.
1583 3365 1600 3396 ι
1653 3343 1737 3400 Ad

165 3429 272 3486 haec
300 3431 592 3487 Faustinus
615 3435 898 3503 episcopus
930 3434 1178 3488 Ecclesiae
1209 3434 1483 3490 Pontianaa
1514 3437 1735 3506 provin-

163 3523 256 3577 cia:
284 3521 487 3588 Piceni,
518 3524 724 3596 legatus
752 3525 1007 3580 Romana:
1033 3526 1281 3582 Ecclesia:
1303 3528 1436 3604 dixit
1461 3544 1474 3583 :
1505 3546 1523 3580 ‹
1558 3526 1740 3584 Placet

163 3625 222 3670 ut
247 3617 548 3688 episcopus,
590 3620 868 3691 presbyter
894 3627 948 3673 et
973 3619 1266 3683 diaconus,
1309 3620 1393 3675 vel
1437 3621 1531 3692 qui
1557 3635 1739 3676 sacra-

163 3719 340 3762 menta
364 3718 725 3772 contrectant,
749 3709 1018 3778 pudicitia:
1039 3711 1290 3765 custodes
1310 3709 1378 3764 ab
1397 3711 1656 3766 uxoribus
1679 3726 1740 3767 se

163 3797 486 3852 abstineant.
533 3817 553 3850 ι
603 3799 686 3853 ΑΙ)
735 3799 1000 3854 universis
1053 3800 1318 3870 episcopis
1364 3801 1566 3854 dictum
1614 3810 1733 3857 est:

167 3905 184 3936 ι
217 3886 404 3941 Placet
429 3898 488 3941 ut
511 3888 564 3942 in
592 3888 871 3953 omnibus,
900 3897 956 3942 et
987 3889 1054 3944 ab
1079 3890 1331 3944 omnibus
1355 3891 1613 3959 pudicitia
1637 3906 1736 3945 cu-

162 3978 448 4043 stodiatur,
479 3979 572 4047 qui
614 3978 770 4032 altari
795 3977 1053 4033 serviunt.
1097 3998 1114 4030 )
1149 3977 1226 4033 Ne
1265 3994 1395 4035 vero
1424 3980 1490 4035 de
1520 3980 1738 4036 subdia-

161 4067 334 4133 conis,
363 4069 507 4137 quod
545 4067 818 4123 abstinere
846 4068 1107 4139 coniugiis
1135 4069 1400 4136 debeant,
1433 4069 1542 4124 ulla
1570 4071 1738 4140 possit

161 4168 442 4209 remanere
462 4155 726 4220 dubietas,
755 4155 893 4210 idem
917 4155 1169 4212 Aurelius
1189 4168 1311 4227 post
1332 4157 1497 4213 multa
1517 4157 1738 4227 subjun-

161 4243 236 4313 git
264 4257 280 4296 :
315 4261 334 4296 (
369 4243 579 4300 Placuit
602 4244 744 4314 quod
775 4252 830 4299 et
855 4244 910 4299 in
941 4244 1168 4301 diversis
1193 4245 1438 4302 conciliis
1467 4246 1734 4302 ﬁrmatum

159 4341 259 4398 est,
292 4342 352 4388 ut
378 4333 714 4400 subdiaconi,
763 4335 853 4405 qui
896 4349 1048 4390 sacra
1081 4337 1336 4407 mysteria
1379 4347 1732 4406 contrectant,

1834 3166 2046 3236 quentis
2071 3164 2305 3235 Spiritus
2335 3165 2505 3220 sancti
2534 3173 2737 3219 statuta
2768 3167 3109 3235 spreveritis,
3157 3183 3319 3236 quam
3347 3167 3415 3222 de

1835 3256 1987 3312 vobis
2040 3257 2230 3312 beatus
2281 3271 2416 3326 papa
2473 3257 2735 3311 Damasus
2787 3258 3110 3312 sententiam
3168 3257 3411 3327 profert,

1837 3344 2056 3414 dignum
2083 3353 2167 3399 est
2194 3344 2426 3399 audiatis
2453 3362 2464 3397 :
2501 3362 2518 3395 ι
2551 3344 2873 3410 Violatores,
2905 3346 3101 3415 inquit,
3125 3346 3414 3400 voluntarii

1837 3447 2101 3487 canonum
2137 3435 2375 3502 graviter
2406 3450 2435 3488 a
2473 3436 2672 3489 sanctis
2704 3434 2952 3491 Patribus
2989 3438 3329 3508 iudicantur,
3361 3449 3418 3493 et

1838 3535 1868 3574 a
1897 3531 2084 3576 sancto
2107 3522 2329 3592 Spiritu,
2353 3522 2503 3592 cuius
2528 3525 2781 3580 instinctu
2811 3541 2875 3580 ac
2915 3528 3056 3582 dono
3074 3527 3229 3581 dilati
3257 3528 3413 3598 166

1837 3617 1982 3675 sunt,
2019 3607 2374 3676 damnantur;
2409 3631 2428 3664 ι
2467 3615 2719 3681 quoniam
2753 3614 3126 3684 blasphemare
3153 3617 3413 3687 Spiritum

1837 3709 2083 3753 sanctum
2112 3715 2217 3755 non
2244 3702 2541 3772 incongrue
2564 3704 2835 3771 videntur,
2864 3709 2953 3776 qui
2979 3717 3171 3764 contra
3195 3711 3410 3766 eosdem

1837 3799 2056 3846 sanctos
2084 3807 2319 3847 canones
2341 3809 2446 3847 non
2471 3796 2794 3850 necessitate
2820 3799 3102 3867 compulsi,
3129 3802 3222 3856 sed
3244 3801 3413 3857 liben-

1838 3891 1944 3948 ter,
1973 3893 2031 3937 ut
2061 3883 2339 3954 praeﬁxum
2365 3893 2468 3949 est,
2497 3885 2697 3954 aliquid
2719 3899 2812 3941 aut
2833 3898 3082 3957 proterve
3105 3901 3290 3960 agunt.
3320 3905 3414 3947 aut

1837 3975 1980 4045 loqui
1998 3985 2350 4046 praesumunt,
2365 3985 2458 4030 aut
2471 3975 2650 4031 facere
2665 3977 2969 4034 volentibus
2981 3991 3173 4051 sponte
3190 3998 3414 4039 consen-

1837 4063 1996 4118 tiunt.
2021 4064 2165 4120 Talis
2199 4064 2341 4119 enim
2363 4067 2706 4135 praasumptio
2737 4067 3022 4125 manifeste
3049 4087 3211 4127 unum
3243 4088 3412 4144 genus

1835 4165 1918 4212 est
1939 4157 2424 4228 blasphemantiutn
2456 4157 2713 4228 Spiritum
2745 4170 3020 4228 sanctum;
3052 4165 3330 4233 quoniam,
3357 4179 3416 4220 ut

1828 4246 1943 4318 jam
1969 4248 2305 4319 praelibatum
2333 4257 2438 4314 cst,
2469 4259 2654 4305 contra
2683 4265 2805 4306 eum
2827 4255 2959 4324 agit,
2991 4255 3144 4324 cujus
3167 4255 3321 4326 jussu
3358 4271 3415 4313 et

1837 4338 2005 4409 gratia
2028 4338 2188 4394 iidem
2217 4340 2389 4395 sancti
2412 4341 2542 4396 editi
2565 4352 2690 4397 sunt
2711 4358 2964 4401 canones.
2995 4345 3230 4402 Audiant
3259 4364 3410 4420 ergo,

159 4432 207 4476 et
240 4424 476 4490 diaconi,
507 4434 560 4480 et
591 4426 888 4496 presbyteri
933 4426 1030 4481 sed
1060 4435 1113 4480 et
1155 4427 1394 4498 episcopi
1435 4430 1727 4485 secundum
1759 4415 1808 4475 Ῑ)
1832 4431 1924 4501 qui
1955 4431 2109 4487 nobis
2129 4431 2426 4499 obsistunt,
2451 4434 2541 4503 qui
2562 4435 2821 4490 adversus
2840 4451 2938 4491 nos
2959 4453 3120 4508 super
3144 4441 3247 4494 hac
3265 4415 3411 4509 quie-

161 4514 373 4584 propria
400 4524 599 4570 statuta
619 4555 634 4580 ,
663 4516 825 4571 etiam
847 4515 914 4570 ab
937 4516 1194 4573 uxoribus
1218 4532 1278 4574 se
1305 4519 1641 4587 abstineant,
1671 4531 1733 4577 ut

164 4617 412 4677 tanquam
445 4623 548 4663 non
582 4609 839 4663 habentes
868 4609 1148 4664 videantur
1177 4624 1327 4676 esse;
1360 4613 1500 4680 quod
1528 4612 1628 4668 nisi
1653 4611 1730 4668 fe-

161 4699 356 4764 cerint,
383 4700 453 4754 ab
483 4700 738 4754 Ecclesia:
768 4710 1142 4754 removeantur
1160 4701 1354 4757 oliicio.
1387 4722 1406 4756 ι
1433 4701 1575 4774 Papa
1600 4717 1731 4774 quo-

161 4805 260 4858 que
285 4788 579 4861 Gregorius
609 4790 770 4846 Petro
799 4783 1126 4846 s’ubdiacouo
1146 4791 1287 4848 inter
1303 4802 1496 4849 caetera
1520 4794 1729 4861 scribit,

161 4878 338 4934 dicens
355 4879 546 4951 (Gneo.
575 4879 703 4951 Reg.
725 4897 740 4946 ;
764 4880 856 4934 lib.
882 4896 975 4934 vm
997 4883 1145 4950 epist.
1167 4883 1256 4948 42,
1283 4884 1516 4949 (Ιίεῑῶί,
1542 4886 1724 4956 Ante):

167 4984 184 5016 ι
216 4970 352 5024 Ante
397 4970 688 5024 triennium
720 4970 1030 5024 subdiaconi
1076 4973 1312 5028 omnium
1365 4973 1728 5032 Ecclesiarum

164 5059 349 5116 Sicilia:
375 5062 635 5131 prohibiti
660 5061 894 5125 fuerant,
921 5071 979 5114 ut
1010 5077 1156 5116 more
1187 5064 1442 5122 Romana:
1473 5067 1728 5125 Ecclesia:

163 5151 265 5205 suis
293 5152 554 5206 uxoribus
593 5151 904 5205 nullatenus
950 5150 1320 5212 miscerentur.
1361 5172 1379 5206 ι
1413 5153 1566 5222 Quod
1597 5159 1726 5214 mihi

162 5241 341 5274 λιι-σιω
409 5250 572 5274 adnuo
617 5243 982 5274 :nnnsnnnlnne
1015 5241 1225 5274 υίΑηΙι--ι
1310 5255 1368 5274 η.
1422 5250 1510 5274 ηυξ
1573 5265 1702 5274 ..ι-...ι

1837 4521 2012 4576 stione
2035 4520 2323 4594 conﬂigunt
2360 4539 2375 4577 :
2412 4525 2536 4593 quia
2565 4525 2690 4578 dum
2720 4525 2874 4580 nobis
2919 4537 3046 4582 sunt
3089 4529 3406 4595 adversarii,

1837 4608 1892 4663 in
1923 4609 2182 4680 Spiritum
2208 4621 2454 4666 sanctum
2485 4612 2766 4668 manifesta
2803 4624 2929 4670 sunt
2974 4618 3267 4674 rebellione
3292 4621 3408 4675 bla-

1835 4700 2042 4770 sphemi
2070 4717 2084 4756 :
2113 4711 2168 4756 et
2215 4700 2360 4755 illum
2398 4701 2830 4772 blasphemantes
2875 4703 3152 4763 oﬂ'endunt
3179 4750 3194 4776 ,
3255 4711 3409 4779 cujus

1835 4788 2060 4846 offensio
2086 4805 2192 4846 non
2217 4791 2510 4846 remittitur
2533 4808 2707 4862 neque
2750 4793 2838 4848 hic
2863 4833 2878 4858 ,
2911 4811 3086 4867 neque
3115 4799 3167 4852 in
3201 4799 3405 4854 futuro.

1835 4878 1944 4936 Sed
1980 4879 2095 4950 jam
2141 4881 2321 4952 plures
2371 4891 2678 4939 sanctorum
2730 4885 3042 4954 pontificum
3088 4891 3411 4946 subneCIere

1835 4971 2142 5028 sanctiones
2163 4974 2481 5038 omittimus,
2524 4989 2594 5029 ne
2622 4973 2929 5042 epistolaris
2956 4980 3261 5048 compendii
3298 4997 3412 5035 me-

1835 5069 1944 5116 tam
1970 5061 2234 5116 excedere
2254 5062 2578 5130 iudicemur.
2626 5062 2776 5120 Parit
2801 5063 2943 5117 enim
2972 5067 3253 5136 prolixitas
3281 5067 3410 5122 laci.

1834 5153 1984 5207 niosa
2015 5146 2308 5206 fastidium.
2341 5152 2407 5207 Et
2445 5162 2594 5208 certe
2631 5154 2713 5208 cui
2749 5164 3064 5214 sanctorum
3108 5160 3412 5215 testimonia

1837 5258 1939 5274 ηΛη
1964 5239 2219 5274 (aI-Meda“!
2269 5243 2622 5272 ηιηιΙΛΛηηι--ιλ
2649 5253 2894 5272 nant-An.“
2927 5249 2976 5270 θη
