3950 5344
521 224 627 284 563

1016 229 1073 287 S.
1105 223 1305 288 PETRI
1344 233 1624 290 DAMIANI
1662 234 1812 292 OPP.
1852 236 2031 293 PARS
2069 236 2196 296 SEU
2240 239 2475 299 TOMUS
2512 242 2555 297 Ι.
2593 262 2663 286 -έ
2699 241 2917 298 EPIST.
2957 242 3086 297 LIB.
3129 244 3256 300 Vill.

3658 252 3761 325 364

518 342 779 435 gligenter
806 345 1078 402 attenditis
1097 388 1112 408 ,
1154 347 1500 403 sobrietatem
1525 347 1902 404 ecclesiastica:
1929 347 2081 404 intel-
2111 355 2153 411 Α
2176 352 2508 411 matrimonii
2541 338 2744 407 foedera
2772 351 3131 421 copulahunt,
3176 352 3267 421 qui
3298 353 3496 409 cubilia
3536 363 3755 435 paterna

517 433 751 504 ligentia:
777 451 881 492 non
912 438 1127 493 tenetis.
1157 437 1251 494 ille
1274 438 1528 494 nimirum
1557 440 1811 496 sacerdos
1833 440 2087 511 conjuge-

519 532 603 579 tus
631 525 846 591 dicitur,
876 539 981 581 non
1018 527 1108 595 qui
1138 543 1278 582 nunc
1302 528 1465 583 habet
1490 544 1734 593 uxorem,
1760 530 1854 586 sed
1875 531 1963 598 qui
1992 544 2086 599 po-

515 614 619 667 tius
648 613 835 668 habuit
859 623 984 670 ante
1011 625 1319 686 perceptam
1343 618 1691 673 sacerdotalis
1718 618 1877 674 ollicii
1914 619 2086 688 digni-

514 713 699 758 tatem.
760 702 928 771 Quem
972 704 1214 774 profecto
1260 705 1305 760 si
1360 706 1685 775 spernimus,
1738 708 2086 776 consequitur

510 794 691 859 etiam,
726 804 786 850 ut
809 805 865 851 et
887 797 1101 851 beatum
1130 797 1351 852 Paulum
1379 799 1677 867 apostolum
1706 839 1720 866 ,
1766 799 1910 869 quod
1937 800 2083 854 dictu

511 886 662 941 nefas
690 894 792 953 est,
824 896 1174 944 contemnere
1203 889 1518 945 debeamus.
1548 889 1908 945 Nihilominus
1927 898 1981 944 et
2016 889 2081 942 il-

508 978 596 1032 lud
641 978 709 1034 de
734 979 877 1034 beati
904 980 1138 1050 Epistola
1166 981 1235 1035 ad
1264 980 1576 1036 Corinthios
1630 980 1773 1036 velut
1806 980 2079 1052 egregium

508 1079 562 1125 et
580 1070 852 1141 insignem
898 1071 1111 1128 Goliath
1160 1072 1394 1144 gladium
1436 1072 1667 1129 versatis
1710 1073 1764 1128 in
1811 1074 2079 1137 manibus,

508 1151 738 1231 eumque
762 1154 1037 1217 vibrantes
1063 1161 1370 1218 Israelitica:
1412 1162 1583 1233 plebis
1611 1164 1780 1218 aciem
1818 1163 2082 1218 ventilare

510 1254 729 1310 tentatis
753 1242 777 1307 τ’
803 1273 821 1305 ι
848 1253 1083 1324 Propter
1101 1252 1536 1319 fornicationem,
1570 1254 1763 1324 inquit,
1790 1254 2079 1324 unusquis-

506 1357 610 1413 que
645 1334 806 1398 suam
850 1352 1070 1399 uxorem
1116 1345 1313 1400 habeat
1351 1362 1365 1398 :
1401 1343 1554 1398 uxori
1581 1345 1665 1398 vir
1687 1344 1922 1399 debitum
1956 1346 2076 1399 red-

506 1435 635 1498 dat,
685 1442 739 1487 et
769 1442 904 1488 uxor
929 1435 1046 1495 viro
1075 1434 1163 1505 (ΙΙ
1190 1433 1312 1489 Cor.
1344 1433 1460 1505 vn).
1504 1453 1522 1486 ι
1558 1434 1613 1489 1η
1666 1446 1773 1505 quo
1824 1436 2078 1496 nimirum

505 1513 689 1590 verbo,
718 1526 858 1595 quod
888 1527 1106 1591 dicitur,
1151 1545 1168 1577 ‹
1205 1526 1593 1596 unusquisque,
1626 1545 1645 1578 ι
1681 1529 1805 1580 cum
1833 1525 1987 1581 l‘aicis
2007 1526 2079 1581 si-

505 1619 613 1672 mul
651 1617 836 1672 altaris
871 1618 1149 1673 ministros
1168 1617 1591 1687 comprehensos
1619 1631 1743 1672 esse
1769 1616 2075 1685 conjicitis:

2186 442 2598 507 commaculant,
2626 441 2716 510 qui
2738 455 3045 512 germanas,
3076 440 3143 494 ah
3166 439 3374 496 scelus!
3414 443 3657 498 uterinas
3680 445 3755 499 in-

2186 530 2439 584 cestant?
2480 530 2617 584 Eant
2659 544 2787 599 ergo
2810 530 2923 600 jam
2954 529 3246 595 monachi,
3300 531 3508 587 dotales
3553 532 3755 589 tabulas

2186 619 2394 686 publice
2424 618 2719 689 proferant,
2753 618 2970 689 nuptias
2991 620 3317 674 contrahant
3346 638 3360 674 :
3391 630 3449 675 et
3466 622 3622 692 juxta
3639 638 3754 679 san-

2184 708 2378 777 ctionis
2403 718 2598 764 vestrae
2637 710 2959 765 sententiam
3002 710 3278 780 vagientes
3325 726 3524 779 pueros
3564 714 3754 769 teneris

2182 796 2410 852 delinire
2447 785 2815 866 complexibus
2860 797 3167 855 nullatenus
3195 798 3542 855 erubescant.
3590 798 3660 856 Et
3700 817 3752 857 re

2183 903 2310 943 vera
2335 905 2456 944 cunt
2488 890 2782 945 monachos
2810 903 2874 944 ac
2917 889 3127 955 levitas,
3159 890 3243 946 vel
3272 890 3325 945 in
3354 892 3655 962 peccando,
3677 894 3751 947 vel

2183 976 2237 1036 in
2273 982 2583 1050 paenitendo
2608 981 2872 1037 canonica
2903 980 3215 1051 frequenter
3240 994 3417 1053 :equct
3443 985 3749 1049 auctoritas,

2183 1086 2289 1140 quo
2317 1079 2477 1141 pacto
2505 1070 2732 1141 potestis
2762 1069 3071 1140 conjugales
3107 1071 3328 1142 copulas
3372 1072 3621 1128 inhibere
3648 1088 3753 1127 mo-

2183 1161 2394 1227 nachis,
2424 1176 2562 1230 quas
2594 1161 2785 1243 utique
2813 1161 3058 1217 diaconis
3086 1162 3418 1232 indulgetis?
3447 1163 3586 1226 Nam
3620 1180 3748 1234 quo-

2180 1253 2341 1306 modo
2384 1252 2436 1305 in
2484 1250 2596 1307 sola
2623 1251 2907 1308 mulierum
2950 1252 3301 1321 permistione
3345 1262 3473 1309 sunt
3515 1254 3749 1324 dispares

2179 1346 2271 1415 qui
2305 1346 2358 1400 in
2383 1346 2593 1402 caeteris
2625 1345 2937 1401 excessibus
2972 1336 3313 1415 reperiuntur
3338 1346 3621 1416 aequales?
3658 1346 3750 1401 De-

2180 1437 2512 1493 cernendnm
2540 1448 2622 1492 est
2649 1452 2799 1509 ergo,
2828 1445 2888 1492 ut
2914 1446 3008 1492 aut
3046 1438 3318 1505 monachi,
3351 1441 3498 1508 quod
3533 1440 3638 1494 dici
3672 1455 3751 1495 sa-

2180 1527 2435 1597 crilegum
2464 1538 2567 1592 est,
2595 1528 2812 1597 nuptias
2849 1512 3065 1598 ineant_;
3097 1539 3191 1581 aut
3219 1528 3433 1583 diaconi
3456 1544 3518 1584 se
3547 1529 3751 1600 penitus

2180 1617 2248 1671 ab
2279 1617 2436 1690 hujus
2459 1617 2827 1687 ignominiosa:
2856 1617 3200 1687 turpitudinis
3244 1619 3589 1687 Aobscenitate
3617 1635 3753 1675 eom-

504 1710 703 1764 ctdum
730 1710 779 1763 in
805 1709 1091 1777 apostolica
1113 1706 1376 1764 sententia
1397 1708 1701 1762 litterarum
1725 1708 1905 1778 paleas
1927 1708 2079 1777 quasi
2110 1705 2153 1763 Β
2183 1716 2424 1776 pcscant.
2454 1707 2605 1773 Quod
2640 1707 2989 1763 nihilominus
3011 1717 3066 1764 et
3103 1709 3173 1764 de
3199 1710 3551 1778 subdiaconis
3574 1712 3748 1767 scien-

496 1800 864 1868 jumentorum
880 1798 1050 1853 dente
1062 1796 1380 1863 corroditis,
1400 1794 1664 1851 medullas
1690 1795 1983 1864 spiritualis
2007 1795 2080 1848 in-

503 1891 809 1961 telligentia:
850 1891 1036 1961 pietati
1078 1891 1327 1945 humana:
1369 1886 1613 1943 faucibus
1655 1902 1762 1942 non
1805 1887 2076 1958 gustatis:

504 1986 613 2038 imo
638 1998 859 2053 prorsus
895 1998 924 2036 a
963 1982 1146 2053 granis
1178 1980 1502 2052 quisquilias
1528 1994 1636 2035 non
1665 1978 1948 2034 secernitis
1970 2018 1984 2042 ,
2026 1988 2080 2033 et

503 2068 841 2129 discretionis
875 2072 1115 2142 regulam
1142 2077 1528 2142 postponentes
1557 2068 1716 2124 simul
1743 2069 1923 2124 omnia
1955 2083 2081 2136 pcr-

502 2163 761 2218 miscetis.
784 2162 892 2217 lllis
920 2176 1112 2230 nempe
1137 2159 1349 2216 dicebat
1366 2157 1655 2228 Apostolus
1679 2174 1693 2211 :
1723 2176 1741 2208 ι
1775 2155 2079 2225 Unusquis-

503 2269 606 2323 que
656 2268 808 2309 suam
854 2266 1077 2307 uxorem
1126 2249 1355 2314 habeat,
1415 2266 1435 2300 ι
1487 2247 1682 2317 quibus
1728 2246 2081 2316 loquebatur;~

502 2343 627 2414 quia
654 2339 783 2399 vero
807 2357 912 2397 non
940 2340 1338 2404 sacerdotibus,
1371 2337 1457 2394 vel
1486 2337 1950 2408 prmdicatoribus,
1978 2334 2075 2392 sed

499 2432 697 2504 populo
739 2434 919 2504 potius
971 2433 1026 2488 in
1080 2433 1183 2488 hac
1231 2431 1540 2502 loqueretur
1583 2428 1831 2499 epistola.
1875 2428 1930 2483 in
1959 2427 2075 2499 ipso

500 2523 739 2593 ejusdem
770 2524 1010 2594 epistolae
1040 2523 1306 2594 principio
1341 2520 1459 2576 luce
1496 2520 1695 2575 clarius
1725 2517 2072 2574 manifestat:

503 2635 523 2669 ι
562 2615 934 2689 Signiﬁcatum
982 2624 1104 2681 est,
1152 2613 1345 2685 inquit,
1383 2611 1513 2667 mihi
1541 2609 1610 2667 de
1634 2610 1823 2672 vobis.
1880 2607 2076 2664 fratres

498 2707 628 2771 mei,
657 2708 851 2773 abhis,
876 2707 966 2776 qui
994 2714 1121 2761 sunt
1145 2704 1321 2771 Clocs,
1354 2703 1479 2773 quia
1523 2701 1900 2758 contentiones
1933 2700 2076 2759 inter

498 2814 596 2855 vos
614 2807 757 2856 sunt.
783 2798 895 2854 Hoc
920 2806 1102 2853 autem
1122 2796 1269 2862 dico,
1287 2795 1428 2865 quod
1450 2793 1817 2863 unusquisque
1834 2799 2075 2847 vestrum

501 2892 629 2946 dicit
663 2909 676 2945 :
719 2890 831 2963 Ego
875 2887 1096 2960 quidem
1144 2901 1265 2941 sum
1311 2885 1484 2951 Pauli,
1522 2898 1622 2954 ego
1652 2892 1833 2939 autem
1861 2881 2072 2951 Apollo,

498 2996 597 3051 ego
645 2994 773 3033 vero
818 2979 1034 3047 Cephae,
1086 2991 1186 3046 ego
1232 2983 1412 3029 autem
1463 2972 1686 3029 Christi.
1735 2971 1946 3029 Divisus
1994 2979 2078 3025 est

2182 1800 2307 1853 dum
2336 1808 2437 1863 est,
2464 1795 2607 1855 sicut
2634 1801 2845 1857 diversa
2873 1812 3184 1857 sanctorum
3215 1801 3435 1858 Patrum
3456 1843 3473 1869 ,
3500 1812 3559 1859 ut
3605 1819 3752 1873 supe-

2182 1895 2294 1948 rius
2330 1906 2603 1951 ostensum
2635 1905 2740 1957 est,
2770 1897 2990 1951 decreta
3015 1896 3361 1971 confirmant.
3401 1898 3552 1965 Quos
3594 1898 3752 1953 nimi-

2182 1997 2298 2037 rum
2347 1985 2585 2039 nonnulli
2635 1985 3035 2040 Nathinacorum
3079 1995 3266 2042 tenere
3311 1988 3608 2059 epinantur
3647 1989 3753 2044 olli-

2181 2073 2324 2127 cium
2359 2087 2374 2126 :
2409 2074 2549 2142 quod
2578 2089 2687 2129 non
2714 2075 2979 2144 procedit.
3007 2073 3269 2131 Nathinmi
3294 2076 3589 2145 siquidem,
3620 2080 3755 2135 sicut

2175 2162 2538 2235 Hieronymus
2560 2166 2612 2219 in
2636 2164 2915 2221 Hebraicis
2940 2165 3327 2234 quaestionibus
3348 2169 3575 2236 asserit,
3598 2170 3755 2225 inter;

2173 2258 2682 2327 pretantur'donati.
2716 2257 2856 2314 Sunt
2874 2257 3394 2323 enim-Gabaoniue,
3435 2275 3501 2315 eo
3527 2263 3670 2331 quod
3695 2264 3759 2318 ad

2174 2349 2513 2404 serviendum
2544 2349 2653 2404 dati
2687 2350 2796 2404 sint
2827 2348 3178 2417 tabernaculo
3218 2349 3437 2405 Domini
3467 2351 3538 2406 ab
3576 2350 3757 2407 Iosue.

2171 2439 2316 2494 Inter
2347 2440 2444 2493 hos
2477 2440 2657 2508 igitur,
2682 2448 2738 2493 et
2761 2439 2881 2494 illos
2903 2438 3019 2494 haec
3040 2438 3304 2508 probatur
3334 2452 3456 2494 esse
3484 2438 3756 2500 distantia.

2174 2528 2428 2598 quoniam
2452 2527 2525 2582 illi
2554 2526 2921 2592 tabernaculo,
2950 2526 3034 2583 vel
3067 2527 3264 2598 templo
3288 2527 3502 2582 Domini
3536 2526 3763 2582 famula-

2174 2618 2390 2685 bantur,
2416 2628 2473 2673 ut
2502 2621 2675 2683 servi;
2703 2619 2793 2673 isti
2815 2627 3008 2689 quarto
3032 2616 3325 2689 funguntur.
3345 2616 3534 2673 altaris
3563 2613 3762 2680 obicio,

2176 2712 2524 2768 diaconorum
2577 2712 2788 2767 scilicet
2841 2724 3133 2780 suppares,
3182 2724 3249 2765 ac
3288 2707 3526 2764 ministri
3557 2725 3574 2761 :
3605 2715 3763 2777 atque

2176 2806 2316 2869 ideo,
2348 2804 2490 2859 sicut
2517 2818 2640 2859 cum
2672 2802 3064 2860 sacerdotibus.
3101 2816 3167 2856 ac
3193 2798 3398 2856 Levitis
3422 2797 3603 2855 sacris
3629 2797 3756 2852 mis-

2177 2912 2359 2952 sarum
2394 2896 2782 2966 praecipiuntur
2816 2893 3079 2949 interesse
3105 2891 3410 2962 mysteriis,
3449 2889 3534 2947 sic
3574 2902 3760 2945 eorum

2178 3001 2392 3057 quoque
2417 2985 2707 3055 participes
2733 2998 2854 3038 esse
2881 2997 3104 3038 necesse
3148 2990 3265 3049 est,
3306 2980 3359 3035 in
3407 2979 3760 3036 custodienda

501 3069 784 3125 Christus?
818 3066 1069 3137 Nunquid
1098 3065 1299 3120 Paulus
1323 3061 1615 3118 crucifixus
1654 3069 1747 3149 est;
1775 3076 1873 3129 pro
1903 3059 2073 3125 vobis,
2106 3072 2151 3136 ο
2181 3086 2453 3149 perpetua,
2480 3075 2741 3131 munditia
2767 3074 3057 3130 ωειίιαιίε,

497 3167 592 3213 aut
618 3157 672 3212 in
696 3156 913 3212 nomine
937 3153 1089 3209 Pauli
1114 3153 1366 3223 baptizati
1393 3150 1557 3206 estis?
1587 3170 1606 3203 ›
1626 3150 1672 3221 (l
1709 3147 1833 3205 Cor.
1861 3149 1924 3220 ι.)
1945 3150 2075 3214 Qui-

498 3252 600 3306 bus
629 3250 812 3319 utique
839 3247 1020 3304 verbis
1048 3245 1249 3323 liquido
1292 3244 1479 3306 claret,
1526 3242 1651 3311 quia
1689 3255 1797 3296 non
1824 3241 2074 3297 sacerdo-

502 3348 602 3403 tes,
636 3337 729 3393 sed
771 3335 1024 3407 populum
1054 3332 1380 3402 corripiebat
1422 3329 1733 3400 Apostolus,
1763 3330 1856 3400 qui
1895 3338 2073 3386 sectas

495 3427 729 3483 faciebat
757 3427 1132 3489 schismatum,
1159 3424 1284 3479 dum
1316 3423 1649 3477 diversorum
1671 3416 1745 3477 'se
1784 3419 2074 3490 discipulos

497 3528 804 3576 assererent
828 3532 947 3573 esse
971 3518 1272 3571 doctorum.
1301 3514 1433 3569 Cum
1457 3528 1588 3584 ergo
1609 3512 1831 3578 diceret,
1859 3531 1878 3566 ι
1909 3527 2073 3567 unus-

497 3608 723 3681 quisque
758 3624 911 3665 suam
940 3622 1162 3663 uxorem
1210 3605 1423 3669 haheat,
1464 3622 1484 3657 ι
1526 3603 1617 3659 ille
1645 3618 1857 3673 quoque
1887 3601 2101 3672 conjur

493 3700 637 3775 giuni
669 3700 995 3770 indulgebat,
1033 3698 1097 3753 ad
1146 3712 1281 3766 quos
1323 3696 1598 3765 eloquium
1630 3696 1912 3765 dirigebat.
1956 3694 2073 3751 Huc

498 3795 655 3867 167
683 3792 912 3857 accedit,
960 3791 1085 3863 quia
1133 3804 1239 3844 non
1288 3803 1501 3867 semper
1555 3788 1959 3858 unusquisque,
1989 3787 2070 3842 vel

492 3888 667 3943 omnis
698 3884 1092 3940 multitudinem
1141 3880 1512 3937 universitatis
1556 3880 1942 3951 amplectitur:
1975 3880 2071 3935 sed

490 3974 808 4047 plerumque
839 3974 977 4028 intra
1011 3986 1321 4028 mensuram
1357 3979 1520 4026 certa:
1546 3968 1885 4039 quantitatis,
1912 3979 2070 4041 prout

493 4067 636 4121 ratio
663 4065 966 4129 dictaverit,
994 4064 1299 4119 cohibetur.
1330 4061 1482 4117 Sicut
1509 4070 1594 4117 est
1634 4060 1764 4116 illud
1797 4061 1939 4131 quod
1965 4060 2069 4116 Do-

490 4159 673 4215 minus
707 4159 824 4212 ait:
859 4177 878 4209 l
916 4159 1028 4228 Ego
1061 4172 1183 4213 cum
1209 4156 1481 4212 exaltatus
1508 4154 1661 4212 fuero
1690 4170 1722 4209 a
1752 4164 1914 4218 terra,
1949 4154 2069 4208 uui-

493 4261 647 4303 versa
690 4247 902 4301 traham
949 4247 1016 4301 ad
1060 4247 1324 4316 meipsum
1353 4243 1537 4311 (Joan.
1568 4244 1695 4316 xu).
1721 4263 1740 4297 ο
1775 4242 1892 4299 Non
1922 4244 2066 4299 enim

2238 3143 2559 3231 Postremo,
2603 3165 2745 3234 quod
2775 3163 2974 3229 dicitis,
3013 3166 3080 3219 ad
3129 3163 3443 3218 simoniacte
3486 3161 3761 3217 bareseos

2174 3273 2513 3329 nequaquam
2538 3257 2810 3327 pertinere
2831 3254 3123 3324 piaculum,
3148 3254 3194 3310 si
3217 3253 3485 3324 quispiam
3507 3249 3761 3307 Ecclesiae

2173 3349 2414 3421 regimen
2458 3362 2563 3402 non
2593 3347 2710 3401 sine
2763 3345 3056 3400 venalitate
3099 3345 3395 3416 suscipiat,
3427 3343 3478 3398 si
3519 3351 3761 3398 tantum-

2173 3442 2332 3496 modo
2357 3456 2547 3494 manus
2572 3437 2984 3508 impositionem‘
3003 3438 3171 3504 gratis
3195 3436 3471 3507 acquirat,
3496 3442 3759 3505 quantum

2173 3530 2229 3586 in
2276 3529 2520 3584 Ecclesia
2571 3526 2886 3583 scandalum
2915 3535 3171 3596 generet,
3203 3533 3464 3599 quantum
3516 3529 3671 3578 certe
3696 3522 3761 3576 ab

2171 3620 2555 3677 ecclesiasticae
2584 3617 2878 3685 disciplina:
2901 3617 3117 3671 tramite
3147 3614 3332 3685 procul
3359 3613 3606 3681 aberret,
3630 3626 3760 3682 quo-

2170 3711 2317 3766 niam
2338 3710 2590 3765 omnibus
2610 3719 2692 3763 est
2712 3708 3075 3777 perspicuum,
3094 3721 3197 3761 nou
3223 3705 3426 3775 indiget
3446 3692 3757 3775 prolixitatc

2170 3801 2482 3856 verborum.
2514 3797 2772 3865 Quisquis
2805 3797 2948 3850 enim
2981 3795 3272 3851 Ecclesiam
3305 3793 3480 3864 pretio
3518 3791 3758 3853 redimit,

2171 3890 2330 3946 simul
2375 3899 2430 3944 et
2470 3888 2926 3944 consecrationem
2958 3899 3271 3958 comparare
3295 3885 3665 3949 convincitur,
3694 3884 3759 3937 ad

2169 3999 2331 4055 quam
2357 3983 2560 4038 scilicet
2590 3995 2684 4052 per
2713 3982 3079 4051 acceptionem
3123 3981 3361 4050 ejusdem
3390 3978 3555 4051 168
3574 3977 3761 4033 Eccle-

2171 4075 2265 4131 sia:
2291 4082 2654 4146 promovetur.
2696 4072 2753 4126 ln
2803 4071 3058 4127 Ecclesia:
3107 4071 3303 4141 quippe
3346 4064 3681 4148 commerent
3711 4078 3761 4121 ct

2171 4166 2629 4220 consecrationem
2664 4162 3034 4235 proculdubio
3061 4169 3370 4232 comparat,
3404 4160 3521 4216 sine
3538 4174 3651 4231 qua
3688 4159 3765 4213 vi-

2171 4257 2365 4313 delicet
2385 4257 2557 4312 eidem
2580 4256 2834 4311 Ecclesia:
2852 4255 3143 4325 praesidere
3171 4268 3228 4308 se
3248 4266 3407 4322 posse
3424 4260 3534 4306 non
3554 4256 3759 4319 sperat.

490 4340 558 4407 ad
578 4352 638 4394 se
664 4336 854 4393 Iudam
884 4337 1213 4408 proditorem
1262 4336 1463 4399 traxit,
1514 4348 1620 4389 non
1650 4334 1752 4390 sibi
1803 4333 2067 4387 latronem

2177 4347 2216 4402 E
2234 4356 2423 4403 contra
2443 4345 2789 4409 contenditis,
2810 4346 3064 4416 quoniam
3090 4345 3464 4399 investiturarn
3480 4340 3578 4396 ille
3600 4340 3766 4396 susci-

490 4431 712 4500 impium
727 4429 997 4495 βοοίειγίη
1025 4429 1118 4483 εθά
1146 4428 1351 4492 omni“.
1379 4426 1431 4481 id
1461 4432 1564 4491 θεῖν
1593 4439 1783 4481 omnes
1804 4424 2067 4478 dunl'x‘“
2096 4414 2145 4477 θ
2171 4441 2252 4511 pit
2275 4438 2655 4495 ecclesiasticae
2677 4414 2966 4505 facultatis,-
2988 4436 3095 4492 non
3125 4436 3301 4491 minus
3318 4433 3553 4505 percipit
3570 4419 3766 4505 gratia:

488 4519 692 4575 electos
710 4519 777 4574 ad
800 4518 1001 4589 proprii
1026 4517 1364 4573 contubernii
1387 4516 1597 4572 culmen
1620 4516 1818 4571 evexit.
1841 4515 1904 4569 Et
1925 4516 2072 4585 Apo-

2177 4529 2484 4600 spiritualis.
2522 4527 2769 4598 Acquirit
2812 4527 3067 4582 Ecclesia:
3109 4525 3388 4595 praedium,
3438 4538 3548 4579 non
3581 4521 3760 4579 eccle-

488 4611 661 4667 stolus
688 4611 956 4682 perhibet,
985 4612 1109 4680 quia
1158 4610 1299 4666 Deus
1334 4624 1524 4665 omnes
1565 4610 1680 4665 vult
1727 4609 1909 4665 salvos
1954 4608 2069 4664 fieri

490 4705 543 4781 (1
573 4703 708 4759 Tim.
737 4704 803 4776 ιι)
823 4746 837 4770 ,
871 4713 928 4758 et
958 4704 1227 4759 neminem
1258 4703 1371 4757 vult
1397 4702 1596 4773 perire.
1636 4702 1743 4758 Sed
1772 4700 1901 4757 cum
1933 4699 2094 4754 Pro-t

487 4797 651 4868 pheta
695 4796 882 4853 dicat:
921 4815 940 4848 ι
989 4795 1255 4862 Quoniam
1300 4796 1483 4851 omnia
1527 4807 1860 4864 quaecunque
1903 4792 2070 4848 voluit

492 4888 752 4943 Dominus
780 4888 908 4944 fecit
943 4886 1114 4959 (Paul.
1146 4886 1397 4957 cxxxrv);
1436 4906 1454 4939 ι
1486 4901 1584 4941 cur
1614 4884 1868 4955 reprobos
1890 4882 2068 4953 perire

494 4980 796 5048 permittit?
826 4979 1041 5035 Scilicet
1076 4994 1205 5034 cum
1226 4988 1281 5034 et
1312 4978 1580 5032 neminem
1620 4976 1797 5045 perire
1831 4974 1981 5035 velit,
2012 4980 2067 5026 et

492 5072 673 5126 omnia
706 5072 1038 5141 quaecunque
1079 5071 1213 5135 vult,
1262 5069 1465 5146 absque
1501 5068 1665 5123 dubio
1692 5066 1879 5138 possit.
1904 5065 2067 5149 Unde

493 5175 616 5215 cum
643 5160 857 5223 dicitur,
891 5161 1032 5227 quod
1065 5160 1203 5214 Deus
1242 5173 1435 5214 omnes
1458 5157 1573 5213 fieri
1598 5157 1774 5212 salvos
1797 5155 1943 5222 velit,
1971 5171 2066 5211 ne-

493 5266 646 5302 cesse
673 5257 777 5302 est.
798 5256 858 5302 ut
881 5251 947 5302 de
974 5250 1102 5302 solis
1128 5250 1453 5302 intelliaatur
1478 5249 1683 5302 electis.
1719 5246 1879 5302 Juxta
1902 5254 2063 5302 uuam

2173 4619 2375 4676 siastici
2425 4617 2768 4674 charismazis
2822 4626 3242 4672 sacramentum.
3300 4613 3557 4683 Quisquis
3607 4611 3764 4682 plane

2169 4727 2270 4782 per
2292 4702 2619 4782 salsuginem
2639 4706 2807 4777 hujus
2849 4716 3096 4765 tartareis
3124 4706 3429 4779 sapientiae,
3458 4705 3570 4760 imo
3594 4717 3762 4759 vene-

2170 4812 2312 4861 natae
2338 4805 2591 4861 versutia:
2629 4803 2924 4858 Ecclesiam
2955 4789 3166 4865 dividit,
3198 4815 3322 4856 cum
3352 4811 3456 4870 per
3489 4796 3763 4852 venalita-

2175 4889 2281 4950 tem
2307 4893 2592 4949 haereticus
2624 4893 2716 4957 sit,
2742 4888 2857 4962 per
2881 4892 3199 4947 divisionem
3242 4899 3458 4961 quoque
3490 4885 3762 4942 schisma-

2175 4982 2266 5036 tici
2294 4982 2496 5036 crimen
2524 4980 2768 5037 incurrit.
2812 4980 3055 5036 Fuerunt
3087 4993 3217 5035 sane
3257 4975 3499 5033 nonnulli
3535 4973 3765 5032 sincera:

2174 5070 2319 5135 ﬁdei,
2360 5078 2415 5123 et
2458 5068 2739 5124 catholicae
2766 5066 3120 5124 confessionis
3145 5064 3354 5136 ignari,
3379 5062 3475 5135 qui
3498 5062 3583 5120 sic
3622 5062 3767 5118 inter

2174 5163 2463 5218 humanam
2503 5170 2665 5231 atque
2704 5156 2941 5215 divinam
2970 5158 3200 5215 divisere
3224 5167 3474 5213 naturam
3494 5195 3511 5221 ,
3538 5164 3602 5210 ut
3628 5154 3767 5209 duas

2173 5258 2478 5302 assererem
2522 5250 2575 5302 in
2619 5249 2916 5302 mediatore
2945 5248 3041 5302 De!
3086 5256 3141 5302 et
3185 5246 3464 5302 hominum
3510 5252 3773 5300 constare
