3950 5344
129 315 246 371 565

1265 308 1467 364 LIBER
1504 305 1828 376 QUINTUS,
1869 304 2081 362 EPIST.
2125 306 2264 364 Xlll.

3292 309 3396 367 566

130 432 352 502 quidem
381 427 581 503 Christi
609 425 860 484 divinitas
889 439 918 479 a
946 417 1109 480 carne
1151 419 1414 495 potuisset
1457 422 1672 491 abjungi
1701 439 1712 473 :
1746 425 1796 483 Α
1821 419 2078 474 contrarii
2101 459 2116 484 ,
2156 419 2332 474 alieno
2379 430 2540 490 atque
2587 420 2880 476 adventitio
2928 422 3068 475 inter
3097 436 3189 476 eos
3226 424 3408 476 animo

128 522 372 592 alioquin
401 536 505 576 non
534 527 678 574 esset
706 533 866 572 verus
891 517 1053 582 Deus,
1097 517 1141 571 si
1187 515 1270 571 vel
1296 515 1361 569 in‘
1382 515 1499 585 ipso
1529 514 1717 569 mortis

129 615 361 671 articulo
383 608 656 667 desineret
672 625 793 666 esse
815 610 975 664 Deus.
1000 609 1136 664 Hinc
1156 618 1238 664 est
1259 608 1403 679 quod
1425 608 1500 662 ait
1519 607 1579 661 B.
1598 607 1718 662 Am-

130 707 387 761 brosius:
424 721 442 755 ‹
493 703 634 757 Caro
676 701 889 771 quidem
923 701 1124 756 Christi
1176 699 1414 770 gustavit
1464 709 1716 764 mortem,

130 798 232 852 sed
265 793 614 867 impassibilis
643 793 739 848 Dei
769 793 941 848 virtus
972 808 1075 849 non
1102 792 1269 846 exivit
1305 791 1372 846 de
1409 803 1654 860 corpore.
1692 809 1712 843 ι

131 888 360 957 Magnus
390 887 552 942 etiam
583 885 692 940 Leo
717 899 852 954 papa
877 899 983 939 non
1011 883 1278 954 disparem
1304 882 1461 950 hujus
1490 883 1566 937 rei
1597 886 1719 952 pro-

134 977 258 1033 tulit
285 978 337 1032 in
367 991 466 1032 suo
490 989 742 1030 sermone
766 974 1086 1030 sententiam
1120 991 1132 1027 :
1167 990 1186 1025 t
1217 972 1327 1028 Nisi
1349 971 1608 1037 Verbum,
1633 967 1719 1025 in-"

135 1069 274 1139 quit,
310 1081 437 1122 caro
487 1066 674 1131 ﬁeret,
718 1073 775 1120 et
829 1073 937 1118 tam
969 1063 1138 1118 solida
1167 1063 1426 1119 existeret
1455 1061 1634 1116 unitas
1664 1061 1719 1115 in

137 1172 365 1232 utraque
414 1169 633 1224 natura,
679 1170 739 1212 ut
786 1173 816 1212 a
851 1157 1175 1228 Suscipiente
1217 1151 1520 1225 susceptam
1549 1195 1563 1220 ,
1620 1157 1722 1210 nec

138 1248 310 1321 ipsum
336 1251 502 1306 breve
525 1247 718 1303 mortis
738 1255 946 1318 tempus
969 1247 1303 1317 abjungeret,
1329 1255 1602 1317 nunquam
1626 1261 1720 1301 va-

136 1342 272 1398 leret
297 1341 366 1396 ad
392 1340 751 1396 aeternitatem
781 1339 957 1394 redire
986 1338 1312 1394 mortalitas.
1351 1356 1374 1390 »
1404 1337 1548 1392 ldem
1580 1352 1717 1407 quo-

137 1446 241 1502 que
267 1429 396 1485 alibi
425 1443 442 1483 :
472 1448 492 1482 ‹
531 1429 732 1494 Deitas,
761 1443 880 1498 quae
907 1429 974 1483 ab
1001 1437 1230 1497 utraque
1273 1428 1506 1498 suscepti
1551 1427 1724 1482 homi-

140 1522 222 1576 nis
248 1519 556 1577 substantia
601 1534 708 1573 non
759 1520 1005 1584 recessit,
1049 1518 1192 1588 quod
1218 1525 1484 1587 potestate
1514 1517 1717 1584 divisit,

139 1619 405 1681 potestate
457 1608 760 1678 conjunxit.
797 1628 816 1662 ι
851 1607 1020 1663 Porro
1072 1617 1253 1663 autem
1298 1622 1395 1663 vos
1447 1606 1721 1664 Christum

137 1714 243 1759 non
265 1700 507 1758 dividitis
528 1735 543 1764 ,-
591 1700 682 1756 sed
714 1700 1041 1766 Ecclesium,
1069 1715 1189 1770 quae
1217 1714 1414 1770 corpus
1461 1699 1576 1770 ejus
1617 1709 1722 1766 est,

1821 523 2187 582 perseverant.
2216 512 2383 567 Gebal
2415 514 2611 567 dicitur
2637 514 2785 568 vallis
2816 531 2945 568 vana
2966 553 2980 579 ,
3029 529 3124 584 per
3150 516 3291 584 quod
3321 515 3409 568 de-

1821 604 2106 671 signantur
2136 603 2169 656 ii
2201 604 2293 672 qui
2349 603 2598 658 simulate
2641 613 2768 659 sunt
2803 605 2959 658 mites
2984 643 2999 669 ,
3041 613 3094 658 et
3145 603 3410 658 fallaciter

1821 694 2070 748 humiles.
2099 694 2328 748 Ammon
2362 695 2744 764 interpretatur
2772 695 2992 764 populus
3029 695 3295 757 ιιηύὶάυε,
3327 695 3406 748 vel

1821 787 2041 857 populus
2071 789 2341 857 maturis:
2369 787 2566 857 quibus
2596 787 2802 842 scilicet
2830 787 2903 840 illi
2932 787 3126 840 debent
3157 786 3404 857 intelligi,

1821 880 1911 946 qui
1940 881 2065 933 dum
2103 893 2237 933 nova
2267 880 2509 934 doctrina
2539 879 2791 949 populum
2820 877 3025 932 scilicet
3047 878 3286 943 turbant,
3312 878 3407 931 Ec.

1821 969 1999 1024 clesia:
2025 968 2118 1023 Dei
2148 983 2438 1024 mmrorem
2462 978 2623 1038 atque
2646 970 2914 1024 tristitiam
2937 978 3223 1040 generant.
3251 969 3404 1022 Ama-

1824 1053 1939 1114 lech
1969 1059 2168 1114 dicitur
2196 1059 2418 1128 populus
2446 1059 2642 1130 (ingens
2663 1101 2676 1122 ,
2714 1075 2808 1128 per
2839 1074 2972 1128 quos
2999 1060 3181 1130 utique
3205 1059 3408 1114 Christi

1821 1151 2173 1223 designantur
2194 1152 2420 1217 inimici,
2445 1152 2512 1206 de
2537 1151 2733 1220 quibus
2756 1151 2808 1205 in
2833 1151 3038 1221 psalmo
3055 1151 3261 1218 dictum
3286 1161 3367 1206 est
3395 1171 3407 1202 :

1828 1263 1846 1296 ι
1885 1245 1954 1300 Ει
1979 1245 2179 1300 inimici
2210 1244 2325 1314 ejus
2355 1252 2558 1298 terram
2586 1243 2788 1314 lingent
2817 1241 2990 1312 (Psal.
3022 1242 3188 1312 Lxxi).
3223 1263 3240 1294 ι
3265 1242 3410 1298 Alie-

1824 1335 2031 1406 nigena:
2075 1333 2321 1404 quamvis
2362 1342 2417 1387 et
2457 1334 2572 1403 ipso
2612 1333 2826 1388 nomine
2869 1333 3060 1386 Latino
3088 1347 3145 1388 se
3175 1332 3414 1387 indicent

1825 1427 2060 1490 alienos,
2097 1433 2153 1480 et
2194 1425 2264 1480 ob
2291 1426 2392 1480 hoc
2422 1434 2814 1494 consequenter
2840 1424 3108 1489 inimicos,
3148 1431 3327 1477 tamen
3359 1425 3412 1476 in

1826 1517 2055 1573 Hebraeo
2081 1517 2336 1572 dicuntur
2366 1515 2712 1579 Philistltiim,
2746 1515 2887 1584 quod
2911 1514 3301 1583 interpretatur
3320 1529 3416 1569 sa-

1825 1609 2000 1662 dentes
2047 1609 2328 1676 potatione.
2368 1606 2469 1660 Per
2516 1619 2650 1674 quos
2705 1602 3083 1678 exprimuntur
3131 1601 3230 1668 illi,
3277 1616 3413 1670 quos

1828 1699 2039 1754 luxuria
2068 1699 2247 1753 carnis
2269 1698 2520 1762 inebriat,
2551 1707 2605 1752 et
2628 1697 2780 1767 quasi
2808 1710 2919 1766 prae
2947 1695 3113 1749 nimia
3141 1695 3414 1764 potatione

139 1794 513 1851 dividerenon
549 1793 765 1849 timetis.
801 1793 891 1847 Ait
923 1793 1066 1847 enim
1107 1792 1436 1864 Apostolus:
1472 1811 1490 1846 ι
1536 1793 1723 1848 Adim-
1756 1779 1800 1836 Β
1827 1790 2105 1854 cadentes,
2143 1789 2196 1842 in
2232 1789 2336 1842 ima
2368 1788 2688 1857 praecipitat.
2723 1785 2898 1856 Tyrus
2941 1786 3125 1851 etiam,
3157 1800 3276 1854 qua:
3307 1784 3413 1840 lle;

137 1885 258 1956 pleo
277 1901 364 1952 ea,
393 1900 512 1956 quae
534 1884 732 1940 desunt
758 1883 1069 1954 passionum
1094 1883 1295 1939 Christi
1323 1883 1374 1938 in
1396 1899 1558 1939 carne
1583 1899 1722 1948 mea,

138 1992 238 2047 pro
258 1991 488 2047 corpore
509 1976 646 2046 ejus,
673 1975 816 2045 quod
841 1983 927 2030 est
959 1974 1198 2030 Ecclesia
1230 1974 1368 2045 (Col.
1397 1975 1459 2045 ι).
1494 1993 1513 2027 ι
1544 1975 1726 2030 Enim.
1756 1988 1757 1991 ‘

139 2082 268 2122 vero
304 2067 510 2122 milites
557 2066 712 2121 veriti
757 2073 882 2121 sunt
926 2065 1136 2120 Domini
1168 2065 1416 2120 scindere
1457 2065 1720 2126 tunicam;

140 2147 234 2213 vos
259 2157 566 2228 discerpere
593 2172 697 2212 non
730 2156 1034 2212 lormidatis
1069 2156 1362 2212 Ecclesiam
1393 2174 1407 2210 ε
1437 2157 1529 2226 qui
1569 2157 1730 2212 nimi-'-

1827 1880 2008 1935 braice
2035 1895 2155 1934 sors
2188 1878 2408 1941 dicitur,
2437 1877 2679 1947 angustia
2709 1877 2821 1931 sive
2849 1873 3117 1928 tribulatio
3145 1874 3412 1944 interpre-

1828 1975 1974 2021 tatur
2002 1985 2014 2020 :
2047 1981 2152 2035 quo
2181 1965 2256 2019 illi
2285 1964 2534 2019 videntur
2561 1964 2842 2035 perspicue
2872 1963 3164 2032 designari,
3196 1964 3285 2031 qui
3318 1977 3415 2033 per

1826 2059 2118 2128 impietatis
2147 2073 2308 2128 opera
2339 2067 2607 2127 perpetuae
2647 2056 2979 2112 tribulationi
3025 2055 3109 2110 vel
3152 2056 3414 2125 angustia:-

1823 2151 2123 2219 probantur
2152 2149 2392 2203 obnoxii.
2443 2147 2651 2202 Madian
2705 2148 3093 2217 interpretatur
3145 2145 3412 2200 declinans

139 2262 260 2303 rum
285 2264 395 2304 non
425 2247 626 2304 idcirco
646 2246 1006 2302 Eccleslarum
1032 2245 1184 2301 lucra
1207 2246 1547 2316 conquiritis,
1579 2255 1631 2300 ut
1659 2246 1725 2300 ad
1818 2242 2105 2312 judicium.
2136 2241 2212 2295 Illi
2247 2241 2404 2310 plane
2423 2240 2686 2311 judicium
2714 2239 3005 2303 declinant,
3036 2239 3124 2307 qtti
3151 2238 3416 2309 dogmati-

141 2338 566 2395 consecrationis
618 2337 845 2408 gratiam
898 2336 1274 2392 conscendatis
1303 2351 1318 2388 :
1349 2336 1443 2392 sed
1490 2335 1727 2392 necessi-

143 2439 251 2486 tate
277 2429 576 2502 compulsi,
623 2427 743 2484 ideo
785 2427 1534 2500 patimini'consecrationem,
1557 2435 1615 2480 ut
1639 2443 1728 2482 ec-

143 2521 500 2577 clesiasticam
541 2533 638 2576 vos
665 2535 771 2575 non
811 2519 1090 2590 contingat
1117 2517 1371 2575 amittere
1395 2518 1724 2574 facultatem.

143 2611 252 2669 Nec
272 2613 341 2668 ad
367 2613 472 2669 hoc
501 2612 791 2678 anhelatis,
835 2620 896 2666 ut
933 2610 1240 2666 elﬁciamini
1266 2609 1520 2665 Ecclesiae
1550 2624 1731 2664 sacer-

143 2703 292 2759 dotes
314 2720 332 2756 2
369 2703 467 2757 sed
497 2701 566 2757 ad
595 2701 696 2756 hoc
717 2707 948 2765 tantum,
972 2708 1032 2754 ut
1062 2699 1206 2754 velut
1229 2699 1730 2768 haereditaridqno-

142 2793 263 2849 dam
289 2792 416 2862 jure
444 2792 566 2848 sitis
591 2792 885 2848 sanctuarii
931 2805 1292 2861 possessores.
1335 2789 1457 2844 Illos
1484 2790 1731 2845 videlicet

142 2887 438 2951 imitantes,
490 2887 582 2957 qui
631 2886 785 2956 juxta
835 2885 1004 2939 David
1048 2882 1727 2951 vaticinantis'oraculum,

143 2979 442 3034 dixerunt:
480 2995 499 3030 ι
556 2976 884 3032 Hzereditate
937 2976 1310 3047 possideamus
1361 2975 1729 3032 sanctuarium

143 3070 236 3127 Dei
269 3070 447 3142 (Psal.
471 3069 701 3140 Lxxxtt).
731 3088 751 3122 ι
784 3070 861 3125 De
881 3071 1078 3139 quibus
1099 3070 1150 3123 in
1174 3069 1364 3123 eodem
1388 3067 1597 3138 psalmo
1619 3069 1730 3122 Deo

144 3161 343 3217 dicitur
386 3177 403 3216 :

145 3267 349 3318 unum,
425 3251 713 3306 adversum
786 3259 838 3306 te
908 3258 1292 3304 testamentum
1351 3249 1734 3319 disposuerunt

145 3341 358 3414 (Ibid).
398 3360 419 3394 ι
454 3341 566 3397 Vos
595 3340 740 3395 enim
766 3341 880 3395 lucc
903 3340 1174 3396 sententia
1206 3339 1458 3408 percutit,
1487 3339 1579 3409 qui
1606 3354 1734 3394 con-

145 3449 362 3489 sensum
391 3434 449 3488 in
494 3448 659 3488 unum
706 3434 979 3504 cogitatis,
1031 3434 1158 3488 dum
1186 3433 1238 3487 in
1279 3448 1345 3487 eo
1373 3433 1516 3504 quod
1545 3444 1734 3489 contra

145 3541 332 3581 sacros
356 3538 596 3582 canones
623 3524 823 3586 dicitis.
872 3540 979 3580 non
1008 3523 1209 3594 dispari
1252 3524 1431 3578 studio
1471 3524 1612 3580 inter
1642 3538 1735 3580 vos

144 3618 478 3674 unanimiter
506 3617 885 3673 concordatis:
911 3626 1073 3686 atque
1102 3616 1361 3672 adversus
1382 3617 1552 3672 Deum
1574 3626 1736 3672 testa-

142 3717 386 3764 mentum
419 3708 706 3779 disponitis
731 3707 858 3792 dqm
885 3719 1080 3762 novam
1109 3707 1299 3778 legem,
1324 3715 1486 3777 atque
1515 3717 1734 3762 centra-

144 3799 280 3853 riam
302 3797 699 3853 Ecclesiasticze
725 3796 924 3866 regulae
949 3796 1321 3867 promulgatis.
1352 3795 1452 3862 Qui
1478 3811 1607 3851 vero
1629 3799 1738 3852 sint

144 3889 239 3955 illi,
256 3889 349 3959 qui
374 3890 490 3943 haec
509 3897 699 3944 contra
722 3887 1007 3942 Dominum
1035 3886 1256 3952 faciant,
1273 3887 1531 3956 propheta
1556 3888 1738 3942 subse-

142 3986 377 4048 quenter
429 3993 786 4042 enumerans,
857 3977 1170 4032 manifestat
1221 3995 1233 4031 :
1289 3994 1310 4028 ί
1365 3976 1735 4032 Tabernacula

141 4065 524 4132 ldumaeorum,
557 4073 612 4120 et
636 4065 944 4131 lsmaelitre,
972 4065 1146 4130 Moab,
1177 4075 1234 4122 et
1254 4065 1510 4136 Agareni,
1543 4067 1732 4133 Gebal,

143 4167 198 4212 et
228 4158 462 4212 Ammon
485 4198 500 4224 ,
532 4156 789 4213 Amalech
809 4197 826 4223 ,
855 4165 911 4213 et
942 4157 1254 4228 alienigena:
1286 4173 1408 4212 cum
1441 4158 1736 4213 habitanti-

143 4246 245 4301 bus
279 4245 506 4316 Tyrum.
560 4244 771 4298 Etenim
825 4245 994 4299 Assur
1044 4244 1206 4300 simul
1254 4245 1401 4300 venit
1453 4261 1575 4301 cum
1609 4246 1732 4302 illis.

144 4335 293 4391 Facti
328 4344 456 4391 sunt
485 4335 540 4389 in
581 4334 742 4404 169
775 4336 1172 4404 susceptionem
1207 4334 1330 4390 ﬁliis
1362 4333 1481 4390 Lot.
1512 4335 1623 4391 Fac
1673 4336 1735 4390 il-

144 4423 209 4480 lis
236 4426 383 4480 sicut
415 4424 651 4489 Iladian,
681 4432 736 4479 et
762 4422 980 4489 Sisarae,
1017 4425 1158 4480 sicut
1183 4423 1341 4479 Jabin
1390 4427 1443 4479 in
1494 4434 1734 4482 torrente

146 4516 358 4572 Cisson.
383 4515 760 4585 Disperiernnt
787 4515 840 4569 in
865 4513 1236 4584 Endor(Psal.
1268 4515 1476 4586 Lxxxt),
1513 4536 1532 4568 ι
1567 4525 1622 4570 et
1650 4533 1734 4572 re-

147 4605 309 4676 liqua.
345 4606 589 4673 Quorum
629 4605 836 4674 scilicet
877 4607 1152 4660 nominum
1181 4607 1227 4660 si
1263 4607 1736 4677 interpretationes

149 4698 488 4767 exponimus,
515 4697 714 4752 vestris
743 4697 859 4751 haec
889 4697 1221 4751 concordare
1249 4698 1492 4752 moribus
1546 4699 1734 4767 procul

149 4788 312 4842 dubio
335 4787 658 4858 reperimus.
676 4786 890 4841 ldumtei
915 4801 1145 4854 namque
1167 4787 1420 4842 dicuntur
1438 4789 1730 4857 sanguinei,

147 4877 230 4930 vel
257 4879 469 4931 terreni.
502 4876 657 4943 Quod
687 4875 836 4932 vobis
868 4875 1049 4944 utique
1072 4875 1342 4944 congruit,
1366 4875 1455 4944 qni
1486 4876 1609 4929 dum
1635 4877 1737 4930 ista

147 4968 497 5029 contenditis,
531 4981 746 5020 carnem
789 4975 840 5020 et
891 4965 1330 5034 sanguineurvos
1359 4979 1498 5026 esse.
1529 4974 1584 5020 et
1618 4981 1734 5020 om-

141 5058 274 5113 nino
302 5068 553 5113 terrenos
581 5056 919 5125 apertissime
948 5055 1348 5110 demonstratis.
1389 5055 1533 5110 Estis
1571 5058 1733 5111 etiam

145 5148 426 5174 'A—a‘..':lm
565 5157 638 5174 Aa.
695 5148 984 5174 ‘L~J:a~n0n.
1038 5163 1138 5174 οιιιη
1188 5147 1294 5174 “AA
1365 5145 1455 5174 “All
1503 5152 1695 5174 ἐιμι-κγ’*
1719 5167 1730 5174 ι

1828 2333 2002 2408 zando
2023 2347 2300 2402 perversa,
2324 2331 2518 2386 divina:
2540 2331 2671 2401 legis
2687 2329 2952 2399 justitiam
2982 2329 3200 2384 violant.
3232 2328 3414 2386 Sisara

1827 2422 2028 2477 dicitur
2052 2415 2280 2476 exclusio
2306 2421 2522 2490 gaudii;
2557 2430 2612 2476 et
2657 2421 2964 2491 quicunque
3010 2437 3067 2474 se
3097 2419 3333 2476 lasciviis
3363 2431 3416 2475 et

1828 2513 2134 2570 carnalibus
2161 2512 2441 2567 lenociniis
2465 2511 2770 2582 petulanter
2792 2511 3142 2576 immergunt,
3164 2511 3416 2582 gaudium

1830 2619 1860 2657 a
1891 2619 1949 2658 se
1978 2619 2222 2673 superna:
2245 2602 2522 2658 felicitatis
2547 2603 2861 2656 excludunt.
2907 2601 3066 2656 Jabin
3099 2602 3296 2656 dicitur
3333 2621 3414 2656 sa-

1829 2697 1973 2766 piens
1999 2736 2014 2758 ,
2056 2697 2200 2766 quod
2229 2711 2324 2764 per
2353 2694 2710 2765 autiphrasim
2751 2693 2818 2748 de
2863 2693 2967 2747 illis
3018 2693 3416 2763 intelligendum

1830 2798 1934 2853 est,
1959 2789 2026 2843 de
2060 2789 2256 2859 quibus
2289 2788 2419 2842 dicit
2444 2788 2730 2858 Apostolus
2767 2803 2780 2839 :
2826 2804 2844 2838 ι
2885 2784 2986 2840 Ubi
3021 2787 3235 2854 sapiens
3259 2826 3274 2852 ,
3325 2785 3413 2840 ubi

1831 2881 2009 2937 scriba
2032 2920 2050 2945 ,
2098 2880 2187 2934 ubi
2237 2880 2570 2948 conquisitor
2614 2876 2770 2948 hujus
2793 2876 3015 2932 saeculi?
3059 2896 3077 2928 ι
3114 2877 3165 2947 (1
3197 2875 3319 2932 Cor.
3351 2879 3416 2948 ι.)

1831 2971 2018 3026 Nonne
2046 2971 2264 3026 stultam
2295 2970 2423 3025 fecit
2456 2971 2593 3024 Deus
2622 2968 2944 3039 sapientiam
2993 2967 3151 3038 hujus
3193 2968 3371 3023 saeculi
3397 2969 3419 3020 ἲ

1833 3060 1975 3116 Oreb
1995 3061 2380 3132 interpretatur
2409 3060 2650 3123 siccitas;
2679 3068 2734 3112 et
2755 3057 2848 3129 qui
2871 3065 3003 3112 :estu
3033 3043 3428 3127 concupisceu-i

449 3179 468 3213 ι
529 3139 793 3228 Quoniam
845 3161 1220 3230 cogitaverunt
1285 3175 1609 3214 consensum
1672 3160 1730 3215 in
1755 3139 1802 3206 Ο
1835 3150 1922 3205 tia:
1942 3149 2174 3204 carnalis
2194 3150 2459 3214 esuritor,
2487 3149 2659 3203 imbre
2682 3147 2856 3203 sancti
2881 3147 3116 3217 Spiritus
3140 3148 3417 3203 madeﬁeri

1833 3263 1938 3303 non
1967 3255 2224 3305 meretur.
2253 3239 2363 3300 Zeh
2389 3246 2586 3301 dicitur
2626 3244 2780 3314 lupus
2797 3261 2815 3310 ;
2845 3243 3020 3299 Zebee
3057 3245 3283 3298 victima.
3315 3243 3422 3298 Ile-

1833 3340 1984 3410 probi
2015 3353 2248 3408 namque
2271 3377 2287 3403 ,
2327 3337 2418 3406 qui
2467 3347 2592 3392 sunt
2636 3352 2859 3406 rapaces
2888 3337 2940 3390 in
2969 3336 3197 3402 saeculo,
3227 3346 3282 3391 et
3309 3337 3418 3406 lupi

1835 3441 1980 3500 sunt,
2033 3441 2088 3486 et
2135 3432 2232 3502 ipsi
2285 3441 2411 3486 sunt
2458 3432 2710 3497 victima;
2763 3432 2888 3502 quia
2925 3432 3050 3485 dum
3095 3431 3422 3488 inﬁrmiores

1834 3536 2078 3594 quosque
2102 3522 2362 3577 devorare
2385 3521 2738 3586 contendunt,
2766 3529 2822 3574 et
2845 3521 2944 3590 ipsi
2973 3520 3268 3589 spiritualis
3290 3521 3420 3592 lupi,

1835 3616 1941 3672 hoc
1967 3624 2075 3681 est,
2126 3613 2323 3670 diaboli
2375 3615 2624 3672 dentibus
2672 3626 3037 3684 exponuntur.
3073 3614 3177 3671 Sed
3217 3625 3276 3670 ut
3317 3617 3419 3669 hu-

1829 3706 2064 3778 jusmodi
2093 3706 2368 3760 nominum
2411 3705 2679 3774 expositio
2723 3705 2792 3758 ab
2831 3703 2988 3771 hujus
3037 3705 3420 3772 disputationis

1836 3799 2025 3853 ordine
2056 3812 2160 3851 non
2188 3797 2502 3857 dissentiat.
2528 3796 2678 3864 quasi
2708 3794 2817 3863 lupi
2846 3802 2969 3848 sunt
3001 3794 3146 3849 silvae
3182 3798 3419 3864 perversi

1839 3889 2087 3944 doctores
2116 3886 2387 3942 Ecclesiae.
2418 3887 2518 3953 Qui
2547 3887 2801 3941 nimirum
2849 3895 2902 3940 et
2950 3886 3058 3954 lupi
3089 3895 3232 3952 sunt,
3265 3887 3425 3943 simul

1837 3988 1893 4035 et
1917 3977 2148 4032 victima:
2171 3993 2186 4030 :
2212 3977 2336 4047 quia
2365 3977 2488 4030 dum
2517 3977 2832 4031 innocentes
2862 3992 3105 4046 quosque
3129 3977 3275 4032 velut
3295 3992 3424 4034 oves

1838 4070 2074 4124 cruentis
2096 4083 2273 4138 prava:
2301 4068 2700 4137 praedicationis
2727 4068 2976 4122 dentibus
3016 4078 3256 4124 mactant
3277 4110 3292 4134 ,
3323 4070 3424 4138 ipsi

1837 4173 2051 4229 quoque
2082 4158 2268 4228 rapina
2293 4158 2442 4222 facti,
2468 4167 2522 4212 et
2544 4158 2596 4212 in
2622 4157 2818 4213 diaboli
2842 4158 3152 4214 devorantis
3173 4158 3425 4214 intestina

1839 4249 2074 4320 trajecti,
2125 4248 2486 4304 insatiabilem
2530 4246 2647 4315 ejus
2696 4247 2982 4317 ingluviem
3034 4257 3302 4302 recreant.
3351 4249 3426 4303 Dc

1839 4342 2034 4410 quibus
2080 4350 2135 4394 et
2183 4354 2280 4409 per
2313 4339 2652 4393 Psalmistam
2682 4338 2879 4392 dicitur
2908 4354 2922 4392 :
2957 4357 2976 4390 ‹
3007 4338 3160 4393 Sicut
3201 4353 3330 4394 oves
3376 4340 3429 4393 in

1840 4430 2050 4485 inferno
2104 4429 2262 4499 positi
2319 4438 2465 4493 sunt,
2516 4437 2570 4481 et
2631 4443 2776 4482 mors
2825 4429 3078 4497 depascet
3119 4443 3214 4482 eos
3253 4427 3426 4496 (Psal.

1839 4529 2046 4590 xavm).
2085 4540 2103 4573 ›
2152 4519 2404 4574 Diabolus
2459 4518 2617 4588 170
2655 4520 2796 4572 enim
2838 4534 2977 4572 mors
3015 4519 3244 4582 dicitur;
3288 4518 3429 4571 sicut

1837 4613 1890 4664 in
1921 4610 2239 4681 Apocalypsi
2263 4611 2522 4678 scriptum
2553 4619 2635 4662 est
2663 4625 2676 4662 :
2716 4627 2733 4658 ι
2766 4607 2901 4673 Quia
2929 4619 3046 4663 erat
3068 4625 3237 4677 equus
3272 4608 3428 4676 palli-

1839 4704 1960 4766 dus,
2013 4713 2067 4755 et
2107 4703 2199 4772 qui
2230 4702 2452 4755 sedebat
2506 4716 2671 4770 super
2714 4716 2857 4763 eum,
2917 4716 3115 4756 nomen
3161 4701 3236 4754 illi
3277 4717 3430 4754 mors

1840 4795 2023 4865 (Apoc.
2048 4795 2144 4864 vt).
2171 4815 2188 4846 ι
2214 4794 2523 4848 Cavendum
2547 4809 2676 4866 ergo
2707 4792 2877 4853 vobis,
2918 4807 2983 4845 ne
3013 4793 3141 4848 dum
3167 4793 3432 4847 mortibus

1838 4883 2187 4954 parvulorum
2219 4893 2452 4937 vestram
2482 4885 2693 4938 satiatis
2723 4880 2990 4944 esuriem,
3023 4892 3078 4937 et
3107 4882 3210 4951 ipsi
3235 4881 3435 4936 occulti

1843 4975 2079 5044 raptoris
2101 4973 2408 5029 eiliciamini
2439 4973 2695 5035 vietitnm,
2723 4982 2862 5037 quos
2895 4969 2982 5023 ille
3011 4987 3176 5027 vorax
3205 4979 3259 5025 et
3286 4971 3436 5027 insa-

1845 5065 2045 5119 tiabilis
2071 5065 2339 5119 homicida
2367 5065 2417 5116 in
2443 5078 2536 5115 sua
2565 5059 3158 5120 transferatalitnenta.
3187 5059 3442 5113 Salmana

2313 5153 2568 5174 x,-.__.....l:...
2601 5158 2612 5167 ⁵
2665 5172 2671 5173 κ
2712 5161 2756 5174 Α.
2790 5149 3024 5174 r.a\--‘a‘:-
3057 5169 3082 5174 _
3109 5151 3290 5174 .ε-.-..ἷ,.
3323 5150 3442 5174 λικε..
