3950 5344
504 244 608 300 567

1027 239 1082 293 S-
1127 188 1327 293 PETRI
1362 233 1642 292 DAMIANI
1684 231 1833 289 OPP.
1861 231 2040 288 PARS
2069 229 2197 287 SEU
2235 229 2467 287 TOMUS
2505 231 2548 285 1.
2583 260 2650 270 -
2687 231 2897 287 EPIST.
2941 232 3067 287 LIB.
3106 229 3237 289 Vill.

3643 237 3737 294 ἓ)δὸ

505 363 652 424 runt,
678 357 1062 425 interpretatur
1087 352 1203 422 fons
1232 350 1600 422 generationis,
1628 349 1720 403 sed
1748 346 1932 416 utique
1959 361 2078 401 car-
2104 355 2150 408 Α
2181 346 2265 399 nia
2298 345 2466 416 possit
2493 344 2680 413 procul
2701 346 2865 402 dubio
2899 347 3055 412 Deus.-
3089 358 3266 418 posset
3301 352 3579 422 utiq-ueab
3619 373 3739 430 agro

508 448 664 511 nalis,
702 443 791 500 cui
823 443 1075 497 nimirum
1101 439 1489 495 delectabiliter
1512 437 1697 500 dediti,
1728 435 1934 488 funesta
1964 449 2079 488 me-

511 546 730 598 ruerunt
753 535 896 592 caede
920 533 1184 603 prosterni
1215 546 1230 584 :
1262 546 1364 586 non
1394 537 1702 600 qtucrentes
1738 527 1846 582 illic
1883 526 2083 597 germi-

508 645 668 692 nare,
711 625 799 679 ubi
830 635 1003 692 neque
1045 622 1278 686 nubent,
1324 634 1496 688 neque
1523 632 1717 671 uxores
1742 616 1955 678 ducent,
1986 628 2084 668 nec

509 717 768 786 incipient
798 713 953 769 mori.
998 711 1102 766 Sed
1147 711 1254 764 illic
1283 709 1474 778 potius,
1505 706 1593 759 ubi
1627 705 1881 774 quidquid
1912 703 2082 774 gigni-

509 819 614 871 tur,
647 807 699 860 in
725 815 951 860 mortem
983 815 1202 856 necesse
1225 810 1309 854 est
1339 798 1656 854 resolvatur.
1700 796 1808 850 Vos
1842 796 2003 865 igitur
2029 795 2080 848 in

507 897 687 953 Endor
711 895 897 949 intima
929 892 1095 944 divini
1126 889 1284 960 gladii
1317 887 1461 942 crede
1498 885 1749 940 corruitis
1772 924 1787 949 ,
1820 884 1909 953 qui
1941 883 2082 937 sacri

508 987 784 1040 ministros
808 982 993 1035 altaris
1014 979 1206 1034 incesti
1229 976 1459 1046 conjugii
1485 975 1823 1030 consciscere
1844 972 2079 1043 copulas,

507 1085 561 1130 et
590 1073 800 1143 spurios
830 1071 1047 1140 gignere
1073 1068 1209 1123 ﬁlios
1233 1066 1488 1121 edocetis.
1526 1064 1806 1119 Postremo
1832 1063 1923 1132 qui
1961 1077 2087 1116 san-

508 1167 774 1222 ctuarium
823 1164 916 1219 Dei
971 1177 1078 1217 non
1107 1158 1375 1231 spirituali
1402 1155 1787 1219 moderamine,
1825 1163 1878 1210 et
1907 1153 2086 1222 provi-

509 1259 660 1313 sione
701 1253 991 1324 gerendnm
1015 1293 1028 1314 ,
1080 1251 1175 1305 sed
1204 1249 1351 1303 velut
1380 1245 1722 1302 luereditario
1754 1243 1876 1314 jure
1915 1242 2084 1313 possi-

507 1349 741 1404 dendum
767 1344 1028 1406 asseritis,
1055 1341 1302 1397 omnibus
1325 1340 1408 1394 bis
1438 1335 1966 1408 interpretationibus
1989 1349 2086 1389 no-

513 1439 739 1495 minum.
771 1451 890 1505 quae
929 1433 1202 1489 succincte
1249 1431 1497 1500 superius
1527 1437 1651 1483 sunt
1675 1428 1937 1498 exposita,
1966 1441 2086 1497 per-

511 1528 693 1598 spicue
737 1524 1041 1593 subjacetis.
1091 1521 1196 1576 Sed
1229 1536 1351 1576 cum
1396 1518 1734 1574 revincendis
1761 1519 2087 1573 thematibus

511 1617 634 1676 illis,
663 1616 858 1686 quibus
885 1613 1127 1669 breviter
1175 1611 1529 1680 celeriterque
1552 1609 1954 1678 respondimus,
1993 1607 2085 1660 ad-

2184 433 2596 489 Mediolanensis
2651 434 2902 490 Ecclesiae
2951 439 3189 492 omnium
3247 440 3522 498 haereseon
3575 458 3740 516 pestes

2183 524 2366 592 procul
2397 523 2667 592 abjicere,
2709 535 2765 580 et
2804 526 2967 581 illaesa
3014 529 3290 584 vernantis
3331 531 3452 587 ﬁdei
3481 531 3739 589 frumenta

2184 631 2398 670 scrvare
2425 634 2438 668 :
2465 617 2557 670 sed
2597 616 2708 670 vult
2739 617 2971 673 ﬁdelium
3001 631 3218 674 suorum
3241 625 3472 689 probare
3495 639 3740 682 consuta-

2187 708 2336 773 tiam,
2361 723 2522 777 quam
2551 709 2814 764 violenter
2836 711 3082 766 videlicet
3097 729 3244 767 arma
3263 715 3576 784 corripiant,
3592 732 3740 787 quam

2185 797 2401 854 robuste
2422 814 2612 854 manus
2638 801 2884 856 manibus
2909 814 3212 869 conserant,
3235 820 3396 874 quam
3421 808 3649 878 denique
3672 813 3742 865 in-

2187 886 2446 958 fatigabili
2476 897 2662 943 contra
2685 890 2976 956 diabolum,
3009 894 3231 962 ejusque
3257 897 3520 952 satellites
3546 901 3740 954 animo-

2186 979 2344 1035 sitate
2359 979 2663 1048 conﬂigant.
2683 982 2935 1038 Poterant
2950 985 3090 1039 enim
3107 987 3396 1057 et‘istorum
3414 991 3740 1058 magistrum,

2184 1072 2436 1128 videlicet
2462 1072 2735 1127 Simonem
2761 1075 2888 1128 olim
2919 1075 3032 1130 suis
3073 1078 3328 1144 apostolis
3354 1080 3741 1149 adversantem,

2185 1178 2253 1217 ne
2276 1163 2328 1216 in
2365 1177 2490 1218 aera
2520 1163 2791 1219 levaretur
2823 1166 3123 1222 obsistere:
3152 1169 3247 1222 sed
3288 1170 3358 1224 ad
3384 1170 3489 1226 hoc
3514 1174 3741 1240 permisi,

2185 1251 2390 1317 extolli,
2427 1261 2486 1307 ut
2519 1253 2587 1307 ad
2611 1253 2695 1308 sui
2721 1253 2976 1322 majorem
2997 1255 3245 1326 gloriam,
3273 1265 3328 1313 et
3358 1257 3502 1315 illius
3532 1261 3747 1330 ignotniv

2188 1343 2332 1396 niam
2353 1342 2698 1412 compelleret
2720 1344 2774 1398 in
2803 1344 2910 1400 ima
2935 1345 3172 1418 demergi
3199 1346 3290 1418 (In
3313 1349 3444 1404 actis
3473 1349 3538 1404 Β.
3567 1349 3744 1421 Petri).

2188 1433 2581 1500 Quamobrem,
2613 1434 2987 1503 dilectissimi,
3031 1438 3353 1494 dimicantes
3384 1444 3644 1497 adversus
3668 1459 3752 1512 ge-

2190 1526 2387 1580 minam
2417 1525 2693 1580 diaboliem
2717 1525 2944 1596 legionis
2963 1529 3156 1594 aciem,
3183 1530 3343 1585 nolite
3373 1546 3613 1597 cessare,
3660 1551 3751 1589 no-

2191 1617 2284 1671 lite
2317 1616 2566 1685 degeneri
2604 1617 3042 1686 pusillanimitate
3068 1620 3300 1677 deﬁcere
3331 1636 3348 1676 :
3380 1623 3474 1678 sed
3505 1632 3755 1694 tanquam

512 1708 616 1760 hnc
637 1713 950 1774 argumenta
971 1701 1298 1773 perplurima
1323 1706 1639 1770 suppetant;
1665 1713 1880 1753 manum
1910 1708 2085 1750 tamen
2119 1692 2161 1750 Β
2190 1721 2316 1761 vere
2347 1707 2439 1760 ﬁlii
2467 1707 2766 1778 Benjamin,
2798 1710 2890 1778 qui
2920 1711 3156 1766 dextera:
3186 1712 3327 1768 ﬁlius
3350 1714 3568 1786 dicitur,
3613 1692 3757 1770 utra-

504 1798 616 1864 jam
643 1814 670 1851 a
701 1795 972 1852 scribendi
1003 1795 1254 1850 libertate
1283 1791 1677 1862 compescimus
1697 1830 1713 1856 ,
1765 1799 1824 1844 ut
1867 1788 2087 1844 uberius

511 1887 744 1942 dictandi
777 1887 941 1951 vires,
971 1885 1016 1940 si
1059 1893 1237 1940 tamen
1274 1883 1448 1938 adhuc
1477 1895 1697 1937 necesse
1747 1879 1948 1944 fuerit,
1991 1894 2088 1949 per

513 1977 823 2047 respirantis
848 1974 1068 2046 spiritus
1099 1975 1266 2029 otium
1293 1985 1625 2043 reparemus.
1659 1969 1871 2024 Parcite
1899 1984 2087 2039 proca-

510 2068 661 2122 cibus
712 2065 887 2129 labiis,
939 2062 1308 2128 dilectissimi,
1345 2069 1399 2116 et
1445 2060 1490 2115 si
1525 2074 1684 2128 quam
1721 2058 2005 2126 asperioris
2035 2057 2085 2110 in

514 2172 608 2212 vos
634 2155 780 2211 verbi
811 2153 1137 2223 salsuginem
1166 2151 1430 2206 scaturire
1459 2148 1804 2217 conspicitis,
1843 2162 1948 2202 non
1976 2163 2085 2212 me,

512 2245 607 2298 sed
653 2258 749 2297 vos
791 2242 969 2311 potius
1019 2239 1364 2311 redarguile,
1403 2238 1496 2308 qui
1544 2237 1780 2292 scribere
1825 2236 2086 2307 compuli-

511 2337 629 2390 stis.

1045 2421 1372 2478 EPISTOLA
1420 2417 1558 2475 XIV.

504 2514 581 2552 -Αυ
619 2509 968 2561 RODULPHUI,
1018 2509 1282 2557 VITALEM,
1341 2504 1630 2554 ARIALDUH,
1668 2503 2087 2554 EBLEMBALDUI,

1161 2599 1428 2647 ALIOSQUE.

520 2701 914 2754 Ancuuanruu.
949 2725 1015 2736 ——
1049 2694 1358 2749 Gratulatur
1384 2691 1616 2763 primum
1648 2691 1936 2763 decorum
1959 2731 1973 2755 ,
1995 2691 2089 2763 “ad

585 2786 719 2839 quos
755 2767 967 2839 scribit,
995 2765 1097 2839 ﬁde
1122 2775 1181 2839 et
1201 2760 1532 2839 fortitudine.
1567 2760 1768 2839 Deinde
1793 2761 1859 2814 de
1891 2760 2091 2839 Medio-

586 2831 820 2892 Ianensis
851 2836 1101 2890 Ecclesiae
1133 2834 1413 2888 discordiis
1441 2842 1495 2887 et
1515 2832 1782 2886 scandalis
1802 2831 2088 2899 conqueri-

588 2921 690 2962 tur.
726 2908 1004 2961 Postretno
1029 2903 1384 2957 constantiam
1415 2903 1468 2955 in
1511 2901 1702 2955 tuenda
1747 2900 1971 2954 veritate
1992 2940 2005 2962 ,
2038 2906 2092 2952 et

587 2979 860 3032 cmlcstem
897 2974 1207 3029 felicitatem
1236 2987 1341 3025 non
1376 2971 1532 3024 modo
1556 2970 1795 3039 precari,
1834 2971 1926 3024 sed
1958 2985 2095 3039 prte-

591 3049 771 3101 dicere
800 3045 1027 3098 videtur.
1061 3041 1190 3095 Nam
1222 3056 1320 3110 pro
1347 3041 1544 3094 Christi
1579 3040 1682 3092 ﬁde
1724 3054 1845 3110 cum
1874 3050 2094 3093 strenue
2121 3039 2164 3100 C

588 3116 847 3186 plerique
878 3126 1061 3186 eorum
1108 3109 1432 3186 pugnassent
1461 3150 1475 3172 ,
1525 3109 1783 3179 martyrio
1829 3110 2091 3174 coronati,

590 3181 786 3239 aeterna
819 3183 911 3236 Dei
949 3181 1155 3235 visione
1183 3181 1452 3233 fruuntur.

591 3273 805 3329 Sanctis
830 3271 1091 3326 fratribus
1121 3270 1429 3334 Ronuwuo,
1469 3268 1659 3323 VITALI
1684 3309 1698 3334 ,
1746 3276 1802 3322 et
1830 3269 2093 3334 ARIALDO,

519 3376 681 3436 atque
712 3366 1086 3427 EBLEMBALDO,
1116 3370 1170 3416 et
1192 3362 1403 3417 caeteris
1432 3377 1528 3430 pro
1557 3361 1750 3416 castris
1774 3361 1973 3416 Christi
2010 3363 2093 3417 in-

519 3457 658 3512 victa
709 3456 812 3510 ﬁde
856 3454 1228 3518 certantibus,
1284 3452 1495 3509 PETRUS
1522 3462 1775 3522 peccator
1804 3455 2099 3510 monachus

522 3548 746 3604 salutem
770 3546 822 3600 in
847 3545 1084 3601 Christo.

593 3637 956 3706 Omnipotenti
986 3636 1090 3690 Deo
1111 3635 1311 3704 gratias
1343 3635 1568 3704 agimus,
1595 3634 1948 3701 dilectissimi,
1969 3637 2098 3705 quia

524 3743 618 3783 vos
668 3725 809 3780 fama
855 3723 1572 3794 discurrente,,freqnentcr
1618 3725 1866 3780 audimus
1915 3726 1966 3779 in
2001 3741 2095 3790 eo,

523 3833 684 3888 quem
715 3821 780 3872 de
811 3817 1044 3886 Spiritus
1070 3817 1238 3871 sancti
1271 3817 1424 3885 171
1453 3816 1621 3886 gratia
1641 3817 2098 3887 concepistis,.pio

524 3910 739 3963 fervore
763 3908 1070 3976 persistere,
1098 3916 1152 3960 et
1201 3907 1457 3960 adversus
1500 3905 1680 3960 hostes
1721 3906 2100 3962 ecclesiasticae

526 3999 820 4066 disciplinac
852 3999 1204 4053 indelicientis
1227 4000 1390 4054 animi
1428 4000 1630 4054 viribtts
1667 3984 1943 4057 dimicare.
1984 4002 2100 4058 Non

527 4089 670 4143 enim
695 4099 877 4142 cessat
903 4089 1163 4156 trapezita
1188 4089 1546 4157 nequissimus
1569 4089 1831 4146 oﬂicinam
1855 4108 1966 4147 suae
1986 4109 2102 4163 per-

531 4177 804 4232 versitatis
831 4176 970 4229 intra
995 4176 1249 4230 Ecclesia:
1280 4184 1429 4246 septa
1454 4186 1788 4244 construere,
1816 4196 1922 4234 non
1956 4182 2100 4236 desi-

530 4271 609 4325 nit
639 4278 887 4324 tartareae
912 4278 1138 4324 monetae
1165 4285 1412 4324 nummos
1439 4269 1645 4326 malleis
1678 4271 1996 4326 cudentibus
2026 4275 2102 4327 fa-

2185 1813 2291 1867 que
2321 1795 2481 1852 manu
2513 1798 2670 1854 solito
2689 1799 2902 1855 fervore
2929 1801 3223 1873 conﬂigite,
3254 1812 3312 1858 et
3347 1804 3584 1874 bicipitis
3617 1822 3762 1861 mon-

2187 1895 2284 1949 stri
2313 1905 2474 1965 caput
2499 1896 2666 1950 divini
2691 1897 2858 1960 verbi,
2891 1897 3078 1967 gladiis
3099 1898 3439 1956 obtruncato.
3483 1901 3646 1966 Ecce,
3680 1903 3758 1956 ni-

2189 1988 2380 2041 mirum
2404 1987 2584 2053 Jesus,
2623 2002 2690 2042 ex
2723 1988 2876 2058 cujus
2899 2003 2995 2044 ore
3025 1990 3234 2059 gladius
3259 2005 3326 2046 ex
3352 2000 3582 2063 utraque
3613 1993 3762 2048 lima-

2190 2086 2291 2140 tus,
2322 2087 2375 2131 et
2404 2086 2592 2132 acutus
2621 2091 2774 2146 parte
2798 2081 3037 2148 procedit
3078 2098 3091 2134 :
3133 2088 3190 2135 et
3211 2082 3367 2136 obvia
3401 2097 3629 2153 quaeque
3657 2098 3764 2137 me-

2191 2176 2328 2232 tens,
2345 2174 2623 2222 cruentam
2656 2168 2888 2223 hostium
2904 2169 3205 2224 barbariem
3224 2173 3416 2226 sternit
3441 2173 3640 2244 (Judic.
3658 2173 3760 2240 tn).

2189 2257 2342 2326 Quod
2373 2259 2417 2312 si
2441 2256 2688 2332 fortassis
2727 2273 2792 2314 ex
2827 2261 3052 2315 adverso
3087 2261 3436 2330 nmltiplicata
3468 2261 3766 2332 maiignan-

2188 2348 2324 2403 tium
2350 2349 2511 2404 verba
2533 2349 2786 2404 videntur
2810 2349 3081 2420 ingruere,
3107 2350 3236 2405 illud
3267 2350 3426 2404 Elisei
3456 2353 3678 2406 verbum
3703 2354 3765 2405 ii-

2189 2439 2470 2496 ducialiter
2494 2439 2784 2494 inclamate
2813 2454 2828 2493 :
2869 2458 2887 2491 ι
2921 2440 3110 2495 Plures
3135 2441 3411 2496 nobiscum
3446 2451 3572 2495 sunt
3607 2459 3764 2510 quam

2188 2546 2312 2588 cum
2339 2531 2447 2584 illis
2495 2529 2602 2600 (IV
2631 2529 2761 2600 Reg.
2793 2533 2889 2598 vt).
2935 2549 2953 2581 ι
2995 2531 3133 2597 Quid
3185 2532 3335 2601 plura
3381 2533 3594 2586 dicant?
3635 2534 3767 2588 illud

2189 2623 2543 2694 apostoiicum
2581 2623 2765 2678 insero
2797 2641 2809 2675 :
2843 2640 2869 2673 ι
2906 2622 3058 2678 Licet
3096 2623 3317 2693 angelus
3343 2624 3410 2679 de
3437 2624 3580 2680 casio
3606 2640 3765 2680 evan-

2189 2715 2380 2786 gelize'.
2408 2715 2557 2770 vobis
2587 2711 2784 2784 praeter
2825 2731 2984 2785 quam
3031 2718 3172 2786 quod
3217 2718 3606 2786 evangelizavi,
3635 2734 3762 2772 ana-

2193 2809 2372 2863 thema
2397 2807 2466 2862 sit
2493 2805 2688 2877 (Galat.
2715 2807 2776 2874 ι).
2815 2825 2833 2859 ι
2865 2807 2999 2862 Nam
3041 2823 3199 2873 ecce,
3232 2810 3327 2878 qui
3347 2810 3459 2878 jam
3487 2810 3638 2879 prius
3673 2808 3764 2863 Ni.-

2193 2896 2509 2950 colaitarum
2539 2906 2593 2951 et
2624 2896 2944 2952 Sintoniaca
2971 2898 3206 2952 haereses
3253 2899 3462 2970 laqueis
3505 2902 3765 2954 teneban-

2198 2994 2286 3040 tur
2310 2986 2536 3049 astricti,
2565 3002 2707 3040 nunc
2733 2987 2799 3040 ad
2825 2987 3145 3057 perditionis
3173 3005 3282 3043 sua:
3304 2991 3585 3045 cumulum
3607 2981 3768 3045 etiam

2196 3086 2316 3147 post
2342 3077 2537 3132 violata
2566 3076 2916 3148 jurisjnrandi
2967 3088 3093 3134 sunt
3136 3092 3471 3134 sacramenta
3525 3083 3759 3151 perjuri;

2198 3180 2256 3225 ut
2291 3171 2342 3224 in
2372 3169 2453 3226 eis
2483 3169 2601 3226 luce
2631 3170 2828 3226 clarius
2856 3172 3143 3241 impleatur
3179 3175 3318 3243 quod
3357 3175 3409 3228 in
3446 3175 3768 3246 Apocalypsi

2194 3275 2286 3331 per
2307 3259 2567 3316 Joannem
2597 3260 2792 3315 dicitur
2819 3275 2833 3314 :
2868 3281 2886 3312 ι
2915 3261 3016 3328 Qui
3049 3273 3234 3327 nocet,
3268 3265 3687 3327 noceat'adhuc,
3715 3271 3770 3320 et

2196 3352 2286 3421 qui
2321 3352 2371 3405 in
2405 3351 2656 3406 sordibus
2681 3359 2797 3416 est,
2832 3352 3109 3408 sordescat
3133 3353 3309 3408 adhuc
3338 3353 3520 3423 (Apoc.
3551 3358 3706 3424 uti).
3742 3372 3765 3406 ι

2195 3442 2254 3498 In
2275 3445 2428 3499 vobis
2451 3451 2628 3499 autem
2653 3457 2686 3498 e
2705 3442 2938 3509 diverso,
2956 3445 3096 3514 quod
3117 3445 3360 3513 sequitur
3387 3463 3399 3497 :
3431 3465 3448 3496 ο
3478 3445 3580 3511 Qui
3594 3445 3771 3514 justus

2196 3543 2298 3600 est,
2323 3534 2650 3602 jnstiﬁcetur
2678 3533 2874 3598 adhuc,
2901 3545 2956 3590 et
2978 3535 3068 3604 qui
3098 3549 3314 3590 sanctus
3335 3544 3436 3599 est,
3463 3535 3770 3591 sanctiﬁca-

2199 3633 2288 3681 tur
2320 3625 2496 3679 adhuc
2521 3623 2725 3695 (Ibat).
2772 3642 2791 3675 ι
2824 3624 3108 3680 Familiare
3149 3625 3354 3682 scilicet
3398 3635 3453 3679 et
3479 3628 3770 3696 genuinum

2199 3715 2576 3771 Mediolanensi
2618 3713 2720 3770 fuit
2746 3731 2958 3785 semper
2987 3715 3270 3782 Ecclesiae,
3317 3725 3374 3770 ut
3401 3717 3456 3772 in
3483 3730 3550 3772 ea
3575 3718 3773 3773 diversi

2199 3807 2462 3878 dogmatis
2515 3808 2759 3864 homines
2807 3818 2862 3865 et
2908 3809 3234 3872 Auxentins,
3273 3808 3516 3866 simulet
3547 3809 3776 3866 Ambro-

2197 3901 2311 3957 sius
2367 3917 2473 3956 non
2527 3904 2818 3957 deessent:
2877 3901 2983 3957 ille
3021 3903 3225 3957 scilicet
3285 3911 3538 3970 tanquam
3587 3902 3774 3960 rabida

2196 3992 2439 4048 canicula
2499 3991 2742 4048 ﬁdelibus
2787 3992 3114 4058 oblatraret;
3163 3993 3263 4048 iste
3295 3991 3507 4047 Veteris
3559 4002 3618 4048 et
3670 3992 3776 4046 No-

2201 4081 2254 4137 vi
2311 4081 2636 4137 Testamenti
2693 4082 3008 4137 testimoniis
3059 4096 3183 4137 eum
3236 4090 3459 4136 cornuta
3517 4083 3780 4150 quodam-

2201 4173 2361 4229 modo
2415 4172 2566 4228 furca
2614 4171 2947 4242 repelleret:
2989 4171 3077 4226 ille
3109 4172 3333 4240 viperini
3391 4170 3531 4225 fellis
3589 4171 3777 4241 propi-

2201 4278 2356 4324 naret
2407 4283 2689 4333 errorem;
2752 4267 2855 4322 iste
2907 4266 3124 4338 superni
3175 4265 3338 4320 fontis
3385 4265 3646 4334 irriguam
3693 4265 3777 4318 in-

529 4364 757 4418 bricare.
782 4360 1162 4416 Nicolaitarum
1186 4375 1400 4431 quoque
1428 4361 1649 4416 haeresis
1673 4377 1791 4432 quae
1821 4365 1976 4418 nobis
2011 4380 2100 4418 vo-
2129 4374 2178 4434 υ
2202 4359 2394 4414 ﬂueret
2444 4359 2601 4429 172
2646 4359 2933 4427 puritatem
2970 4375 2982 4411 :
3017 4356 3104 4411 ille
3151 4369 3411 4425 sequaces
3464 4368 3597 4408 suos
3627 4353 3778 4407 viru-

532 4455 734 4509 biscum
759 4453 920 4507 simul
944 4452 1401 4508 collaborantibus
1423 4452 1707 4508 videbatur
1731 4455 1933 4519 evulsa,
1969 4457 2106 4510 redi-

532 4544 664 4597 vivis
695 4543 868 4597 adhuc
896 4541 1224 4611 germinibus
1253 4541 1510 4611 pullulat,
1540 4549 1596 4596 et
1625 4552 1856 4612 segetem
1905 4543 2109 4599 Christi

533 4644 741 4688 maturo
780 4634 892 4704 jam
940 4633 1133 4687 decore
1179 4631 1461 4687 ﬂaventem
1510 4633 1837 4687 zizaniorum
1872 4635 2110 4690 l'eraliter

531 4722 918 4792 emergentium
948 4722 1358 4776 adumbratione
1404 4721 1647 4776 suﬂ‘ocat.
1694 4721 1844 4778 Unde
1872 4726 2106 4792 procidi-

535 4825 654 4864 mus
686 4811 910 4865 Domino
937 4809 1161 4878 querula
1195 4809 1574 4864 lamentatione
1618 4810 1857 4865 dicentes
1889 4830 1901 4863 :
1938 4831 1956 4863 ι
2008 4815 2108 4868 Do-

537 4900 680 4952 mine
708 4939 722 4961 ,
770 4915 948 4954 nonne
986 4899 1185 4953 bonum
1218 4914 1400 4953 semen
1431 4899 1709 4952 seminasti
1741 4900 1792 4952 in
1831 4917 1958 4970 agro
1983 4905 2110 4957 tuo?

535 4991 675 5043 unde
701 5004 830 5058 ergo
846 4989 1005 5043 habet
1031 4989 1284 5044 zizania?
1316 5008 1333 5038 ι
1373 4988 1667 5056 Adjicimus
1707 4991 1870 5044 etiam
1899 5007 1911 5043 :
1944 5010 1962 5042 ε
1995 4994 2104 5057 Vis,

539 5081 698 5141 imus,
745 5089 798 5131 et
833 5078 1136 5147 colligimus
1160 5079 1260 5132 ea?
1293 5097 1310 5128 ι
1343 5079 1437 5134 sed
1465 5079 1822 5134 consolatoria
1866 5083 2111 5149 protinus

539 5167 703 5222 nobis
743 5182 872 5220 voce
927 5169 1256 5234 respondet:
1293 5187 1312 5219 ‹
1370 5168 1541 5224 Sinite
1596 5179 1820 5240 utraque
1865 5187 2110 5229 crescere

539 5270 709 5326 usque
729 5256 794 5309 ad
821 5265 1149 5320 messem,'et
1175 5258 1226 5310 in
1259 5266 1496 5326 tempore
1533 5262 1725 5316 messis
1754 5263 1929 5315 dicam
1965 5275 2108 5317 mes-

2207 4449 2352 4505 lento
2383 4449 2520 4504 lacte
2549 4449 2800 4513 nutritos,
2826 4457 2877 4503 et
2907 4462 3003 4517 per
3029 4447 3278 4501 astutiam
3323 4444 3530 4499 fraudis
3569 4443 3781 4499 illectos

2208 4543 2259 4596 in
2287 4550 2546 4595 tartarum
2572 4550 2872 4610 mergeret;
2905 4540 3007 4594 iste
3047 4553 3143 4607 per
3167 4537 3474 4607 apostolica:
3513 4535 3780 4591 doctrina:

2205 4632 2538 4687 dulcedinem
2568 4632 2634 4684 ad
2661 4628 2899 4685 cmlestis
2948 4630 3128 4700 gloriae
3158 4629 3374 4698 przemia
3421 4626 3734 4684 sublevaret
3762 4644 3775 4679 :

2209 4722 2299 4777 ille
2346 4723 2448 4777 sibi
2492 4719 2839 4777 credentibus
2881 4720 3128 4774 tenebras
3171 4718 3430 4772 caecitatis
3461 4717 3776 4780 induceret;

2211 4813 2309 4868 iste
2331 4811 2752 4868 sacerdotalibus
2787 4810 3094 4866 obedientes
3138 4809 3397 4878 imperiis,
3425 4809 3493 4863 ad
3521 4808 3776 4878 splendo-

2211 4917 2324 4956 rem
2353 4916 2492 4956 vera:
2536 4899 2658 4954 ﬁdei
2689 4908 2745 4954 et
2795 4899 2972 4954 lumen
3001 4907 3212 4953 aeterna:
3239 4900 3427 4968 gratiae
3474 4906 3775 4954 revocaret.

2211 4989 2546 5058 Quapropter
2572 4988 2701 5043 libet
2725 4988 2775 5041 in
2798 4988 2913 5057 ejus
2941 4988 3264 5056 praeconium
3293 4987 3488 5056 quibus
3521 5002 3622 5057 pro
3645 4997 3781 5041 tern-

2211 5093 2340 5149 pore
2384 5080 2534 5132 valeo
2579 5079 2844 5148 gaudere,
2905 5077 3150 5132 laudibus
3219 5067 3524 5132 exclamare
3575 5093 3591 5130 :
3638 5077 3782 5130 Deus

2215 5168 2575 5237 omnipotens,
2607 5166 2958 5232 dilectissimi,
2982 5175 3037 5220 et
3069 5179 3166 5236 per
3187 5165 3366 5220 claves
3387 5165 3448 5219 Β.
3471 5164 3621 5219 Petri
3646 5178 3780 5234 apo-

2213 5261 2333 5316 stoli
2359 5262 2509 5316 vobis
2523 5260 2742 5329 januam
2770 5261 2918 5331 regni
2948 5260 3188 5316 caelestis
3209 5260 3433 5329 aperiat,
3464 5267 3518 5313 et
3537 5273 3636 5329 per
3659 5271 3782 5314 ora-
