3950 5344
206 281 318 336 369

205 493 320 550 tos,
345 490 557 545 cunctis
578 506 864 562 pravorum
896 500 1204 570 dogmatum
1248 490 1522 574 erroribus
1570 521 1784 594 insupe-

205 575 460 632 rabiliter
523 584 807 646 resultare.
879 591 1099 652 Annuat
1151 602 1302 658 vobis
1353 606 1406 662 in
1459 610 1621 682 hujus
1660 575 1784 673 vitae

205 667 440 721 transitu
469 669 550 725 sic
575 687 672 742 per
695 681 875 736 omnia
901 683 1100 752 vivere,
1134 699 1191 744 ut
1229 709 1348 748 cum
1385 712 1450 754 eo
1479 667 1660 771 simul,
1691 708 1780 776 qui

201 764 401 810 auctor
424 767 510 814 est
534 763 678 830 vitas,
702 768 755 823 in
787 770 873 826 illa
905 775 1113 834 cmlesti
1141 780 1436 844 Jerusalem
1467 796 1794 853 mereamini.

202 843 322 900 sine
355 845 463 904 fine
491 856 748 920 gaudere.
785 858 977 918 Amen.
1016 912 1028 932 ,

757 973 1088 1037 EPISTOLA
1128 983 1239 1041 XV.

854 1082 922 1120 AD
959 1085 1183 1130 εοευειι.

199 1136 602 1202 Διςιξιιεητυι.
634 1182 702 1232 -Τ
725 1153 937 1245 Eadem.
965 1161 1018 1215 in
1047 1164 1433 1245 hac_epistola,
1463 1190 1581 1245 qua:
1608 1179 1661 1234 in
1690 1195 1780 1236 su-

558 1221 758 1287 periori
788 1226 1006 1286 brevius
1035 1221 1396 1296 continentur.

271 1297 465 1357 Petrus
488 1305 754 1378 Damiani,
789 1315 1094 1388 Rouurruo,
1143 1323 1356 1396 thu,
1388 1331 1649 1401 ABIALDO,
1673 1337 1779 1393 Ea-

201 1402 482 1448 IEIIBALDO
510 1396 766 1458 fratribus
795 1406 1044 1465 salutem.

269 1477 490 1538 Gratias
516 1488 725 1557 agimus
765 1493 896 1561 Deo,
923 1501 1066 1568 quod
1112 1509 1379 1562 constanti
1432 1510 1588 1566 famae
1627 1517 1773 1572 audi-

195 1580 321 1622 mus
370 1586 466 1628 vos
509 1588 823 1638 constanter
863 1588 1121 1649 adversus
1168 1596 1352 1654 hostes
1399 1604 1776 1664 ecclesiasticae

198 1656 498 1763 disciplina:
537 1676 765 1726 certare.
802 1673 1186 1738 Nicolaitarum
1233 1687 1476 1757 haeresis,
1517 1708 1636 1763 quae
1683 1711 1776 1754 νον

194 1746 280 1801 bis
304 1741 589 1811 nobiscum
618 1759 1008 1837 laborantibus,
1042 1772 1324 1833 videbatur
1347 1796 1446 1838 evu

995 1835 1002 1837 ν
1358 1835 1401 1838 ~-
1440 1835 1529 1841 '-——
1552 1835 1566 1852 ν
1595 1835 1744 1859 "r"

192 1835 348 1894 lulat.
381 1841 531 1901 Deus
555 1851 668 1906 vult
691 1857 927 1924 probare
953 1872 1312 1928 constantiam
1341 1891 1582 1936 suorum.
1605 1883 1764 1954 Ecce,

1353 1930 1389 1932 μ
1417 1930 1430 1933 -
1446 1930 1459 1933 -
1477 1930 1582 1936 φ---
1605 1930 1764 1954 ..πη

190 1930 284 1996 qui
311 1933 464 2000 prius
491 1937 875 2004 Nicolaitarum
926 1962 979 2008 et
1011 1954 1330 2020 Sitnouiacaa
1378 1968 1644 2028 hazreseos
1689 1975 1771 2030 la-

190 2022 348 2087 queis
373 2029 720 2100 tenebantur,
749 2055 891 2096 nunc
911 2045 977 2099 ad
1000 2051 1317 2116 perditionis
1356 2073 1466 2116 sua:
1491 2064 1764 2120 cumulum

190 2121 317 2165 sunt
343 2116 506 2172 etiam
537 2122 736 2181 violato
757 2145 1097 2195 sacramento
1132 2145 1354 2214 perjuri.
1406 2149 1559 2216 Quod
1588 2164 1763 2212 tamen

190 2200 244 2251 in
270 2200 652 2268 Mediolancnsi
681 2216 920 2276 Ecclesia
950 2242 1054 2281 non
1087 2244 1170 2286 est
1198 2249 1395 2294 novum
1429 2259 1442 2294 :
1475 2259 1595 2312 qua:
1626 2263 1765 2302 sem-

190 2303 285 2312 ---
340 2292 450 2312 42—7-
524 2299 537 2310 ο
613 2303 626 2312 ·
818 2311 825 2312 ί

1375 2292 1382 2294 ,
1432 2292 1439 2294 ν
1481 2292 1592 2312 γη
1626 2292 1736 2302 νυ...

187 2303 285 2355 per
336 2292 538 2352 diversi
595 2303 858 2375 dogmatis
916 2312 1160 2376 homines
1223 2324 1430 2395 habuit,
1491 2331 1763 2392 initioab

185 2379 458 2440 Auxentio
480 2397 643 2460 atque
665 2396 954 2460 Ambrosio
987 2406 1259 2468 inchoato.

723 2507 1055 2570 EPISTOLA
1098 2518 1233 2580 XVI.

346 2599 416 2638 AD
455 2604 808 2656 LANDULPIIIHI
847 2620 1108 2666 ειῑιιιοωι
1148 2629 1604 2680 IEDIOLAM-ZNSEI.

325 2671 593 2741 (Habetur
619 2692 743 2742 tom.
787 2690 904 2758 111,
930 2706 1104 2768 estque
1146 2671 1587 2783 optimatum-‘52..)

715 2777 1050 2842 EPISTOLA
1091 2791 1246 2848 XVII.

686 2883 754 2922 Αι)
803 2879 854 2928 εἴ
903 2891 1301 2948 susurnam.
1408 2943 1415 2947 .

450 2950 717 3019 (Habetur
743 2972 868 3019 tom.
897 2967 1017 3037 NI,
1047 2975 1100 3030 in
1139 2983 1384 3046 opuscula
1414 2986 1492 3055 8.)

582 3049 756 3122 >173
792 3055 1120 3120 EPISTOLA
1162 3067 1339 3125 XVIII.

584 3153 646 3194 ω
684 3160 930 3205 ΗΒΕΙΠἪΜ
971 3171 1362 3220 υκεεδγτεκυκ.

595 3237 778 3329 -ἶ
792 3247 1120 3329 ρυῳειὶοηβξ
1151 3218 1665 3329 liberti—presbyteri
1692 3271 1758 3326 de

245 3291 572 3419 baptismate
594 3343 608 3367 ,
649 3314 703 3360 et
1369 3291 1756 3401 ᾜῗειίῦῖξητὲῗ

245 3378 374 3421 soon
416 3382 446 3421 e
479 3409 493 3421 .

244 3378 493 3429 spondet.

249 3451 454 3510 Domno
482 3458 705 3521 υπεκτο
732 3470 980 3541 religioso
1007 3483 1324 3554 presbytero
1349 3529 1362 3554 ,
1394 3490 1604 3552 Psraus
1623 3514 1754 3568 pec-

173 3551 327 3595 catur
377 3553 677 3612 monachus
723 3559 1010 3622 individua:
1052 3551 1315 3640 glutinum
1365 3551 1652 3645 charitati;
1701 3592 1754 3646 in

167 3629 426 3690 Domino.

160 4564 188 4602 a
213 4551 474 4612 Patribus
501 4559 747 4622 instituta
797 4585 1094 4630 servamus.
1131 4577 1194 4631 Et
1222 4551 1474 4648 quoniam
1505 4585 1574 4642 ab
1619 4603 1770 4670 apo-g

160 4641 305 4670 ραι-ιιι,
339 4645 501 4670 ΩΑΙΑ...
580 4654 631 4670 ,ι
820 4668 826 4670 _
870 4661 903 4670 ..
943 4663 954 4670 .

159 4641 307 4696 stolis
336 4645 502 4701 ﬁdem
523 4691 538 4716 ,
574 4654 643 4708 ab
683 4661 986 4728 apostolicis
1014 4671 1192 4722 autem
1221 4669 1350 4726 viris
1385 4677 1736 4732 conversandi

1844 4733 2122 4755 -νν-----,
2182 4733 2625 4754 ννιιυιιυιυυιιιυιυ
2658 4740 2675 4768 ο
2733 4733 2832 4758 "UB
2883 4733 2978 4762 ιιυι
3025 4733 3174 4766 Γυιιυι
3225 4733 3418 4766 conse-

158 4733 209 4787 in
238 4735 484 4795 Ecclesia
527 4749 868 4817 percepimus
909 4757 1190 4824 ordinem,
1240 4763 1310 4817 ita
1346 4769 1738 4836 propemodum
1845 4785 2073 4844 quenter
2117 4781 2302 4851 exigas
2347 4787 2654 4860 rationem,
2703 4794 2956 4862 quoniam
3001 4800 3271 4871 negotium
3316 4800 3422 4855 hoc

158 4841 260 4871 non
314 4843 594 4871 mulam-nc
645 4841 936 4871 Αἶοητηιεη..
983 4850 1191 4871 ..-λημ
1254 4870 1258 4871 ν
1399 4856 1410 4868 .
1483 4859 1515 4871 ο.
1882 4865 1893 4871 -
1970 4867 2000 4871 --
2133 4870 2138 4871 ,

157 4841 260 4880 non
314 4843 596 4891 mutamus
644 4841 937 4913 disciplina:
982 4850 1197 4906 modum
1246 4870 1276 4907 a
1310 4856 1600 4926 majoribus
1631 4872 1740 4916 tra-

155 4918 358 4985 ditum,
412 4925 554 4980 sicut
591 4929 850 4988 illibatum
883 4945 1124 4996 tenemus
1153 4943 1328 5012 ipsum
1371 4918 1583 5019 quoque
1613 4953 1735 5010 ﬁdei

156 5007 585 5070 fundamentum.
647 5021 796 5077 Unde
839 5025 906 5078 ad
953 5007 1288 5087 Timotheum
1336 5007 1465 5093 dicit
1497 5007 1734 5111 'Aposto—

154 5101 230 5156 lus
271 5121 284 5156 :
339 5123 358 5157 ι
398 5105 470 5161 Ut
519 5111 658 5168 scias
715 5115 984 5183 quomodo
1031 5132 1279 5192 oporteat
1324 5127 1378 5181 in
1424 5101 1584 5190 domo
1635 5135 1729 5191 Dei

153 5198 500 5262 conversari,
554 5217 666 5268 quae
706 5215 790 5259 est
822 5206 1068 5265 Ecclesia
1113 5213 1206 5268 Dei
1251 5216 1393 5268 vivi.
1443 5222 1688 5268 εοιιηηιιιι

1313 312 1513 370 LIBER
1552 318 1886 387 QUINTUS,
1929 323 2139 383 EPIST.
2184 331 2361 390 XVIII.

206 396 386 452 ritate
397 400 696 467 persistere
723 423 735 458 :
761 404 814 462 et
841 407 892 462 in
922 414 1229 486 apostolicae
1258 420 1379 478 ﬁdei
1401 436 1552 496 petra
1584 430 1778 486 tunda-
1807 435 1856 495 Α
1889 434 1959 488 illi
2004 442 2160 495 merit

1835 5235 1968 5268 uitin
2022 5245 2130 5268 hanc!

3361 357 3463 410 570

2165 459 2196 497 ο
2221 457 2474 506 notantur
2518 454 2788 524 haeretici,
2837 465 2926 532 qui
2963 478 3294 535 praesumunt
3321 463 3464 540 quod

1886 528 1989 582 sibi
2036 534 2229 590 melius
2280 541 2489 597 videtur
2513 546 2710 618 eligere
2741 571 2752 604 :
2786 528 3140 626 dedignantur
3199 573 3377 619 autem
3409 565 3461 620 in

1885 615 1970 672 his
1992 659 2007 685 ,
2054 638 2173 692 quae
2203 642 2232 680 a
2274 633 2478 688 sanctis
2522 615 2645 694 sunt
2679 615 2936 700 institutav
2963 647 3307 719 doctoribus,
3340 671 3464 725 per-

1884 723 2122 767 manere.
2173 715 2281 786 Ego
2323 731 2502 778 autem
2545 730 2667 796 quia
2713 747 2818 788 non
2864 739 3023 793 modo
3071 751 3312 798 veterum
3339 760 3465 802 san.

1882 807 2122 869 ctorum,
2151 808 2244 862 sed
2273 819 2327 864 et
2360 819 2703 895 praesentium
2734 838 2819 879 me
2847 827 3164 898 discipulum
3193 848 3312 890 esse
3340 852 3464 906 pro-

1884 886 1998 906 ημ-
2162 902 2170 906 ,
2242 898 2254 906 ,
2417 903 2427 906 _

2985 886 2997 898 ,
3203 886 3308 890 η--
3341 886 3433 906 Γ--

1883 886 2070 958 tlteor,
2123 902 2176 947 et
2223 898 2457 956 doctoris
2510 893 2640 962 mihi
2697 915 3006 974 cathedram
3061 937 3167 976 non
3222 940 3460 997 usurpo,

1883 992 1988 1032 non
2041 981 2132 1035 tibi
2181 1001 2375 1042 novam
2429 1008 2590 1064 super
2637 998 2761 1066 his,
2815 1022 2934 1075 qua:
2985 1014 3256 1079 consulis,
3308 1031 3463 1088 regu-

1883 1065 1981 1088 ΙΑ---
2044 1084 2058 1088 Α
2078 1087 2087 1088 κ
2116 1087 2121 1088 γ
2155 1073 2169 1088 ⁹
2444 1082 2454 1088 ⁸
2530 1085 2539 1088 ⁸
2623 1086 2631 1088 “

1881 1065 1985 1120 lam
2034 1073 2237 1140 condo,
2286 1093 2392 1133 non
2440 1082 2570 1154 legis
2611 1065 2755 1155 jura
2789 1065 3279 1170 promulgoﬁzseii

1881 1158 1962 1212 vel
1995 1160 2108 1231 ipse
2151 1164 2204 1220 in
2236 1165 2474 1226 Romana
2521 1175 2758 1236 Ecclesia
2799 1186 2930 1256 ipsis
2976 1195 3282 1261 apostolicae
3321 1200 3463 1252 sedis

1879 1253 2091 1310 aedituis
2121 1273 2207 1314 me
2236 1263 2552 1326 docentibus
2582 1253 2836 1334 consuevi
2863 1321 2877 1345 ,
2924 1284 3006 1338 vel
3037 1287 3089 1341 in
3122 1288 3242 1345 aliis
3273 1291 3457 1346 Eccle-

1879 1340 1973 1398 siis
2004 1343 2198 1413 didici,
2235 1366 2299 1406 ac
2324 1357 2518 1424 saepius
2565 1340 2897 1432 frequentavi
2921 1412 2943 1436 ,ν
2967 1374 3282 1445 simpliciter
3307 1381 3460 1436 inno-

1879 1439 2046 1488 tesco.
2097 1435 2457 1502 Sacrosancto
2509 1449 2690 1520 itaque
2728 1457 3065 1528 baptismatis
3117 1466 3329 1525 lavacro
3361 1486 3459 1542 ego

2606 1519 2611 1520 ,
2795 1519 2811 1528 .
3140 1519 3146 1520 ί
3183 1519 3284 1524 ⁷⁷⁷⁷·
3303 1519 3322 1525 '
3365 1519 3455 1542 *υ*

1873 1519 2023 1590 juxta
2051 1541 2256 1584 morem
2287 1532 2540 1593 Romanae
2565 1540 2817 1603 Ecclesim
2851 1551 3022 1607 solum
3053 1556 3286 1612 chrisma
3319 1575 3459 1614 sem-

1876 1623 1972 1678 per
2004 1615 2302 1686 immiscui,
2346 1625 2528 1680 vinum
2586 1646 2713 1688 vero
2757 1641 3106 1709 permisceri,
3148 1647 3230 1700 vel
3277 1647 3453 1705 oleum
3500 1685 3514 1693 υ

1877 1712 2151 1768 nunquam
2197 1708 2322 1764 vidi.
2367 1711 2502 1772 Nam
2545 1728 2597 1772 et
2640 1722 2728 1776 illa
2766 1724 3238 1804 Scriptura,quae
3284 1738 3336 1792 in
3370 1740 3456 1796 die

1452 1784 1529 1841 lsa
1551 1829 1566 1852 ,
1595 1789 1771 1859 repul-
1799 1797 1846 1857 Β
1874 1803 2044 1846 omna:
2091 1794 2301 1854 Domini
2343 1802 2568 1874 legitur,
2612 1826 2731 1880 qua:
2765 1784 2925 1872 etiam
2974 1822 3054 1877 sic
3097 1784 3401 1882 aititulatnr
3435 1849 3447 1882 :

1868 1877 2050 1936 Sermo
2092 1891 2349 1956 generalis
2387 1896 2452 1950 de
2495 1902 2813 1966 confectione
2859 1911 3157 1968 chrismatis
3185 1958 3197 1980 ,
3240 1917 3338 1973 hoc
3373 1922 3450 1974 vi-

1867 1971 2023 2026 detur
2053 1975 2210 2049 174
2235 1983 2539 2050 exprimere
2564 2029 2578 2054 ,
2622 2000 2680 2046 ut
2701 1994 2776 2048 nil
2808 2009 3004 2065 prater
3027 2013 3272 2059 sanctum
3299 2007 3448 2061 chri-

1867 2074 1980 2115 sma
2003 2065 2294 2126 debeamus
2317 2072 2450 2130 fonti
2477 2079 2814 2150 baptismatis
2839 2090 3155 2149 admiscere.
3181 2097 3272 2150 Ait
3295 2099 3441 2154 enim

1867 2150 2008 2207 inter
2040 2165 2230 2213 caetera
2266 2179 2278 2214 :
2316 2181 2334 2214 ι
2385 2165 2514 2223 Oleo
2563 2185 2689 2228 vero
2736 2180 2876 2232 sacri
2921 2180 3230 2241 chrismatis
3275 2188 3446 2244 conﬁ-

1865 2241 2006 2295 citur
2033 2258 2168 2316 aqua
2213 2249 2580 2325 baptismatis,
2629 2273 2684 2317 et
2709 2265 2939 2323 etlicitur
2965 2271 3084 2328 fons
3113 2276 3298 2344 gratiae
3330 2294 3442 2338 cm,-

1863 2333 2034 2392 lestis.
2088 2357 2108 2390 ι
2140 2339 2273 2396 Nam
2318 2361 2440 2402 cum
2488 2352 2576 2406 ille
2623 2361 2889 2416 sermonis
2936 2363 3093 2420 istius
3144 2377 3332 2424 auctor
3382 2376 3448 2428 de

1859 2424 1984 2481 oleo
2035 2433 2373 2491 sanctificata
2428 2440 2754 2500 sufﬁcienter
2812 2454 3060 2521 superius
3118 2457 3444 2528 eloquatur,

1861 2518 2077 2584 quando
2120 2535 2248 2576 vero
2296 2526 2362 2579 ad
2400 2528 2657 2598 baptisma
2710 2518 3020 2608 descendit,
3075 2518 3239 2603 tacito
3286 2518 3444 2615 oleo,

1862 2603 1976 2656 solo
2025 2605 2150 2662 illud
2199 2613 2444 2678 perhibet
2492 2619 2782 2677 chrismate
2837 2603 3064 2696 confici;
3113 2641 3263 2702 patet
3312 2603 3444 2705 pro:

1861 2693 1947 2747 cul
1979 2695 2142 2752 dubio
2162 2701 2286 2768 quia
2315 2706 2456 2772 quod
2499 2711 2814 2780 nominavit,
2845 2716 2897 2770 id
2923 2693 3096 2774 solum
3113 2693 3292 2778 -voluit
3313 2693 3442 2796 per-

3493 458 3518 471 η’

1861 2787 2096 2844 misceri.
2120 2792 2251 2849 Nam
2288 2798 2330 2850 si
2371 2799 2573 2870 vinum,
2622 2805 2700 2859 vel
2726 2808 2900 2864 oleum
2944 2810 3270 2870 fundendum
3319 2807 3442 2874 esse
3469 2827 3498 2833 "

1861 2873 2196 2948 decerneret,
2274 2889 2549 2945 nominato
2610 2894 2942 2967 chrismate,
2979 2901 3084 2959 hoc
3133 2906 3298 2962 etiam
3331 2923 3453 2964 non.

1861 2975 2082 3026 taceret.

1932 3059 2006 3114 De
2035 3061 2368 3124 celebrandis
2393 3086 2521 3127 vero
2548 3075 2834 3134 missarum
2861 3080 3134 3139 solemniis
3161 3100 3260 3142 nos
3293 3088 3438 3146 hanc

1855 3237 2171 3309 didicimus,
2223 3256 2277 3300 et
2331 3258 2603 3318 tenemus,
2641 3265 2699 3310 ut
2759 3259 2978 3316 calicem
3026 3263 3338 3324 differamus
3383 3271 3441 3326 in

1856 3328 2142 3385 missarum
2193 3333 2301 3390 fine
2353 3339 2709 3410 perfundere,
2763 3348 2808 3401 si
2858 3352 3214 3423 nosmetipsos
3246 3359 3438 3414 eodem

1857 3416 1943 3470 die
1992 3420 2314 3478 sacrificium
2363 3428 2539 3486 denuo
2588 3448 2868 3502 speramus
2917 3438 3156 3498 oil‘erre:
3195 3445 3438 3517 alioquin

1855 3508 2283 3583 quandocunque
2335 3531 2519 3573 sacras
2565 3521 2772 3578 hostias
2815 3525 3184 3598 immolamus,
3233 3536 3288 3591 in
3331 3538 3438 3594 lino

1855 3595 2078 3650 calicem
2120 3613 2335 3670 semper
2381 3621 2446 3660 ex
2482 3622 2630 3665 more
2673 3613 3060 3680 perfundimus.
3118 3620 3286 3680 Porro
3321 3627 3435 3682 sive

1848 3683 2190 3754 jejuuamus,
2226 3691 2338 3745 sive
2393 3695 2701 3764 reficimur,
2752 3703 2892 3758 hanc
2937 3706 3289 3774 perfundendi
3345 3727 3432 3768 re-

1852 3772 2029 3844 gulam
2068 3791 2173 3833 non
2227 3793 2512 3840 mutamus.
2547 3787 2696 3854 Quod
2719 3801 2898 3849 autem
2938 3772 3228 3884 perhibes,
3260 3816 3426 3870 quos-

1853 3863 1975 3918 dam
2025 3867 2204 3942 dicere
2256 3889 2380 3942 quia
2415 3885 2699 3949 postquam
2728 3863 2998 3954 perfundit
3041 3863 3308 3961 quispiam
3335 3909 3428 3950 ca-

1732 3982 1752 3994 ν
1850 3956 2038 4026 licem,
2087 3977 2193 4017 non
2238 3975 2322 4020 est
2363 3969 2618 4032 dicendus
2661 3987 2779 4032 esse
2811 3956 3074 4048 jejunus,
3103 3956 3180 4038 et-
3199 3999 3296 4055 per
3324 3985 3424 4042 has

1850 4049 2068 4110 frivolas
2123 4066 2388 4114 conantur
2439 4064 2667 4132 ineptias
2712 4071 2866 4139 quasi
2916 4076 3272 4142 quaestionum
3313 4093 3428 4134 mo-

1851 4158 1976 4196 vere
2020 4144 2290 4214 litigium:
2322 4151 2408 4206 hic
2453 4153 2580 4210 illud
2626 4157 2718 4213 tibi
2766 4165 3061 4219 cavendum
3112 4177 3232 4234 est,
3283 4173 3430 4240 quod

1849 4223 1982 4286 dicit
2029 4234 2314 4304 Apostolus
2346 4259 2358 4295 :
2396 4262 2413 4294 ι
2453 4243 2657 4302 Stultas
2687 4261 2862 4306 autem
2905 4265 2958 4309 et
2986 4256 3103 4311 sine
3145 4223 3440 4330 disciplina.

1849 4324 2171 4392 quaestiones
2199 4328 2409 4399 devita,
2450 4337 2630 4393 sciens
2668 4342 2790 4409 quia
2823 4354 3084 4412 generant
3111 4347 3234 4404 lites
3267 4367 3280 4403 :
3309 4365 3426 4405 ser-

1748 4421 1820 4507 ζῇ
1851 4429 1974 4467 vum
2019 4426 2196 4474 autem
2240 4421 2450 4481 Domini
2479 4444 2583 4484 non
2621 4443 2831 4499 oportet
2879 4436 3122 4507 litigare,
3150 4441 3244 4494 sed
3271 4456 3427 4496 man-

161 4472 275 4512 rem
323 4460 586 4522 Ecclesia:
634 4485 738 4528 non
787 4475 1142 4539 inducimus:
1191 4489 1284 4544 sed
1325 4505 1386 4545 ea
1440 4510 1559 4563 qua:
1619 4481 1820 4556 suntin

1844 4515 2052 4560 suetum
2079 4523 2198 4564 esse
2223 4513 2290 4566 ad
2309 4527 2497 4572 omnes
2522 4517 2606 4588 (II
2641 4520 2776 4576 Tim.
2800 4525 2881 4593 ιι).
2917 4545 2935 4578 ι
2971 4526 3211 4585 Sulliciat
3239 4531 3435 4600 itaque-

1846 4593 1940 4647 tibi
1988 4600 2260 4655 succincte
2309 4604 2571 4676 digestam
2623 4613 2839 4676 audire,
2887 4630 3048 4685 quam
3092 4636 3234 4676 nunc
3272 4631 3422 4679 tenet

1844 4683 2122 4755 Ecclesia,
2181 4697 2625 4754 consuetudinem
2658 4740 2675 4768 ,
2733 4718 2832 4758 nec
2881 4706 2978 4762 tibi
3025 4711 3174 4766 reddi
3225 4726 3418 4766 conse-

1842 4865 2085 4934 pluribus
2128 4870 2330 4942 indiget
2377 4877 2589 4943 verbis,
2637 4889 2694 4936 et
2732 4881 2942 4938 facilius
2992 4865 3424 4944 tit-'confahula-s

1841 4965 1985 5020 tione
2013 4971 2309 5027 communis
2348 4975 2578 5044 eloquii,
2615 4994 2775 5050 quam
2826 4990 2883 5032 ut
2912 4981 3171 5044 dictantis
3199 4985 3426 5041 articulo

1838 5057 2008 5123 possit
2039 5059 2261 5128 expleri.
2309 5061 2417 5118 Nec
2463 5063 2682 5123 mireris
2701 5108 2723 5135 ,.
2749 5067 2794 5124 si
2824 5083 2945 5124 cum
2977 5084 3132 5140 tanta
3157 5074 3432 5130 celeritate

1838 5145 2066 5200 decursa
2095 5151 2474 5219 seriptiuncula
2507 5154 2608 5212 tibi
2640 5161 2742 5216 ista
2775 5172 2883 5212 non
2913 5165 3138 5234 suﬂicit,
3165 5164 3244 5218 vel
3269 5163 3432 5216 etiam

1838 5235 1968 5268 uitia
2022 5238 2338 5268 ῠιιοιῖηἷιηιέδ
2393 5246 2629 5268 ,ωορκ-ηις.
2713 5247 2980 5268 I-......_--._
3191 5252 3202 5268 ι
3282 5266 3285 5267 ,
3351 5249 3403 5268 ιι.

2142 5238 2338 5268 ἓΛῖΙηίξδ
2393 5246 2629 5268 ΑκόΑ-ιιιει
2713 5247 2915 5268 '--4-__-

1783 3149 1828 3212 c
1858 3153 2258 3210 consuetudinis
2311 3160 2546 3228 regulam
2587 3165 2639 3219 in
2689 3167 3040 3239 disciplinatis
3092 3174 3350 3233 Ecclesiis
3382 3189 3442 3235 et
3480 3244 3487 3250 ,
