3950 5344
496 281 599 338 371

1017 272 1074 327 S.
1115 267 1318 327 PETRI
1355 264 1637 323 DAMIANI
1673 263 1826 322 OPP.
1863 257 2041 316 PARS
2078 252 2496 341 SEUTOMUS
2533 252 2571 307 1.
2613 279 2684 292 -
2721 247 2941 336 EPlS'l'.
3129 243 3261 339 leli:

3639 243 3762 300 ἵντὲ

502 394 633 447 tiam
659 430 675 456 ,
721 372 1043 452 venerabilis
1068 384 1269 450 frater,
1301 392 1362 438 ιιι
1407 383 1480 437 tui
1508 379 1743 451 pectoris
1773 375 2071 433 sacrarium
2100 375 2147 434 Α
2175 369 2528 451 clauduntur,
2581 361 2792 449 aperiat
2817 378 2830 416 :
2855 368 2910 449 et
2954 373 3072 429 quae
3120 357 3279 441 ligata
3309 363 3470 437 sunt,
3513 354 3764 431 potenter

500 485 713 551 visitet,
758 491 812 537 et
855 478 1023 534 radiis
1068 477 1197 532 illud
1221 491 1330 531 sua:
1358 473 1621 531 claritatis
1651 471 1920 526 illustret:
1949 482 2082 538 qua-

472 585 659 628 'tenus
687 570 857 627 clavis
880 569 971 625 ille
1003 568 1168 624 David
1189 608 1202 631 ,
1234 566 1322 637 qui
1354 565 1549 620 librum
1577 563 1844 634 signatum
1874 566 2080 639 septem

500 662 693 733 sigillis
734 661 947 732 aperuit
976 659 1160 732 (Apoc.
1188 658 1277 729 v),
1321 656 1415 712 tibi
1460 669 1704 725 quoque,
1752 666 1872 731 quae
1902 651 2080 725 adhuc

2181 457 2445 538 absolvat.
2935 537 2938 538 ν
3020 492 3035 538 ε
3128 506 3151 538 λ

2184 536 2204 545 "
2322 542 2326 546 '
2434 541 2440 547 '
2711 537 3048 615 EPISTOLA
3092 536 3233 599 xix.

2574 647 2642 693 ID
2682 645 2936 689 οιειιιίιοε
2972 643 3041 697 ΕΤ
3079 640 3386 691 (ἈΝΟΝΙΩΟΞ.

2334 726 2595 797 (Habetur
2620 732 2745 803 tam.
2775 719 2868 776 III
2893 760 2910 788 ,
2948 709 3460 811 estque‘opusculum
3485 712 3594 783 28.)
3648 776 3663 789 _

1572 1114 1575 1117 ’
1671 1091 2027 1191 LIBER
2097 1088 2586 1203 SEXTUS.

1592 1299 1685 1371 an
1731 1249 2043 1384 Alienas
2099 1296 2187 1352 ET
2226 1293 2617 1376 MONACHQS.

794 1596 1143 1706 175-176
1178 1627 1510 1685 EPISTOLA
1548 1618 1782 1682 PRIMA.

504 1763 571 1801 λυ
607 1758 881 1801 MONACIIOS
916 1758 1067 1799 εΑοιυ
1105 1755 1424 1797 IONASTERII
1462 1755 1510 1794 8.
1549 1753 1831 1795 BENEDICTI

1206 1826 1399 1866 CASINI.

1241 1827 1320 1865 Αι
1384 1849 1399 1864 .

690 1907 949 1979 (Habetur
992 1915 1119 1959 tom.
1164 1827 1522 1973 Ιῗιῗῗειᾳιω
1558 1892 1744 1987 opiter.
1794 1899 1911 1975 43.)

1078 2012 1412 2072 EPISTOLA
1446 2013 1513 2095 u.

610 2126 677 2163 AD
705 2123 913 2165 UGONEM
953 2121 1196 2162 ABBATE!
1232 2119 1553 2159 IIONASTERII
1583 2118 1979 2175 CLUNIACEMSIS.

504 2199 897 2253 Ancuuenrun.
922 2227 989 2236 —
1011 2195 1394 2249 Cluniacenses
1415 2192 1662 2249 monachi
1700 2192 1948 2261 maximis
1973 2209 2003 2246 a
2026 2191 2084 2246 S.

578 2268 799 2327 doctore
823 2263 1099 2320 beneﬁciis
1122 2263 1321 2328 affecti,
1360 2279 1482 2318 cum
1505 2277 1602 2333 pro
1628 2276 1812 2333 eorum
1845 2258 2005 2333 causa
2034 2264 2088 2317 in

547 2390 552 2395 .
590 2352 684 2394 sua
714 2345 994 2390 senectute
1012 2333 1172 2403 Alpes
1196 2329 1601 2395 transcendere,
1623 2340 1678 2386 et
1699 2331 1752 2386 in
1765 2329 1992 2403 Galliam
2009 2334 2089 2388 ire

500 2412 513 2431 '
581 2422 688 2459 non
712 2412 1042 2466 recusasset,
1080 2402 1259 2457 eidem
1286 2409 1688 2464 concesserant,
1716 2409 1780 2472 qut
1818 2402 1880 2472 in_
1900 2417 2090 2472 perpe-

504 2504 513 2511 -
544 2478 551 2487 '
582 2486 729 2528 tuum
746 2474 860 2540 ejus
885 2474 1073 2527 mortis
1098 2474 1290 2526 dies-in
1311 2488 1408 2527 suo
1435 2470 1764 2537 monasterio
1784 2481 1840 2526 et
1857 2470 2084 2540 fusis—ad

579 2546 742 2602 Deum
757 2544 1098 2611 prccibu’s,et
1118 2541 1325 2598 funebri
1368 2542 1708 2601 solemnitate
1739 2539 1963 2611 singulis
1993 2557 2088 2596 au-

577 2614 658 2669 nis
696 2610 1339 2681 celebraretur.ldipsum
1377 2628 1518 2667 nunc
1548 2611 1718 2682 Ugoni
1746 2610 2085 2682 Cluniacensi

576 2685 755 2739 abbati
770 2685 821 2737 iu
838 2684 1150 2738 memoriam
1175 2680 1418 2741 revocat:
1436 2691 1509 2744 et,
1532 2692 1590 2736 ut
1607 2680 1665 2736 in
1684 2680 1904 2751 reliquis
1916 2683 2079 2737 etiam

506 2756 509 2759 ’
576 2754 836 2878 ﬁmnobiis
872 2752 1212 2808 Cluniacensi
1258 2752 1516 2823 subjectis
1545 2752 1687 2808 idem
1741 2750 1857 2819 fieri
1902 2761 2085 2823 curet,

614 2835 914 2878 enrecatur.
1754 2832 1757 2837 '

614 2835 914 2892 eprecatur.
1754 2832 1757 2837 '

579 2916 783 2969 Domno
834 2914 898 2970 υ.
931 2913 1252 2969 veneranda:
1290 2914 1592 2968 sanctitatis
1626 2910 1841 2981 abbati,
1872 2913 2086 2969 Pernus

505 3011 759 3074 peccator
801 3005 1097 3058 monachus
1140 3002 1399 3079 quidquid
1436 3016 1641 3058 servus.
1885 2988 1889 2993 ’
1944 2988 1947 2991 ’

577 3091 715 3145 Dum
764 3105 927 3144 unum
976 3090 1105 3160 quid
1141 3089 1436 3159 quarritur,
1487 3099 1542 3143 et
1593 3088 1736 3144 aliud
1778 3089 2087 3153 invenitur,

506 3198 846 3253 nequaquam
876 3193 1055 3238 votum
1087 3182 1317 3252 petentis
1352 3182 1620 3253 impletur.
1673 3180 1869 3239 Paulus
1898 3161 2090 3253 nempe

507 3264 897 3346 conqueritur:
929 3274 1065 3342 Quia
1102 3275 1228 3331 dum
1272 3273 1471 3329 auferri
1525 3275 1625 3331 sibi
1665 3275 1880 3332 Satanae
1921 3290 2081 3346 ange-

506 3364 617 3420 lum
655 3359 924 3435 postulat,
955 3366 1060 3422 non
1093 3365 1195 3420 sibi
1242 3363 1490 3420 stimulus
1519 3367 1732 3434 carnis,
1766 3376 1826 3421 ut
1853 3367 2089 3438 petebat,

509 3454 756 3509 aufertur
784 3470 799 3509 :
830 3457 924 3511 sed
969 3456 1093 3526 quia
1122 3454 1294 3525 gratia
1346 3442 1457 3512 sibi
1494 3457 1675 3535 divina
1708 3457 1964 3532 sulliciat,
1997 3458 2093 3537 ad:

503 3553 758 3609 monetur
785 3544 870 3617 (Il
904 3546 1025 3601 Cor.
1064 3546 1179 3618 xu).
1215 3546 1428 3618 Moyses
1472 3563 1691 3629 quoque
1732 3549 1921 3620 petiit,
1953 3558 2013 3604 ut
2040 3547 2091 3605 ei

507 3637 706 3693 faciem
780 3652 929 3692 suam
1006 3637 1299 3705 Dominus,
1357 3638 1447 3709 qui
1518 3654 1702 3696 secum
1751 3639 2091 3710 loquebatur,

509 3727 841 3793 ostenderet,
873 3736 928 3782 et
954 3743 1059 3783 non
1086 3714 1317 3784 obtinuit
1336 3728 1532 3801 (Exod.
1556 3713 1924 3807 xxxnt),dlibi
1941 3718 2093 3798 vero,

506 3816 635 3887 quia
687 3816 945 3873 Dominus
973 3831 1094 3871 eum
1149 3817 1204 3872 in
1249 3826 1461 3889 gentem
1500 3810 1750 3891 magnam
1782 3819 2015 3886 faceret,
2046 3821 2090 3875 si

508 3908 625 3978 ipse
662 3907 854 3973 vellet,
885 3909 1085 3964 audivit
1114 3923 1129 3962 :
1161 3928 1180 3960 ε
1215 3908 1434 3966 Dimitte
1476 3926 1562 3978 me
1584 3951 1599 3976 ,
1647 3910 1859 3981 inquit,
1895 3920 1955 3966 ut
1984 3910 2092 3966 ira-

506 4007 692 4055 scatur
720 3999 870 4054 furor
898 4016 1049 4056 meus
1075 4010 1265 4056 contra
1290 3989 1546 4075 populum
1578 3986 1737 4061 istum
1757 4046 1771 4069 ,
1799 4012 1854 4059 et
1883 4004 2090 4060 deleam

507 4104 621 4156 eos,
645 4088 949 4158 faciamque
976 4091 1093 4144 tein
1110 4102 1323 4160 gentem
1353 4076 1814 4172 magnant_(Exod.
1839 4097 2035 4166 χχχιι).
2065 4116 2084 4149 ι

508 4177 591 4232 Ad
629 4176 770 4247 quod
810 4176 1015 4247 Moyses
1059 4178 1226 4233 libera
1270 4195 1401 4235 voce
1447 4183 1768 4250 respondit:
1813 4200 1830 4234 ι
1871 4183 1978 4236 Aut
2005 4180 2089 4237 di-

507 4265 663 4322 mitte
701 4265 779 4320 eis
818 4263 958 4320 hanc
989 4280 1184 4319 noxam
1210 4306 1225 4331 ,
1268 4276 1397 4331 aut,
1428 4267 1472 4323 si
1503 4283 1608 4322 non
1656 4268 1788 4324 facis
1813 4310 1828 4337 ,
1861 4270 1979 4325 dele
2005 4286 2091 4327 me

1888 1754 2085 1807 nouns

2116 1629 2159 1687 Β
2188 1607 2513 1691 venerabilis
2565 1607 2762 1675 Pater,
2810 1621 2936 1693 quia
2979 1621 3103 1672 cum
3134 1607 3247 1693 jam
3294 1620 3382 1667 me
3417 1611 3660 1676 senectus
3684 1600 3776 1684 in:

2190 1718 2356 1758 curva
2403 1688 2762 1773 deprimeret,
2804 1688 3090 1758 et'eﬂ‘mto
3117 1688 3326 1754 viribus
3363 1709 3588 1767 corpore
3614 1703 3773 1749 nuta—

2192 1795 2373 1850 bunda
2412 1793 2712 1868 gradientis
2738 1792 2967 1865 vestigia
2993 1790 3093 1847 sub
3135 1789 3355 1845 incertis
3383 1785 3654 1858 gressibus
3679 1800 3773 1860 vae

2189 1886 2472 1965 cillarent,
2516 1902 2615 1957 ego
2659 1885 2727 1941 ad
2770 1881 2875 1940 tuaé
2907 1882 3166 1965 iussionis
3208 1879 3492 1965 imperium
3541 1877 3769 1956 animam

2190 1963 2363 2033 meam
2381 2017 2398 2045 ,
2420 1987 2482 2034 ut
2501 1974 2576 2034 ita
2599 1977 2789 2053 loquar
2805 2017 2819 2041 ,
2849 1978 2902 2030 in
2927 1963 3174 2030 manibus
3199 1963 3334 2050 meis
3357 1970 3514 2052 plosui
3539 2009 3553 2036 ,
3576 1967 3773 2048 :es‘tivis

2195 2071 2453 2142 adoperta
2503 2056 2717 2126 nivibus
2752 2056 2987 2140 uAlpium
3029 2075 3299 2139 prmrupta
3345 2061 3675 2127 conscendi,
3702 2068 3773 2136 .et

2189 2176 2288 2232 pro
2338 2159 2572 2216 utilitate
2615 2143 2940 2236 venerabilis
2989 2150 3299 2213 monasterii
3353 2154 3435 2228 tui.
3481 2152 3773 2229 propinqua

2190 2250 2324 2308 Satis
2351 2238 2568 2308 Oceano
2595 2251 2891 2307 Galliarum
2923 2249 3109 2304 intima
3139 2236 3441 2318 penetravi.
3487 2243 3595 2298 Pro
3624 2241 3776 2317 cujus

2190 2342 2523 2413 impensione
2554 2332 2784 2407 laboris,
2816 2341 2918 2397 hoc
2940 2339 3281 2412 potissimum
3308 2336 3437 2407 petii
3464 2377 3478 2401 ,
3512 2343 3776 2405 quatenus

2190 2434 2625 2506 incomparabilis
2663 2424 2752 2488 ille
2796 2440 2954 2497 tuus,
3000 2438 3326 2513 sanctusque
3366 2435 3669 2513 conventus
3703 2430 3775 2478 te-

2189 2544 2310 2585 cum
2341 2526 2500 2583 simul
2529 2541 2625 2597 per
2666 2512 2977 2581 litteralium
3007 2507 3447 2605 astipulationu‘m
3471 2507 3625 2605 mihi
3661 2523 3772 2568 rata

2188 2620 2565 2693 promitteret,
2614 2616 2756 2687 quod
2802 2629 2900 2693 per
2944 2605 3135 2669 omnes
3180 2596 3778 2667 succedentium'vicis-

2188 2691 2452 2769 situdines
2482 2696 2780 2779 temporum
2820 2691 3250 2781 anniversarium
3306 2700 3416 2755 mei
3466 2697 3653 2755 obitus
3697 2709 3775 2748 re-

2188 2803 2364 2859 diviva
2415 2815 2627 2870 semper
2667 2793 2925 2852 memoria
2962 2783 3170 2852 coleret
3195 2836 3211 2860 ,
3252 2805 3453 2863 meque
3502 2785 3781 2869 tremendo

2181 2892 2346 2963 jmiici
2381 2891 2483 2961 piis
2508 2903 2730 2961 precum
2766 2887 3039 2957 exsequiis
3061 2874 3483 2964 commendaret.
3524 2878 3623 2934 Cui
3656 2888 3777 2931 tunc

2116 3012 2160 3075 ρ
2192 2980 2465 3055 sponsioni
2503 2989 2558 3036 et
2599 2979 2701 3039 hoc
2726 2978 2964 3034 additum
3005 2984 3089 3062 est
3114 3017 3128 3043 ,
3159 2984 3221 3029 ut
3257 2988 3426 3074 unum
3464 2969 3783 3075 sinclinterf

2192 3054 2452 3129 missione
2478 3084 2578 3140 pro
2613 3083 2701 3124 me
2727 3080 3018 3139 pauperem
3054 3059 3110 3121 et
3135 3054 3419 3146 alimentis
3432 3059 3594 3116 simul
3618 3067 3675 3112 et
3702 3056 3778 3146 in.

2193 3164 2682 3235 dumentisjugiter
2701 3145 3051 3216 sustentaret.
3078 3152 3178 3213 Hic
3204 3139 3309 3212 mei
3340 3140 3547 3210 laboris
3566 3154 3651 3207 est
3671 3139 3752 3205 fni

2192 3266 2334 3321 ctus,
2359 3242 2475 3312 haec
2501 3267 2709 3308 merces
2729 3251 2909 3322 operis
2926 3290 2940 3316 ,
2961 3249 3077 3304 haec
3103 3245 3391 3303 redhibitio
3413 3241 3651 3298 talionis.
3674 3237 3776 3293 Sed

2193 3350 2319 3404 dum
2345 3356 2424 3405 tot
2441 3344 2675 3415 copiosis
2697 3358 2760 3399 ac
2779 3340 3028 3416 pretiosis
3043 3336 3356 3405 muneribus
3376 3331 3676 3404 liberalitas
3691 3342 3779 3403 me,

2192 3416 2762 3511 vestra‘prosequi‘tur
2782 3472 2799 3499 ,
2835 3447 2942 3488 non
2985 3431 3101 3486 sine
3129 3442 3291 3499 causa
3324 3425 3523 3493 timeo;
3550 3436 3620 3477 ne
3651 3419 3773 3475 dum

2206 3527 2365 3598 177
2404 3510 2625 3597 peracto
2651 3510 3024 3591 laberi,'quasi
3056 3517 3288 3587 prtulisse
3311 3524 3539 3577 terrena:
3574 3524 3776 3572 merce-

2194 3618 2278 3673 dis
2302 3615 2576 3686 quantitas
2605 3612 2866 3684 redditur,
2891 3609 3123 3678 salutare
3145 3605 3274 3661 mihi
3299 3601 3563 3659 orationis
3585 3608 3774 3686 vestra:

2193 3681 2514 3777 beneficium
2529 3681 2899 3775 subtrahatur.
2914 3697 3050 3753 Nam
3065 3696 3153 3752 ubi
3175 3696 3367 3751 diurno
3378 3691 3531 3763 operi
3547 3681 3773 3747 diarium

2196 3777 2481 3862 redditur,
2507 3792 2583 3848 nil
2614 3798 2785 3847 restat
2830 3788 2971 3859 quod
3007 3787 3120 3859 spei
3173 3783 3463 3857 operantio
3486 3779 3557 3836 de
3583 3788 3774 3841 cetero

2195 3868 2562 3959 relinquatur;
2596 3881 2700 3959 nisi
2746 3863 2886 3953 forte
2929 3864 3054 3942 cum
3082 3874 3369 3953 Salomone
3412 3886 3499 3927 me
3527 3885 3651 3926 sors
3689 3867 3772 3935 illa

2193 3962 2491 4050 contingat,
2509 3990 2614 4047 qua
2638 3973 2892 4030 nimirum
2914 3978 2967 4035 et
2990 3962 3065 4037 id,
3081 3968 3224 4041 quod
3245 3964 3486 4047 optabat,
3508 3960 3770 4025 obtinuit;

2192 4079 2249 4126 et
2274 4064 2379 4145 hoc
2399 4054 2641 4145 insuper,
2671 4063 2814 4136 quod
2843 4054 2947 4145 non
2975 4060 3213 4145 petebat,
3240 4056 3448 4130 accepit
3475 4053 3632 4145 (ξαρ.
3656 4050 3769 4145 vn).

2199 4142 2391 4235 Verum
2426 4140 2538 4231 ego
2556 4142 2838 4213 contentus
2862 4140 3021 4217 uno,
3057 4140 3396 4227 nequaquam
3439 4142 3684 4199 delector
3720 4140 3769 4193 in

2192 4231 2363 4308 altero
2392 4270 2406 4307 :
2439 4259 2490 4307 et
2513 4251 2639 4306 dum
2665 4254 2864 4304 sanctae
2886 4242 3150 4301 orationis
3175 4249 3368 4323 vestra:
3387 4249 3586 4293 munus
3622 4231 3769 4305 eilia:

507 4355 577 4410 de
615 4354 754 4410 libro
801 4362 914 4420 tuo,
946 4370 1105 4425 quem
1147 4326 1407 4428 scripsisti
1454 4355 1660 4431 (Ibid).
1697 4379 1715 4409 ι
1748 4326 1845 4414 Hic
1877 4359 2088 4431 itaque,

2193 4344 2344 4413 gito,
2393 4342 2627 4417 totisque
2678 4335 2963 4418 desideriis
3023 4326 3340 4387 avidissime
3395 4326 3767 4395 concupisco,

508 4446 651 4517 quod
699 4445 909 4517 Moyses
952 4446 1199 4514 nolebat,
1253 4450 1420 4517 gratis
1468 4449 1594 4504 illud
1639 4451 1815 4506 divina
1860 4452 2095 4509 liberali-

509 4548 595 4593 tas
615 4537 809 4594 obtulit
840 4557 853 4593 :
886 4538 1023 4606 illic,
1056 4541 1198 4609 quod
1224 4541 1382 4596 anxie
1419 4528 1790 4614 ﬂagitaverat,
1836 4544 1978 4599 nulla
2008 4561 2092 4601 ra-

510 4629 653 4685 tione
699 4630 990 4685 consensit.
1042 4630 1295 4686 Salomon
1349 4641 1530 4689 autem
1584 4634 1637 4688 in
1684 4618 1947 4707 petitione
1996 4651 2095 4707 sua

507 4719 771 4774 duntaxat
808 4726 1040 4788 utroque
1066 4717 1275 4776 felicior
1300 4723 1534 4786 exstitit,
1562 4724 1654 4794 qui
1681 4702 1737 4779 et
1764 4705 1859 4781 cor
1885 4702 2090 4792 docile,

507 4810 650 4878 quod
691 4810 943 4876 volebat,
986 4820 1040 4866 et
1080 4811 1307 4884 gloriam
1346 4823 1507 4885 atque
1534 4815 1783 4882 divitias,
1822 4832 1957 4887 quas
1982 4833 2091 4872 non

504 4902 767 4971 petierat,
806 4902 1133 4972 impetravit.
1178 4904 1275 4959 Cui
1306 4890 1557 4961 nimirum
1599 4907 1782 4977 divina
1831 4910 1936 4963 vox
1967 4908 2084 4962 ait:

493 5011 531 5044 Δ
568 4991 709 5047 Ecce
753 4993 858 5048 feci
900 4995 995 5050 tibi
1037 4996 1330 5051 secundum
1371 5012 1650 5054 sermones
1680 5007 1838 5063 tuos,
1883 5007 1938 5053 et
1969 4998 2088 5053 dedi

506 5079 605 5135 tibi
643 5093 739 5136 cor
761 5081 1008 5151 sapiens,
1049 5092 1104 5139 et
1130 5084 1452 5156 intelligens,
1485 5089 1538 5142 in
1566 5097 1775 5144 tantum
1826 5096 1886 5144 ut
1915 5087 2092 5143 nullus

506 5176 635 5224 ante
677 5176 731 5224 te
768 5168 960 5224 similis
996 5171 1071 5225 tui
1114 5172 1312 5239 fuerit,
1361 5189 1460 5231 nec
1498 5185 1622 5247 post
1651 5186 1705 5232 te
1744 5161 2091 5233 surrecturus

507 5261 580 5316 sit
611 5276 625 5314 :
656 5259 751 5316 sed
791 5266 847 5314 et
882 5259 1044 5344 haec,
1090 5275 1210 5331 quae
1251 5278 1358 5319 non
1410 5267 1730 5335 postulasti,
1780 5268 1903 5324 dedi
1955 5268 2087 5332 tibi,

2193 4419 2538 4503 quantumvis
2567 4419 2815 4503 arduum,
2845 4423 3238 4496 quantumlibet
3260 4427 3637 4489 sumptuosum
3668 4425 3771 4471 ter-

2192 4522 2334 4577 renae
2387 4505 2663 4595 facultatis
2717 4512 3059 4595 commodum
3107 4511 3457 4595 parvipendo.
3512 4505 3771 4595 Quamvis

2189 4611 2333 4667 enim
2361 4610 2600 4667 cbaritas
2632 4591 2813 4685 vestra
2842 4616 2950 4662 tam
2977 4605 3134 4678 plena
3181 4603 3252 4658 sit
3291 4591 3453 4685 atque
3507 4592 3767 4668 perfecta,

2191 4711 2251 4757 ut
2277 4702 2384 4768 his,
2414 4701 2505 4771 qui
2534 4700 2634 4756 sibi
2683 4698 2978 4753 familiares
3016 4710 3138 4771 esse
3157 4701 3453 4769 merentur,
3482 4701 3769 4760 utrumque

2190 4794 2387 4847 munus
2437 4776 2637 4846 libens,
2683 4787 2963 4845 aﬂluenter
3026 4786 3336 4859 impertiat;
3408 4784 3542 4838 mihi
3591 4792 3766 4837 tamen

2190 4884 2329 4939 tanti
2363 4889 2445 4939 est
2470 4897 2656 4947 unum,
2683 4890 2741 4935 ut
2768 4880 2998 4957 alterum
3041 4893 3150 4934 non
3197 4875 3491 4946 requiram.
3535 4873 3765 4933 Sinistra

2191 4962 2387 5043 quippe
2436 4970 2670 5040 suspicio
2720 4970 2928 5045 pavidae
2974 4963 3172 5023 mentis
3205 4981 3404 5043 arcana
3454 4964 3763 5041 conturbat,

2193 5075 2260 5115 ne
2307 5061 2433 5116 dum
2481 5047 2693 5114 terrena
2739 5058 2871 5114 mihi
2929 5057 3159 5114 facultas
3200 5055 3444 5118 offertur,
3485 5051 3764 5125 spirituale

2191 5169 2387 5210 munus
2431 5153 2485 5215 in
2517 5153 3036 5233 aliquo'minuatur.
3090 5150 3225 5215 Nam
3279 5150 3333 5217 in
3390 5134 3763 5225 (estimatiouis

2193 5235 2324 5301 meae
2360 5245 2605 5319 lancibus
2648 5245 2864 5317 gravius
2894 5231 3084 5315 pensat
3114 5254 3314 5303 sanctae
3350 5238 3609 5293 orationis
3634 5235 3764 5292 obo-
