3950 5344
191 237 316 293 573

192 442 512 501 sanctorum
565 435 750 506 (Apoc.
799 438 904 508 ιιι).
934 460 954 492 ι
1000 440 1111 496 Hoc
1147 457 1338 498 aurum
1394 450 1626 516 cunctis,
1662 466 1785 520 quas

192 523 497 589 desiderari
527 535 773 594 possunt,
806 530 1254 599 acquisitionibus
1287 533 1546 604 pmfero,
1577 540 1680 596 hoc
1696 541 1783 596 in-

196 613 422 682 lyianter
471 615 790 684 amplector,
822 619 877 673 in
933 620 1093 702 hujus
1138 627 1544 702 comparatione
1587 640 1782 686 cuncta

191 703 402 767 terreni
448 716 688 774 quzcstus
738 701 1036 766 commoda
1071 701 1421 782 ﬂoccipendo.
1457 716 1608 774 Unde
1650 735 1778 776 san-

189 802 304 853 cta:
335 795 629 864 charitatis.
661 808 800 873 tuas,
833 803 1158 858 venerabilis
1186 803 1367 882 Pater,
1406 807 1650 876 imploro.
1673 811 1780 866 cle-

188 887 722 965 mentiam,_utillud
751 901 942 946 vestra!
971 895 1279 963 sponsionis
1302 897 1616 965 iudiculum,
1642 903 1780 957 sicut

193 975 257 1028 in
305 959 496 1044 sancto
513 977 853 1036 Cluniacensi
891 985 1220 1038 monasterio
1254 987 1512 1056 scriptum
1558 999 1658 1051 est,
1701 992 1778 1044 ita

195 1067 661 1141 nihilominus,“
707 1071 760 1124 in
793 1057 1034 1143 reliquis,
1082 1089 1200 1142 qua:
1230 1076 1527 1146 disciplina:
1581 1088 1777 1134 vestra:

190 1155 558 1224 subjiciuntur
607 1159 1293 1238 imperio,.conscribatur.
1343 1168 1533 1223 Adhuc
1587 1169 1774 1239 pietati

189 1256 308 1306 tua:
361 1251 631 1309 humiliter
677 1254 876 1323 prodo,
899 1257 1126 1328 vestigia
1157 1268 1244 1312 tua
1274 1270 1460 1315 sancta
1517 1261 1653 1317 fusis
1699 1264 1775 1318 la-

189 1336 398 1403 crymis
437 1338 754 1407 provolutus
805 1329 1142 1411 amplector,
1199 1349 1427 1419 utquod
1482 1351 1615 1404 mihi
1679 1367 1776 1420 per

189 1426 396 1480 seriem
450 1417 780 1498 memorialis
837 1433 1049 1488 articuli
1088 1417 1339 1506 dignatus
1392 1447 1477 1494 est
1506 1417 1771 1510 polliceri.

182 1511 380 1595 iubeas
407 1516 568 1571 etiam
600 1534 696 1588 per
728 1519 933 1592 reliqua
959 1525 1310 1590 monasteria,
1347 1542 1468 1595 qum
1501 1529 1606 1584 tuis
1648 1539 1773 1585 sunt

186 1601 396 1674 legibus
417 1605 679 1675 subjecta,
719 1613 1030 1671 transcribi.
1064 1605 1217 1691 Quod
1263 1615 1308 1670 si
1338 1618 1616 1686 petitionis
1669 1621 1769 1675 hu-

1189 309 1191 313 ,
1375 247 1574 306 LIBER
1613 253 1904 323 SEXTUS,
1940 258 2153 315 EPIST.
2184 262 2268 316 ιν.

193 360 331 410 reas
378 343 564 416 plenas
613 347 1109 418 odoramentorum,
1160 368 1280 423 qua:
1329 365 1460 412 sunt.
1506 362 1782 418 orationes
1808 375 1860 434 Α

3353 278 3454 331 5⁵11»

1959 374 2272 447 nasterium,
2316 384 2383 447 et.
2415 378 2796 438 Cluniacenses
2849 400 3142 442 monacnos
3192 390 3453 447 beneficia

1958 444 2278 524 contulerat.
2321 445 2425 502 Pro
2474 452 2688 524 quibus,
2743 463 2800 506 ut
2843 454 3080 524 aliquam
3128 460 3174 511 ei
3223 444 3454 524 gratiam

1955 511 2240 597 referrent,
2269 531 2374 596 uno
2406 511 2954 597 oni-niumconsensu‘
2971 525 3191 595 polliciti
3217 511 3452 597 fuerant,

1954 580 2056 634 sibi
2077 586 2429 667 posterisque
2472 589 2586 667 suis
2625 591 2740 660 ejus
2786 580 3454 667 obitus-diemaprecibus

1952 652 2093 736 apud
2127 651 2295 708 Deum
2325 651 2476 720 fusis,
2508 651 2802 736 solemnem
2831 662 2963 736 fore.
3005 651 3169 732 Hujus
3201 651 3451 736 promissi

1953 721 2102 789 (quia
2154 737 2466 808 supremum
2501 729 2604 783 sibi
2649 730 2790 785 diem
2839 733 3041 808 instare
3072 721 3452 808 ﬁrmsbh’sé’r‘éij

1952 805 2232 875 illinc-eos
2281 795 2532 875 admonet
2562 815 2575 851 :
2603 808 2680 861 et,
2707 810 2790 875 gut
2837 801 2996 858 (idem
3035 795 3299 875 praestare
3345 795 3452 864 non

1952 860 2221 942 negligant
2274 865 2626 946 vehementer
2670 860 2994 948 obtestatur.
3035 860 3452 948 'll:ecﬂepistovla

1949 932 2285 1004 pot-isSimum
2326 935 2379 987 in
2415 943 2900 994 commemorandis
2924 946 3232 1000 eorumdem
3258 932 3452 1004 ‘mona;

1949 998 2176 1054 chorum
2229 1001 2517 1070 laudibus,
2564 1015 2620 1063 et
2666 1007 2767 1064 loci
2815 1011 2959 1066 illius
2998 998 3452 1074 sanctitate—ver-

1945 1080 2115 1124 satur.

1946 1177 2152 1238 Domno
2180 1181 2245 1238 ll.
2292 1186 2618 1260 arcliangelo
2688 1193 3104 1262 monachorum,
3155 1210 3452 1272 sanctoque

1875 1272 2202 1340 conventui,
2264 1275 2477 1333 Ρετιιω
2529 1291 2782 1350 peccator
2829 1286 3132 1342 monachus
3192 1291 3450 1361 quidquid

1874 1375 2092 1421 SQI‘YUS‘
2835 1433 2837 1435 .

1942 1453 2233 1526 Postquam
2293 1459 2464 1516 feram
2531 1465 2699 1520 semel
2755 1475 2986 1524 venator
3043 1470 3340 1540 illaqueat,
3403 1473 3448 1528 si

1870 1557 2070 1600 nexum
2115 1548 2232 1617 ejus
2281 1551 2508 1618 pedibus
2541 1554 2731 1626 injicit,
2754 1556 2865 1624 jam
2912 1560 3029 1614 sine
3055 1561 3312 1631 perdendi
3341 1562 3450 1618 for-

1871 1635 2073 1690 midine
2115 1635 2325 1706 longius
2367 1656 2487 1697 eam
2533 1649 2749 1717 evagari
2790 1649 2890 1703 sub
2935 1653 3166 1720 quadam
3198 1654 3448 1710 libertate

181 1692 272 1776 ius
305 1696 551 1753 effectum
582 1703 821 1785 rusticus
849 1719 1029 1768 sermo
1080 1722 1187 1761 non
1225 1707 1499 1778 impetrat.
1539 1709 1770 1780 Spiritus
1799 1721 1847 1782 Β
1875 1727 2159 1794 permittit.
2193 1729 2242 1784 ιε
2273 1733 2454 1799 etiam,
2483 1737 2574 1806 qui
2600 1692 2827 1810 azcupio
2857 1692 3176 1812 delectatur,
3203 1747 3328 1802 dum
3359 1748 3444 1803 in-

188 1795 406 1848 sanctus
435 1788 528 1856 qui
563 1790 639 1844 tui
688 1783 925 1868 pectoris
950 1797 1254 1859 sacrarium
1300 1800 1560 1867 possidet,
1587 1802 1764 1870 preci-

189 1876 298 1930 bus
352 1885 404 1930 te
436 1881 846 1950 meisannuere
885 1884 1181 1942 clementer
1224 1889 1471 1959 inspiret.
1518 1891 1590 1946 Ut
1626 1894 1768 1948 sicut

186 1983 286 2034 ego
317 1974 598 2041 pro.vobis
629 1991 734 2030 non
759 1977 995 2034 dubitavi
1026 1997 1224 2053 corpus
1255 1999 1436 2040 meum
1459 1989 1767 2045 crudelibus

186 2056 376 2131 offerre
406 2063 706 2132 periculis;
764 2068 836 2123 ita
869 2084 966 2139 per
986 2087 1081 2128 vos
1112 2090 1344 2145 superna
1372 2077 1656 2134 clementia
1679 2082 1762 2135 di-

187 2158 377 2223 gnetur
409 2153 649 2223 animam
680 2173 849 2226 meam
898 2151 964 2221 ab
1003 2162 1358 2221 infernalibus
1390 2168 1618 2226 liberare
1649 2182 1762 2227 tor-

183 2239 396 2305 mentis,
428 2250 485 2294 et
509 2258 607 2312 per
629 2254 822 2315 vestra;
846 2251 1155 2322 scriptionis
1180 2255 1464 2322 articulum
1493 2263 1762 2320 conscribi

184 2341 391 2396 merear
412 2330 470 2386 in
499 2342 649 2400 sorte
671 2335 962 2406 justorum.

650 2459 652 2461 ›
749 2428 1076 2496 EPISTOLA
1104 2435 1212 2502 lli.

532 2533 600 2578 ΔΙ)
636 2535 856 2576 εωιυειι
894 2541 1103 2582 υθοιιεειι
1143 2547 1406 2590 ΑΒΒΑΤΕΙ.

183 2599 570 2696 Διιιιρέιεξιιτιιξζ
601 2640 671 2692 -τ
700 2611 984 2688 Ugonem,_
1011 2628 1070 2673 ut
1121 2619 1277 2680 facile
1305 2624 1499 2695 conjici
1555 2637 1754 2696 potest,

246 2675 491 2766 abbatem
509 2675 913 2766 Cluniace'nsein
939 2675 1627 2766 quanto'aimoreipiroseqﬁn

247 2747 504 2811 ostendit,
536 2750 803 2821 simulque
830 2747 1004 2810 eidem
1037 2747 1756 2820 Damianum'suum‘eaise1

253 2829 370 2869 rore
402 2828 890 2892 nepotem,_quem
949 2827 1001 2880 in
1072 2828 1300 2884 Galliam
1374 2834 1441 2887 ad
1509 2836 1757 2892 liberales

245 2892 384 2964 artes
437 2889 822 2970 perdiscendus
906 2896 1174 2963 miserat,
1248 2889 1755 2970 commendat-iiut

245 2953 357 3020 ejus
435 2953 491 3046 iJn
537 2960 836 3046 omnibus,
871 2972 980 3019 tam
1021 2953 1752 3046 qua:'att'cdi-‘pb'éiquaBi

241 3037 359 3091 quas
385 3025 468 3111 _ad
503 3029 670 3083 animi
715 3025 915 3087 cultum
950 3025 1262 3108 pertinent,
1312 3025 1540 3097 cui-an?

238 3104 434 3180 (94)
474 3153 488 3169 .
529 3155 543 3171 .
588 3157 602 3172 .
647 3157 663 3172 .
722 3104 993 3180 Sanctitas
1022 3127 1200 3183 intulit
1231 3104 1258 3195 ,⁷
1303 3147 1464 3200 quam
1524 3104 1746 3206 prorsus

175 3199 475 3269 obliterata,
516 3221 674 3276 quam
705 3224 769 3264 ex
821 3211 1045 3282 intimis,
1093 3227 1152 3273 ut
1205 3220 1277 3275 ita
1324 3199 1560 3292 loquar,
1598 3227 1738 3280 ceris

178 3291 332 3364 178
369 3297 473 3350 mei
509 3302 742 3368 pectoris
773 3304 972 3361 abolita
1018 3325 1032 3362 :
1081 3309 1189 3366 imo
1233 3313 1285 3367 in
1331 3291 1529 3384 quanta
1578 3317 1742 3371 bene-

175 3380 402 3440 dictione
430 3401 627 3442 nomen
663 3398 810 3445 tuum
838 3394 908 3448 sit
939 3395 991 3449 in
1018 3411 1114 3452 ore
1149 3415 1290 3467 meo,
1322 3380 1542 3470 quantis
1571 3405 1737 3459 etiam

177 3475 437 3542 angelicus
467 3487 591 3535 tuus
647 3481 736 3536 ille
762 3485 1066 3552 conventus
1124 3493 1263 3560 apud
1314 3509 1397 3547 me
1451 3497 1736 3564 prmconiis

173 3567 486 3636 celebretur,
515 3580 829 3631 testessunt
870 3586 926 3633 et
951 3580 1042 3648 qui
1069 3582 1200 3636 mihi
1238 3583 1291 3638 in
1322 3583 1526 3641 Christi
1564 3603 1737 3642 servr-

174 3665 272 3712 tute
298 3660 706 3734 cohabitant,_et
734 3667 826 3736 qui
856 3684 941 3723 me
971 3684 1070 3738 pro
1098 3671 1212 3742 ejus
1243 3689 1426 3729 amore
1477 3676 1725 3747 frequen~

171 3755 291 3800 tant.
325 3749 766 3830 Rogo‘praeterea
812 3759 1116 3816 sanctitatis
1145 3773 1340 3819 vestra:
1394 3765 1737 3830 clementiam

168 3850 320 3906 super
370 3816 776 3900 adorescentulo
831 3847 967 3912 isto,
1014 3851 1242 3907 uterinze
1298 3855 1546 3912 videlicet
1603 3874 1736 3916 mea!

165 3930 357 3984 sororis
383 3930 515 3997 filio,
549 3942 608 3987 ut
637 3935 714 3989 illi
741 3939 1056 4008 magistrum
1079 3982 1094 4006 ,
1133 3944 1288 3997 simul
1339 3957 1390 4000 et
1430 3948 1734 4021 victumpa-

167 4025 307 4072 terna
334 4022 542 4090 pietate
575 4027 850 4099 provideat
884 4046 899 4085 :
951 4039 1007 4087 et
1065 4033 1272 4099 rudem,
1319 4036 1733 4113 imperitumque

165 4113 478 4182 suscipiens,
513 4131 578 4170 ac
607 4117 752 4173 velut
789 4119 955 4177 Jacob
1001 4125 1192 4181 baculo
1244 4128 1560 4207 simpliciter
1590 4133 1732 4188 inni-

165 4208 350 4255 tentem
388 4201 545 4273 (Gen.
584 4210 781 4278 xxxii),
830 4211 896 4266 ad
942 4214 1158 4285 propria
1215 4201 1552 4292 postmodum
1609 4237 1730 4278 cum

162 4291 356 4356 gemina
391 4293 558 4356 trivii,
608 4296 691 4350 vel
720 4290 1006 4367 quadrivii‘,
1039 4319 1208 4360 uxore
1241 4290 1502 4364 remittat.
1538 4311 1595 4366 lu
1627 4313 1729 4370 hoc

1859 1815 2007 1885 jecto
2037 1817 2274 1876 funiculo
2302 1825 2527 1892 pedibus
2552 1837 2697 1885 tenet
2735 1833 3027 1900 volucrem,
3062 1851 3284 1893 securus
3310 1853 3442 1894 avo-

1865 1907 2010 1964 landi
2061 1911 2244 1967 datam
2290 1916 2511 1972 simulat
2565 1918 2916 1989 facultatem;
2971 1935 3026 1980 et
3085 1927 3175 1981 illa
3224 1929 3442 1998 quidem

1865 1999 2046 2072 fugam
2075 2011 2268 2072 tentat,
2295 2006 2504 2063 alarum
2533 2011 2694 2066 librat
2720 2029 2784 2069 ex
2813 2029 2962 2071 more
2995 2019 3279 2089 remigium
3304 2037 3317 2074 :
3343 2021 3442 2076 sed

1863 2093 1989 2148 dum
2017 2097 2234 2152 exsilire
2269 2108 2516 2168 conatur,
2548 2118 2752 2174 aucupe
2791 2105 3090 2162 funiculum
3139 2109 3441 2180 stringente

1841 2187 2176 2243 retrahitur.
2211 2191 2318 2247 Vos
2352 2193 2538 2249 etiam
2569 2211 2654 2250 me
2695 2205 2809 2251 tuto
2853 2199 2921 2252 ad
2957 2198 3189 2269 propria
3219 2202 3438 2255 remisi—

1862 2279 1982 2343 stis,
2011 2294 2170 2349 quem
2203 2283 2452 2341 videlicet
2493 2287 2700 2358 glutino
2738 2299 2932 2346 vestrae
2970 2293 3251 2346 charitatis
3277 2292 3440 2347 astri-

1861 2381 2005 2424 ctmn
2037 2373 2396 2431 insolabiliter
2428 2379 2694 2434 retinetis.
2745 2380 2879 2436 Nam
2926 2385 3181 2439 recedere
3219 2384 3439 2455 quidem

1861 2476 2085 2532 corpore
2126 2467 2296 2533 potui,
2337 2469 2430 2522 sed
2477 2479 2660 2525 mente
2703 2473 2767 2527 de
2798 2474 2996 2529 vestris
3040 2475 3291 2532 manibus
3328 2491 3436 2534 non

1860 2553 2020 2607 exivi.
2052 2553 2127 2606 Ita
2155 2569 2346 2624 nempe
2382 2558 2644 2613 mirandae
2673 2563 3102 2620 conversationis
3125 2574 3319 2620 vestra:
3347 2582 3435 2622 me

1859 2643 2036 2697 viscus
2074 2644 2387 2704 obstrinxit.
2447 2650 2702 2718 angelicae
2742 2653 2862 2708 vita:
2905 2655 3162 2724 coagulus
3202 2657 3431 2727 aggluti—

1857 2731 2026 2796 navit,
2059 2733 2283 2789 sincera:
2321 2737 2601 2794 cliaritatis
2646 2740 2870 2810 laqueus
2899 2743 3150 2810 irrctivit,
3197 2753 3256 2798 ut
3299 2744 3432 2799 faci-

1858 2821 1958 2876 lius
1989 2825 2184 2879 suimet
2207 2827 2474 2896 oblivisci,
2512 2849 2671 2902 quam
2703 2852 2731 2886 a
2776 2843 2952 2890 vestra
2975 2837 3238 2892 memoria
3275 2853 3430 2920 mens

1857 2927 1974 2968 mea
2005 2915 2165 2985 179
2188 2920 2359 2987 possit
2405 2922 2582 2976 avelli.
2636 2923 2753 2977 Vidi
2809 2927 3071 2996 siquidem
3118 2915 3428 2998 paradisum

1856 3011 2089 3071 quatuor
2117 3001 2530 3076 Evangeliorum
2567 3011 2782 3069 ﬂuentis
2825 3016 3110 3088 irriguum,
3159 3020 3267 3074 imo
3306 3020 3430 3075 toti-‘-

1775 3083 1818 3142 C
1853 3093 1973 3148 dem
2029 3097 2390 3164 spiritualium
2450 3102 2582 3156 rivis
2630 3105 2930 3161 exuberare
2982 3109 3239 3164 virtutum
3272 3126 3286 3164 :
3318 3110 3428 3166 vidi

1852 3186 2066 3242 hortum
2113 3189 2428 3246 deliciarum
2485 3196 2728 3251 diversas
2778 3213 3022 3254 rosarum
3069 3218 3132 3256 ac
3187 3201 3424 3258 liliorum

1849 3279 2051 3346 gratias
2097 3283 2514 3350 germinantem,
2567 3295 2620 3340 et
2668 3287 2952 3345 melliiluas
3004 3303 3425 3373 aromatum'ac

1847 3368 2243 3439 pigmentorum
2268 3375 2592 3443 fragrantias
2617 3382 2855 3436 suaviter
2892 3383 3242 3452 redolentem,
3271 3368 3335 3440 ut.
3357 3387 3425 3442 de

1847 3455 1935 3511 illo
1991 3474 2114 3515 vere
2167 3463 2338 3517 valeat
2389 3465 2526 3519 Deus
2573 3471 2912 3538 omnipotens
2967 3474 3143 3528 dicere
3188 3491 3252 3526 τι
3282 3474 3424 3531 Ecce

1845 3547 1978 3602 odor
2025 3549 2116 3604 filii
2163 3553 2266 3607 mei
2309 3554 2448 3610 sicut
2487 3557 2623 3611 odor
2664 3561 2777 3628 agri
2822 3561 2988 3630 pleni,
3031 3563 3116 3616 cui
3147 3564 3446 3621 benedixit

1844 3639 2102 3695 Dominus
2145 3639 2299 3711 (Gen.
2345 3647 2514 3716 xxix).
2550 3668 2572 3700 ι
2617 3649 2679 3703 Et
2719 3652 2847 3719 quid
2895 3653 3037 3707 aliud
3063 3653 3419 3713 Cluniacense

1842 3732 2254 3800 monasterium,
2286 3736 2386 3789 nisi
2424 3753 2612 3807 agrum
2661 3740 2866 3794 Domini
2904 3742 3120 3811 plenum
3159 3745 3410 3810 dixerim,

1839 3820 1929 3876 ubi
1969 3821 2116 3878 velut
2150 3839 2374 3880 acervus
2425 3837 2508 3881 est
2555 3830 2854 3884 ccelestium
2903 3840 3162 3902 segetum,
3215 3834 3415 3890 chorus

1841 3920 1918 3966 tot
1949 3911 2006 3965 in
2041 3913 2309 3969 charitate
2339 3915 2646 3986 degentium
2681 3921 3102 3977 monachorum?
3150 3922 3294 3993 Ager
3322 3924 3417 3980 ille

1838 3998 2154 4073 quotidiano
2175 4017 2375 4062 sanctae
2396 4011 2793 4079 praedicationis
2816 4015 2989 4086 ligone
3015 4019 3412 4089 praescinditur,

1837 4103 1891 4147 et
1943 4095 1995 4147 in
2033 4110 2100 4150 eo
2151 4096 2387 4154 ccelestis
2436 4100 2634 4171 eloquii
2700 4105 2907 4158 semina
2955 4119 3410 4179 consperguntur.

1836 4184 1957 4239 Illic;
1996 4186 2358 4256 spiritualium
2406 4191 2618 4262 frugum
2669 4205 2961 4264 proventus
2994 4200 3301 4267 aggeritur,
3348 4209 3409 4255 ut

1835 4277 2045 4333 horreis
2073 4284 2411 4348 postmodum
2443 4287 2754 4342 coelestibus
2794 4287 3075 4344 inferatur.
3109 4291 3258 4347 Unde
3286 4309 3408 4346 eum

162 4378 311 4448 igitur
340 4398 513 4453 puero
563 4387 850 4462 imaginem
879 4409 1051 4448 meam
1084 4399 1289 4467 respice
1315 4441 1330 4464 ,
1361 4402 1412 4455 in
1471 4404 1572 4459 hoc
1601 4421 1725 4476 spe-
1757 4423 1809 4485 ι)
1835 4373 2374 4485 ξξ’-,ίξ¹ί⁷ίᾉᾳὲ¹¹ἶί³⁰θ’
2404 4381 2707 4485 ξ⁰ξ¹⁵ῗάθπδ
2738 4382 2847 4484 ὴοῗ
2880 4383 2974 4485 “Pi
3003 4399 3196 4485 "091.0"
3235 4386 3407 4454 impo-

160 4469 277 4523 ciem
311 4473 419 4526 mei
470 4474 650 4531 vultus
671 4480 935 4536 attende:
962 4493 1029 4548 et
1061 4487 1321 4557 quidquid
1378 4491 1454 4553 illi
1509 4469 1726 4562 pietatis

160 4556 446 4627 impensum
475 4561 658 4631 fuerit,
684 4583 788 4623 non
815 4571 940 4637 sibi,
969 4574 1061 4627 sed
1085 4556 1458 4647 mihiprorsus
1486 4586 1717 4640 ascribe.

157 4643 413 4704 Outinam
468 4653 683 4710 mittere
731 4658 826 4713 tibi
868 4676 1122 4732 possem,
1157 4643 1276 4736 qua:
1337 4674 1542 4734 sanctis
1592 4675 1719 4734 Clu-

158 4737 489 4796 niacensibus
544 4747 755 4816 scripsi,
812 4752 896 4806 vel
963 4755 1066 4810 alia
1143 4761 1348 4826 multa,
1412 4780 1532 4834 quae
1597 4781 1719 4838 post

154 4823 316 4882 Gallia:
383 4832 620 4885 reditum
690 4853 755 4891 ex
807 4839 1034 4897 diversis
1088 4847 1412 4907 tbematibus
1461 4823 1709 4918 exaravi!

154 4914 493 4990 Omnipotens
522 4922 657 4979 Deus
685 4935 756 4990 te,
780 4934 1104 4990 venerabilis
1136 4936 1310 5006 Pater,
1344 4943 1410 4998 ad
1432 4958 1709 5008 servorum

153 5024 352 5064 suorum
371 5014 669 5069 custodiam
700 5019 900 5074 diutius
924 5035 1101 5080 servet
1122 5026 1443 5098 incolumen,
1467 5047 1521 5090 et
1545 5054 1712 5114 ange-

153 5100 284 5158 licam
303 5105 499 5161 vultus
523 5108 596 5161 tui
619 5115 848 5180 speciem
867 5129 949 5168 me
963 5116 1123 5173 faciat
1148 5122 1330 5177 videre
1354 5100 1694 5196 praesentem.

698 5205 1032 5262 EPISTULA
1073 5212 1158 5266 IV.

193 5301 250 5338 ΔΙ)
286 5301 519 5342 ΕΗΙΒῈΙ
558 5306 758 5344 uanam
797 5312 1039 5344 arma"!
1077 5315 1298 5344 mnum":
1337 5319 1652 5344 namnam"..-

1833 4465 1998 4520 situm
2062 4476 2182 4523 non'
2217 4471 2335 4524 sine
2385 4470 2552 4524 divini
2602 4472 2850 4541 prtesagii
2895 4473 3243 4542 dispositione
3286 4489 3412 4544 per-

1829 4555 2027 4624 pendo.
2077 4554 2192 4611 Hoc
2235 4557 2432 4628 quippe
2461 4559 2778 4614 vocabulum
2825 4575 2891 4614 ex
2923 4561 3170 4618 clunibus
3203 4572 3258 4618 et
3309 4578 3411 4619 acu

1829 4645 2203 4712 componitur,
2265 4662 2364 4716 per
2417 4650 2560 4716 quod
2627 4649 2876 4706 videlicet
2925 4654 3194 4707 arantium
3244 4654 3409 4708 boum

1827 4734 2148 4790 exercitium
2171 4723 2502 4808 designatur.
2542 4738 2652 4798 Bos
2679 4740 2822 4795 enim
2863 4741 2916 4794 in
2948 4741 3196 4798 clunibus
3223 4741 3409 4798 aculeo

1828 4830 2083 4900 pangitur
2132 4844 2194 4888 ut
2239 4844 2475 4889 aratrum
2539 4840 2753 4899 trahat,
2803 4843 2855 4888 et
2901 4851 3030 4890 arva
3077 4836 3410 4907 proscindat.

1821 4921 1934 4975 lllic
1959 4921 2106 4976 enim
2135 4925 2572 4982 humaniscordis
2620 4940 2750 5001 aget
2779 4926 3067 4996 excolitur,
3088 4929 3228 4984 unde
3254 4940 3427 5008 seges

1825 5012 1913 5066 illa
1951 5013 2244 5085 colligitur,
2271 5032 2390 5085 quae
2423 5016 2805 5101 prompwarii
2827 5016 3066 5077 caelestis
3097 5021 3298 5076 aedibus
3332 5017 3416 5069 in.

1825 5103 2146 5159 sarcinatur.
2177 5107 2286 5160 Illic
2314 5104 2532 5163 aculeus
2567 5116 2682 5179 me
2711 5108 2877 5166 bobus
2913 5109 3188 5186 infligitur,
3221 5112 3285 5166 de
3320 5123 3426 5176 quo

1826 5191 2160 5260 superbienti
2197 5196 2369 5252 adhuc
2405 5196 2589 5263 Saulo
2644 5206 2850 5268 dictum
2899 5209 3022 5257 est:
3057 5227 3075 5259 ι
3104 5206 3301 5262 Durum
3344 5206 3428 5252 est

1827 5282 1918 5337 tibi
1964 5295 2159 5344 contra
2207 5288 2481 5344 stimulum
2529 5300 2851 5344 enipitrare
2881 5292 3021 5344 (Act.
3069 5297 3162 5344 ιιι.
3196 5311 3212 5344 ι
3241 5288 3332 5344 llle
3365 5288 3434 5340 si-
