3950 5344
190 307 311 363 377

1341 310 1544 367 LIBER
1574 302 1868 368 SEXTUS,
1907 300 2122 355 EPIST.
2165 302 2228 358 V.

3352 308 3454 362 578

194 432 275 476 εις.
295 422 417 475 bant
436 416 759 475 caerimoniis
801 417 1083 475 idolorum.
1130 422 1204 477 De
1238 424 1435 493 quibus
1480 427 1611 482 dicit
1635 428 1775 494 Apo-
1804 425 1851 483 Α
1878 431 1934 476 et
1960 421 2103 491 quod
2128 437 2159 475 a
2188 422 2339 477 vobis
2375 423 2504 476 mihi
2532 438 2630 493 per
2660 422 3070 477 intentationem
3095 423 3454 480 anathematis

194 512 408 570 stolus:
440 527 459 561 ι
488 508 626 576 Quia
658 511 821 567 Deum
856 525 959 566 non
987 512 1447 583 gloriﬁcaverunt,
1464 526 1554 572 aut
1576 519 1779 589 gratias

194 610 465 668 egerunt,
523 601 618 655 sed
664 612 1000 657 evanuerunt
1064 603 1116 657 in
1192 607 1609 677 cogitationibus
1666 610 1782 665 suis

195 690 468 759 (80:11.1).
507 707 527 740 ι
601 689 805 744 Horum
855 692 1019 762 igitur
1074 693 1303 749 duorum
1365 697 1683 767 populorum
1714 714 1780 753 ex

198 781 435 835 maxima
487 792 643 850 parte
687 782 991 837 dominatus
1021 794 1103 838 est
1150 786 1546 853 Adonibezecb,
1586 790 1641 844 id
1676 799 1776 850 est.

196 873 462 941 reprobus
506 874 761 942 nequitia:
788 875 1049 943 spiritus;
1082 877 1209 945 quia
1251 886 1306 932 et
1352 879 1452 933 iste
1495 882 1651 951 quasi
1680 881 1782 935 ful-

195 976 327 1017 men
362 961 561 1016 micare
600 964 796 1031 caapit,
838 972 893 1017 et
921 966 1124 1028 desiit;
1163 974 1219 1022 et
1249 967 1338 1022 ille
1382 969 1511 1023 dum
1544 972 1783 1026 vanitate

194 1051 503 1105 daemonum
529 1061 820 1107 contentus
846 1054 1073 1121 exstitit,
1104 1056 1306 1125 proprii
1334 1057 1606 1118 Creatoris
1630 1062 1782 1119 auxi-

196 1139 330 1193 lium
370 1155 475 1195 non
521 1142 789 1215 qutrsivit.
820 1142 910 1208 Et,
944 1152 1002 1197 ut
1043 1146 1110 1198 ad
1148 1148 1483 1216 propositum
1540 1151 1779 1217 redeam.

197 1229 309 1285 illic
329 1228 496 1299 Eglon
526 1230 579 1283 in
612 1240 737 1300 typo
766 1230 1013 1293 luxuriae.
1041 1231 1199 1287 fortis
1218 1234 1359 1290 Aotb
1393 1236 1561 1297 infixa
1605 1242 1779 1296 ventri

198 1320 315 1375 sica
343 1320 964 1393 perfoditur(Judic.tn)
996 1337 1010 1377 :
1034 1323 1143 1377 illic
1157 1324 1308 1379 clavo
1333 1328 1663 1384 tabernaculi
1696 1346 1783 1386 suc

196 1411 350 1481 perbi
381 1410 579 1466 Sisara:
630 1413 915 1467 cerebrum
955 1414 1266 1484 perforatur
1300 1418 1501 1487 (Jsdic.
1532 1423 1607 1489 tv)
1632 1437 1647 1487 ;
1672 1421 1785 1478 illic

201 1500 255 1553 in
282 1500 521 1554 avaritia:
545 1501 783 1570 signum,
813 1503 994 1558 Achar
1021 1504 1187 1559 filium
1203 1506 1422 1563 Charini
1453 1509 1661 1581 lapides
1686 1512 1782 1567 ob-

200 1594 381 1650 ruunt,
407 1590 761 1659 omniumque
804 1591 1059 1647 vitiorum
1098 1604 1300 1665 pestes,
1326 1606 1582 1668 tanquam
1606 1600 1779 1657 rebel-

197 1676 277 1732 les
303 1678 538 1733 hostium
590 1682 757 1748 acies,
790 1681 1007 1738 fortium
1044 1684 1409 1749 Israelitarum
1436 1690 1642 1760 gladios
1668 1707 1775 1747 non

1881 512 2140 582 scriptum
2165 522 2270 578 est,
2318 514 2583 569 veraciter
2614 513 2905 583 impleatis,
2933 516 3093 582 quod,
3125 525 3183 570 ut
3216 514 3451 577 faciatis,

1882 599 2041 668 hujus
2086 601 2305 671 quidem
2347 603 2500 657 vobis
2552 603 2931 658 obtestationis
2961 602 3226 672 adjurium
3266 617 3447 672 pono:

1880 691 1925 744 si
1948 705 2074 745 vero
2105 705 2210 747 non
2237 691 2493 758 feceritis,
2522 708 2645 748 cum
2692 708 2785 762 per
2825 693 3204 748 auctoritatem
3232 700 3451 761 aposto-

1881 780 1995 835 licre
2041 781 2185 835 sedis
2209 792 2579 853 competenter
2603 784 2655 838 id
2690 797 2928 852 possem,
2954 792 3132 839 tamen
3166 797 3329 852 super
3355 798 3456 837 an-

1880 873 2062 943 gelicae
2081 873 2289 929 militiae
2315 876 2539 930 chorum
2584 888 2694 929 tam
2719 876 2975 932 terribilis
2996 876 3281 931 sententia:
3300 876 3458 943 jacu-

1880 962 1989 1017 lum
2020 978 2124 1017 non
2166 964 2393 1021 intento.
2450 964 2535 1019 Sit
2559 973 2789 1031 tantum,
2838 967 2930 1035 qui
2961 966 3092 1020 mihi
3121 967 3174 1020 in
3201 965 3301 1020 hac
3322 966 3457 1035 peti-

1882 1053 2027 1107 tione
2073 1067 2192 1119 mea
2245 1053 2429 1109 favere
2458 1055 2844 1125 contempserit
2876 1074 2889 1108 :
2922 1055 3015 1121 sit,
3066 1056 3306 1124 inquam,
3334 1068 3457 1108 reus

1881 1142 2169 1207 mendacii,
2212 1144 2281 1198 sit
2316 1144 2535 1200 debitor
2589 1144 2800 1199 violatae
2840 1145 3144 1213 sponsionis
3185 1144 3239 1199 in
3266 1143 3456 1198 ultimo

1874 1231 2005 1300 judi.
2026 1233 2078 1287 io
2104 1234 2372 1290 veritatis.
2418 1234 2645 1300 Titillat,
2676 1244 2735 1289 ut
2758 1235 2973 1301 addam,
3004 1235 3247 1291 deleatur
3286 1234 3354 1288 de
3386 1232 3455 1286 li-

1880 1323 1978 1377 bro
2009 1341 2021 1376 :
2064 1325 2157 1379 sed
2179 1325 2304 1379 dum
2358 1326 2713 1380 reverentiam
2754 1333 2986 1380 vestram
3025 1340 3135 1395 prae
3156 1322 3329 1379 oculis
3358 1322 3457 1377 ha-

1879 1416 2005 1479 beo.
2055 1417 2321 1486 proferre,
2369 1418 2512 1487 quod
2542 1433 2694 1473 mens
2731 1419 2990 1489 suggerit,
3033 1433 3138 1472 non
3166 1430 3454 1488 praesumo.

1880 1507 2031 1574 Quod
2063 1510 2107 1564 si
2154 1510 2396 1579 petitioni
2442 1525 2575 1563 mea:
2622 1527 2726 1564 non
2780 1509 3058 1578 denegatis
3102 1507 3373 1571 effectum,
3403 1516 3459 1561 et

1879 1606 2002 1666 post
2039 1596 2245 1651 obitum
2275 1614 2451 1651 meum
2479 1614 2575 1667 per
2602 1598 3032 1651 anniversarium
3055 1612 3285 1666 semper,
3318 1597 3459 1650 sicut

1882 1689 2189 1744 condictum
2218 1699 2302 1744 cst
2356 1700 2515 1759 atque
2534 1691 2932 1759 praescriptum,
2960 1697 3163 1743 sancta:
3194 1687 3458 1742 orationis

199 1769 582 1841 evaduntUor.
601 1772 699 1841 vn)
717 1789 732 1839 ;
752 1772 1033 1829 illicverus
1048 1776 1236 1843 David,
1255 1778 1397 1834 velut
1414 1780 1468 1834 in
1494 1782 1635 1837 arcis
1649 1782 1780 1838 Sion
1808 1771 1854 1830 Β
1883 1790 2075 1837 vestrae
2105 1781 2236 1835 mihi
2270 1782 2608 1851 praebueritis
2633 1782 2915 1842 auxilium.
2953 1780 3335 1849 omnipotentis
3361 1778 3453 1832 Dei

194 1861 426 1917 culmine
450 1865 778 1919 constitutus
792 1865 992 1936 bicipiti
1008 1865 1204 1938 gladio,
1220 1870 1309 1938 qui
1325 1888 1389 1927 ex
1408 1873 1526 1942 ejus
1541 1889 1636 1930 ore
1650 1890 1779 1943 pro-

197 1956 357 2022 cedit,
374 1958 614 2027 undique
628 1958 727 2012 sibi
745 1959 1068 2015 reluctantes
1081 1963 1418 2019 adversarios
1422 1964 1650 2034 jugulat,
1666 1981 1782 2021 om-

198 2048 339 2102 nium
369 2049 468 2103 sibi
498 2050 867 2105 resistentium
892 2053 1133 2108 cervices
1149 2053 1465 2119 obtruncat;
1495 2056 1645 2111 iubis
1669 2055 1781 2127 gal-

197 2139 345 2209 galis,
371 2156 492 2209 quae
524 2142 789 2195 revelatio
805 2142 1114 2217 [revolutio]
1131 2146 1349 2211 dicitur,
1371 2161 1403 2200 a
1428 2147 1587 2203 nobis
1607 2147 1781 2203 Israe-

197 2228 301 2282 litis
326 2228 549 2300 Δείξςωί
598 2232 945 2299 Opprobrium
980 2233 1214 2299 tollitur,
1247 2236 1373 2292 dum
1414 2251 1512 2305 per
1532 2235 1779 2306 lapideos

195 2320 363 2374 cultos
394 2322 633 2375 secunda
676 2323 1019 2378 circumcisio
1047 2324 1379 2389 celebratur,
1424 2325 1531 2381 illic
1553 2332 1783 2396 pascha-

194 2409 256 2471 lis
278 2410 599 2465 soleinnitas
628 2412 841 2478 colitur,
872 2424 967 2468 eta
993 2414 1257 2469 velamine
1278 2414 1445 2487 Moysi
1471 2417 1541 2473 ab
1571 2416 1783 2473 revela-

196 2498 357 2553 tionis
380 2500 689 2569 speculum,
720 2500 846 2556 Jesu
872 2502 1027 2567 duce,
1054 2503 1315 2558 transitur
1342 2504 1538 2573 (Exod.
1570 2506 1778 2579 xxxiv).

260 2588 444 2644 Nostis
483 2600 771 2659 przeterea,
833 2592 1191 2657 dilectissimi,
1236 2609 1334 2664 pro
1375 2595 1573 2650 tuenda
1609 2596 1784 2653 salute

194 2690 369 2735 vestra
400 2690 641 2750 quantus
683 2698 768 2738 me
809 2682 965 2739 labor
1005 2685 1301 2751 attriverit,
1332 2687 1475 2756 quod
1513 2687 1565 2741 in
1591 2688 1778 2743 ultima

192 2783 476 2830 senectute
507 2792 627 2831 mea
659 2785 737 2831 tot
782 2787 1054 2849 przerupta
1104 2780 1388 2846 montium,
1429 2789 1507 2835 tot
1533 2782 1782 2838 inhorre-

194 2864 461 2918 sccntium
492 2863 709 2933 Alpium
756 2864 887 2936 juga
921 2869 1344 2923 transcenderint
1372 2886 1386 2935 ;
1418 2879 1496 2935 et,
1547 2878 1603 2924 ut
1630 2871 1777 2928 brevi

192 2971 379 3013 cuncta
410 2962 759 3030 complectar,
794 2979 894 3033 ego
916 2966 1105 3019 mortis
1136 2966 1440 3020 acredinem
1465 2966 1681 3036 pertuli,
1720 2976 1779 3022 ut

192 3070 283 3108 vos
337 3057 587 3111 suaviter
640 3058 932 3121 viveretis,
991 3059 1154 3111 vitam
1217 3074 1390 3112 meatu
1444 3061 1497 3113 in
1529 3061 1777 3115 manibus

193 3151 325 3202 meis
355 3150 535 3217 posui,
573 3157 628 3203 et
654 3164 751 3203 vos
788 3164 885 3219 per
913 3150 1050 3219 ejus,
1098 3149 1181 3204 cui
1229 3150 1445 3206 servitis
1497 3152 1779 3218 auxilium,
1808 3127 1855 3187 ο

192 3241 252 3294 de
303 3242 753 3310 persequentium
826 3242 1077 3297 manibus
1124 3242 1366 3298 liberavi.
1417 3242 1780 3310 Quamobrem

192 3345 382 3387 omnes
419 3331 475 3385 in
523 3332 763 3402 capitulo
791 3332 1091 3388 residentes
1118 3334 1390 3389 communi
1434 3332 1639 3403 judicio
1672 3344 1782 3392 sta-

190 3421 394 3485 tuistis,
453 3429 509 3477 et
564 3423 1029 3491 scliedulisjinseri
1094 3439 1193 3494 per
1222 3427 1596 3497 rescriptionis
1647 3428 1781 3483 arti-

190 3511 369 3566 culum
400 3512 723 3568 decrevistis
756 3527 770 3566 :
800 3522 862 3569 ut
896 3522 951 3568 et
996 3529 1113 3579 vos,
1143 3523 1198 3569 et
1224 3518 1421 3586 posteri
1447 3518 1611 3573 vestri
1639 3532 1780 3573 sem-

189 3616 291 3673 per
310 3601 362 3655 in
394 3602 769 3658 anniversario
791 3603 903 3658 mei
927 3603 1106 3658 obitus
1136 3605 1340 3675 insigne
1363 3606 1563 3677 aliquid
1590 3624 1781 3679 agere.

190 3692 258 3747 tis
290 3711 303 3744 :
332 3699 606 3761 quatenus
630 3699 687 3746 et
725 3694 866 3747 tubae
888 3706 1078 3749 omnes
1100 3692 1346 3749 festivius
1366 3694 1696 3767 clangerent,
1723 3705 1781 3753 et

189 3780 388 3836 fratres
417 3796 513 3851 pro
537 3780 707 3837 fratre
750 3781 1020 3841 solemnes
1061 3784 1369 3840 orationum
1416 3792 1581 3854 atque
1604 3787 1777 3842 sacri-

188 3870 439 3937 ﬁciorum
494 3870 786 3939 exsequias
814 3869 1172 3928 celebrarent.
1220 3870 1335 3928 Hoc
1383 3871 1779 3944 astipulationis

187 3971 384 4017 vestrae
425 3962 729 4028 decretum,
771 3978 840 4018 ne
868 3964 1219 4033 quandolibet
1264 3965 1587 4035 intercipere
1607 3966 1780 4036 possit

188 4058 408 4121 oblivio,
449 4059 504 4113 in
525 4061 691 4115 vestri
726 4060 908 4118 cordis
934 4061 1178 4132 margine
1206 4061 1470 4131 reperitur
1490 4061 1772 4119 insertum.

1882 1871 2127 1925 custodia
2171 1885 2336 1941 super
2389 1873 2492 1926 hoc
2522 1872 2906 1926 monasterium
2955 1885 3165 1940 semper
3193 1869 3457 1939 invigilet,

1883 1975 2001 2031 quae
2026 1968 2081 2015 et
2109 1975 2205 2016 vos
2230 1960 2298 2014 ab
2321 1960 2669 2017 invisibilium
2692 1961 2926 2015 hostium
2951 1958 3199 2014 defendat
3222 1958 3455 2022 insidiis,

1882 2060 1938 2105 et
1977 2051 2116 2107 bona
2167 2061 2345 2106 vestra
2402 2052 2470 2107 ab
2524 2052 2885 2107 exterioribus
2939 2059 3154 2105 tueatur
3188 2048 3455 2103 adversis.

1883 2143 2237 2213 Omnipotens
2284 2143 2518 2214 Spiritus
2549 2143 2712 2199 corda
2733 2151 2909 2198 vestra
2935 2142 3227 2212 possideat,
3260 2150 3314 2196 et
3347 2138 3456 2194 fer-

1882 2248 2014 2289 vore
2046 2234 2303 2289 continuo
2351 2249 2465 2289 sua:
2502 2234 2809 2289 dilectionis
2866 2234 3165 2299 ascendat:
3199 2232 3455 2301 templum

1882 2322 1983 2379 sibi
2024 2338 2177 2378 nunc
2231 2323 2284 2377 in
2326 2324 2522 2380 vestris
2559 2325 2869 2394 pectoribus
2899 2331 3199 2386 construat,
3233 2330 3285 2377 et
3312 2329 3455 2390 post-

1884 2412 2101 2467 modum
2125 2428 2220 2471 vos
2241 2427 2489 2483 supernae
2506 2411 2807 2469 Jerusalem
2834 2413 3104 2468 moenibus
3130 2412 3454 2468 introducat.

1882 2501 2076 2558 Amen.
2710 2570 2715 2575 ι

2444 2588 2776 2648 EPISTOLA
2819 2590 2882 2646 V.

2081 2700 2149 2738 AD
2184 2699 2460 2740 HONACHOS
2496 2699 2820 2740 NONASTERII
2868 2697 3259 2738 CLUNMCENSIS.

1881 2773 2346 2829 Ancunnuruu.—
2362 2773 2748 2828 Cluniacenses
2774 2773 3088 2836 monachos,
3119 2771 3312 2841 quibus
3334 2784 3454 2823 cum

1953 2860 2144 2913 magna
2197 2853 2315 2898 erat
2359 2844 2730 2913 benevolentia
2786 2843 3125 2913 conjuncitus,
3167 2850 3453 2913 propterea

1953 2911 2245 2991 quodnillos
2272 2930 2299 2965 a
2330 2916 2457 2991 sede
2477 2984 2487 2991 _
2510 2911 2800 2991 apostolica
2831 2911 3134 2991 in'flalliam
3166 2911 3370 2991 legatus
3402 2924 3455 2991 Oa

1954 2983 2249 3052 cupiditate
2302 2984 2578 3053 cujusdam
2633 2983 2866 3052 episeopi
2910 2981 3345 3053 jurisdictionem
3401 2981 3456 3032 in

1954 3049 2049 3130 eos
2093 3049 2677 3130 usurpare_'conan_tis,’
2707 3049 3010 3130 liberasSet.
3034 3049 3371 3130 sanctitatis,
3396 3055 3460 3130 et

1957 3123 2175 3194 pietatis
2228 3118 2443 3194 nomine
2469 3123 2522 3194 in
2560 3123 2661 3177 hac
2709 3123 2933 3194 epistola
2965 3121 3232 3176 collaudat
3265 3137 3279 3173 :
3316 3118 3458 3173 ordi-

1959 3206 2190 3261 nemque
2217 3201 2271 3246 et
2293 3193 2651 3261 disciplinam,
2683 3207 2843 3261 quam
2882 3193 2934 3246 in
2968 3206 3152 3247 eorum
3183 3196 3456 3261 monaste-

1954 3262 2037 3316 rio
2059 3257 2264 3316 servari
2310 3257 2551 3331 prmsens
2579 3257 3036 3331 ipse'aspexerat,
3066 3262 3118 3315 in
3150 3260 3347 3331 coelum
3370 3257 3455 3313 ef.

1952 3331 2080 3397 fert,
2096 3330 2348 3401 tanquam
2376 3330 2743 3397 utilissimam,
2766 3340 3187 3398 sanctorumque
3209 3330 3455 3401 Patrum,

1952 3410 2008 3455 et
2053 3397 2223 3457 sacraé
2254 3400 2873 3479 Scripturreprmceptis
2897 3397 3459 3479 consentaneumst!

1949 3481 2253 3526 extremum
2279 3470 2494 3527 eosdem
2527 3470 2798 3537 obsecrat,
2836 3481 2894 3525 ut
2924 3470 3005 3525 sui
3032 3484 3297 3526 memores
3325 3470 3454 3533 sint,

1950 3552 1999 3595 ct
2035 3557 2094 3596 se
2138 3541 2408 3612 precibus,
2438 3557 2500 3595 ac
2528 3543 2571 3595 si
2618 3550 2763 3597 esset
2805 3557 2869 3596 ex
2914 3542 3152 3610 ipsorum
3204 3552 3452 3604 numero,

1950 3613 2088 3678 apud
2124 3612 2290 3665 Deum
2325 3612 2581 3679 adjuvare
2601 3627 2707 3665 non
2734 3622 2973 3666 cessent.

1954 3699 2112 3772 183
2170 3698 2308 3754 Vere
2358 3700 2585 3765 sanctis,
2617 3710 2670 3754 et
2701 3698 2941 3769 angelica
2980 3698 3331 3753 veneratione
3364 3710 3457 3751 co-

1878 3790 2021 3846 lendi
2046 3790 2417 3845 Cluniacensis
2441 3791 2755 3845 monasterii
2782 3788 3055 3853 fratribus,
3092 3786 3309 3843 Psrnus
3330 3800 3457 3856 pec-

1876 3890 2029 3936 cator
2052 3878 2539 3951 monachusjugem
2564 3881 2617 3934 in
2642 3880 2871 3935 Domino
2893 3879 3238 3933 servitutem.

1949 3971 2083 4027 Nolo
2131 3986 2229 4027 vos
2279 3971 2468 4037 lateat,
2498 3971 2858 4037 dilectissimi,
2884 3970 3010 4040 quia
3040 3978 3400 4025 revertentem
3423 3982 3454 4022 a

1875 4066 2050 4134 vobis,
2082 4066 2262 4137 gravis
2301 4082 2389 4122 me
2429 4067 2571 4122 taedii
2610 4080 2815 4120 mceror
2855 4064 3135 4121 absorbuit
3164 4084 3177 4120 :
3202 4081 3266 4120 ac
3286 4064 3454 4119 multa

190 4145 341 4201 Unde
398 4158 601 4205 sanctae
639 4149 924 4205 charitatis
961 4158 1155 4206 vestrae
1206 4151 1542 4215 dulcedinem
1599 4152 1776 4227 lacry-
1876 4155 2262 4227 cogitationum
2324 4155 2498 4227 caligo
2557 4155 2996 4225 pusillanimitate
3052 4150 3318 4222 deiectum
3360 4168 3457 4207 cor

188 4238 463 4293 mabiliter
488 4240 735 4305 obsecro,
792 4257 985 4311 meque
1012 4243 1206 4297 vestris
1232 4258 1404 4313 prono
1429 4244 1592 4299 corde
1612 4245 1777 4301 vesti.
1875 4245 2162 4316 impatiens
2194 4246 2468 4302 labefecit.
2518 4245 2682 4300 Plane
2706 4247 2829 4299 dum
2874 4260 2959 4300 me
2988 4244 3282 4299 recolerem
3311 4243 3459 4298 velut

187 4329 286 4398 giis
348 4339 656 4400 prostratus
713 4332 941 4387 advolvo
969 4350 1007 4400 ς,
1062 4343 1120 4389 ut
1174 4334 1318 4405 quod
1378 4350 1536 4391 servo
1593 4348 1774 4393 vestro
1876 4350 2104 4406 puerum
2150 4351 2254 4391 ovo
2286 4337 2585 4399 seductum,
2620 4344 2673 4390 et
2697 4336 2768 4389 ita
2795 4335 3091 4390 deleniﬁcis
3126 4335 3300 4388 verbis
3331 4341 3454 4387 tan-

190 4418 348 4488 182
363 4418 713 4487 promisistis,
729 4433 854 4476 mox
869 4422 1278 4476 utvocationem
1304 4438 1480 4478 meam
1504 4439 1603 4493 pro
1623 4434 1773 4480 certo
1800 4490 1842 4499 _
1875 4443 2039 4499 quam
2066 4428 2323 4493 blattinis,
2356 4428 2443 4483 vel
2473 4428 2687 4483 delicati
2718 4427 2999 4499 hyacinthi
3023 4426 3273 4480 mollibus
3302 4425 3455 4477 insti—

188 4510 469 4573 noveritis,
489 4510 783 4566 eﬂicaciter
804 4513 1385 4582 impleatiszDominus
1405 4490 1569 4572 etiam
1597 4534 1766 4583 meus,
1799 4490 1850 4550 D
1874 4490 1945 4575 tis
2000 4490 2319 4589 obligatum,
2352 4519 2498 4573 aliud
2544 4490 2776 4588 denique
2826 4530 3078 4571 sermone
3103 4515 3452 4586 promissum,

189 4615 252 4653 ac
285 4600 619 4657 venerabilis
665 4600 828 4658 Pater
876 4602 1046 4659 abbas
1100 4618 1280 4662 veSter
1307 4606 1445 4677 Ugo,
1474 4608 1612 4663 sicut
1640 4610 1772 4667 mihi

186 4690 461 4759 pollicitus
485 4702 588 4759 est,
622 4695 770 4750 hunc
816 4696 1066 4751 eumdem
1095 4712 1204 4752 sua:
1232 4699 1540 4768 sponsionis
1566 4700 1772 4756 indicu-

187 4782 294 4837 lum
315 4784 443 4838 vivo
468 4798 723 4839 sermone
746 4801 843 4854 per
857 4787 1072 4856 propria
1102 4788 1265 4842 faciat
1288 4790 1614 4844 monasteria
1635 4805 1773 4860 pra:-

191 4876 381 4938 dicari,
434 4883 493 4929 et
536 4874 591 4929 in
622 4889 808 4930 eorum
859 4877 1074 4933 codices
1124 4879 1264 4950 stylo
1308 4880 1771 4950 jubeatcurrente

184 4966 513 5033 transcribi;
565 4974 625 5019 ut
646 4967 660 5013 τ
667 4967 914 5021 veritatis
938 4970 1159 5023 omnino
1184 4969 1479 5039 discipulus
1503 4980 1682 5029 teneat
1706 4972 1770 5027 ﬁ-

184 5056 324 5121 dem,
349 5071 455 5111 nec
501 5056 741 5125 stipulati
787 5058 1010 5113 ftederis
1062 5060 1223 5121 violet
1253 5062 1581 5116 cautionem.
1616 5063 1769 5135 Rogo

181 5162 275 5214 per
303 5145 524 5209 Jesum,
551 5148 639 5215 qui
670 5149 767 5205 sub
792 5149 987 5204 Pontio
1032 5150 1208 5207 Pilato
1234 5153 1602 5211 testimonium
1638 5158 1767 5212 red.

181 5237 254 5288 itit
283 5235 337 5304 (l
370 5234 607 5305 Tim-vr)
633 5254 647 5288 :
675 5252 769 5305 per
793 5239 1035 5295 terribile
1049 5239 1311 5308 judicium
1333 5241 1469 5309 ejus,
1489 5258 1596 5312 quo
1618 5244 1768 5305 visos

1874 4610 2018 4666 aliud
2043 4612 2266 4681 omnipo
2323 4610 2485 4666 rebus
2518 4610 2838 4673 exliibitum,
2882 4608 3207 4663 ﬂuctuaham
3236 4605 3451 4669 animo,

1872 4710 1928 4757 et
1972 4702 2291 4759 aberrantes
2310 4701 2538 4770 quilibet
2564 4716 2593 4754 a
2623 4701 2871 4755 veritatis
2907 4700 3047 4755 linea
3074 4708 3220 4761 tunc,
3258 4697 3450 4759 fateor,

1871 4790 1992 4860 plus
2014 4790 2172 4847 solito
2207 4790 2584 4859 displicebant.
2612 4792 2842 4855 Nam,ut
2870 4804 3035 4842 unum
3072 4790 3332 4844 duntaxat
3361 4785 3455 4839 ad-

1872 4890 2066 4933 notare
2110 4879 2362 4945 sutIiciat,
2392 4897 2498 4950 quo
2519 4893 2715 4938 czetera
2749 4879 3091 4947 colligantur,
3127 4876 3455 4949 promissum

1873 4972 2006 5025 mihi
2038 4983 2146 5041 est,
2179 4972 2322 5043 quod
2352 4973 2406 5027 iu
2436 4973 2695 5031 Kalendis
2728 4973 2953 5040 Augusti
2987 4971 3155 5026 furem
3180 4981 3459 5039 regressus

1874 5066 1940 5120 ad
1973 5071 2213 5137 propria,
2237 5066 2330 5121 sed
2361 5066 2648 5139 proﬂigato
2691 5063 3035 5136 postmodum
3061 5061 3320 5119 trimestri
3347 5058 3460 5113 fere

1874 5153 2175 5223 curriculo,
2200 5164 2255 5210 et
2285 5164 2491 5222 quanta
2534 5160 2689 5227 potui
2726 5151 3007 5208 celeritate
3040 5151 3275 5212 cucurri,
3302 5155 3359 5202 et
3383 5154 3460 5199 ta-

1874 5257 1993 5297 men
2022 5244 2117 5300 vix
2145 5244 2337 5316 quinto
2369 5252 2494 5299 ante
2538 5242 2813 5305 Kalendas
2855 5239 3174 5297 Novembris
3203 5238 3312 5300 die,
3340 5233 3458 5287 fon-

3262 5318 3436 5344 --η-..12
