3950 5344
475 295 585 359 βῖθ
1072 304 1276 362 PETRI
1307 305 1589 364 DAMIANI
1625 308 1774 381 OPP.
1806 306 1987 365 PARS
2032 307 2164 379 SEU
2205 307 2439 366 TOMUS
2476 309 2518 365 I.
2561 339 2632 351 —
2661 307 2878 387 EPIST.
2911 308 3041 385 LIB.
3078 309 3211 369 VIII.
3394 394 3395 397 η
3625 313 3727 372 380

482 409 728 478 densam,
752 419 811 465 ut
844 418 919 467 tta
963 411 1176 493 loquar,
1221 414 1461 498 intestini
1491 419 1804 473 certaminis
1830 402 2049 489 grandi-
2077 426 2123 482 Α
2152 426 2201 471 ct
2223 419 2424 488 gentile
2460 402 2831 490 prostibulum,
2864 423 2922 499 in
2945 420 3311 497 Israelitarum
3348 431 3433 494 est
3470 422 3726 480 translata

480 514 607 555 nem
630 500 867 572 pertulit.
920 504 989 558 Et
1025 489 1335 576 quanquam
1370 507 1424 562 in
1449 508 1553 587 hoc
1584 508 1791 579 rigidus
1836 522 2051 578 semper
2155 489 2506 581 consortium,
2530 502 2659 587 dum
2681 523 2866 564 eorum
2912 490 3114 565 nuntiis
3143 490 3321 566 vitalis
3351 489 3555 583 anfugii
3592 528 3727 583 pre-

480 596 537 644 et
562 589 866 646 inﬂexibilis
903 604 1279 662 permaneret;
1309 605 1363 652 et
1404 584 1548 667 quad
1580 598 1836 653 nimirum
1865 598 2052 669 decre-
2156 596 2275 651 buit
2311 584 2687 671 argumentum
2738 598 2876 674 (los.
2933 599 3017 668 ιι).
3067 600 3178 675 Ego
3223 601 3409 668 etiam,
3441 610 3502 656 ut
3548 617 3722 672 spero,

478 685 651 745 verat,
683 679 886 735 malum
912 678 1024 753 'pro
1072 684 1216 739 malo
1267 702 1374 742 non
1419 688 1677 761 reddere;
1729 687 2049 765 oblivionem
2150 684 2365 759 meritis
2421 698 2508 741 me
2543 694 2736 741 vestrae
2793 688 3099 746 sanctitatis
3153 688 3350 765 ingessi
3399 689 3529 745 dum
3576 691 3727 748 Mati-

478 774 661 822 tamen
707 767 939 838 injurize
973 768 1366 858 quantumlibet
1406 779 1693 853 niteretur,
1724 762 1834 833 non
1876 779 2053 854 potuit
2152 776 2330 830 censis
2346 775 2822 850 Ecclesiaejugum,
2847 781 2991 848 quod
3008 780 3157 858 vobis
3177 762 3375 851 imponi
3397 782 3719 849 tentabatnr,

476 859 726 918 funditus
748 852 1018 939 obtinere.
1042 865 1112 919 At
1145 876 1431 938 postquam
1458 870 1525 945 ad
1551 869 1800 941 cellulam
1824 852 2052 945 perven-
2153 867 2307 942 abegi
2339 882 2355 932 ;
2408 867 2770 938 tuendumque
2814 859 2902 925 me
2962 852 3127 943 credo
3155 888 3249 945 per
3268 864 3370 927 vos
3396 887 3426 927 a
3476 875 3725 930 versutiis

475 960 591 1006 tum
644 963 747 1020 est,
786 955 897 1041 imo
944 964 1227 1039 postquam
1280 960 1336 1017 in
1383 942 1493 1028 me,
1532 962 1649 1033 ipse
1694 963 1786 1033 qui
1843 944 2049 1019 fueram
2152 956 2475 1029 daemonum,
2500 960 2594 1042 qui
2623 945 2887 1014 vibratam
2911 960 2973 1039 in
2992 977 3087 1020 vos
3124 942 3332 1042 clavam
3360 961 3610 1018 Herculis
3629 978 3722 1018 ra-

472 1045 755 1129 exclusus,
779 1034 999 1131 intravi,
1017 1052 1139 1109 mox
1163 1054 1443 1111 mstuantis
1456 1057 1619 1111 animi
1648 1056 1829 1112 fervor
1849 1058 2052 1133 exstin-

471 1137 690 1219 guitur;
740 1142 1062 1197 contentiosi
1112 1142 1266 1221 litigii
1322 1142 1542 1225 querela
1582 1149 1820 1221 scpitur;
1851 1159 2050 1215 tumor,

470 1227 704 1294 clamor,
752 1238 808 1285 et
858 1232 1154 1303 indignatio
1210 1234 1409 1305 praesto
1455 1238 1761 1307 deponitur,
1790 1248 1845 1292 et
1870 1252 2057 1319 omne,

472 1321 619 1387 quod
670 1321 723 1374 in
767 1323 904 1378 meis
962 1325 1257 1382 visceribus
1300 1342 1542 1383 amarum
1568 1328 1767 1395 fuerat,
1797 1331 2053 1386 divinitus

481 1409 826 1473 olidulcatur.
872 1410 1007 1468 Nam
1052 1414 1201 1468 velut
1247 1416 1315 1470 ad
1356 1417 1584 1471 tribunal
1606 1416 1802 1493 iudicis
1826 1431 2052 1493 conten-

480 1498 651 1581 tiusus
699 1501 939 1571 litigator
980 1504 1265 1571 adductus,
1312 1508 1587 1577 querelam
1646 1492 1892 1564 inutilem
1943 1525 2050 1564 non

479 1606 595 1645 sum
620 1607 784 1647 ausus
820 1609 1090 1664 exponere
1118 1605 1243 1652 ante
1284 1595 1546 1654 districtae
1573 1599 1779 1655 cellulae
1802 1584 2057 1677 majesta-

478 1692 610 1736 tem.
640 1683 709 1739 Et
750 1694 1004 1756 tanquam
1047 1688 1092 1743 si
1130 1688 1425 1767 languidus
1446 1692 1674 1761 quilibet
1700 1682 2057 1769 aromaticam

2150 1046 2242 1116 pui
2264 1046 2332 1103 de
2358 1040 2605 1102 manibus
2626 1047 2949 1104 clericorum
2977 1066 2992 1116 ;
3023 1060 3078 1106 et
3125 1040 3381 1123 tanquam
3406 1051 3724 1109 Jesbibenob

2152 1133 2206 1187 in
2238 1134 2406 1190 David
2454 1136 2821 1205 insurgentem
2852 1136 2938 1209 (II
2970 1136 3266 1211 Βεςρκιι),
3296 1141 3521 1216 perculi,
3577 1157 3640 1197 ac
3656 1159 3722 1200 ne

2151 1222 2373 1303 lucerna
2396 1224 2564 1282 Israel
2590 1225 3040 1305 exstingueretur,
3066 1220 3311 1301 occurri.

2220 1313 2390 1371 Porro
2440 1324 2641 1384 autem,
2691 1306 2820 1372 dum
2851 1326 2958 1399 tam
3006 1319 3582 1399 districtum,~tamque
3614 1322 3719 1380 fne-

2151 1414 2407 1474 qnentem
2435 1414 2638 1485 sanctte
2662 1414 2857 1485 vestra:
2907 1411 3331 1466 conversationis
3374 1405 3619 1481 ordinem
3646 1428 3726 1469 re-

2151 1492 2288 1560 colo,
2314 1509 2418 1550 non
2441 1483 2840 1552 adinventionis
2872 1496 3122 1575 humanae
3148 1499 3406 1565 studium,
3435 1500 3532 1553 sed
3561 1503 3722 1555 sancti

2153 1583 2386 1653 Spiritus
2423 1586 2793 1657 magisterium
2844 1587 3023 1662 inesse
3069 1588 3363 1661 perpendo.
3414 1587 3551 1662 Nam
3586 1601 3737 1661 tanta

2151 1684 2269 1729 erat
2291 1674 2345 1728 in
2375 1675 2622 1732 servandi
2650 1676 2857 1733 ordinis
2875 1661 3130 1732 continua
3156 1679 3381 1763 iugitate
3405 1679 3720 1749 prolixitas;

480 1775 788 1845 ingrediens
836 1776 1135 1846 ofﬁcinam;
1196 1764 1485 1852 amequ
1538 1764 1786 1854 ammon"
1814 1785 2050 1861 mgdica,
2080 1796 2125 1855 Β
2154 1776 2302 1820 tanta
2323 1766 2622 1845 prmsertim
2670 1768 3126 1861 inecclesiaslicis
3151 1764 3339 1825 ciliciis
3359 1771 3726 1844 protelabatur

479 1874 658 1921 menta
710 1870 1014 1938 percipiat,
1064 1872 1304 1942 deposita
1349 1869 1627 1948 languoris
1685 1876 2002 1947 aegritudine
2031 1920 2048 1945 ,

477 1956 850 2032 convalescat;
874 1960 948 2015 ita
976 1976 1076 2031 ego
1117 1956 1383 2039 protinus,
1416 1973 1476 2019 ut
1498 1965 1703 2042 cellulae
1732 1981 1863 2023 mea:
1888 1967 2056 2041 limen

479 2048 654 2131 attigi,
684 2050 911 2104 necdum
961 2048 1155 2106 librum
1199 2054 1494 2129 quemlibet
1519 2070 1838 2131 aperueram
1867 2076 1880 2112 :
1913 2067 1988 2125 et,
2017 2074 2062 2136 ο,

479 2130 854 2193 benefactum!
910 2149 1163 2210 tanquam
1190 2144 1391 2200 virtute
1413 2144 1536 2213 loci,
1568 2130 1756 2202 sanum
1781 2162 1868 2203 me
1891 2158 2054 2221 atque

486 2227 850 2306 incolumem,
900 2232 1214 2301 compositis
1258 2234 1454 2290 animae
1510 2249 1646 2292 mem
1698 2239 2055 2313 vulneribus,

486 2316 660 2399 reperi
693 2333 706 2370 :
737 2317 923 2387 sicque
970 2320 1034 2374 ad
1083 2320 1387 2379 divinorum
1416 2324 1700 2398 librorum,
1752 2330 1843 2400 qui
1878 2331 2054 2403 adhuc

480 2396 647 2480 clausi
694 2405 1030 2475 tenebantur,
1077 2419 1376 2481 aspectum,
1421 2396 1568 2469 velut
1596 2425 1719 2472 ante
1770 2396 2054 2477 medicina:

480 2494 754 2564 poculum,
792 2498 1018 2554 salutem
1068 2501 1257 2583 hausi,
1282 2504 1610 2579 spirantibus
1639 2508 1901 2564 duntaxat
1926 2511 2049 2565 odo.

482 2584 633 2642 ribus
661 2585 1019 2659 fragrantium
1043 2592 1462 2665 pigmentorum.
1500 2599 1840 2672 Quapropter
1867 2615 2054 2661 sancto

482 2677 678 2753 rectori
707 2680 888 2735 vestro
903 2681 1144 2763 (ξιξ),ὴυί
1178 2687 1307 2742 mihi
1328 2696 1488 2744 tanta:
1510 2679 1829 2748 calamitatis
1851 2697 2055 2764 pondus

482 2767 704 2837 invexit,
722 2786 825 2826 non
843 2774 1000 2854 modo
1015 2774 1188 2846 vicem
1221 2776 1476 2847 lmsionis,
1501 2780 1593 2836 sed
1617 2796 1739 2836 eum
1763 2798 1976 2856 quoque
2001 2785 2055 2839 in

472 2855 564 2924 ius
613 2861 817 2917 veteris
864 2854 1119 2921 amicitiae
1170 2883 1269 2937 pro
1324 2878 1505 2925 vestra
1532 2872 1801 2928 cliaritate
1832 2854 2050 2935 reduco.

482 2948 583 3014 Qui
617 2952 761 3007 enim
814 2969 918 3009 non
951 2955 1215 3031 absolute,
1247 2961 1342 3030 sed
1391 2962 1529 3019 sicut
1562 2964 1665 3034 ipsi
1710 2964 2049 3033 dimittimus,

485 3037 559 3127 ita
591 3039 747 3125 nobis
777 3056 806 3095 a
838 3043 945 3115 Deo
971 3045 1169 3127 dimitti
1198 3059 1420 3119 peccata
1460 3046 1712 3123 rogamus
1734 3048 1955 3127 (Matth.
1975 3072 2052 3122 v1;

2152 1857 2434 1923 instantia,
2496 1868 2557 1915 ut
2600 1859 2654 1915 in
2724 1860 2842 1931 ipso
2901 1863 3131 1929 cancri,
3180 1864 3294 1917 sive
3337 1864 3515 1919 leonis
3568 1874 3723 1931 testu,

2152 1963 2273 2003 cum
2302 1948 2570 2026 longiores
2605 1963 2730 2009 sunt
2766 1953 2899 2020 dies,
2926 1953 3017 2008 vix
3044 1967 3140 2026 per
3178 1962 3346 2009 totum
3383 1955 3533 2029 diem
3573 1956 3728 2011 unius

2152 2040 2347 2097 saltem
2397 2051 2618 2098 vacaret
2663 2044 2814 2100 horae
2853 2030 3156 2111 dimidium,
3209 2060 3314 2115 quo
3372 2046 3634 2102 fratribus
3676 2047 3727 2101 in

2151 2129 2388 2186 claustro
2443 2129 2687 2199 licuisset
2727 2132 2958 2194 miscere
3006 2118 3349 2204 colloquium.
3401 2134 3519 2190 Hoc
3552 2145 3729 2190 autem

2153 2230 2263 2277 tam
2312 2223 2553 2278 continui
2576 2223 2777 2281 laboris
2799 2225 3115 2283 exercitium
3147 2208 3213 2281 ad
3248 2226 3350 2281 hoc
3373 2236 3476 2293 est,
3502 2235 3564 2282 ut
3590 2241 3726 2293 reor,

2151 2310 2336 2366 solerti
2370 2311 2516 2379 satis,
2555 2327 2621 2369 ac
2658 2313 2885 2393 provida
2926 2315 3226 2389 magisterii
3281 2323 3399 2370 arte
3428 2317 3723 2393 provisum,

2151 2409 2211 2455 ut
2260 2400 2455 2455 levium
2508 2410 2671 2473 atque
2732 2392 3069 2460 inﬁrmorum
3108 2404 3336 2459 fratrum
3387 2392 3727 2474 fragilitatem

2152 2494 2428 2561 reprimat,
2479 2502 2533 2550 et
2579 2492 2939 2564 delinquendi
2969 2495 3356 2567 propemodum
3384 2496 3728 2552 occasionem

2154 2583 2328 2648 tollat,
2356 2594 2621 2654 quatenus
2641 2584 2805 2648 etiam
2833 2585 2877 2640 si
2913 2572 3098 2652 velint,
3127 2595 3323 2656 praeter
3346 2586 3728 2657 cogitationem

2153 2689 2379 2744 peccare
2409 2675 2497 2730 vix
2544 2675 2780 2750 possint.
2814 2676 3105 2747 Fragilium
3160 2677 3322 2746 igitur
3371 2676 3728 2733 imbecillitati

2153 2765 2474 2833 consulitur,
2532 2766 2660 2821 dum
2715 2767 2769 2836 in
2807 2766 3183 2843 persolvendo
3218 2767 3459 2840 continui
3520 2767 3729 2822 ordinis

2152 2871 2323 2926 penso
2372 2864 2576 2923 totum,
2618 2871 2727 2913 non
2778 2850 2940 2917 modo
2991 2857 3188 2922 diurni,
3237 2859 3331 2914 sed
3373 2864 3428 2912 et
3478 2857 3727 2913 nocturni

2156 2946 2413 3016 temporis
2440 2947 2670 3017 spatium
2697 2945 3027 3017 proﬁigatur.
3056 2946 3189 3003 Nam
3231 2956 3289 3003 et
3336 2949 3449 3017 ipse
3482 2947 3729 3017 omnipo-

2157 3045 2277 3091 tens
2299 3037 2440 3091 Deus
2468 3035 2572 3090 hoc
2599 3035 2846 3090 humanae
2868 3034 3057 3090 salutis
3082 3035 3159 3089 uti
3183 3036 3433 3105 dignatus
3460 3044 3547 3091 est
3567 3051 3726 3106 argu-

482 3126 612 3206 ριιο.
669 3119 771 3195 xi),
820 3130 944 3186 dum
996 3124 1094 3208 nos
1144 3127 1267 3191 cum
1314 3119 1647 3214 relaxatione
1700 3119 1930 3213 peccati,
1952 3119 2049 3200 'Dei

2155 3132 2354 3189 mento,
2381 3140 2504 3180 cum
2528 3124 2724 3195 populo
2746 3140 2847 3195 per
2871 3126 3079 3181 deserta
3103 3127 3365 3198 gradienti
3389 3135 3471 3182 tot
3504 3127 3723 3182 manda-

480 3230 696 3288 quoque
714 3219 943 3291 gratiam
965 3224 1293 3293 quaerimus;
1322 3228 1543 3298 dignum
1569 3240 1655 3287 est
1682 3242 1740 3287 ut
1761 3248 1859 3290 nos
1882 3234 2045 3291 etiam

480 3306 729 3390 inimicos
757 3319 971 3367 nostros
990 3322 1113 3383 post
1136 3312 1451 3375 oﬁ‘ensionis
1472 3320 1702 3395 veniam,
1729 3323 1782 3377 in
1807 3324 2050 3394 pristinae

481 3412 705 3476 prorsus
752 3402 1004 3485 amicitiae
1070 3405 1460 3479 plenitudinem
1520 3393 1840 3483 referamus.
1897 3414 2049 3481 Sicut

478 3486 653 3581 enim
677 3488 875 3581 oblivio
924 3494 1302 3572 mandatorum
1332 3486 1426 3567 Dei
1452 3503 1640 3570 procul
1669 3503 1833 3581 dubio
1858 3506 2045 3570 vitium

478 3583 582 3641 est,
609 3578 690 3634 sic
720 3579 879 3637 illata
921 3583 1081 3657 Ι,εῆ
1133 3588 1455 3647 calamitatis
1481 3592 1679 3651 oblivio
1725 3578 1832 3652 non
1882 3612 2048 3667 parva

479 3667 652 3727 virtus
669 3679 772 3729 est.
799 3672 1069 3732 Praeterea
1096 3678 1191 3745 illi,
1222 3684 1311 3751 qui
1341 3698 1428 3739 me
1453 3700 1703 3755 pressura
1735 3688 1870 3744 tanti
1895 3688 2048 3745 labo-

480 3759 556 3849 ris
599 3764 824 3834 attrivit,
856 3767 1020 3821 etiam
1059 3771 1248 3841 gratiae
1298 3772 1597 3832 referenda:
1622 3787 1766 3845 sunt,
1804 3782 1929 3849 quia
1959 3781 2050 3837 illo

480 3847 801 3917 disponente
826 3855 918 3923 qui
948 3857 1150 3913 nostris
1193 3859 1331 3916 bene
1362 3863 1532 3925 utitur
1557 3862 1732 3931 malis,
1784 3847 1883 3938 per
1926 3868 2043 3938 ejus

478 3938 739 4003 oITensam
794 3945 848 4002 in
879 3949 1184 4006 sanctitatis
1212 3963 1404 4010 vestrae
1437 3970 1523 4011 me
1545 3958 1774 4027 contigit
1798 3959 2053 4016 devenire

482 4030 764 4119 ιιοτίιὶειηιε
796 4044 853 4089 et
888 4037 941 4094 in
978 4039 1080 4095 hoc
1130 4047 1450 4114 propensius
1486 4048 1714 4117 gaudeo,
1746 4050 1871 4119 quia
1901 4066 2052 4108 meus

481 4116 634 4172 labor
659 4121 835 4176 otium
862 4127 1015 4183 vobis
1039 4143 1268 4186 amoenae
1293 4116 1602 4191 securitatis
1623 4116 1900 4207 impertiit,
1931 4155 2052 4196 mea

480 4208 693 4269 vexatio
721 4209 1002 4270 laboriosa:
1027 4220 1194 4288 quieti
1225 4234 1417 4279 vestrae
1445 4225 1632 4283 dulces
1663 4230 1833 4286 ferias
1857 4248 2054 4302 procu-

418 4299 427 4375 ξ
480 4299 637 4354 ravit.
667 4301 778 4361 Hoc
804 4305 983 4377 itaque
1020 4313 1180 4367 modo
1218 4330 1304 4370 me
1327 4317 1429 4386 piis
1465 4321 1718 4388 operibus
1745 4299 1942 4379 vestris
1967 4325 2050 4380 in-

424 4406 427 4469 ξ
478 4392 670 4480 seruit,
694 4408 922 4463 quorum
955 4409 1010 4455 et
1030 4401 1074 4455 si
1103 4412 1290 4472 sancte
1320 4406 1531 4463 vivendi
1559 4411 1780 4480 vestigia
1811 4428 1916 4468 non
1946 4414 2053 4470 eri-

2151 3226 2208 3273 ta
2229 3218 2502 3289 proposuit
2523 3218 2720 3289 (Exod.
2766 3218 2954 3289 xxxvi)
2980 3232 3305 3289 :operosum
3332 3217 3590 3274 videlicet
3643 3227 3723 3272 at-

2148 3323 2255 3379 que
2308 3307 2685 3378 inexplicabile
2732 3309 3143 3364 tabernaculum
3199 3308 3480 3375 fabricari,
3511 3309 3722 3364 diversa

2147 3399 2250 3455 sibi
2282 3400 2546 3454 sacriﬁcia
2588 3413 2686 3468 per
2730 3408 2813 3454 tot
2849 3398 3202 3455 cmi-emonias
3230 3412 3297 3453 ac
3339 3398 3478 3453 ritus
3519 3397 3719 3465 oﬁ‘erri,

2148 3488 2324 3558 ipsum
2375 3496 2677 3545 castrorum
2746 3488 2993 3548 ordinem
3037 3489 3154 3545 sive
3199 3488 3576 3555 residentium,
3615 3481 3724 3544 sive

2147 3579 2566 3635 commeantium
2618 3587 2729 3635 tam
2777 3580 3093 3645 artiﬁciosa,
3156 3594 3316 3650 quam
3364 3581 3596 3653 mystica
3636 3595 3723 3635 va-

2149 3671 2340 3727 rietate
2386 3671 2662 3740 distingui,
2720 3682 2987 3743 quatenus
3027 3673 3154 3727 dum
3214 3688 3334 3729 sese
3380 3673 3435 3727 in
3491 3672 3579 3728 his
3632 3673 3721 3744 ju-

2149 3762 2198 3832 gi
2208 3769 2290 3817 ter
2307 3770 2609 3829 exerceret,
2634 3824 2638 3827 _
2656 3763 2853 3820 resulvi
2874 3764 3109 3820 carnalis
3128 3764 3279 3835 plebs
3302 3765 3369 3819 ad
3384 3764 3526 3819 idola
3540 3763 3721 3820 colen-

2150 3853 2218 3907 da
2231 3868 2334 3909 non
2354 3854 2715 3922 posset.‘Sane
2728 3855 2855 3911 dum
2870 3845 3095 3928 populus
3108 3856 3195 3912 ille
3216 3870 3319 3911 non
3337 3857 3594 3925 operibus
3614 3864 3723 3910 tex-

2151 3944 2305 4001 trinis
2338 3945 2631 4012 insisteret,
2668 3944 2775 4002 non
2818 3947 3107 4002 contrariae
3143 3946 3246 4000 arti
3293 3936 3512 4016 operam
3550 3946 3718 4010 daret,

2155 4037 2314 4108 185
2344 4036 2715 4107 nondenique.
2733 4037 2970 4100 studium
2997 4036 3339 4109 agriculturae
3370 4035 3719 4105 dependeret,

2153 4144 2257 4184 non
2296 4129 2420 4185 ullis
2459 4128 2849 4199 prospicienda:
2877 4127 3220 4184 necessitatis
3253 4125 3534 4181 laboribus
3572 4124 3722 4179 insu-

2154 4222 2328 4284 dat-et,
2374 4217 2762 4289 multiplicibus
2808 4217 3159 4286 occupandus
3204 4222 3344 4281 erat,
3404 4213 3515 4269 Deo
3553 4212 3749 4285 legem,

2153 4311 2545 4383 promulgante,
2595 4310 2886 4376 mandatis,
2930 4317 2990 4365 ut
3036 4309 3164 4363 dum
3216 4308 3333 4362 haec
3373 4320 3496 4361 cum
3545 4305 3747 4365 labore

2154 4402 2503 4473 persolveret,
2541 4416 2882 4473 nequaquam
2923 4401 3035 4456 otio
3086 4399 3356 4455 resolutus
3402 4397 3456 4452 in
3504 4396 3721 4452 sacrile-

422 4496 425 4507 λ
478 4479 590 4549 pni,
620 4489 681 4537 ut
710 4491 887 4541 tamen
926 4488 1107 4557 vivere
1135 4504 1322 4549 sancte
1368 4500 1616 4566 possetis,
1648 4475 1904 4558 auxilium
1930 4504 2045 4559 tuli.
2077 4475 2298 4565 D'ginm
2333 4492 2651 4547 declinaret.
2685 4490 2795 4547 Nec
2826 4490 3043 4556 mirum,
3068 4490 3298 4560 idipsum
3321 4488 3484 4543 etiam
3512 4486 3749 4542 Pharao.

478 4569 572 4627 Sic
600 4571 690 4629 ille
718 4576 910 4633 domus
963 4580 1151 4637 Achab
1198 4585 1541 4656 dispensator
1585 4590 1803 4659 Abdias,
1852 4595 1977 4650 dum
2016 4611 2048 4650 a

477 4659 670 4755 gladiis
729 4664 943 4724 Jezabel
997 4670 1263 4741 fugientes
1325 4679 1613 4750 prophetas
1671 4683 1726 4738 in
1784 4688 2051 4755 specubus

476 4752 885 4843 quinquagenos
921 4761 1222 4830 abscondit,
1258 4767 1388 4835 ipse.
1431 4772 1768 4838 postmodum
1815 4752 2047 4843 gloriosa

476 4842 844 4938 vicissitudine
883 4854 1177 4923 prophetici
1205 4858 1426 4928 spiritus
1457 4864 1681 4932 gratiam
1715 4867 1908 4921 meruit
1928 4866 2045 4938 (111

479 4928 603 5026 ηερ.
635 4940 810 5026 xvm).
839 4939 906 4993 Et
926 4957 1070 4998 nunc
1095 4945 1392 5004 Ecclesiam
1423 4928 1680 5021 spiritalis
1707 4955 1870 5010 edulii
1899 4928 2050 5026 dapi-

476 5022 578 5077 bils
600 5025 790 5080 reﬁcit.
825 5032 915 5080 αιιί
945 5042 1071 5080 tunc
1100 5048 1293 5080 hannm
1344 5049 1395 5080 nl
1445 5058 1639 5080 annum
1691 5022 2049 5080 οοιη-ἷοηοηνῐηρ

2155 4585 2402 4642 tentabat
2424 4598 2709 4653 usurpare,
2740 4597 2861 4637 cum
2888 4581 3094 4638 diceret
3127 4597 3141 4635 :
3194 4598 3215 4632 ι
3261 4577 3482 4633 Vacatis
3506 4578 3640 4640 otio,
3670 4584 3721 4631 et

2152 4674 2354 4729 idcirco
2384 4672 2615 4739 Idicitis,
2648 4687 2902 4737 'eamus,
2954 4678 3011 4726 et
3065 4667 3439 4724 sacriﬁcemus
3498 4665 3719 4721 Domino

2151 4763 2350 4833 (Exod.
2393 4763 2470 4832 ν).
2514 4781 2533 4814 ι
2586 4761 2744 4827 Nam,
2784 4762 2929 4832 quod
2971 4776 3098 4825 non,
3126 4758 3401 4829 indigebat
3449 4765 3715 4813 terrenum

2150 4856 2279 4926 quid
2305 4870 2483 4924 agere,
2517 4855 2621 4909 nisi
2654 4854 2867 4920 indictae
2897 4850 3270 4907 tantummodo
3295 4849 3428 4920 legis
3453 4854 3715 4917 praecepta

2146 4958 2388 5009 servare,
2432 4950 2660 4997 testatur
2702 4941 2935 5012 Moyses,
2983 4941 3072 5010 qui
3115 4954 3238 4993 eum
3285 4936 3600 5006 alloquitur,
3645 4935 3717 4989 di-

2147 5050 2277 5080 ρρης
2323 5048 2338 5080 :
2398 5050 2418 5080 ι
2468 5031 2626 5080 Dedit
2670 5031 2764 5080 tibi
2798 5029 3059 5080 Dominus
3095 5028 3273 5080 cibum
3313 5039 3534 5080 manna.
3582 5024 3715 5080 quod
