3950 5344
195 171 314 230 581

1355 171 1554 229 LIBER
1579 165 1874 252 SEXTUS,
1903 161 2117 220 EPIS'I‘.
2149 162 2214 220 γ.

3364 163 3470 220 332

197 287 304 350 cit,
340 295 394 344 et
417 301 510 362 pes
535 293 661 340 tuus
682 301 788 342 non
817 295 900 356 est
921 285 1205 342 subtritus.
1237 283 1318 340 En
1343 283 1788 366 quadragesimus
1816 285 1862 344 Α
1893 281 2032 336 Naas
2074 281 2460 344 Ammonitem,
2511 279 2802 362 superbum
2835 278 3082 334 videlicet
3121 292 3336 348 regem,
3365 277 3469 332 nisi

194 373 386 430 annus
409 371 516 436 est,
541 369 608 429 ut
631 369 896 446 recOgites
925 375 978 428 in
999 365 1178 429 corde
1209 385 1318 437 tuo,
1348 373 1476 443 quia
1503 367 1641 446 sicut
1663 365 1788 428 cru;

191 459 280 521 dit
309 467 468 521 homo
497 465 666 520 lilium
702 481 882 532 suum,
923 465 1001 520 sic
1031 465 1294 520 Dominus
1327 463 1469 520 Deus
1501 475 1624 520 tuus
1662 448 1788 520 eru-

191 557 344 610 divit
380 565 460 620 te;
493 564 555 610 ut
596 557 869 612 custodias
915 560 1168 612 mandata
1209 557 1420 612 Domini
1465 558 1556 613 Dei
1600 559 1699 625 tui,
1732 567 1788 614 et.

191 648 448 726 ambules
477 648 530 702 in
571 648 677 703 viis
706 647 841 717 ejus,
889 659 944 704 et
980 649 1170 705 timeas
1209 665 1332 704 eum
1363 649 1541 726 (Deut.
1570 643 1713 726 vni).
1761 669 1780 702 ι

189 723 252 816 In
311 739 504 809 quibus
553 739 733 794 verbis
777 739 906 793 illud
950 749 1033 794 est
1075 741 1329 814 solertius
1367 723 1781 816 attendendum,

188 813 348 896 quod
378 828 452 883 ait
487 847 502 882 :
552 847 570 880 ι
609 830 767 884 Dedit
801 829 894 906 tibi
925 847 1144 898 manna,
1181 813 1599 897 utOSIenderet,
1641 815 1784 902 quod

189 932 314 972 non
347 919 395 973 in
433 919 550 973 solo
591 935 731 989 pane
773 911 906 975 vivit
949 907 1130 985 homo,
1166 922 1261 977 sed
1306 921 1358 975 in
1406 921 1552 975 omni
1595 923 1784 988 verbo,

187 1010 342 1078 quod
365 1001 642 1080 egreditur
667 1027 730 1066 ex
757 1025 852 1067 ore
891 1011 1011 1067 Dei.
1048 1031 1066 1064 ι
1115 1013 1216 1067 Ubi
1260 1011 1378 1066 luce
1421 1011 1619 1066 clarius
1655 1029 1784 1066 eon-

193 1109 314 1153 stat
359 1101 484 1169 quia
515 1101 644 1155 illud
675 1117 892 1167 manna,
916 1117 1025 1172 quo
1055 1103 1128 1156 illi
1151 1103 1444 1157 carnaliter
1471 1101 1780 1167 alebantur,

187 1185 306 1244 hoc
345 1187 510 1242 divini
541 1189 696 1243 verbi
727 1189 1069 1260 signiﬁcabat
1103 1191 1379 1261 pabulum,
1411 1207 1518 1262 quo
1556 1207 1698 1246 nunc
1727 1194 1782 1248 in

187 1279 372 1332 anima
399 1292 732 1333 recreemur.
762 1279 830 1334 Et
853 1281 1153 1335 notandum
1178 1281 1321 1351 quod
1351 1281 1418 1336 de
1447 1281 1552 1338 hoc
1582 1298 1781 1338 manna

193 1367 246 1422 in
279 1367 420 1423 libro
459 1369 630 1426 Exodi
675 1370 870 1442 legitur
904 1389 916 1425 :
957 1389 976 1424 ι
1023 1371 1176 1442 Quod
1215 1389 1338 1434 cum
1380 1374 1660 1446 vidissent,
1699 1377 1781 1430 in-

191 1459 327 1528 quit,
377 1459 476 1514 ﬁlii
529 1461 718 1528 Israel,
753 1449 1006 1518 dixerunt
1051 1465 1116 1517 ad
1145 1465 1378 1522 invicem
1426 1483 1438 1519 ε
1489 1465 1724 1530 Manli“?
1756 1487 1774 1520 ι

190 1547 332 1616 quod
368 1549 659 1619 significat,
697 1569 720 1600 «η
768 1551 897 1621 quid
936 1554 1190 1608 esthoc?
1234 1573 1250 1604 ι
1290 1551 1488 1626 (Exod.
1521 1537 1656 1621 xvi.)
1699 1555 1778 1611 Illi

1891 374 1970 427 vel
2001 375 2258 427 nmndum
2306 373 2550 448 Creatori
2598 387 2694 425 suo
2742 369 3018 432 rebellem,
3065 368 3148 422 vel
3199 368 3468 424 diabolum

1887 463 2002 534 ejus
2027 465 2373 535 intelligimus
2395 465 2726 535 principem?
2747 464 2822 517 De
2843 479 2950 534 quo
2975 462 3228 516 nimirum
3251 462 3466 525 dicitur,

1887 555 2012 622 quia
2045 574 2062 606 ι
2099 553 2218 623 Ipse
2243 551 2325 608 est
2355 547 2444 608 rex
2471 569 2635 623 super
2660 569 2848 610 omnes
2873 552 3008 608 filios
3033 551 3298 621 superbiae
3347 552 3468 622 (Job

1887 645 2018 718 xm).
2053 665 2069 696 ι
2122 645 2184 700 Et
2233 647 2357 714 quia
2399 645 2560 708 Naas,
2611 661 2818 715 serpens
2867 645 3276 712 interpretatur,
3323 652 3470 699 recte

1887 715 1988 804 per
2021 723 2162 790 hunc
2191 751 2495 790 venenosus
2543 735 2654 800 ille,
2687 744 2742 790 et
2789 730 3026 810 lubricus
3071 735 3259 804 anguis
3285 734 3468 804 expri-

1887 825 2072 878 mitur.
2101 825 2240 892 Quid
2271 841 2401 879 vero
2427 841 2524 894 per
2551 826 2734 890 Iabes,
2762 841 2882 895 quae
2925 826 3116 880 civitas
3149 833 3263 880 erat
3295 823 3465 880 Israe-

1885 912 2052 978 litica,
2083 913 2185 968 nisi
2215 915 2392 968 anima
2423 915 2668 968 innuitur
2713 911 3020 969 Christiana
3068 914 3134 968 ad
3178 913 3464 967 videndum

1883 1001 2050 1054 Deum
2081 1018 2178 1072 per
2201 1003 2436 1074 studium
2467 989 2940 1073 contemplationis
2977 1005 3216 1059 intenta?
3243 1003 3310 1057 Et
3339 1003 3464 1072 quia

1882 1091 2041 1153 Iabes
2087 1095 2475 1163 interpretatur
2519 1096 2780 1148 exsiccata
2802 1135 2817 1162 ,
2843 1095 2926 1149 vel
2957 1095 3166 1148 siccitas
3189 1135 3202 1159 ,
3232 1106 3466 1164 congrue

1882 1199 1980 1254 per
2007 1183 2167 1240 Jahes
2195 1184 2282 1240 illa
2315 1185 2634 1256 intelligitur
2663 1185 2864 1250 anima,
2895 1199 3015 1254 quae
3058 1199 3302 1254 supernae
3336 1199 3462 1254 gra-

1884 1273 1970 1328 tiae
1997 1274 2372 1344 pinguedinem
2416 1276 2636 1338 deserit,
2665 1284 2720 1330 et
2765 1275 2818 1328 in
2855 1283 2986 1328 testu
3017 1273 3464 1343 concupiscentia:

1880 1365 2114 1419 carnalis
2137 1367 2337 1420 arescit
2365 1381 2380 1420 τ
2413 1367 2668 1422 recedens
2697 1357 2894 1434 quippe
2919 1365 2987 1420 ab
3016 1365 3272 1418 inhiando
3299 1363 3462 1419 divini

1881 1455 2124 1509 muneris
2155 1469 2276 1508 rore
2306 1455 2362 1506 lit
2407 1456 2570 1520 sicca,
2598 1471 2756 1524 quem
2789 1463 2946 1508 antea
2975 1447 3098 1508 dum
3139 1455 3460 1524 perciperet,

1879 1543 2094 1613 vigebat
2141 1529 2432 1598 salubriter
2479 1546 2721 1615 irrigata,
2763 1545 2989 1600 Domino
3016 1558 3113 1614 per
3155 1543 3346 1598 Isaiam
3376 1543 3461 1598 di-

189 1637 320 1708 e'rgo
347 1655 570 1704 manna,
607 1641 660 1695 id
687 1649 790 1707 est,
825 1659 844 1693 ε
883 1643 1011 1713 quid
1035 1653 1122 1698 est
1148 1645 1268 1706 hoc,
1317 1663 1336 1696 ι
1385 1647 1656 1701 veraciter
1682 1663 1772 1702 co.
1801 1637 1847 1696 B
1874 1643 2028 1689 ccnte
2056 1651 2070 1687 :
2101 1653 2118 1686 ‹
2149 1634 2430 1688 Ell‘undam
2458 1650 2650 1704 aquam
2675 1651 2836 1705 super
2859 1635 3151 1696 sitientem,
3183 1643 3236 1688 et
3259 1633 3458 1688 ﬂuenta

191 1733 430 1808 laedunt,
478 1733 572 1802 qui
613 1734 738 1788 dum
774 1734 981 1805 legunt,
1013 1735 1096 1790 vel
1141 1736 1388 1800 audiunt,
1427 1737 1594 1792 divini
1624 1739 1772 1794 verbi

191 1825 504 1894 mysterium
555 1814 784 1902 solerter
828 1829 1128 1898 inquirunt.
1167 1813 1280 1906 Qui
1331 1831 1585 1884 nimirum
1631 1831 1774 1886 intra

189 1913 432 1968 litterulis
457 1915 630 1984 paleae
658 1917 894 1981 thecam,
922 1918 1130 1973 dulcem
1157 1913 1528 1990 intelligentiie
1556 1921 1773 1990 spirita-

187 2003 252 2059 lis
274 2007 526 2060 ambiunt
553 1997 846 2084 enucleare
887 2012 1198 2066 medullam.
1229 2013 1327 2068 Hic
1370 2023 1540 2080 certe,
1583 2033 1602 2066 ‹
1644 2015 1778 2084 quid

187 2087 410 2162 esthoc,
437 2116 456 2149 ι
477 2099 1021 2168 veraeitervescitur,
1045 2103 1202 2174 quiin
1233 2105 1449 2159 assidua
1475 2105 1770 2178 Scriptura:

187 2201 352 2240 sacra:
395 2187 632 2243 solerter
679 2191 1028 2261 inquisitione
1089 2204 1360 2248 versatur.
1409 2195 1574 2266 Quasi
1625 2197 1770 2253 enim

187 2273 542 2343 quaestionem
582 2275 896 2349 quamdam,
943 2291 998 2338 et
1049 2307 1066 2335 ι
1106 2285 1234 2356 quid
1275 2295 1360 2340 est
1387 2275 1490 2342 hee
1543 2307 1562 2340 ι
1611 2289 1770 2344 avido

189 2365 362 2424 cordis
379 2365 482 2425 ﬁre
507 2373 868 2440 comedimus,
903 2390 1024 2429 cum
1056 2377 1122 2430 ad
1147 2378 1478 2446 penetranda
1513 2380 1768 2452 mySIeria

187 2459 590 2531 Seripturarum
621 2465 910 2535 vigilanter
946 2467 1270 2532 insistimus,
1299 2485 1424 2526 cum
1453 2457 1639 2538 epulas
1663 2486 1770 2524 ca:-

187 2547 328 2606 lcstis
357 2551 560 2638 eloquii
591 2551 866 2610 subtiliter
913 2557 1275 2616 ruminamus.
1319 2559 1385 2613 Et
1433 2575 1594 2638 quam
1629 2561 1768 2616 bene

183 2642 482 2700 Israelitico
526 2633 602 2699 illi
642 2648 844 2727 populo
877 2633 1504 2726 moriacliica'possessio
1532 2651 1766 2724 [prol'e's'e

185 2735 282 2808 sio]
311 2739 582 2808 congruit,
625 2727 750 2808 quia
793 2741 936 2796 unde
985 2741 1062 2796 illi
1097 2753 1225 2798 tunc
1270 2743 1552 2800 alebantur
1579 2747 1631 2800 in
1673 2749 1764 2800 dc-

183 2827 346 2908 serto,
379 2827 542 2881 mOdo
589 2843 687 2883 nos
720 2821 1092 2900 epulamur'iu
1122 2833 1394 2896 claustro?
1435 2835 1572 2902 Quid
1617 2837 1760 2891 enim

183 2913 477 2981 desertum,
507 2919 610 2972 nisi
641 2919 710 2974 ab
738 2921 976 2976 humana
1009 2933 1171 2977 sonat
1201 2924 1536 3002 habitatione
1557 2927 1762 2982 discre-

1876 1741 2038 1794 super
2083 1726 2288 1779 aridam
2339 1725 2473 1794 (Isa.
2527 1727 2694 1794 κων).
2731 1745 2747 1775 i
2782 1724 2886 1780 Sed
2932 1723 3074 1778 Naas
3125 1739 3245 1777 eum
3297 1721 3460 1782 Jahes

1875 1815 2054 1868 rendus
2079 1816 2235 1870 aliter
2281 1817 2602 1884 dedignatur
2633 1817 2796 1880 inire,
2829 1816 2928 1870 nisi
2961 1814 3173 1870 oculum
3203 1815 3454 1869 dextrum
3501 1821 3506 1826 ‘

1873 1907 2187 1976 paciscatur
2220 1921 2414 1960 eruere
2445 1926 2455 1959 :
2489 1908 2612 1976 quia
2648 1908 2893 1977 quisquis
2939 1905 3021 1960 vel
3062 1907 3284 1974 antiquo
3315 1905 3458 1960 hosti

1875 1996 1928 2049 in
1979 2011 2234 2064 perversa
2289 1997 2631 2064 suggestione
2685 1997 3079 2059 substernitur,
3129 1995 3211 2048 vel
3269 1995 3458 2070 mundi

1873 2083 2034 2153 hujus
2083 2087 2338 2155 inquietis
2379 2087 2684 2140 actionibus
2725 2087 3048 2154 implicatur,
3076 2087 3199 2140 dum
3231 2099 3290 2141 se
3333 2093 3454 2140 tan-

1872 2189 2032 2243 quam
2073 2175 2303 2245 superbo
2347 2176 2456 2244 regi
2493 2176 2720 2244 turpiter
2765 2175 3013 2241 l'cnderat,
3043 2189 3262 2229 necesse
3287 2181 3456 2228 estut

1871 2265 2118 2322 dextrum
2161 2266 2402 2330 oculum,
2437 2267 2540 2320 hoc
2569 2276 2679 2330 est,
2731 2266 2909 2320 lumen
2957 2253 3458 2334 contemplationis,

1870 2358 2116 2422 amittat;
2149 2367 2204 2413 ει
2249 2358 2328 2411 sic
2352 2357 2699 2428 opprobrium
2731 2357 2784 2411 in
2821 2356 2984 2412 Israel
3029 2357 3250 2427 ponitur
3279 2373 3291 2409 :
3329 2355 3454 2424 quia

1869 2447 1996 2500 dum
2041 2463 2070 2500 a
2116 2447 2589 2518 contemplationis
2633 2463 2759 2503 arce
2815 2448 2882 2502 ad
2935 2457 3180 2513 terrena,
3217 2446 3302 2500 vel
3353 2447 3456 2510 im-~

1867 2537 2062 2590 munda
2101 2533 2350 2607 quaelibet
2391 2538 2730 2606 exsequenda
2762 2538 3080 2603 devolvitur,
3113 2551 3457 2606 consequens

1865 2637 1970 2692 est,
2003 2639 2060 2683 ut
2109 2631 2160 2684 in
2192 2629 2430 2684 Ecclesia
2483 2625 2758 2700 probrosa:
2785 2629 3074 2684 derisionis
3104 2627 3452 2684 obtrectatio-

1866 2721 2026 2775 nibus
2056 2722 2386 2776 mordeatur.
2415 2721 2612 2776 Petunt
2647 2729 2826 2776 autem
2873 2721 2946 2774 illi
2987 2730 3190 2792 septem
3223 2721 3336 2774 dies
3365 2719 3449 2773 in-

1863 2811 2068 2874 ducias,
2097 2821 2152 2866 et
2193 2813 2320 2882 quia
2351 2813 2492 2868 Deus
2521 2813 2750 2882 septimo
2785 2812 2870 2866 die
2899 2811 3228 2882 requievisse
3256 2825 3284 2864 a
3321 2825 3452 2866 con-

1863 2901 1988 2957 ditis
2011 2895 2266 2971 operibus
2295 2903 2492 2974 legitur
2513 2901 2666 2973 (Gen.
2694 2902 2777 2974 ιι),
2807 2902 2934 2972 quid
2964 2915 3060 2971 per
3083 2900 3450 2970 septenarium

184 3007 326 3060 mm?
357 3007 498 3073 Quid
545 3009 710 3063 etiam
741 3005 1058 3079 Clausuum’
1114 3015 1216 3068 nisi
1259 2987 1340 3070 ab"
1370 2995 1516 3094 omni
1563 3017 1760 3086 nego,“
1787 2985 1832 3046 C
1863 3009 2173 3094 numerum,
2207 2994 2308 3050 nisi
2341 2994 2556 3064 requies
2586 2993 2941 3066 designatur?
2964 2993 3129 3048 Istum
3161 3005 3446 3094 numerum

180 3093 452 3152 Saecularis
493 3099 707 3155 actione
737 3093 1088 3158 conclusum?
1129 3091 1196 3158 Et
1233 3104 1375 3160 sicut
1417 3091 1516 3176 per
1549 3091 1759 3163 deserta

179 3179 550 3254 gradientibus
579 3189 668 3242 lux
703 3179 856 3260 ignea
889 3193 1030 3248 inter
1067 3179 1362 3258 nocturnas
1394 3199 1649 3262 tenebras
1679 3199 1762 3253 in-

179 3271 432 3350 l'hlgebat,
489 3275 568 3331 sic
613 3277 779 3332 etiam
829 3293 1229 3356 commorantes
1283 3267 1339 3338 in
1389 3269 1761 3354 spiritualibus

177 3362 430 3443 claustris
458 3361 708 3436 supernae
739 3363 876 3452 lucis
907 3357 1242 3444 (impendiis
1272 3375 1639 3452 illustrantur,
1665 3359 1759 3450 qui

173 3455 228 3518 et
261 3453 559 3511 carnalium
609 3451 922 3540 passionum
967 3465 1221 3544 tenebras
1265 3457 1508 3544 abigant,
1559 3451 1758 3544 eosque

109 3609 114 3614 _
173 3543 652 3620 cautemplationis
682 3551 884 3626 intima:
923 3555 1100 3610 nitore
1123 3539 1483 3628 perfundant.
1526 3539 1759 3629 Fugien-

175 3637 272 3716 dus
293 3651 379 3694 est
401 3655 534 3712 ergo
559 3633 816 3709 mundus,
844 3647 934 3728 qui
965 3635 1219 3704 tenebras
1244 3651 1497 3728 parturit,
1528 3633 1756 3722 petenda

172 3733 424 3798 remotio,
479 3733 570 3788 ubi
631 3733 888 3806 tanquam
939 3739 994 3794 in
1047 3731 1264 3796 deserto
1320 3729 1506 3818 verum
1575 3743 1755 3818 lumen

171 3817 427 3893 erumpit.
471 3819 706 3882 Prorsus
732 3843 762 3882 a
801 3821 990 3885 nostra.
1025 3815 1364 3902 repellendus
1385 3843 1468 3889 est
1493 3815 1751 3902 amicitia,

169 3914 256 3996 qui
279 3913 538 3968 nimirum
569 3916 697 3971 dum
721 3920 1072 3975 tenebrarum
1105 3923 1158 3976 in
1189 3923 1384 3991 quibus
1409 3939 1623 3996 semper
1647 3936 1750 3994 est,

171 3995 429 4074 caligines
445 4005 656 4076 inserit,
673 4011 1139 4096 consentientibus
1186 4015 1288 4068 sibi
1321 4025 1484 4086 atque
1507 3995 1755 4074 ehedien-

173 4097 310 4153 tibus
335 4100 520 4155 lumen
551 4105 868 4174 exstinguit,
889 4107 996 4160 imo
1011 4107 1268 4162 debemus
1292 4109 1350 4164 ei
1368 4125 1582 4180 semper
1601 4112 1753 4166 infin-

171 4191 410 4280 tlerabile
433 4183 657 4270 bellum,
697 4195 859 4279 [deest
899 4201 1156 4280 indicere,
1199 4202 1277 4255 vel
1309 4203 1456 4256 aliud
1494 4205 1751 4274 ejusmodi

169 4275 400 4356 tier-bunt]
414 4287 504 4353 qui
529 4301 750 4341 suorum
767 4275 955 4345 oculos
977 4275 1155 4345 obruit
1175 4293 1494 4364 amicorum.
1515 4295 1652 4357 Hinc
1666 4307 1751 4352 est

159 4371 308 4444 quod
329 4390 487 4456 sacra
519 4377 724 4462 Iiegum
753 4380 976 4456 historia
1005 4393 1260 4450 narrante
1281 4385 1592 4450 didicimus,
1621 4388 1746 4458 quia

161 4479 220 4516 cu
237 4480 286 4542 m
311 4464 456 4520 Naas
473 4469 816 4525 Ammoniles
829 4473 1144 4527 ascenderet
1159 4481 1214 4526 ut
1227 4473 1388 4528 Jabes
1407 4475 1610 4532 Galaad
1626 4471 1746 4532 cum

161 4557 276 4612 suis
295 4558 460 4630 186
480 4561 787 4630 agminibus
805 4573 1159 4634 expugnaret,
1183 4579 1368 4619 omnes
1385 4565 1482 4620 viri
1505 4565 1664 4622 Iabes
1682 4571 1746 4624 ad

163 4646 324 4726 Naas,
355 4665 462 4704 una
511 4666 645 4705 voce
674 4651 924 4706 dixerunt
953 4671 967 4709 :
1004 4675 1019 4702 ι
1055 4654 1262 4729 IIabeto
1295 4673 1399 4711 non
1432 4655 1744 4725 fmderatos,

163 4749 214 4792 rt
253 4741 560 4818 serviemus
591 4742 704 4796 tibi.
741 4763 760 4794 ›
793 4743 999 4810 Quibus
1031 4746 1118 4798 ille
1155 4748 1428 4822 respondit
1460 4765 1473 4800 :
1508 4768 1526 4799 ι
1566 4749 1620 4804 In
1647 4751 1747 4826 hoc

167 4829 352 4885 feriam
387 4831 664 4910 vobiscum
699 4825 893 4898 fiedus,
937 4845 994 4889 ut
1020 4852 1205 4892 eruam
1231 4840 1471 4910 oinnium
1504 4839 1743 4898 vestrum

167 4922 348 4978 oculos
378 4921 622 4988 dextros,
653 4939 959 4998 ponamque
983 4941 1078 5002 vos
1102 4911 1446 5000 cpprohriuin
1494 4932 1742 5002 universo

168 5009 365 5092 lsraeli.
398 5011 762 5087 Dixeruntque
789 5015 858 5069 ad
889 5001 1012 5092 eum
1053 5017 1290 5072 seniores
1332 5016 1494 5074 Iabes
1543 5001 1557 5074 ἐ
1605 5021 1742 5080 Con-

165 5102 287 5182 cede
311 5089 475 5155 nobis
505 5111 701 5171 septem
731 5106 848 5162 dies
885 5089 944 5158 ut
968 5107 1245 5168 mittamus
1268 5109 1488 5164 nuntios
1519 5111 1570 5165 in
1614 5119 1762 5172 uni~'

167 5207 340 5248 versos
374 5193 632 5274 terminos
656 5197 840 5265 Israel,
873 5185 996 5253 etsi
1027 5215 1130 5254 non
1161 5199 1342 5268 fuerit,
1369 5203 1459 5271 qui
1489 5191 1739 5266 defendat

165 5297 274 5344 nos,
305 5283 650 5344 egrediemur
688 5292 750 5344 ad
799 5299 854 5344 te
883 5287 940 5344 (1
973 5287 1096 5344 Rea.
1141 5293 1238 5344 xul.
1291 5315 1309 5344 ι
1345 5291 1580 5344 Audiens
1619 5297 1736 5344 Ικιρρ

1864 3083 1993 3140 Saul
2040 3085 2356 3141 inobediens
2401 3085 2693 3157 ignoravit,
2723 3101 2844 3140 cum
2875 3099 2972 3155 per
2997 3099 3123 3138 eum
3147 3098 3206 3138 se
3231 3080 3446 3136 Samuel

1858 3174 2280 3244 praestolantium
2330 3191 2452 3232 esse
2503 3177 2758 3246 prtecepit
2807 3193 2819 3229 :
2870 3195 2888 3228 ι
2941 3175 3190 3244 Septem,
3239 3171 3444 3241 inquit,

1860 3266 2050 3321 diebus
2073 3267 2434 3336 exspectabis,
2463 3268 2638 3322 donec
2657 3266 2868 3320 veniant
2891 3264 2958 3318 ad
2989 3273 3060 3330 te,
3089 3272 3144 3319 et
3163 3261 3442 3318 ostendam

1860 3355 1954 3410 tibi
1999 3371 2119 3424 qua:
2162 3354 2334 3411 facias
2372 3355 2422 3427 (ι
2459 3354 2583 3426 Reg.
2615 3355 2696 3426 ι).
2732 3374 2750 3407 ι
2785 3355 2892 3408 Sed
2933 3352 3059 3423 quia
3105 3351 3440 3423 spiritualem

1859 3449 2098 3514 re:;n'em
2162 3446 2247 3499 vir
2294 3445 2555 3515 reprobus
2602 3443 2827 3514 sprevit,
2877 3443 3256 3513 exagitandam
3313 3455 3440 3495 eum

1857 3537 2082 3608 spiritus
2111 3534 2282 3590 malus
2309 3535 2556 3604 arripuit.
2594 3535 2696 3589 Per
2737 3531 3098 3602 septenarium
3145 3547 3276 3602 ergo
3322 3531 3440 3586 die.

1857 3643 1974 3682 rum
2017 3639 2297 3680 numerum
2346 3626 2412 3680 ab
2457 3625 2638 3694 iniquo
2667 3639 2792 3694 rege
2835 3623 2997 3679 Iabes
3025 3623 3215 3677 civitas
3245 3621 3439 3675 libera-

1857 3727 1946 3772 tur
1978 3737 1990 3770 :
2023 3717 2149 3786 quia
2174 3713 2429 3786 quaelibet
2460 3715 2663 3778 anima,
2710 3729 2870 3784 quam
2916 3711 3176 3790 suadente
3225 3711 3439 3766 diabolo

1855 3808 2090 3864 mundus
2139 3806 2206 3862 ad
2250 3821 2309 3861 se
2356 3814 2586 3860 conatur
2627 3806 2942 3869 attrahere,
2989 3819 3052 3860 ac
3096 3805 3436 3871 negotiorum

1854 3901 2192 3955 siccularium
2225 3899 2462 3953 tenebris
2491 3913 2799 3962 excmcare,
2842 3899 3064 3952 illiesum
3105 3897 3438 3966 contempla-

1856 3991 2016 4044 tionis
2062 3988 2278 4043 oculum
2327 3997 2529 4057 servat,
2579 3990 2622 4043 si
2655 3989 2874 4043 omnino
2909 3988 3194 4053 resistens,
3225 3989 3278 4042 in
3325 4001 3435 4042 sua:

1853 4081 2052 4150 quietis
2101 4080 2378 4149 proposito
2420 4087 2732 4149 perseverat
2776 4097 2789 4132 :
2831 4093 3059 4148 eamque
3107 4079 3436 4148 Redemptor

1855 4180 2039 4226 noster
2067 4171 2132 4224 de
2161 4170 2478 4237 tentatione,
2503 4185 2662 4239 quam
2693 4170 2918 4238 patitur,
2947 4169 3126 4238 eripit,
3161 4183 3282 4222 cum
3309 4183 3429 4222 eam

1853 4263 1904 4316 in
1955 4261 2270 4315 remotionis
2299 4275 2411 4316 sua:
2457 4275 2686 4315 censura
2721 4261 3004 4329 quiescere
3051 4258 3431 4328 deprehendit.

1779 4339 1828 4397 D
1856 4352 2006 4414 Unde
2053 4351 2164 4406 illic
2211 4351 2472 4421 scriptum
2517 4359 2648 4405 est:
2688 4369 2706 4400 ς
2744 4350 2877 4404 Cum
2909 4349 3176 4411 venisset,
3227 4348 3431 4416 inquit,

1854 4442 1969 4497 dies
2003 4442 2298 4505 crastinus,
2330 4441 2612 4497 constituit
2641 4439 2768 4494 Saul
2797 4437 3049 4507 populum
3081 4439 3132 4492 in
3166 4447 3273 4491 tres
3299 4451 3432 4504 par-

1854 4543 1954 4593 tes.
1986 4541 2040 4586 et
2076 4532 2349 4602 ingressus
2377 4540 2463 4586 est
2503 4529 2680 4584 media
2710 4536 2886 4584 castra
2933 4528 2985 4582 in
3031 4527 3211 4597 vigilia
3251 4537 3433 4581 matu-

1851 4622 1983 4682 tina,
2015 4629 2071 4673 et
2117 4618 2384 4689 percussit
2429 4619 2658 4673 Ammon
2689 4632 2858 4687 usque
2907 4617 3032 4671 dum
3083 4615 3438 4671 incalesceret

1851 4713 1966 4768 dies
1995 4711 2044 4781 (1
2069 4711 2195 4784 Reg.
2225 4710 2324 4781 χι).
2366 4731 2386 4764 ι
2419 4710 2558 4779 Quid
2595 4711 2740 4766 enim
2765 4722 2860 4779 per
2887 4707 3040 4773 Saul,
3071 4708 3164 4776 qui
3195 4704 3440 4760 Christus

1849 4801 2062 4856 Domini
2092 4802 2394 4865 dicebatur,
2435 4800 2541 4855 nisi
2573 4801 2648 4863 is,
2687 4797 2844 4870 187
2876 4795 2970 4867 qui
3010 4811 3173 4851 verus
3211 4809 3316 4848 rex
3357 4800 3444 4846 est

1847 4891 2034 4956 Israel,
2065 4893 2160 4948 Dei
2223 4891 2610 4959 hominumque
2657 4891 2926 4946 mediator
2971 4887 3252 4944 innuitur?
3302 4883 3444 4950 Quid

1847 4993 1950 5048 est,
2000 4986 2144 5052 quod
2196 4984 2450 5053 populum
2497 4983 2550 5034 in
2596 4991 2709 5040 tres
2751 4979 3037 5037 constituit
3081 4992 3286 5052 partes,
3341 4972 3442 5026 nisi

1845 5077 1972 5146 quia
1999 5083 2110 5131 tres
2137 5082 2264 5132 sunt
2303 5072 2635 5143 principales
2680 5075 2872 5129 animae
2901 5073 3148 5137 virtutes,
3183 5071 3318 5126 ﬁdes
3342 5064 3446 5118 sci-

1845 5167 1990 5229 licet,
2026 5181 2151 5235 spes
2180 5171 2238 5218 et
2273 5163 2548 5218 Charitas?
2570 5163 2628 5218 In
2663 5161 2890 5220 tritariis
2919 5162 3104 5231 itaque
3125 5161 3444 5218 bellatorum

1844 5266 2090 5341 partibus
2137 5265 2386 5332 victoria,
2424 5268 2740 5322 certaminis
2766 5262 3066 5333 obtinetur,
3099 5265 3226 5336 quia
3276 5255 3448 5311 tribus
