3950 5344
459 245 565 301 583

952 247 1008 302 S.
1053 248 1253 305 PETRI
1287 247 1569 304 DAMIANI
1604 246 1757 305 OPP.
1811 245 1991 302 PARS
2026 245 2160 304 SEU
2199 246 2435 304 TOMUS
2471 249 2511 305 Ι.
2544 281 2613 292 -
2650 251 2867 309 EPIST.
2908 254 3037 310 LIB.
3082 257 3213 313 Vill.

3617 265 3716 326 384

459 367 616 426 runt,
661 358 769 425 ait,
802 359 1032 414 filiorum
1064 361 1225 416 Israel
1259 370 1495 417 trecenta
1527 360 1694 416 millia
1739 379 1752 416 :
1795 361 2033 415 virorum
2065 361 2110 420 Α
2140 367 2448 413 sanctarum
2473 359 2729 417 fortitudo
2752 363 3195 436 virtutum?quid
3215 369 3376 426 etiam
3405 385 3503 441 per
3525 381 3713 443 vestes,

461 463 640 509 autem
669 452 804 508 Juda
835 453 1053 524 triginta
1081 455 1244 509 millia
1273 453 1327 526 (ι
1361 453 1490 526 Reg.
1525 454 1626 526 xt).
1663 473 1681 506 ι
1709 453 2040 511 Millenarius

458 555 664 610 autem,
713 553 876 620 atque
907 545 1190 614 denarius,
1221 546 1346 616 quia
1394 544 1616 616 perfecti
1645 555 1771 601 sunt
1805 546 2038 613 numeri,

455 641 771 689 sanctorum
800 633 1220 703 perfectionem;
1252 635 1480 691 trecenti
1511 650 1639 690 vero
1676 634 1759 690 vel
1799 635 2039 706 triginta,

451 725 544 796 qui
570 738 600 778 a
622 724 795 779 tribus
816 725 1086 791 oriuntur,
1111 725 1346 782 divinam
1376 725 1680 796 signiﬁcant
1699 725 2041 781 Trinitatem.

451 817 591 884 Quid
641 816 823 886 itaque
866 832 964 887 per
1012 826 1254 873 trecenta
1295 818 1484 884 millia,
1513 817 1596 875 vel
1624 818 1843 889 triginta
1873 817 2044 873 millia

449 906 796 974 bellatorum,
826 907 928 962 nisi
955 909 1130 964 sancti
1155 909 1407 964 doctores
1446 908 1821 980 intelliguntur
1849 908 2038 963 Eccle-

449 999 569 1064 sitc,
605 999 697 1069 qui
724 1009 779 1055 et
800 999 903 1055 fide
929 1009 1056 1054 sunt
1081 1001 1387 1067 orthodoxi,
1414 1013 1469 1056 et
1491 1001 1767 1070 religionis
1789 999 2042 1070 operibus

449 1089 856 1145 consummati?
884 1089 1016 1145 Cum
1045 1091 1130 1145 his
1157 1106 1286 1161 ergo
1317 1091 1446 1146 Saul
1476 1090 1700 1146 hostiles
1725 1091 1870 1160 regis
1899 1087 2044 1145 Naas

459 1180 606 1235 acies
651 1189 892 1250 superat,
923 1181 1050 1250 quia
1101 1196 1223 1235 cum
1273 1182 1584 1237 doctoribus
1629 1179 1883 1236 Ecclesiae
1931 1195 2043 1235 sua:

454 1268 707 1325 Christus
728 1269 795 1324 de
819 1270 1092 1326 veternosi
1117 1271 1385 1341 serpentis
1408 1277 1618 1326 versuta
1643 1269 2043 1326 machinatione

455 1358 774 1429 triumphat.
808 1358 944 1414 Nam
975 1375 1098 1414 cum
1126 1374 1312 1416 eorum
1357 1368 1623 1430 przecepta
1643 1400 1660 1425 ,
1684 1359 1768 1415 vel
1793 1357 2040 1429 exempla

455 1451 726 1507 subtiliter
771 1451 1144 1519 attenduntur,
1192 1468 1312 1508 mox
1361 1454 1524 1508 corda
1575 1453 1863 1526 torpentia,
1921 1467 2040 1521 quae

452 1540 564 1608 jam
610 1542 804 1597 noxius
859 1551 1010 1612 tepor
1067 1544 1370 1609 invaserat,
1429 1544 1763 1599 recalescunt
1810 1561 1823 1598 :
1873 1552 1929 1598 et
1974 1543 2042 1598 ad

462 1630 866 1686 obtruncandas
910 1632 1341 1702 impugnantium
1392 1626 1646 1688 vitiorum
1693 1633 1837 1689 acies
1895 1632 2045 1688 velut

2142 447 2245 502 nisi
2295 450 2596 508 sanctitatis
2637 451 2950 524 intelligitur
2996 455 3410 516 indumentum?
3439 461 3719 519 Psalmista

2142 539 2458 609 perhibente
2479 581 2495 604 ,
2529 541 2621 611 qui
2653 542 2764 610 ait;
2796 564 2814 595 ι
2854 543 3175 603 Sacerdotes
3219 548 3292 603 tui
3326 550 3620 608 induantur
3640 554 3720 623 ju-

2143 627 2345 682 stitiam
2375 627 2545 698 (Ρεαι.
2571 630 2778 701 cxxxr).
2819 651 2838 684 ι
2883 631 3072 690 Hauon
3101 650 3230 707 ergo
3257 637 3436 694 fmdus
3469 642 3716 698 amicitia:

2144 717 2550 788 reposcentibus
2575 721 2803 776 mediam
2827 723 3009 780 barbae
3033 735 3246 796 partem
3275 729 3440 797 radit,
3470 732 3599 806 quia
3626 733 3716 788 ho-

2143 808 2241 865 stis
2275 810 2529 880 antiquus
2560 811 2846 882 aliquando
2880 814 3090 872 fortiter
3117 821 3392 888 sperantis
3434 823 3607 878 robur
3635 823 3722 879 im-

2143 899 2378 966 minuit;
2427 899 2520 956 sed
2568 912 2853 974 postquam
2898 904 3122 962 barbam
3167 909 3321 977 rasit,
3367 912 3534 967 etiam
3573 917 3728 971 vesti-

2145 1000 2326 1046 menta
2374 992 2666 1062 praescidit,
2727 995 2854 1065 quia
2899 1010 3023 1052 mox
3075 1006 3136 1056 ut
3185 999 3453 1073 malignus
3510 1005 3727 1075 spiritus

2143 1079 2456 1137 interiorem
2487 1081 2678 1138 adimit
2704 1081 3098 1156 fortitudinem,
3141 1101 3536 1160 consequenter
3572 1094 3730 1148 etiam

2141 1168 2468 1224 exteriorem
2505 1171 2806 1241 conspicuae
2831 1176 3258 1233 conversationis
3297 1179 3451 1234 exuit
3476 1182 3728 1237 honesta-

2150 1267 2276 1314 tem.
2308 1257 2447 1328 Quid
2473 1268 2558 1316 est
2592 1261 2736 1316 enim
2772 1272 2948 1320 vestes
2981 1263 3257 1324 hominum
3282 1268 3352 1324 ad
3378 1278 3541 1326 nates
3567 1286 3730 1342 usque

2145 1349 2522 1424 prtescindere,
2548 1351 2651 1410 nisi
2672 1367 2766 1410 eos
2790 1369 2822 1408 a
2846 1355 3171 1426 superducta
3189 1357 3496 1416 velamento
3510 1360 3726 1430 justitite

2147 1457 2318 1512 usque
2338 1443 2405 1496 ad
2426 1443 2668 1502 obscoeni
2699 1454 2754 1503 et
2782 1446 3125 1508 inverecundi
3139 1450 3321 1522 operis
3345 1453 3728 1523 turpitudinem

2147 1532 2460 1590 deuudare?
2491 1533 2686 1589 Audiat
2716 1537 2817 1591 hoc
2843 1537 3110 1604 Andreas,
3132 1540 3225 1609 qui
3252 1555 3424 1610 nuper
3446 1542 3516 1598 de
3545 1552 3728 1596 contu-
3809 1541 3812 1544 ’

2148 1621 2339 1678 bernio
2365 1635 2557 1681 vestrte
2579 1626 2881 1684 sanctitatis
2905 1630 3184 1700 egrediens
3202 1671 3218 1696 ,
3250 1647 3371 1686 cum
3401 1632 3730 1690 Ammanita-

459 1721 602 1776 elato
645 1737 902 1777 mucrone
947 1723 1168 1792 spiritus
1216 1725 1598 1779 inﬂammatur.
1643 1723 1794 1779 Unde
1840 1731 1896 1778 et
1939 1723 2040 1793 ipsi
2077 1710 2118 1769 Β
2148 1729 2268 1768 rum
2329 1730 2453 1786 rege
2500 1715 2676 1773 ftedus
2729 1720 2979 1776 amicitiae
3025 1721 3294 1788 contulit;
3343 1733 3402 1778 ει
3447 1739 3593 1778 nunc
3645 1740 3731 1794 per

460 1811 748 1867 bellatores
795 1812 981 1876 Israel,
1012 1823 1067 1868 ct
1109 1813 1244 1868 Juda
1279 1815 1504 1878 nuntiis.
1535 1814 1625 1884 qui
1660 1813 1729 1872 ad
1773 1829 1832 1869 se
1880 1828 2044 1870 vene—

464 1911 605 1967 rant,
639 1888 824 1958 dicunt
859 1922 872 1958 :
910 1924 928 1956 t
966 1903 1058 1959 Sic
1102 1905 1295 1960 dicetis
1329 1905 1479 1969 viris,
1510 1905 1603 1975 qui
1635 1913 1762 1958 sunt
1797 1904 1850 1958 in
1881 1901 2046 1959 labes

459 1995 665 2050 Galaad
699 2014 712 2049 :
745 1996 878 2051 Cras
925 1998 1030 2053 erit
1073 1999 1224 2052 vobis
1269 1997 1414 2053 salus
1463 2012 1584 2051 cum
1634 1996 1920 2053 incaluerit
1963 1998 2048 2052 sol

461 2083 706 2153 (lbid.).i
727 2084 861 2138 Nam
889 2101 1010 2140 cum
1028 2101 1184 2142 mens
1212 2102 1308 2156 per
1335 2087 1596 2141 desidiam
1611 2086 1866 2155 primitus
1897 2086 2046 2144 tabc-

462 2173 621 2235 l'acta,
649 2183 702 2228 et
727 2174 839 2244 jam
870 2175 922 2228 in
954 2189 1011 2228 se
1043 2191 1256 2229 reversa
1285 2176 1352 2230 ad
1385 2175 1695 2233 Conditoris
1725 2176 1810 2232 sui
1839 2177 2052 2232 deside.

465 2263 601 2316 rium
623 2264 924 2321 .recalescit
953 2283 968 2319 ;
998 2281 1121 2320 cum
1151 2275 1424 2336 torporem
1456 2268 1796 2340 negligentia:
1821 2268 2048 2335 deserit,

464 2363 518 2408 et
571 2353 744 2426 frigus
811 2357 1242 2412 insensibilitatis
1302 2359 1545 2428 pristinae
1601 2358 1818 2416 ﬂamma
1875 2361 2048 2416 sancti

466 2448 669 2506 artioris
695 2449 962 2516 accendit,
996 2458 1124 2507 tunc
1150 2453 1292 2508 velut
1317 2451 1678 2512 incalescente
1705 2453 1817 2511 sole
1836 2495 1850 2518 ,
1879 2454 2062 2513 victo.-.

469 2541 549 2594 ria
570 2539 643 2595 de
664 2541 912 2605 hostibus
932 2543 1183 2608 sumitur,
1208 2555 1262 2599 et
1287 2545 1506 2602 obsessa
1527 2546 1721 2602 civitas
1742 2546 1809 2602 de
1830 2547 2062 2616 superbi.

471 2630 613 2700 regis
641 2633 893 2691 manibus
919 2633 1194 2693 liberatur.
1229 2635 1365 2692 lvlinc
1393 2646 1476 2692 est
1501 2639 1646 2708 quod
1676 2637 1742 2694 de
1769 2637 2048 2693 Abraham

466 2724 728 2795 scriptum
767 2736 890 2782 est:
927 2745 945 2779 t
979 2727 1114 2794 Quia
1145 2732 1394 2800 apparuit
1428 2730 1476 2786 ei
1524 2731 1784 2798 Dominus
1815 2731 1869 2784 in
1918 2745 2050 2786 con-

466 2813 604 2869 valle
641 2815 880 2872 Mamhre
925 2819 980 2873 in
1032 2819 1150 2888 ipso
1195 2819 1408 2876 fervore
1455 2821 1558 2877 diei
1605 2819 1761 2891 (Gen.
1806 2819 1983 2890 xvm).
2024 2840 2045 2871 ι.

467 2903 606 2960 Hinc
654 2915 738 2961 est
759 2948 774 2972 ,
824 2908 966 2976 quod
1002 2909 1068 2963 de
1097 2908 1237 2968 Loth
1280 2927 1296 2964 ε
1325 2929 1344 2962 t
1399 2909 1522 2976 Sol,
1552 2911 1754 2981 inquit,
1787 2919 1942 2966 ortus
1966 2919 2052 2966 est

470 3013 634 3066 super
682 3008 902 3066 terram,
950 3010 1006 3055 et
1050 3003 1189 3059 Loth
1241 3004 1516 3075 ingressus
1553 3014 1638 3062 est
1679 3005 1850 3077 Segor
1892 3006 2046 3074 (Gen.

2148 1804 2392 1862 Romana
2414 1807 2610 1862 muenia
2636 1817 2893 1880 tanquam
2913 1827 3068 1867 rasus
3095 1813 3281 1880 barba,
3308 1825 3365 1869 et
3386 1816 3729 1870 detruncatus

2147 1896 2358 1963 habitu,
2393 1912 2496 1951 non
2529 1898 2644 1953 sine
2677 1899 2844 1956 David
2871 1902 3073 1973 pudore
3096 1905 3370 1960 discurrit.
3419 1907 3662 1961 Audiant
3683 1916 3732 1960 et

2149 1987 2210 2052 ii,
2239 1989 2329 2058 qui
2364 1990 2580 2060 prodire
2609 1990 2856 2049 fortassis
2883 1995 3058 2051 adhuc
3088 1995 3140 2050 iu
3169 1998 3440 2066 publicum
3479 2002 3728 2070 concupi-

2147 2089 2344 2146 scunt,
2401 2095 2468 2136 ne
2525 2081 2652 2137 dum
2707 2083 2888 2143 inania
2942 2102 3166 2144 cernere
3227 2089 3410 2145 liberis
3456 2092 3732 2146 obtutibus

2147 2169 2380 2238 inhiant,
2409 2172 2657 2229 dextrum
2687 2175 2899 2232 oculum
2918 2218 2934 2243 ,
2985 2180 3085 2235 hoc
3111 2190 3194 2236 est
3241 2182 3344 2236 vim
3377 2183 3586 2237 intima:
3617 2199 3733 2238 con-

2149 2261 2512 2330 templationis
2554 2265 2919 2337 exstinguant.
2966 2267 3076 2324 Nec
3125 2272 3334 2342 pruriat
3379 2287 3570 2326 eorum
3617 2274 3733 2340 gula

2148 2367 2271 2408 cum
2305 2353 2392 2408 illo
2419 2355 2620 2410 carnali
2649 2357 2812 2414 Israel
2838 2359 3025 2430 (Num.
3072 2363 3172 2431 xi),
3212 2377 3422 2432 porros,
3475 2379 3659 2433 cepas,
3685 2376 3736 2418 et

2149 2444 2290 2508 allia,
2309 2461 2534 2515 quarum
2553 2449 2796 2503 videlicet
2813 2450 3096 2506 herbarum
3125 2453 3414 2509 vehemens
3436 2455 3734 2510 acrimonia

2150 2534 2334 2588 oculos
2357 2537 2554 2600 turbat,
2580 2547 2634 2591 et
2655 2538 2720 2592 ad
2746 2533 3010 2608 lacrymas
3027 2551 3281 2609 provocat
3299 2559 3311 2592 :
3329 2543 3455 2611 quia
3482 2542 3732 2596 nimirum

2151 2623 2428 2679 smcularis
2453 2625 2617 2694 actio,
2649 2626 2775 2682 dum
2824 2627 3007 2684 multis
3056 2645 3427 2700 pressurarum
3478 2633 3736 2703 angustiis

2153 2715 2407 2785 cingitur,
2431 2717 2556 2772 dum
2579 2717 2823 2772 laborum
2849 2719 3211 2788 ingruentium
3236 2725 3437 2777 crebra
3456 2727 3737 2792 perturba-

2153 2809 2301 2864 tione
2325 2818 2572 2875 vexatur,
2601 2809 2795 2880 quibus
2840 2813 3070 2879 gaudere
3099 2813 3368 2880 promisit.
3422 2830 3567 2885 Stepe
3618 2814 3737 2870 ﬂere

2152 2901 2445 2971 compellit.
2479 2899 2644 2956 Plane
2693 2902 2738 2956 si
2787 2901 2987 2956 laboris
3016 2904 3245 2959 delectat
3273 2905 3616 2972 exercitium,
3650 2907 3737 2961 ha-

2155 2991 2448 3046 hetsancta
2480 2993 2631 3062 quies
2669 2993 2907 3050 laborem
2943 3012 3120 3049 suum.
3170 2995 3324 3052 Unde
3373 2999 3635 3054 Dominus
3677 3001 3738 3054 ad

471 3087 610 3156 nx).
644 3107 664 3141 ι
703 3088 870 3146 Recte
917 3091 1078 3162 igitur
1104 3095 1216 3150 sive
1242 3095 1451 3162 mundi,
1495 3097 1608 3152 sive
1638 3097 1896 3167 principis
1931 3099 2046 3167 ejus
2073 3081 2118 3141 C
2151 3079 2404 3150 Moysen:
2436 3100 2454 3131 ι
2493 3080 2667 3148 Vade,
2698 3083 2900 3152 inquit,
2933 3094 2986 3138 et
3016 3086 3102 3139 dic
3147 3085 3262 3141 eis:
3292 3086 3650 3142 Revertimiui
3688 3089 3736 3142 in

471 3179 742 3236 amicitias
771 3182 1145 3254 dedignamur,
1171 3194 1226 3242 et
1269 3201 1388 3240 cum
1439 3187 1519 3244 eis
1565 3187 1728 3243 simul
1773 3189 2050 3244 societatis

470 3269 646 3326 fmdus
673 3272 877 3329 habere
919 3276 1316 3330 contemnimus
1348 3293 1362 3330 :
1405 3291 1471 3332 ne
1499 3277 1627 3331 dum
1665 3277 1901 3332 tenebris
1923 3276 2052 3346 jun~

469 3362 668 3429 gimur,
702 3362 819 3418 luce
851 3357 1144 3432 privcmur.
1179 3365 1246 3421 Et
1289 3368 1582 3422 notandum
1606 3408 1620 3432 ,
1649 3369 1791 3440 quod
1837 3369 2052 3438 iniquus

475 3467 567 3506 rex
611 3468 719 3507 non
763 3454 898 3508 duos
933 3455 1167 3510 inimicis
1191 3472 1408 3522 eruere,
1439 3459 1532 3512 sed
1580 3455 1744 3511 unum
1793 3459 2068 3520 duntaxat;

473 3541 686 3596 oculum
716 3541 943 3612 ﬂagitat,
976 3555 1035 3598 ut
1064 3560 1156 3600 eos
1184 3545 1240 3604 in
1274 3545 1440 3603 Israel
1468 3546 1815 3617 opprobrium
1845 3558 2010 3617 ponat
2035 3566 2048 3604 :

476 3631 601 3699 quia
630 3646 774 3701 saepe
799 3632 1066 3704 malignus
1105 3635 1277 3690 hostis
1304 3636 1668 3693 consentienti
1691 3635 1795 3692 sibi
1830 3637 2054 3697 cuilibet

475 3723 705 3790 reprobo
735 3724 940 3783 homini
967 3726 1232 3795 patiorem
1261 3735 1469 3796 partem
1496 3725 1833 3790 sanctitatis,
1867 3741 1929 3781 ac
1966 3726 2052 3781 lu-

473 3813 576 3866 cidi
603 3814 783 3883 operis
812 3814 1024 3881 adimit,
1057 3817 1319 3872 minorem
1346 3831 1473 3871 vero
1498 3815 1792 3874 artificiosa
1821 3817 2054 3886 quadam

473 3918 584 3957 sum
607 3903 918 3962 calliditatis
947 3907 1212 3963 industria
1238 3909 1595 3980 derelinquit;
1629 3919 1686 3964 ut
1723 3910 1774 3964 in
1804 3925 1869 3965 eo
1911 3911 2055 3981 quod

476 3992 702 4060 tollitur,
741 3998 814 4052 sit
854 3999 1069 4054 occasio
1119 4000 1482 4058 damnationis
1527 4011 1586 4058 ut
1626 4013 1812 4072 pereat
1853 4023 1866 4058 :
1902 4005 1952 4058 iu
1989 4020 2056 4060 eo

478 4099 626 4150 vero,
662 4088 804 4155 quod
845 4102 1118 4157 remanet,
1161 4092 1228 4147 de
1261 4108 1354 4162 spe
1391 4094 1600 4150 fiducia:
1646 4105 2006 4162 praesumatur
2037 4114 2052 4150 :~

479 4184 536 4226 ut
573 4188 828 4244 peccator
873 4181 939 4235 ad
987 4183 1358 4250 paenitentiam
1408 4199 1514 4238 non
1561 4194 1825 4249 recurrat,
1855 4185 1947 4243 sed
1991 4202 2056 4240 ex

480 4268 610 4337 ipsis
643 4271 948 4325 sanctitatis
993 4273 1206 4327 amissae
1255 4275 1527 4343 reliquiis,
1577 4275 1772 4344 quibus
1803 4283 2056 4345 tanquam

479 4360 673 4417 baculo
727 4368 1094 4432 transgressor
1146 4364 1424 4429 innititur,
1483 4366 1550 4420 ab
1610 4365 1734 4431 his,
1786 4367 1879 4435 qui
1933 4382 2055 4422 eum

2155 3173 2382 3227 tentoria
2413 3183 2630 3239 vestra;
2670 3183 2724 3228 tu
2751 3190 2879 3230 vero
2925 3175 3011 3230 hic
3043 3186 3124 3230 sta
3171 3191 3408 3242 mecum,
3453 3187 3512 3232 et
3553 3177 3740 3248 loquar

2153 3261 2251 3315 tibi
2274 3262 2455 3317 omnia
2479 3263 2747 3328 mandata,
2774 3266 3125 3320 cmrcmonias
3157 3265 3539 3335 atquejudicia
3560 3267 3733 3339 (Deut.

2153 3353 2230 3422 v).
2280 3372 2300 3406 ι
2335 3352 2556 3409 Ctetcris
2581 3356 2776 3425 quippe
2805 3356 2857 3410 itt
2888 3358 3067 3412 carnis
3095 3373 3206 3414 sua:
3249 3359 3482 3414 tentorio
3507 3359 3738 3415 delecta-

2152 3442 2334 3498 biliter
2380 3444 2780 3514 quiescentibus
2826 3462 3014 3502 servus
3061 3448 3158 3502 Dei
3219 3463 3324 3503 non
3375 3450 3617 3504 residere
3658 3448 3742 3518 ju-

2153 3533 2334 3600 betur,
2388 3535 2481 3589 sed
2530 3543 2818 3591 starecum
2848 3537 3095 3602 Domino,
3143 3547 3204 3593 ut
3251 3553 3357 3608 quo
3409 3541 3673 3596 remotius
3714 3555 3744 3594 a

2155 3625 2339 3678 mundi
2371 3624 2645 3681 laboribus
2670 3638 2864 3695 cessat,
2901 3645 2965 3686 co
2995 3629 3296 3700 vigilantius
3327 3632 3378 3685 in
3405 3631 3608 3688 divinis
3647 3631 3743 3687 ob-

2155 3717 2357 3786 sequiis
2389 3718 2501 3786 ipse
2539 3734 2598 3773 se
2625 3728 2824 3774 sancta:
2847 3720 3044 3790 quietis
3082 3719 3264 3775 fervor
3290 3731 3570 3778 exerceat.

2231 3807 2337 3862 Sed
2357 3809 2469 3878 jam
2499 3807 2564 3862 ad
2603 3824 2688 3865 me
2722 3810 2900 3876 redeo,
2937 3825 3021 3865 me
3051 3810 3292 3881 vestigiis
3319 3819 3516 3866 vestrae
3541 3813 3743 3868 sancti-

2158 3899 2284 3954 tatis
2311 3898 2557 3963 advolvo,
2588 3907 2646 3953 ut
2674 3900 2815 3954 sicut
2841 3900 2894 3954 in
2937 3916 3000 3957 os
3027 3901 3158 3955 mihi
3192 3900 3521 3956 unanimiter
3548 3903 3745 3973 promi-

2157 3991 2325 4056 sistis,
2356 3991 2408 4044 in
2439 3991 2680 4069 hiantem
2723 4000 3066 4062 peccatorum
3098 3993 3407 4064 voraginem
3439 4006 3626 4048 merso
3667 4008 3746 4048 se-

2159 4082 2295 4136 dula:
2327 4083 2592 4137 orationis
2623 4083 2903 4137 brachium
2943 4083 3249 4153 porrigetis.
3284 4082 3422 4163 Nam.
3467 4083 3572 4138 etsi
3601 4083 3748 4138 vobis

2159 4175 2475 4230 euhabitare
2505 4191 2609 4229 non
2640 4175 2810 4245 potui,
2831 4175 3149 4231 habitationi
3173 4185 3348 4231 tamen
3379 4185 3576 4232 vestrae
3596 4179 3745 4247 quie-

2162 4264 2399 4316 tudinem
2422 4264 2728 4332 procuravi.
2755 4264 3017 4319 Berzellai
3037 4280 3168 4321 sane
3187 4265 3498 4321 Galaadites
3519 4265 3746 4322 descen~

2161 4355 2294 4407 deus
2339 4353 2404 4406 de
2449 4352 2725 4423 Rogelim.
2772 4354 2997 4424 praebuit
3047 4355 3303 4410 alimenta
3362 4355 3574 4420 David,
3626 4356 3749 4409 dum

477 4431 1076 4518 recidisse-noverunt,
1127 4453 1347 4508 infantia
1391 4443 1686 4520 laceretur;
1739 4431 1925 4524 sicque
1984 4457 2056 4525 pii
2089 4431 2134 4489 θ
2162 4442 2374 4513 fugeret
2415 4458 2447 4497 ³
2499 4441 2635 4498 facie
2656 4443 3002 4516 ΑδεειοηυῙ
3033 4443 3162 4514 Ret!-
3193 4444 3349 4516 ινιι)·
3395 4444 3572 4512 Quem
3595 4461 3749 4510 cum:

475 4541 657 4610 operis
684 4541 1068 4597 detrimentum
1094 4543 1269 4612 digna:
1291 4543 1362 4598 sit
1390 4543 1657 4600 irrisionis
1685 4544 2054 4615 opprobrium.

479 4632 616 4688 lluic
661 4635 824 4690 etiam
877 4635 1006 4690 illud
1053 4651 1160 4691 non
1210 4635 1468 4699 dissimile
1514 4645 1639 4702 est,
1685 4637 1832 4706 quod
1890 4635 2056 4691 David

479 4724 684 4778 nuntiis
728 4725 978 4796 contigit,
1021 4741 1145 4781 cum
1191 4727 1365 4782 eidem
1425 4725 1567 4782 Naas
1616 4735 1864 4790 mortuo,
1917 4726 2058 4782 filius

481 4814 597 4881 ejus
639 4814 708 4870 ad
737 4817 1029 4872 obtinenda
1081 4817 1228 4886 regni
1279 4825 1490 4887 sceptra
1539 4816 1800 4871 successit
1847 4832 1859 4868 :
1899 4834 1918 4867 ι
1956 4815 2058 4870 Fa-

482 4903 659 4968 ciam,
719 4905 925 4973 inquit,
1000 4907 1425 4962 miserieordiam
1491 4921 1613 4960 cum
1687 4903 1876 4958 Hauon
1949 4903 2060 4960 ﬁlio

483 4992 656 5058 Naas,
701 4995 838 5049 sicut
869 4996 998 5052 fecit
1045 5010 1197 5066 pater
1225 4998 1340 5068 ejus
1370 5013 1581 5053 mecum
1631 4996 2058 5052 misericordiam

485 5085 582 5156 (II
635 5084 764 5154 Reg.
814 5086 902 5153 x).
943 5107 962 5139 ι
997 5087 1142 5144 Misit
1185 5104 1315 5158 ergo
1366 5088 1534 5144 David
1592 5087 1880 5144 consolans
1938 5101 2060 5141 eum

484 5191 582 5248 per
627 5190 814 5230 servos
858 5190 1018 5244 super
1072 5179 1243 5246 patris
1291 5179 1548 5243 interitu,
1580 5188 1747 5248 utque
1777 5177 2062 5232 historiam

490 5264 654 5312 1m
677 5265 1054 5312 cmnnendiosa
1086 5266 1344 5312 relnlicns:
1374 5271 1694 5312 cuminum,
1730 5268 1852 5312 tulit
1878 5265 2065 5312 Hannn

2164 4542 2382 4604 peracta
2417 4533 2678 4599 victoria,
2729 4548 2823 4587 rex
2870 4534 3122 4589 invitaret
3152 4542 3212 4588 ut
3258 4533 3326 4588 ad
3364 4533 3751 4604 quiescendum

2163 4641 2284 4680 cum
2308 4639 2376 4680 eo
2407 4625 2459 4679 in
2488 4623 2788 4680 Jerusalem
2830 4623 2917 4679 ille
2949 4624 3228 4690 transiret,
3260 4624 3618 4692 acquiescere
3660 4639 3755 4679 no—

2164 4716 2282 4780 lttit,
2298 4717 2390 4772 sed
2409 4717 2575 4770 filium
2599 4731 2756 4771 suum
2774 4716 2956 4771 illisua
2980 4718 3095 4772 vice
3119 4699 3423 4772 commisit:
3450 4735 3469 4767 ‹
3493 4716 3750 4782 Obsecro,

2165 4807 2360 4876 inquit,
2385 4815 2442 4860 ut
2465 4815 2765 4860 revertatur
2783 4821 2972 4862 servus
2994 4815 3135 4870 tuus,
3160 4817 3213 4862 et
3235 4807 3436 4861 moriar
3461 4807 3516 4860 in
3533 4808 3750 4862 civitate

2163 4914 2283 4952 mea
2315 4939 2330 4964 ,
2373 4907 2429 4952 et
2470 4899 2700 4968 scpeliar
2738 4901 2888 4970 juxta
2938 4901 3240 4970 sepulcrum
3291 4900 3460 4969 patris
3510 4902 3660 4965 mei,
3702 4909 3755 4954 et

2163 4993 2350 5047 matris
2398 4982 2550 5047 meae.
2596 4993 2692 5046 Est
2731 5002 2910 5047 autem
2940 5008 3128 5048 servus
3161 5001 3285 5048 tuus
3312 4984 3571 5048 Chanaan
3600 5011 3613 5046 :
3643 4992 3750 5062 ipse

2163 5087 2323 5140 vadat
2369 5093 2566 5150 tecum,
2617 5086 2840 5140 Domine
2886 5086 2959 5139 mi
3003 5085 3147 5150 Rex,
3188 5093 3242 5142 et
3293 5084 3381 5139 fac
3407 5084 3455 5138 ei
3487 5083 3633 5152 quod
3658 5082 3749 5137 tibi

2163 5178 2364 5232 bonum
2412 5177 2624 5232 videtur
2651 5175 2736 5247 (ΙΙ
2763 5175 2888 5246 Reg.
2917 5175 3054 5245 xix).
3083 5194 3105 5234 ,ι
3168 5173 3282 5245 Ego
3303 5174 3467 5229 etiam
3495 5172 3749 5228 Benellai

2169 5284 2274 5310 nnn
2293 5283 2408 5310 cum
2425 5268 2600 5310 imnar
2624 5265 2898 5310 pramnln,‘
2929 5266 2980 5310 in
3001 5265 3180 5310 hnelili
3207 5263 3359 5308 vobis
3377 5263 3748 5308 nemcntinne
