3950 5344
131 290 237 343 585

1346 276 1543 332 LIBER
1589 272 1893 340 SEXTUS,
1932 272 2145 330 EPIST.
2182 273 2293 330 VII.

3284 278 3387 336 386

132 400 314 455 videns
352 396 598 453 ordinem
638 401 875 448 vestrum
914 389 1050 461 (Col.
1077 391 1160 461 ιι).
1200 407 1219 441 ι
1267 388 1419 445 Sicut
1453 404 1581 455 ergo
1618 387 1704 441 ille
1732 390 1781 448 Α
1808 385 2168 455 apostolorum
2214 402 2433 442 suorum
2482 386 2623 442 Petti
2677 398 2732 443 et
2780 388 2961 455 Pauli,
3019 391 3085 446 ab
3135 393 3386 447 omnibus

132 493 243 563 regi
289 489 509 544 tradidit
554 486 746 549 tilium,
791 485 865 539 ita
911 492 968 539 et
1008 497 1108 553 ego
1158 482 1429 552 propriam
1473 482 1710 535 animam

132 580 322 636 vestris
348 577 598 632 manibus
639 574 819 639 trado,
856 582 1017 643 atque
1046 580 1105 625 ut
1134 572 1202 626 ad
1247 586 1488 625 mensam
1519 578 1711 623 vestrae

130 670 384 723 orationis
417 667 615 729 alatur,
652 665 898 735 imploro.
948 663 1235 717 Enimvero
1276 676 1398 716 cum
1428 662 1565 715 bona
1613 673 1712 728 pro

136 760 286 812 «Italis
317 758 503 826 jubeat
543 756 631 809 lex
658 755 836 810 divina
869 754 1100 817 restitui,
1128 760 1331 823 quanto
1372 751 1543 821 magis
1569 751 1712 805 bona

134 850 286 903 bonis
323 848 581 917 praecepit
622 845 913 901 redhiberi.
944 843 1082 911 Quid
1107 844 1254 899 enim
1285 842 1500 907 mirum,
1530 841 1574 895 si
1608 842 1710 896 hoc

136 942 360 994 humana
402 938 546 991 ratio
583 952 650 991 ex
698 937 899 992 indicta
941 936 1046 990 sibi
1089 934 1205 1005 lege
1253 932 1550 1003 persolvat,
1586 945 1709 985 cum

136 1029 356 1097 idipsum
387 1027 678 1096 aliquando
721 1026 884 1081 etiam
922 1026 1080 1081 bruta
1127 1024 1378 1079 animalia
1426 1023 1583 1077 nullis
1612 1022 1712 1076 ob-

138 1120 292 1173 noxia
332 1118 539 1188 legibus
573 1117 872 1187 impleant?
917 1116 1053 1171 Nam
1106 1116 1247 1170 sicut
1292 1114 1529 1169 fraterna
1577 1111 1709 1166 mihi

136 1217 342 1263 constat
366 1208 628 1263 relatione
655 1208 947 1278 vulgatum,
974 1206 1161 1260 Veneti
1190 1206 1408 1275 quidam
1437 1204 1709 1258 institores

140 1298 340 1351 marina
362 1296 678 1351 discrimina
702 1296 910 1365 remigii
937 1295 1121 1350 labore
1143 1296 1455 1350 sulcabant:
1480 1311 1709 1364 cumque

140 1385 535 1455 applicuissent,
577 1385 983 1440 formidolosum
1031 1385 1458 1455 stupendumque
1488 1385 1706 1455 conspi-

140 1479 287 1531 ciunt
323 1492 423 1531 non
454 1477 643 1546 procul
686 1478 753 1533 ab
796 1478 913 1547 ipsa
957 1477 1185 1531 littorea:
1224 1478 1518 1547 crepidinis
1544 1474 1707 1531 arena

140 1577 469 1636 portentum;
516 1568 729 1624 leonem
777 1567 984 1623 scilicet
1027 1567 1269 1631 trabalis,
1311 1577 1371 1622 ut
1406 1568 1707 1633 videbatur,

142 1659 381 1715 draconis
410 1660 575 1728 spiris
603 1659 927 1714 abeuntibus
951 1658 1269 1715 involutum.
1297 1658 1540 1729 Cumque
1567 1660 1711 1713 illine

1814 476 1974 546 190
2012 491 2108 532 vos
2140 478 2375 547 peccatis
2414 479 2679 540 absolvat,
2723 488 2777 532 et
2822 479 3117 534 electorum
3165 496 3383 536 suorum

1810 580 1990 622 secum
2017 567 2135 622 sine
2170 567 2273 622 line
2299 570 2635 638 regnantium
2668 570 2915 624 concives
2948 570 3161 625 efﬁciat.
3189 574 3385 628 Amen.

1810 655 2120 712 Benedictio
2146 658 2243 714 Dei
2266 658 2443 715 Patris
2463 660 2864 729 omnipotentis,
2891 670 2946 715 et
2967 660 3108 729 Filii,
3137 672 3191 716 et
3216 663 3386 733 Spiri-

1811 754 1898 802 tus
1923 748 2093 802 sancti
2124 748 2435 813 descendat,
2466 758 2524 804 et
2550 758 2764 804 maneat
2789 765 2951 821 super
2978 767 3091 807 vos.
3122 752 3314 808 Amen.

2368 856 2699 913 EPISTOLA
2740 858 2826 913 Vl.

2038 961 2108 1000 AD
2144 960 2420 1002 IONACHOS
2453 964 2773 1003 ιιοιηετειιιι
2814 966 3148 1009 ΡΟΜΡΟΒῙΛΝἹ.

1808 1034 2281 1107 Διιῦιιιιῑιπτωιρ-
2295 1036 2634 1107 Pomposiani
2656 1043 2966 1095 monasterii
2988 1042 3266 1096 monachis
3295 1058 3387 1095 nc-

1880 1106 1994 1178 scio
2042 1106 2183 1178 quod
2214 1122 2409 1178 munus
2432 1106 2631 1169 ’mittit,
2658 1125 2919 1178 suamque
2949 1128 3075 1177 erga
3100 1128 3193 1167 eos
3227 1114 3387 1166 bene-

1886 1174 2174 1246 volentiam
2215 1176 2493 1231 declarat:
2530 1179 2750 1246 eosdem
2801 1174 2962 1234 etiam
3008 1174 3279 1246 obsecrat,
3330 1182 3390 1236 ut

1881 1244 1961 1319 sui
1990 1246 2303 1319 memoriam
2327 1255 2449 1314 post
2479 1258 2704 1319 mortem
2731 1245 2950 1313 faciant,
2981 1266 3167 1318 preces
3198 1244 3293 1319 pro
3320 1267 3386 1306 eo

1881 1312 2193 1381 fundentes,
2223 1312 2362 1370 sicut
2402 1331 2501 1385 pro
2534 1318 2647 1371 suis
2674 1312 2953 1373 monachis
2979 1312 3387 1375 consueverant.

1881 1401 2321 1475 Religiosissimis
2347 1415 2399 1461 et
2422 1408 2622 1461 sanctis
2647 1409 2779 1461 viris
2811 1410 3083 1475 omnibus,
3112 1411 3202 1480 qui
3234 1410 3393 1465 Pom-

1810 1492 1976 1562 posite
2000 1492 2109 1547 Deo
2131 1494 2463 1559 deserviunt,
2495 1494 2707 1549 Ρετιωε
2735 1497 3095 1551 devotissima:
3121 1498 3393 1553 servitutis

1810 1581 2153 1650 obsequium.

1886 1672 2229 1726 Dilectissimi
2274 1672 2459 1728 Patres
2493 1683 2545 1727 et
2574 1673 2795 1741 domini,
2820 1675 3055 1744 qualiter
3097 1692 3191 1731 cor
3213 1692 3391 1731 meum

139 1750 301 1805 draco
327 1758 538 1818 captum
586 1752 653 1804 ad
685 1752 997 1820 speluncam
1035 1765 1187 1805 suam
1230 1751 1494 1806 violenter
1540 1760 1710 1805 attra-
1744 1739 1787 1796 Β
1817 1771 2011 1816 vestrae
2078 1763 2359 1817 charitatis
2423 1763 2670 1816 inccndio
2724 1739 2961 1827 ferveat,
3013 1766 3207 1834 quibus
3248 1765 3392 1819 circa

144 1844 310 1907 heret,
334 1843 456 1897 hinc
485 1842 813 1897 miserabilis
856 1844 959 1907 leo,
998 1842 1191 1912 quibus
1228 1842 1438 1897 valebat
1482 1844 1709 1909 nisibus,

144 1933 449 1997 rcluctaret;
480 1934 699 1987 tandem
725 1948 830 2000 quo
856 1933 941 1987 leo
969 1932 1132 2001 coepit
1165 1932 1446 2001 deSperata
1482 1934 1711 1988 relucta-

145 2024 287 2078 tione
325 2024 572 2087 deiicere,
623 2032 776 2077 tanto
824 2024 995 2093 magis
1044 2024 1205 2078 draco
1250 2024 1713 2078 inextricabilibus

150 2128 264 2166 cum
290 2114 440 2168 nodis
464 2113 747 2167 innectens
767 2114 1112 2169 animabatur
1134 2113 1415 2168 victoriam
1442 2114 1708 2169 obtinere.

147 2204 246 2259 Sed
283 2205 581 2270 Pandoces,
619 2206 711 2273 qui
759 2213 977 2274 repente
1020 2205 1146 2259 huic
1181 2204 1488 2273 spectaculo
1526 2218 1713 2275 super-

148 2304 414 2361 venerant,
440 2297 765 2351 miserantes
796 2294 1062 2351 infelicem
1091 2286 1261 2351 leonis
1285 2296 1477 2359 vicem,
1509 2297 1716 2350 auden-

152 2396 223 2438 ter
248 2400 391 2438 arma
420 2385 746 2453 corripiunt,
768 2385 1060 2439 draconem
1085 2385 1375 2453 perimunt,
1411 2385 1619 2439 leonem
1649 2386 1715 2441 de

148 2474 377 2528 faucibus
420 2475 612 2529 mortis
639 2486 885 2543 ereptum
916 2474 1064 2529 abire
1091 2475 1425 2543 permittunt.
1473 2475 1577 2530 Sed
1608 2475 1713 2538 leo.

149 2574 199 2616 ut
224 2563 415 2632 itajam
442 2565 616 2617 dicam
644 2564 1012 2619 nobilissimus
1032 2564 1324 2618 bestiarum
1349 2563 1528 2633 (Prov.
1557 2564 1710 2635 xxx),

149 2667 316 2725 gratus
344 2658 465 2711 vitae
514 2672 626 2711 sua:
654 2657 969 2710 auctoribus
998 2657 1224 2719 exstitit,
1266 2664 1321 2711 et
1365 2671 1460 2725 per
1506 2656 1714 2724 aliquos

151 2748 269 2811 dies,
292 2747 486 2816 quibus
517 2746 626 2800 illic
655 2747 915 2800 remorati
956 2754 1103 2810 sunt,
1136 2761 1298 2800 unam
1338 2745 1443 2799 illic
1479 2746 1716 2814 quotidie

152 2837 322 2905 pellem
351 2837 496 2905 capti
526 2852 557 2889 a
607 2852 667 2891 se
710 2837 957 2891 animalis
986 2836 1219 2891 advexit.
1268 2836 1404 2903 Quid
1448 2851 1578 2906 ergo
1616 2838 1716 2891 mi-

156 2946 297 2997 rum,_
324 2930 367 2984 si
400 2931 577 2986 sancti
627 2930 896 2994 homines,
932 2937 985 2982 et
1028 2927 1224 2983 divinis
1260 2928 1463 2998 legibus
1497 2928 1714 2989 eruditi,

150 3030 384 3088 percepto
414 3009 716 3075 charitatis
745 3018 918 3075 cilicio
962 3029 1117 3089 grata
1163 3017 1278 3073 vice
1323 3020 1712 3088 respondeant;

1815 1853 2115 1921 Pomposia:
2147 1854 2532 1908 monasterium
2566 1855 2765 1909 amoris
2816 1856 3026 1909 facibus
3066 1857 3389 1917 inardescat,

1816 1945 1939 1999 nolo
1990 1945 2254 2010 scribere,
2308 1959 2378 1999 ne
2415 1943 2647 2000 fortasse
2674 1946 2861 1999 videar
2887 1947 3283 2002 adulationibus
3304 1949 3395 2001 de-

1813 2036 2036 2092 servire.
2068 2034 2233 2105 Cujus
2282 2038 2357 2092 rei
2410 2038 2561 2090 testis
2606 2044 2688 2092 est
2738 2038 2849 2106 ipsa
2883 2038 3209 2091 conscientia
3245 2038 3392 2091 :illis

1813 2127 1975 2183 etiam
2004 2143 2110 2181 non
2142 2138 2224 2182 est
2244 2143 2470 2197 prorsus
2488 2129 2890 2197 occultum,qui
2920 2144 3129 2183 mecum
3166 2137 3393 2199 possunt

1814 2214 2130 2286 frequenter
2176 2217 2375 2272 habere
2418 2218 2761 2285 colloquium.
2804 2219 2907 2273 Vos
2935 2219 3097 2271 etiam
3121 2259 3133 2280 ,
3162 2218 3397 2272 dilectis-

1818 2305 1960 2369 simi,
1998 2304 2120 2359 licet
2153 2305 2399 2374 corporis
2440 2303 2773 2359 habitatione
2798 2315 3083 2368 semotum,
3116 2306 3282 2361 nolite
3310 2323 3394 2361 me

1816 2405 2140 2451 extraneum
2172 2412 2293 2451 esse
2310 2398 2820 2451 decernereznolite
2858 2413 2942 2451 me
2972 2400 3131 2452 etiam
3160 2398 3393 2450 amicum

1817 2486 2138 2555 quemlibet,
2172 2486 2253 2539 vel
2283 2487 2713 2555 qualemcunque
2760 2487 2963 2539 socium
2994 2487 3269 2555 deputare,
3302 2485 3393 2538 sed

1817 2583 2016 2637 et‘nos,
2048 2590 2102 2629 et
2143 2584 2314 2630 totum
2350 2587 2593 2631 nostrum
2634 2586 2955 2630 conventum
2997 2578 3149 2645 quasi
3194 2575 3395 2645 pr0prii

1817 2665 1981 2717 vestri
2020 2664 2159 2734 juris
2204 2666 2602 2734 possessionem
2648 2680 2769 2719 esse
2817 2665 3180 2719 indubitanter
3232 2678 3397 2733 agno-

1823 2754 1976 2813 scite.
2012 2764 2068 2808 et
2101 2754 2364 2823 quidquid
2392 2755 2546 2807 vobis
2586 2754 2891 2823 placuerit,
2923 2763 3172 2821 tanquam
3203 2752 3397 2807 vestris

1820 2843 2079 2911 subjectis
2114 2854 2282 2913 atque
2310 2844 2640 2906 domesticis,
2676 2845 2875 2912 absque
2901 2844 3007 2897 ulla
3056 2846 3397 2899 cunctatione

1813 2932 2016 3002 iubete.
2054 2933 2206 2989 Unde
2231 2948 2346 2996 vos,
2379 2932 2736 2995 dilectissimi,
2788 2932 3204 3002 lacrymabiliter
3226 2932 3390 2985 obse-

1820 3042 1935 3087 cro.
1992 3038 2048 3081 et
2097 3026 2399 3081 ad'saneta
2454 3025 2680 3092 vestigia
2737 3033 2911 3079 vestra
2969 3038 3052 3079 me
3099 3032 3400 3095 prostratus

154 3126 262 3163 cum
304 3110 535 3180 idipsum
569 3121 625 3166 et
665 3112 883 3165 brutum
929 3108 1127 3163 animal
1156 3108 1401 3164 videatur
1430 3108 1715 3178 implesse?
1744 3114 1788 3174 C
1822 3117 2069 3193 advolvo,
2105 3125 2166 3172 ut
2187 3133 2285 3188 pro
2314 3132 2401 3172 me
2427 3130 2585 3171 servo
2602 3125 2781 3173 vestro
2798 3132 3010 3185 semper
3030 3132 3187 3170 orare
3214 3117 3400 3185 digne~

157 3202 212 3255 Et
236 3201 329 3257 hoc
356 3202 608 3258 fortassis
633 3202 936 3272 exemplum
966 3200 1196 3269 quadam
1230 3199 1383 3255 vobis
1415 3201 1591 3255 valeat
1629 3216 1718 3255 ra-

157 3293 279 3346 tione
308 3308 625 3365 congruere.
659 3294 767 3347 V'os
792 3292 936 3348 enim
965 3292 1048 3347 leo
1083 3306 1191 3346 non
1222 3292 1339 3346 sine
1367 3306 1529 3346 causa
1556 3292 1721 3362 signi-

160 3383 290 3447 ﬁcat,
317 3386 409 3454 qui
434 3385 513 3441 sic
540 3384 789 3440 dormitis
814 3399 845 3437 a
876 3383 1088 3449 smculo,
1112 3392 1171 3437 ut
1194 3384 1480 3454 pervigiles
1508 3399 1721 3454 semper

156 3473 320 3527 oculos
352 3474 601 3529 habeatis
632 3474 683 3527 in
713 3475 841 3539 Deo,
869 3473 995 3528 illud
1019 3489 1140 3528 cum
1172 3489 1365 3543 sponsa
1397 3485 1675 3530 cantantes
1702 3494 1716 3529 :

162 3582 177 3614 ι
211 3564 314 3635 Ego
349 3566 581 3631 dormio,
624 3574 680 3620 et
710 3581 805 3619 cor
836 3580 1013 3618 meum
1041 3564 1229 3631 vigilat
1254 3564 1431 3633 (Cant.
1453 3567 1510 3634 v)
1565 3586 1584 3618 ι
1619 3567 1719 3633 Qui

156 3669 303 3723 super
318 3656 555 3726 aspidem
579 3662 636 3711 et
658 3656 969 3711 basiliscum
994 3655 1299 3718 ambulantis,
1316 3665 1370 3709 et
1390 3658 1721 3713 conculcatis

157 3747 344 3802 leonem
383 3756 439 3804 et
479 3749 767 3803 draconem
800 3744 970 3818 (Paul.
1000 3749 1087 3817 x);
1122 3747 1212 3815 qui
1258 3746 1487 3815 denique
1530 3756 1588 3803 ut
1637 3749 1721 3805 leo

157 3838 257 3892 sine
286 3848 487 3895 terrore
512 3840 803 3905 confiditis,
837 3848 891 3893 et
925 3854 1207 3895 occursum
1248 3841 1584 3897 adversantis
1622 3858 1720 3897 ne-

157 3931 319 3999 quitiae
347 3948 451 3987 non
480 3932 691 4001 pavetis
717 3932 896 4002 (Prov.
918 3932 1070 4003 xxx).
1100 3933 1299 3987 Pellem
1323 3944 1502 3988 autem
1528 3934 1721 3990 Michol

158 4020 213 4073 ad
234 4030 388 4091 caput
430 4023 599 4076 David
635 4022 837 4091 posuit,
880 4036 976 4090 per
1020 4037 1178 4089 quam
1223 4021 1309 4076 ille
1350 4024 1553 4093 gladios
1592 4023 1722 4078 Saul

159 4113 282 4183 regis
321 4114 499 4189 evasit
528 4112 579 4181 (1
611 4113 741 4183 Reg.
774 4114 961 4182 xvut);
1006 4112 1241 4181 pelliceis
1284 4128 1497 4183 quoque
1529 4115 1722 4169 tunicis

159 4205 339 4269 primos
392 4214 646 4274 parentes
695 4213 910 4259 nostros
966 4205 1104 4257 Deus
1157 4204 1498 4271 omnipotens
1548 4204 1723 4258 induit

159 4291 290 4361 (Gen.
332 4296 443 4363 ιιι),
491 4295 689 4363 quibus
738 4294 921 4362 utique
974 4293 1229 4348 mortales
1273 4291 1523 4360 effectos,
1570 4305 1719 4350 reatu

1825 3208 1952 3261 mini
1991 3224 2005 3261 :
2032 3215 2087 3261 et
2115 3209 2384 3277 praecipue
2411 3221 2533 3260 cum
2565 3215 2806 3260 mortuus
2835 3206 3006 3269 fuero,
3035 3205 3295 3273 quidquid
3331 3207 3398 3259 de

1820 3306 2015 3353 vestrae
2063 3297 2811 3368 congregationis-monacho
2856 3297 3054 3359 facitis,
3110 3298 3210 3350 hoc
3238 3298 3399 3351 etiam

1820 3391 1885 3446 de
1915 3405 2001 3444 me
2037 3391 2238 3445 misero
2262 3391 2440 3444 facere
2470 3390 2758 3446 sutdeatis.
2790 3388 2940 3461 Rogo
2970 3398 3171 3456 autem,
3197 3389 3399 3444 domini

1821 3480 1949 3544 mei,
1998 3480 2277 3549 parvulam
2300 3480 2730 3535 benedictionem
2773 3481 2839 3534 de
2900 3496 3057 3534 manu
3088 3481 3279 3550 (servi,
3324 3480 3401 3533 vel

1820 3572 1946 3642 quid
1972 3572 2146 3625 simile
2173 3572 2384 3643 addid.)
2420 3573 2587 3627 vestri
2620 3573 2848 3642 benigne
2868 3561 3145 3642 suscipere
3170 3590 3183 3625 :
3214 3580 3266 3626 et
3293 3588 3401 3625 non

1821 3661 1973 3730 quid,
2010 3662 2104 3717 sed
2134 3679 2162 3715 a
2195 3677 2340 3731 quo;
2384 3678 2488 3716 non
2517 3671 2799 3731 quantum,
2829 3663 2923 3718 sed
2961 3678 3027 3717 ex
3050 3670 3252 3732 quanto
3278 3677 3401 3731 pro-

1821 3752 2052 3818 feratur,
2078 3755 2362 3809 attendite.

2372 3822 2709 3879 EPISTOLA
2748 3822 2861 3879 Vll.

2260 3932 2329 3971 ΑΙ)
2368 3932 2669 3971 ΑιτιΖοΝΕιΙ
2706 3929 2971 3970 ΔΒΒΔΤΕΙ.

1822 4006 2549 4061 Αιιρυιιιιιητωι.-;-Α1ιίιοιιί
2584 4006 2759 4060 abbati
2797 4005 2983 4059 scribit
3005 4019 3073 4075 se
3091 4018 3282 4075 magno
3310 4004 3404 4058 do-

1896 4077 2008 4129 lore
2038 4075 2289 4129 aﬂ‘ectum
2334 4090 2456 4131 esse
2484 4117 2498 4138 ,
2527 4078 2670 4145 quod
2716 4075 2791 4128 illi
2822 4089 2961 4143 equo
2990 4074 3249 4145 indigenti
3271 4090 3403 4130 con-

1894 4146 2073 4200 festim
2103 4163 2208 4201 non
2234 4146 2395 4201 fuerit
2425 4147 2668 4215 largitus,
2694 4146 2859 4215 eique
2873 4159 2952 4209 se,
2982 4159 3148 4214 equos
3175 4160 3240 4200 ac
3263 4146 3405 4200 bona

1892 4217 2074 4270 omnia
2112 4216 2426 4271 monasterii
2452 4212 2745 4271 liberaliter
2766 4212 2945 4269 offert.

1898 4308 2052 4378 191
2098 4308 2304 4364 Domno
2334 4309 2401 4363 A.
2443 4308 2662 4364 doniino
2694 4322 2827 4373 suo,
2884 4306 3104 4364 Peritos
3153 4314 3410 4378 peccator

161 4383 586 4453 transgressionis
613 4382 863 4453 exigente
890 4382 1138 4453 signavit.
1183 4382 1288 4436 Vos
1328 4382 1508 4451 itaque
1534 4385 1721 4439 draco-
1755 4460 1795 4471 ﬁ
1829 4402 2129 4456 monachus
2154 4401 2413 4471 quidquid
2453 4416 2663 4456 servus.
3376 4442 3380 4448 ,

160 4472 260 4525 “eis
285 4488 383 4542 per
426 4488 514 4527 me
553 4472 781 4527 nexibus
804 4472 1060 4541 expediti.
1098 4470 1287 4541 pellem
1324 4488 1422 4541 pro
1462 4473 1724 4530 beneﬁcio
1755 4460 1801 4516 ί)
1898 4460 2266 4555 (ιειιιτίεεςίιὶιθ,
2301 4460 2493 4546 melius
2521 4491 2653 4544 mihi
2696 4489 2908 4543 videtur
2944 4484 3146 4541 nullam
3173 4485 3410 4542 cbarita—

160 4564 378 4629 reddite,
436 4564 765 4633 vitalemque
814 4564 947 4620 mihi
1005 4564 1475 4621 mortificationem
1530 4568 1725 4623 vestris

160 4654 480 4709 orationibus
509 4655 814 4724 impetrate,
859 4670 928 4711 ne
973 4655 1104 4709 mihi
1148 4657 1215 4710 de
1258 4665 1454 4711 caetero
1498 4658 1726 4712 mundus

162 4745 376 4811 advivat,
414 4747 512 4801 sed
540 4747 584 4801 si
611 4746 740 4816 quid
766 4748 944 4801 adhuc
974 4747 1132 4817 hujus
1162 4747 1293 4801 mihi
1331 4747 1591 4819 reliquum
1621 4760 1723 4811 θςι,

161 4832 207 4886 in
247 4837 577 4906 acquirenda
623 4837 812 4893 salutis
850 4845 1067 4892 mternze
1109 4837 1259 4892 lucra
1306 4838 1570 4906 proﬁciat.
1622 4839 1726 4893 Sed

161 4940 456 4998 quanquam
487 4929 773 4999 Apostolus
801 4930 948 4985 dicat
974 4947 988 4983 :
1026 4948 1046 4981 ι
1078 4929 1211 4995 Quia
1238 4931 1439 5000 absque
1466 4931 1568 4984 ulla
1598 4946 1727 4987 cou-

164 5018 490 5085 tradictione,
539 5022 629 5090 qui
677 5022 854 5078 minus
900 5030 1006 5088 est,
1054 5037 1086 5076 a
1131 5022 1353 5078 meliore
1397 5024 1733 5081 benedicitur

165 5105 332 5173 (Hebr.
364 5110 467 5181 vn)
498 5128 511 5165 :
555 5130 574 5163 ι
614 5120 789 5169 tamen
821 5111 947 5182 quia
989 5112 1254 5168 cbaritate
1284 5113 1597 5182 compellor,
1633 5116 1731 5171 be-

165 5198 512 5236 ηρδίίοιῖηηιιω
544 5202 820 5236 πηιΛΙηῖΙνιΔ-ιι
852 5217 958 5236 ιηΛη
997 5202 1149 5236 unlan
1201 5198 1548 5236 nmninnlnno
1596 5204 1732 5236 nm...

1832 4593 1937 4636 tem
1990 4583 2210 4649 habere,
2263 4598 2424 4650 quam
2492 4581 2692 4650 fingere
2734 4597 2747 4633 :
2799 4587 2853 4633 et
2901 4577 3232 4633 tolerabilius
3280 4585 3412 4645 puto

1831 4674 2097 4729 cbaritate
2122 4673 2416 4743 quemlibet
2443 4686 2671 4727 vacuum
2706 4684 2845 4733 esse,
2875 4683 3035 4736 quam
3078 4668 3195 4738 ejus
3242 4667 3412 4737 pleni-

1835 4764 2074 4819 tudinem
2102 4763 2381 4818 simulare.
2419 4761 2521 4818 Ubi
2560 4763 2708 4817 enim
2743 4759 2887 4814 nulla
2910 4760 3145 4813 charitas
3173 4768 3287 4822 est,
3312 4771 3413 4827 po-

1838 4864 1942 4911 test
1978 4868 2076 4926 per
2110 4855 2349 4909 divinam
2384 4852 2617 4925 gratiam
2648 4851 2798 4907 nasci
2830 4867 2844 4902 :
2874 4850 2969 4904 ubi
2997 4864 3127 4904 γεω
3163 4849 3287 4904 ficta
3310 4856 3420 4912 est,

1832 4962 1940 5017 quo
1981 4946 2264 5001 veritatem
2294 4947 2395 5001 sub
2429 4944 2677 5012 figmenti
2704 4942 2886 4998 colore
2918 4943 3205 5005 mentitur,
3229 4954 3299 4997 eo
3333 4946 3431 4992 aut

1834 5051 2108 5107 nunquam
2156 5046 2247 5093 aut
2301 5034 2573 5092 dillicilius
2633 5030 2979 5091 emendatur.
3023 5031 3246 5115 lfioverit
3299 5042 3434 5098 ergo

1837 5128 2149 5184 dulcissima
2176 5128 2440 5183 sanctitas
2468 5131 2683 5192 vestra,
2706 5122 2832 5195 quia
2878 5122 3112 5178 multum
3143 5139 3229 5179 me
3255 5119 3440 5191 poeni-

2768 5213 2911 5236 ..--....:
2948 5216 3264 5236 --ι,ιι-η--θμ
3304 5210 3418 5236 ζκλε
