3950 5344
497 225 597 278 587

984 223 1040 280 s.
1080 222 1283 278 perm
1308 219 1592 277 DAMIANl
1626 219 1778 277 ore.
1807 216 1985 276 rans
2025 213 2154 275 seu
2186 213 2425 275 TOMUS
2452 216 2493 272 ι.
2534 212 2603 260 -ι-
2630 216 2847 273 EPIST.
2878 202 3008 275 Lm.
3042 219 3175 276 Vill.

3638 221 3731 276 388

496 337 779 395 charitatis
834 336 1061 393 officium
1111 336 1452 405 suspirando,
1499 345 1556 390 et
1609 333 1937 390 conscientia
1979 346 2066 387 re-
2092 336 2142 395 Α
2169 327 2322 400 (Gen.
2352 328 2604 402 xxxvm).
2645 328 2755 386 Sed
2789 331 2915 385 nota
2953 314 3093 401 quod
3128 330 3372 400 sequitur
3407 342 3424 383 τ
3466 342 3485 384 t
3516 329 3734 399 Idcirco,

497 428 777 484 mordente
803 467 818 494 ,
891 437 1144 495 tanquam
1214 440 1399 482 verme
1454 425 1710 490 rodente,
1758 422 2072 494 gravissime

497 518 840 574 lamentatur.
883 516 1014 571 Post
1052 515 1336 570 transitum
1367 514 1527 584 hujus
1566 514 1691 569 vita:
1720 511 2067 583 quid'faciet,

496 608 587 678 qui
610 613 821 675 tempus
849 606 1219 677 impendenda:
1231 605 1515 660 charitatis
1539 602 1811 659 etllux'isse
1835 600 2070 667 deﬂebit,

493 709 547 752 ct
575 707 752 751 tamen
788 695 1171 767 negligentiam
1203 708 1359 749 suam
1387 692 1680 750 emendare
1714 703 1823 745 non
1847 689 2069 760 poterit;

492 785 619 856 quia
668 793 879 854 tempus
911 782 1243 854 acceptabile
1268 791 1323 837 et
1352 781 1494 837 diem
1540 780 1738 853 salutis
1769 778 1950 833 amisit
1985 776 2072 849 (11

493 876 618 933 Cor.
656 877 769 946 vr)?
805 876 863 931 Si
901 877 1047 931 enim
1072 887 1194 930 tam
1227 861 1477 950 grave‘et
1509 886 1753 928 amarum
1782 868 1950 925 menti
1978 882 2076 922 no-

494 979 622 1025 διε-ω
652 969 866 1024 videtur
889 969 977 1024 hic
1007 982 1283 1037 peccasse,
1317 966 1406 1021 ubi
1432 960 1720 1035 possumus
1748 962 1926 1031 adhuc
1950 974 2077 1031 pec-

383 1055 391 1062 ’
494 1069 615 1114 cata
647 1059 953 1129 corrigere;
984 1057 1111 1127 quid
1162 1056 1271 1110 illic
1298 1042 1562 1125 agendqu
1591 1055 1715 1122 erit,
1746 1052 1835 1107 ubi
1865 1061 2072 1107 reatum

495 1166 653 1204 suum
691 1164 850 1205 nemo
876 1149 1070 1219 poterit
1102 1146 1428 1204 emendare?
1456 1140 1562 1201 Sed
1593 1143 1706 1201 hmc
1744 1145 1896 1227 alias.
1924 1138 2076 1227 Nunc

495 1250 698 1304 autem,
744 1238 1111 1304 dilectissime,
1157 1238 1201 1293 si
1222 1252 1419 1307 equum
1450 1222 1936 1298 habe‘sinventum,
1965 1222 2076 1288 Deo

496 1333 698 1402 gratias
730 1350 742 1385 :
772 1331 1007 1400 alioquin
1036 1330 1079 1385 si
1107 1330 1282 1401 adhuc
1312 1320 1677 1404 .deest,'mitte
1704 1327 1769 1381 ad
1817 1340 1915 1380 nos
1953 1338 2076 1379 cum

498 1423 603 1475 tuis
633 1418 827 1477 litteris
857 1421 1204 1484 monachum,
1235 1419 1326 1489 qui
1356 1427 1802 1497 omnesnostros,‘
1837 1425 1892 1471 et
1909 1426 2078 1486 equos

497 1524 553 1568 et
586 1514 759 1568 mulos
806 1513 1035 1569 solerter
1075 1511 1325 1582 aSpiciat,
1353 1518 1408 1564 et
1431 1510 1645 1579 qualem
1675 1509 1774 1564 sibi
1797 1507 2075 1579 placuerit,

498 1602 670 1656 tollat.
708 1601 938 1656 Pallium
975 1600 1135 1656 etiam
1172 1600 1434 1670 optimum
1469 1599 1759 1669 habemus,
1799 1597 1940 1667 quod
1983 1610 2080 1667 per

2172 422 2367 492 inquit,
2389 423 2657 492 percussit
2676 436 2799 477 eum
2825 422 3105 486 Dominus;
3128 436 3192 478 eo
3212 423 3353 491 quo‘d
3378 437 3494 476 rem
3518 423 3737 478 detesta-

2169 500 2338 567 bilem'
2366 512 2589 567 faceret.
2623 531 2641 564 ι
2675 511 2877 568 Herres
2906 512 3075 577 enim,
3105 521 3267 582 atque
3293 512 3525 578 fastidis,
3562 520 3624 567 ut
3653 516 3736 584 qui

2171 613 2299 659 sunt
2324 602 2627 668 Gebizonis;
2656 603 2799 658 Petri
2830 601 3079 659 dicantur
3105 610 3227 660 eSse
3255 604 3504 673 discipuli
3536 616 3552 657 :
3578 614 3629 659 et
3654 607 3735 675 qui

2170 691 2494 763 singularem
2520 691 2746 762 gloriam
2772 693 2989 762 quieris,
3021 692 3220 746 famam
3262 691 3338 746 tui
3367 691 3600 747 nominis
3627 708 3737 749 cum

2173 781 2276 838 alio
2296 782 2640 853 participare,
2661 791 2887 838 caeteros
2909 782 3227 853 despiciens,
3252 781 3550 836 erubescis.
3572 781 3741 837 Enim-

2170 886 2300 928 vero
2322 872 2490 928 sacris
2510 872 2808 932 canonibus
2828 880 3046 927 cautum
3066 880 3153 927 est
3172 870 3313 943 (can.
3338 869 3736 941 Requiristi,’53,

2171 977 2226 1031 q.
2258 962 2335 1033 l),
2362 970 2422 1017 ut
2446 962 2691 1033 quisquis
2714 962 2944 1032 frigidus
2965 966 3088 1018 cum
3113 974 3282 1018 uxore
3311 962 3461 1018 coire
3487 977 3592 1018 non
3619 978 3742 1032 prae-

2172 1053 2337 1119 valet,
2367 1055 2469 1109 hac
2496 1064 2687 1125 spreta
2705 1054 2950 1123 repudio,
2984 1054 3051 1108 ad
3095 1054 3360 1109 secundas
3392 1054 3609 1123 nuptias
3643 1071 3740 1110 non

2175 1146 2540 1216 transmigret.
2566 1146 2906 1214 Figmentum
2938 1146 3134 1215 quippe
3158 1144 3262 1199 fuit
3284 1143 3411 1200 cum
3439 1147 3616 1215 prima
3645 1162 3740 1200 nou

2173 1236 2414 1306 potuisse
2441 1235 2820 1300 concumbere,
2849 1236 2892 1290 si
2922 1232 3064 1289 vale't
3091 1245 3217 1289 cum
3243 1234 3414 1290 altera
3443 1236 3737 1289 convenire.

2175 1327 2253 1382 Tu
2281 1327 2466 1391 etiam,
2499 1326 2542 1381 si
2573 1326 2685 1381 illic
2710 1325 2912 1381 suﬂicis
2940 1327 3408 1397 congregationem
3441 1341 3645 1397 regere,
3665 1327 3744 1380 hic

2175 1417 2337 1473 etiam
2363 1417 2581 1489 potuisti
2606 1428 2626 1470 ε
2647 1417 2739 1472 sed
2772 1417 2915 1471 hanc
2933 1431 3055 1472 cum
3082 1432 3273 1488 gerere
3294 1418 3587 1489 potuisses,
3611 1416 3748 1470 acini.

2180 1510 2354 1566 terino
2387 1507 2635 1580 perfugio
2661 1507 2731 1563 ad
2765 1508 2955 1563 alienae
2984 1518 3036 1563 te
3060 1509 3499 1580 congregationis
3522 1509 3745 1579 regimen

2182 1600 2525 1657 transtulisti.
2574 1598 2727 1656 Unde
2772 1616 2878 1655 non
2924 1600 3089 1656 debes
3134 1610 3340 1665 tenere,
3373 1612 3539 1669 (ruam
3577 1600 3747 1665 habes,

498 1694 746 1748 etuudem
777 1693 1027 1748 nuntium
1053 1691 1207 1747 vobis
1232 1690 1454 1745 allatum
1472 1690 1589 1745 loco
1608 1690 1846 1759 pignoris
1872 1688 2079 1759 ponite,
2105 1683 2154 1743 B
2180 1690 2272 1761 qui
2318 1690 2555 1760 legitima
2599 1699 2773 1745 uxore
2801 1699 3133 1761 contempta,
3173 1688 3450 1745 meretrici
3482 1688 3750 1757 copulatus

502 1795 559 1840 et
582 1800 780 1855 equum
815 1786 970 1841 vobis
999 1785 1228 1840 alterum
1264 1783 1564 1854 providete.
1592 1781 1779 1852 Neque
1805 1781 1949 1836 enim
1984 1781 2080 1836 de-

503 1885 609 1940 cet,
641 1884 701 1929 ut
726 1875 815 1946 qui
846 1875 1038 1945 spiritu
1070 1875 1179 1930 Deo
1209 1874 1496 1938 servimus,
1521 1881 1739 1943 propter
1770 1870 1844 1926 rei
1879 1880 2085 1939 tempo-

505 1965 637 2021 ralis
664 1966 902 2035 inopiam
927 1954 1397 2036 donispravorum
1415 1963 1694 2029 hominum
1729 1970 1944 2043 nostras
1973 1958 2081 2015 ani-

501 2073 618 2114 mas
646 2057 1011 2127 inquinemus.
1049 2056 1116 2112 Ut
1143 2064 1357 2123 autem,
1401 2070 1521 2126 quae
1551 2054 1804 2120 dicimus,
1836 2051 2081 2108 simulata

500 2164 611 2203 non
639 2147 848 2212 credas,
881 2147 929 2202 si
970 2146 1186 2203 aliunde
1236 2160 1344 2200 non
1373 2145 1586 2209 babes:
1614 2154 1671 2199 et
1695 2158 1816 2214 quae
1853 2142 2085 2198 libenter

502 2237 799 2302 offerimus,
842 2246 1026 2293 nostra
1071 2251 1178 2291 non
1242 2234 1384 2301 toilis
1411 2252 1424 2288 :
1456 2234 1612 2291 utde
1653 2234 1823 2304 teipso
1871 2246 2084 2303 quoque

503 2329 795 2384 debeamus
828 2327 1034 2397 absque
1081 2326 1186 2380 ulla
1239 2325 1512 2381 dubietate
1546 2338 1895 2396 praesumere,
1951 2322 2085 2378 fidu-

508 2419 978 2481 ciamssubtrahis.
1010 2418 1165 2473 Absit
1193 2417 1359 2485 enim,
1391 2426 1451 2472 ut
1482 2431 1607 2473 cum
1632 2430 1740 2487 quo
1769 2416 1903 2472 mihi
1931 2428 2085 2471 ruens

506 2514 591 2562 est
638 2523 769 2572 una,
827 2516 1040 2563 terrena
1091 2505 1395 2562 substantia
1432 2507 1504 2561 sit
1528 2505 1730 2572 divisa;
1761 2513 1815 2559 et
1834 2503 1909 2559 illi
1936 2513 2088 2560 cxte-

509 2599 652 2653 riora
686 2597 938 2668 quaelibet
972 2598 1230 2669 denegem
1267 2611 1367 2668 pro
1393 2612 1499 2667 quo
1537 2597 1700 2652 etiam
1730 2596 1867 2651 mori
1893 2595 2087 2650 merito

504 2702 610 2741 non
656 2688 986 2760 ambigerem
1016 2727 1032 2754 ,
1079 2686 1123 2743 si
1167 2687 1465 2765 necessitas
1513 2686 1835 2743 immineret.
1892 2684 2087 2751 Quaeso

505 2786 686 2833 autem
734 2787 796 2832 ut
841 2778 1150 2834 breviculus
1194 2778 1296 2833 iste
1342 2791 1447 2834 non
1478 2785 1681 2847 pereat,
1725 2776 1820 2832 sed
1870 2774 1926 2832 in
1951 2774 2087 2828 libro

500 2869 750 2938 quolibet
774 2870 1192 2935 transcribatur,
1220 2878 1281 2924 ut
1315 2869 1618 2924 devotionis
1654 2883 1789 2924 mea:
1817 2866 1965 2923 circa
1994 2879 2093 2921 vos

508 2960 767 3013 memoria
795 2966 1165 3014 conservetur.

1044 3046 1379 3103 EPISTOLA
1420 3046 1553 3103 Vill.

1062 3153 1131 3191 AD
1172 3154 1219 3192 Β.
1260 3153 1527 3193 ΔΒΒΑΤΕΜ.

724 3228 986 3299 (llabetur
1021 3240 1147 3285 tam.
1190 3231 1288 3285 III
1310 3273 1324 3295 ,
1357 3242 1530 3303 estque
1562 3248 1737 3303 opusc.
1758 3230 1875 3302 2|.)

967 3322 1124 3393 192
1162 3322 1490 3380 EPISTULA
1530 3322 1623 3379 ix.

860 3432 936 3471 λυ
981 3432 1357 3471 υΕΒΙΖοΝΕΙ
1402 3432 1730 3472 ΔΒΒΔΤΕΙ.

506 3508 903 3564 Ancuuenruu.
925 3538 995 3549 —-
1016 3509 1345 3564 Gebizonem
1368 3511 1690 3565 monachum
1712 3507 1975 3566 superbiai
1994 3523 2086 3564 ar-

576 3579 709 3649 guit,
738 3579 933 3648 quippe
969 3579 1058 3647 qui
1097 3579 1447 3649 eremitarum
1479 3595 1667 3635 curam
1706 3596 1737 3637 a
1773 3579 1835 3635 S.
1868 3580 2089 3635 doctore

579 3648 832 3718 traditam
860 3648 1183 3718 reliquisset,
1216 3654 1283 3702 ut
1301 3648 1458 3704 alteri
1487 3650 1817 3705 monasterio
1843 3649 2090 3705 reéenter

577 3732 607 3771 a
642 3733 739 3772 suo
768 3717 934 3790 fratre
958 3717 1266 3790 constructo
1293 3729 1579 3790 praeesset;
1612 3720 1853 3790 ambiens
1876 3719 2087 3790 scilicet

581 3788 1000 3860 monachorumL
1035 3788 1312 3843 institutor
1370 3789 1644 3860 appellari.
1704 3789 1914 3858 Detegit
1973 3789 2090 3860 ejus

581 3856 781 3929 ﬁctam
822 3857 1211 3921 humilitatem,
1263 3856 1454 3928 atque'.
1481 3860 1811 3929 gravitatem,
1844 3856 2090 3912 criminis

579 3928 832 3998 ostendit.
863 3930 942 3998 Ad
972 3938 1270 3983 extremum
1300 3928 1548 3998 imperat,
1579 3937 1636 3982 ut
1663 3938 1755 3982 aut
1783 3928 2088 3997 depositum

581 3997 746 4066 eremi
792 3997 1029 4066 regimen
1075 4007 1346 4063 resumat,
1375 3994 1483 4052 'aut
1526 3999 1579 4053 in
1622 3994 1948 4054 monasterio
1990 3994 2109 4066 sul).

582 4065 805 4119 alterius
833 4065 1110 4136 disciplina
1141 4069 1311 4122 vivat.
1372 4070 1377 4077 ’

583 4156 760 4211 Fratri
796 4156 1052 4212 Genuum
1088 4158 1305 4214 Pernus
1340 4168 1590 4228 peccator
1619 4161 1915 4216 monachus
1943 4160 2089 4216 salu-

514 4258 642 4304 tem.
1266 4302 1269 4304 ,
1920 4256 1925 4259 ’

2179 1782 2446 1849 adhaeres,
2484 1782 2787 1852 praesertim
2826 1797 2949 1837 cum
2987 1780 3243 1838 canonica
3281 1785 3473 1836 rursus
3510 1781 3754 1836 decernat

2179 1875 2473 1931 aucturitas
2504 1875 2636 1947 (lex.
2669 1876 2722 1930 in
2752 1890 2802 1931 c.
2836 1875 3065 1941 Quanto,
3094 1874 3173 1930 De
3212 1874 3457 1929 transiet.
3488 1873 3750 1945 episcopi),

2179 1975 2239 2020 ut
2273 1967 2365 2037 qui
2404 1967 2472 2023 de
2508 1979 2617 2023 una
2653 1966 2896 2023 Ecclesia
2937 1966 3287 2037 transmigrat
3318 1966 3387 2021 ad
3418 1964 3674 2030 alteram;
3703 1973 3753 2020 et

2179 2057 2269 2113 illa
2299 2066 2502 2125 careat,
2533 2071 2697 2128 quam
2723 2057 3051 2125 Contempsit
3077 2074 3091 2110 :
3119 2065 3174 2111 et
3197 2066 3317 2112 eam
3345 2054 3656 2110 nuliaeerms
3683 2062 3756 2108 te-

2180 2162 2331 2218 neat;
2359 2162 2525 2223 quam
2552 2149 2766 2230 noviter
2812 2149 3121 2220 acquisivit.
3164 2148 3352 2203 Ambis
3380 2146 3544 2218 piane
3586 2144 3759 2215 privs-

2182 2252 2294 2298 tum
2343 2241 2573 2313 propriae
2620 2239 2807 2312 gloriae
2860 2253 3054 2295 nomen
3105 2240 3415 2309 acquirere;
3458 2236 3766 2307 dedignaris

2182 2333 2357 2388 alieno
2404 2330 2605 2387 nomini
2653 2329 2892 2386 sobolem
2938 2338 3256 2401 procreare:
3300 2326 3392 2383 Sic
3438 2334 3495 2381 et
3544 2325 3653 2390 ille,
3678 2327 3764 2381 cui

2177 2422 2301 2493 jure
2342 2419 2762 2493 propinquitatis
2803 2418 3051 2491 accipere
3095 2412 3239 2474 Ruth
3268 2420 3611 2488 competebat
3633 2409 3763 2472 uso-
3806 2466 3813 2473 .

2186 2527 2341 2568 rem:
2374 2530 2392 2563 ι
2427 2509 2622 2575 Credo,
2668 2508 2959 2579 inquitfa‘d
3006 2509 3148 2564 Booz
3189 2509 3311 2579 jure
3351 2506 3769 2579 propinquitatis

2186 2599 2365 2673 (Ruth.
2392 2601 2489 2670 tv).
2527 2617 2545 2649 ι
2586 2597 2768 2669 Neque
2811 2599 2955 2654 enim
2983 2598 3355 2670 posteritatem
3386 2596 3609 2652 familiae
3638 2611 3764 2651 mea:

2186 2696 2366 2752 delere
2422 2696 2611 2751 debeo.
2667 2695 2760 2749 lile
2815 2696 3010 2767 quippe
3064 2710 3273 2760 vanus;
3326 2702 3381 2750 et
3433 2693 3627 2765 gloria!
3672 2707 3766 2748 «ευά

2185 2789 2374 2859 pitius,
2429 2786 2657 2858 proprio‘
2710 2787 2913 2841 nomini
2970 2786 3342 2858 posteritatem
3397 2783 3619 2840 famiiite
3678 2798 3764 2838 eo.

2188 2881 2417 2937 nabatur
2450 2878 2607 2949 193
2637 2878 2959 2954 extendere,
2983 2880 3122 2932 Beoz
3155 2887 3356 2941 autem,
3390 2876 3477 2931 vir
3502 2876 3683 2932 bonus
3717 2884 3769 2928 et

2183 2971 2388 3043 justus,
2433 2970 2632 3025 famam
2677 2960 2886 3040 proprii
2916 2970 3151 3026 nominis
3188 2968 3609 3040 parvipendens,
3641 2966 3770 3022 divi-'

2113 3030 2159 3091 ο
2183 3030 2273 3115 ita:
2295 3030 2695 3113 tantummodo.
2716 3030 2850 3128 legis
2877 3065 3164 3113 contentus
3188 3030 3301 3112 .est
3344 3030 3612 3111 mandata
3668 3070 3770 3109 ser-

2186 3162 2334 3203 vare.
2363 3146 2468 3202 Sed
2497 3160 2629 3201 ecce
2679 3145 2839 3209 illius,
2871 3145 2966 3214 qui
3011 3159 3163 3201 suam
3208 3154 3334 3214 post
3368 3158 3429 3199 se
3456 3143 3770 3198 memoriam

2186 3236 2474 3295 anhelabat
2495 3238 2549 3292 in
2567 3238 2879 3308 posteritate
2895 3236 3225 3307 relinquere,
3247 3251 3320 3292 ne
3334 3246 3534 3291 nomen
3556 3234 3769 3305 quidem

2186 3333 2527 3405 agnoscitur;
2562 3331 2653 3387 hic
2681 3339 2860 3385 autem
2891 3344 2998 3385 non
3025 3330 3197 3387 solum
3245 3331 3298 3385 in
3323 3322 3569 3393 Patrum,
3598 3329 3695 3382 sed
3725 3327 3771 3379 in

2188 3424 2617 3495 patriarcharum
2642 3421 2892 3491 catalogo
2926 3431 3054 3475 cum‘
3088 3419 3261 3490 gioria
3309 3427 3658 3475 numeratur.
3687 3417 3774 3471 llic

2187 3514 2523 3584 posteritatis
2549 3511 2772 3576 famam,
2813 3512 2901 3567 cui
2928 3513 3181 3583 providit,
3224 3513 3439 3577 amisit;
3470 3512 3574 3566 iste
3601 3519 3778 3582 pater-

2189 3621 2316 3659 num
2373 3618 2593 3670 nomen,
2651 3602 2794 3674 quod
2845 3618 2944 3674 pro
2990 3614 3162 3660 sacrae
3213 3604 3349 3676 legis
3397 3605 3780 3660 observatione

2189 3695 2413 3765 sprevit,
2464 3693 2692 3764 accepit.
2740 3693 2835 3749 ille
2881 3695 3125 3759 nescitur
3171 3710 3368 3768 parens
3413 3710 3540 3752 esse
3590 3695 3775 3751 saltem

2191 3786 2558 3854 quorumlibet
2622 3785 2940 3851 hominum;
2986 3786 3091 3842 iste
3136 3787 3554 3858 praepotentium
3614 3786 3781 3841 frater

2191 3873 2369 3930 factus
2415 3883 2498 3929 est
2540 3888 2749 3944 regum.
2785 3858 2910 3941 (Ille,
2942 3875 3067 3930 dum
3089 3876 3431 3947 posteritatis
3456 3874 3778 3931 memoriam

2191 3963 2543 4034 concupiscit,
2586 3967 2655 4018 de
2686 3963 2946 4017 memoria
2980 3965 3223 4028 corruit;
3289 3965 3416 4029 iste,
3441 3966 3536 4035 qui
3585 3980 3779 4036 propa-

2192 4055 2367 4124 gando
2414 4053 2523 4120 sub,
2548 4068 2647 4108 suo
2693 4053 2915 4110 nomine
2960 4055 3145 4125 generi
3195 4070 3301 4110 non
3354 4054 3656 4120 consuluit,
3689 4070 3779 4124 per

2192 4145 2467 4201 Davidicaa
2483 4144 2669 4213 stirpis
2699 4145 2976 4199 traducem
3004 4145 3172 4200 totius
3216 4145 3401 4199 mundi
3433 4145 3627 4215 genuit
3656 4144 3775 4199 Sal-

2191 4244 2455 4290 vatorem.
2515 4233 2732 4299 Desine,
2789 4231 2982 4300 frater,
3035 4234 3221 4291 desine
3269 4233 3544 4290 cervicem
3593 4233 3775 4289 cordis

581 4314 889 4412 Prodigium
929 4349 1091 4412 atque
1123 4351 1430 4412 portentum
1449 4384 1461 4405 ,
1495 4342 1682 4410 frater,
1710 4343 1922 4399 videtur
2121 4377 2172 4437 Β
2197 4323 2777 4437 πτοξξηῑθτῇθίιεηθΐθ
2805 4333 2964 4437 teque
2985 4332 3096 4428 iam
3112 4325 3395 4437 θΔΥῘξΙθηῑθξ
3510 4323 3780 4437 Suilii“?

513 4432 654 4502 quod
691 4433 809 4505 agis
845 4452 859 4489 :
900 4434 1206 4489 immeabile
1245 4442 1329 4491 est
1372 4435 1496 4500 iter,
1542 4436 1687 4505 quod
1727 4449 1904 4492 novus
1946 4430 2089 4493 nunc

513 4524 687 4578 viator
727 4524 1046 4594 ingrederis.
1086 4526 1133 4579 Δ
1161 4540 1248 4580 me
1272 4525 1432 4596 plane
1469 4524 1675 4594 jussus,
1712 4527 1820 4582 imo
1849 4537 2088 4597 rogatus,

513 4622 567 4667 et
604 4628 635 4667 a
675 4612 933 4670 fratribus
971 4613 1336 4671 indiﬂ'erenter
1371 4616 1606 4684 electus,
1643 4617 1813 4674 eremi
1851 4618 2088 4689 regimen

513 4704 797 4774 suscepisti
833 4722 847 4758 :
878 4719 942 4760 ac
967 4705 1308 4775 postmodum
1345 4716 1601 4778 tanquam
1629 4723 1774 4780 aeger
1796 4717 1853 4764 et
1876 4708 2087 4781 langui-

514 4793 637 4857 dus,
668 4795 937 4865 tantisque
984 4804 1036 4850 te
1080 4794 1671 4866 laboribusimparem'
1698 4813 1967 4865 asserens,
1997 4815 2088 4854 su-

515 4882 849 4951 perimpositi
878 4885 1060 4940 oneris
1104 4884 1375 4941 sarcinam
1406 4887 1670 4955 abjecisti.
1717 4887 1867 4943 Nunc
1911 4897 2089 4943 autem

521 4969 660 5049 alibi
696 4982 881 5033 rector,
915 4975 1156 5040 effectus,
1193 4977 1470 5032 evidenter
1510 4979 1774 5045 ostendis,
1822 4980 1948 5050 quia
1991 4980 2093 5034 sub

520 5057 691 5113 aliena
731 5076 956 5116 censura
980 5072 1181 5120 tenere
1220 5066 1454 5137 regimen
1494 5069 1838 5137 dedignaris;
1889 5084 1959 5124 ne
2013 5069 2088 5123 νίς

521 5152 715 5208 delic‘ct
743 5157 843 5210 sub
865 5156 1038 5212 alieno
1068 5161 1283 5215 nomine
1323 5162 1556 5216 sobolem
1583 5177 1851 5233 procrees.
1883 5172 1939 5218 et
1966 5162 2089 5217 dum

2195 4417 2450 4474 cornibus
2504 4414 2763 4471 exaltare.
2809 4416 2868 4471 in
2927 4415 3085 4486 cujus
3128 4416 3273 4470 enim
3320 4415 3490 4471 corde
3533 4416 3777 4469 radicem

2195 4506 2444 4577 superbia
2468 4504 2668 4571 fixerit,
2692 4504 2818 4561 licet
2841 4504 3165 4576 quibusdam
3195 4505 3541 4575 superducta:
3562 4503 3779 4558 humili-

2196 4597 2325 4652 tatis
2355 4596 2644 4665 aliquando
2682 4594 2969 4651 bracteolis
3014 4595 3305 4659 coleretur,
3348 4608 3658 4663 nequaqum
3711 4603 3781 4647 ta-

2196 4701 2340 4751 men,
2369 4701 2439 4742 ne
2462 4685 2544 4740 vel
2569 4685 2798 4741 tenuiter
2819 4683 3009 4739 efﬂuat
3024 4699 3088 4739 ac
3111 4684 3343 4740 latenter
3383 4691 3660 4752 erumpat,
3687 4697 3781 4734 un.

2196 4779 2358 4848 dique
2420 4778 2723 4833 cohibetur.
2797 4777 3105 4845 Memento,
3136 4776 3373 4841 frater,
3436 4775 3598 4845 quia,
3653 4775 3781 4828 dum

2198 4867 2251 4922 in
2285 4868 2521 4938 capitulo
2550 4883 2716 4938 nuper
2765 4867 3024 4924 fratribus
3054 4870 3383 4932 consideres,
3418 4868 3470 4921 in
3504 4867 3653 4921 hanc
3683 4879 3776 4920 vo-

2197 4976 2313 5016 cem
2341 4961 2487 5015 velut
2509 4962 2815 5028 consulens,
2845 4961 3067 5032 erupisti
3099 4979 3111 5014 :
3141 4961 3520 5030 Estne,pater,
3552 4957 3779 5014 retribu-

2197 5054 2291 5117 tio,
2326 5054 2371 5107 si
2428 5054 2744 5109 solatiamur
2790 5054 3119 5110 monasterio
3148 5052 3557 5121 construendo?
3581 5050 3652 5105 Et
3680 5051 3778 5105 hoc

2198 5158 2304 5197 non
2333 5152 2390 5196 ut
2424 5144 2583 5214 scirpi
2616 5142 2833 5207 nodum,
2857 5160 2964 5212 quo
2989 5144 3126 5199 liber
3147 5154 3289 5210 erat,
3322 5143 3656 5204 absolveres.
3684 5141 3778 5196 sed
