3950 5344
103 186 234 242 ’589

1307 162 1508 222 LIBER
1549 161 1844 233 SEXTUS,
1872 169 2088 226 EPIST.
2114 170 2206 226 IX.

3281 181 3385 238 590

105 305 298 361 decim
331 299 401 354 ibi
426 296 586 368 pallia
617 291 902 348 munificus
923 288 1132 344 obtulit.
1165 286 1302 355 Quid
1331 286 1474 341 enim
1508 285 1573 339 ad
1607 299 1702 338 uos
1733 286 1781 346 Α
1807 300 1966 355 quam
1999 301 2146 342 mera
2198 284 2284 342 vel
2315 285 2741 344 incontaminata
2796 291 3038 360 procedit
3089 292 3384 352 humilitas.

107 396 169 447 in
235 402 337 445 tam
376 385 601 441 terribili
635 383 751 437 loco
783 380 864 434 vel
907 379 1034 448 quid
1068 387 1192 431 tuus
1245 375 1500 430 obtulerit
1536 374 1701 426 frater

108 481 333 541 audire.
405 478 487 532 vel
539 479 710 546 ipsum
763 472 1049 528 oblationis
1078 470 1340 526 calculum
1387 477 1701 538 supputare,

113 574 239 628 nisi
269 572 471 626 tantum
499 578 558 622 ut
587 577 641 622 tu
671 578 962 638 generosus
990 571 1149 633 atque
1179 561 1422 616 sublimis
1455 560 1504 612 in
1535 558 1704 613 fratre

113 673 180 719 et
227 662 386 718 frater
434 669 557 714 tuus
607 658 881 713 videretur
917 653 1201 725 opulentus
1251 667 1314 706 ac
1364 648 1600 704 liberalis
1651 655 1705 703 tu

114 770 354 811 munere
379 747 402 806 ?

200 845 451 914 Ejusdem
485 848 697 911 Quoque
733 843 959 892 moneta:
990 834 1090 889 fuit
1129 842 1185 888 et
1213 831 1341 887 illud
1363 830 1506 900 quod
1543 828 1706 898 paulo

119 948 257 1009 post
307 935 573 990 fabricatis
627 929 910 985 addidisti:
953 927 1120 981 frater
1171 939 1322 978 meus
1385 921 1504 976 talis
1559 919 1708 974 Vassi

123 1035 351 1088 unicam
411 1029 577 1083 filiam
635 1022 851 1080 sibimet
899 1022 951 1076 in
999 1016 1345 1073 matrimonio
1394 1012 1704 1083 copulavit;

126 1135 299 1194 atque
321 1122 458 1176 illico
482 1115 762 1174 subdidisti
789 1130 804 1168 :
835 1111 1072 1174 unicam,
1101 1109 1342 1177 inquam,
1366 1103 1524 1159 aliam
1555 1101 1711 1172 quip-

127 1193 432 1288 peiV'assus
466 1211 553 1266 ille
577 1206 814 1263 sobolem
856 1214 964 1257 non
1011 1200 1247 1255 habebat
1295 1205 1374 1260 ut,
1407 1193 1510 1249 nisi
1542 1193 1712 1262 pudor

127 1321 232 1361 ora
265 1291 591 1359 suffunderct
619 1292 1056 1366 deprehendique
1097 1289 1341 1350 timeres,
1368 1298 1710 1351 consequen-

131 1409 219 1452 ter
237 1395 511 1462 adjiceres,
543 1390 586 1445 si
619 1386 863 1458 spirituum
888 1399 994 1454 quo
1022 1395 1176 1436 mens
1203 1377 1456 1448 surgebat
1480 1373 1709 1438 elllares,

127 1495 310 1555 neque
333 1483 473 1536 enim
526 1478 615 1532 ille
646 1473 804 1530 dotali
828 1472 929 1528 sibi
956 1487 1074 1526 eam
1097 1469 1219 1540 jure
1259 1467 1634 1537 coniungeret,
1665 1462 1710 1516 si

129 1581 185 1632 in
224 1552 574 1631 successione
627 1575 906 1637 parentmn
961 1560 1271 1618 cohmredes
1299 1557 1545 1612 haberet.
1602 1552 1713 1606 lloc

1805 375 1871 432 Et
1899 378 2037 432 sicut
2063 377 2242 432 radice
2271 376 2418 444 lzesa,
2447 378 2613 433 totius
2650 380 2859 436 arboris
2883 383 3017 437 rami
3041 399 3382 454 consequen-

1808 476 1892 523 ter
1916 479 2192 536 arescunt,
2211 471 2291 527 sic
2310 485 2378 524 ex
2398 479 2577 525 mente
2599 472 2848 542 superba,
2883 472 2925 527 si
2955 474 3082 542 quid
3109 475 3234 528 boni
3263 491 3391 546 0pc-

1805 559 1883 614 ris
1907 560 1974 614 ad
2007 567 2215 630 tempus
2243 559 2510 615 virescere
2531 553 2792 624 cernitur,
2833 560 2975 615 velut
3007 561 3232 617 humore
3258 579 3393 618 eou-

1806 651 1961 706 vallis
1991 653 2275 715 exhausto,
2310 652 2362 706 in
2389 653 2643 723 praerupti
2701 653 2815 706 saxi
2844 651 3094 707 ariditate
3123 654 3384 708 siccatur.

1813 758 1833 792 ‹
1865 740 2084 796 Reversi
2121 751 2247 796 sunt
2272 750 2474 809 autem,
2499 753 2558 796 ut
2579 741 2752 796 Lucas
2781 742 3109 810 evangelista
3139 751 3390 807 testatur,

1809 833 2146 904 septuaginta
2162 834 2267 888 duo
2283 849 2403 888 cum
2420 833 2614 905 gaudio
2636 834 2879 888 dicentes
2901 851 2914 887 :
2949 833 3195 900 Domine,
3226 835 3390 890 etiam

1811 924 2070 978 dzcmonia
2086 923 2445 991 subjiciuntur
2467 923 2622 977 nobis
2653 923 2706 976 in
2721 925 2939 978 nomine
2961 933 3050 978 tuo
3077 924 3289 994 (Luc.x
3305 931 3346 993 ).
3367 945 3386 974 ι

1811 1015 1948 1082 Quid
1969 1015 2036 1069 ad
2067 1015 2180 1069 haec
2203 1014 2310 1076 ille.
2347 1014 2440 1084 qui
2471 1015 2648 1069 cordis
2670 1016 2900 1070 attendit
2929 1031 3390 1086 arcana,respon-

1812 1107 1931 1160 dit?
1964 1126 1982 1157 ι
2023 1105 2313 1170 Videbam,
2384 1107 2580 1175 inquit,
2615 1108 2868 1161 Satanam
2931 1109 3072 1162 sicut
3120 1108 3300 1178 fulgur
3328 1111 3395 1164 de

1813 1197 1950 1252 coelo
1978 1197 2257 1251 cadentem
2313 1195 2557 1266 (Ibid.).
2602 1216 2619 1246 ι
2650 1196 2728 1250 Ae
2777 1197 2821 1251 si
2872 1198 3046 1252 dicat:
3082 1198 3293 1263 Videte,
3330 1214 3398 1253 ne

1813 1288 1938 1343 dum
1969 1288 2220 1358 nequitia:
2270 1287 2494 1356 spiritus
2539 1288 2733 1343 vestris
2780 1289 3086 1342 subduntur
3131 1290 3394 1360 imperiis,

1813 1387 2022 1433 mentes
2049 1388 2236 1433 vestra:
2267 1377 2398 1446 jugo
2427 1388 2746 1448 premantur
2769 1379 3036 1434 elationis.
3070 1380 3204 1447 Quia
3230 1381 3397 1436 si.Sa-

1815 1481 1968 1525 tanas
1993 1487 2086 1540 per
2112 1472 2417 1540 superbiam
2462 1471 2659 1526 ccelum
2709 1472 2944 1542 perdidit
2984 1473 3134 1542 quod
3179 1473 3398 1528 tenebat

1819 1562 1978 1613 homo
2019 1561 2338 1630 superbiens
2387 1575 2725 1630 nequaquam
2770 1561 2911 1615 valet
2964 1563 3208 1617 invenire
3255 1565 3400 1634 quod

129 1684 299 1740 porro
328 1664 506 1718 verbis
529 1636 639 1715 non
663 1656 1002 1727 expressisti,
1033 1653 1126 1709 sed
1158 1657 1409 1706 accurate
1438 1645 1612 1708 nobis,
1646 1652 1706 1698 ut
1739 1636 1784 1695 Β
1812 1657 2012 1719 δραι-ει,

128 1733 679 1824 subintelligeremus,
721 1746 1061 1816 perspicuum
1106 1738 1393 1810 reliquisti.
1439 1733 1710 1803 Quidquid

133 1857 310 1904 autem
349 1848 508 1899 homo
561 1856 660 1910 per
689 1837 836 1892 horis
866 1846 1125 1904 organum
1155 1835 1386 1901 promat,
1443 1833 1713 1881 scrutator

133 1955 322 1996 renum
380 1939 522 1991 Deus
562 1930 736 2004 (Psal.
767 1932 886 1996 vn).
945 1923 1140 1978 mentis
1195 1923 1456 1976 duntaxat
1514 1930 1710 1971 arcana

135 2033 475 2094 considerat,
515 2035 571 2082 et
598 2024 820 2079 auribus
846 2017 1043 2074 occulti
1073 2013 1270 2085 iudicis
1297 2026 1402 2066 non
1433 2019 1540 2064 tam
1571 2017 1712 2062 stre-

141 2111 280 2193 pitus
316 2123 466 2175 vocis
521 2132 685 2187 quam
717 2112 920 2166 clamor
949 2109 1167 2163 insonat
1199 2103 1400 2160 cordis.
1447 2099 1582 2154 llinc
1609 2106 1714 2162 est,

141 2189 278 2284 quod
329 2229 423 2283 ρει·
480 2193 810 2276 Prophetam
865 2201 1091 2255 dicitur:
1156 2215 1174 2248 ι
1205 2192 1484 2250 Desideria
1538 2189 1718 2246 cordis

140 2282 627 2361 eorumcxaudivit
681 2294 827 2350 auris
869 2301 958 2345 tua
1009 2287 1184 2360 (Paul.
1242 2287 1380 2356 tx).r
1434 2282 1570 2337 llinc
1610 2289 1713 2346 est,

141 2398 276 2468 quod
303 2395 370 2449 de
406 2391 642 2463 superbo
679 2383 1177 2442 Nabuchodonosor
1209 2393 1340 2449 rege
1384 2375 1571 2432 Daniel
1599 2374 1714 2428 ait:

148 2465 174 2540 i
201 2485 662 2556 ReSpondensque
692 2494 788 2533 rex
818 2475 894 2530 ait
925 2493 938 2528 :
979 2473 1166 2528 Nonne
1199 2473 1314 2525 ιιωο
1351 2479 1437 2523 est
1482 2465 1719 2537 Babylon

143 2595 350 2649 magna,
377 2588 539 2645 quam
570 2584 670 2641 ego
695 2564 954 2622 mdificavi
983 2564 1036 2618 in
1067 2563 1229 2616 domo
1255 2557 1405 2629 regni
1434 2557 1487 2612 in
1525 2557 1720 2610 robore

146 2646 469 2723 fortitudinis
496 2676 652 2723 meae,
670 2657 788 2713 etin
804 2656 972 2726 gloria
997 2652 1211 2709 decoris
1227 2649 1367 2706 mei?
1386 2667 1404 2700 ι
1429 2647 1591 2718 (Dan.
1621 2646 1720 2714 tv.)

145 2760 260 2823 Cui,
290 2772 443 2826 rogo,
475 2761 734 2808 ventosus
757 2759 812 2802 et
865 2759 1124 2813 arrogans
1154 2742 1256 2796 iste
1303 2737 1586 2809 respondit
1621 2751 1720 2805 per

145 2852 304 2907 verba
343 2845 565 2919 prolala:
621 2839 907 2911 superbiae,
960 2836 1064 2890 nisi
1112 2833 1330 2889 tumida:
1381 2827 1720 2900 cogitationi,

147 2961 261 3014 qua:
294 2941 555 3009 anteiam
585 2933 984 2991 vociferabatur
1013 2931 1064 2983 in
1113 2925 1330 2982 urente?
1358 2923 1489 2978 Nam
1515 2929 1569 2974 et
1596 2935 1720 2988 per-

150 3012 363 3090 ditionis
391 3034 481 3088 ille
497 3029 743 3100 spiritus,
771 3027 861 3093 qui
892 3024 1091 3077 dixisse
1118 3019 1315 3090 legitur
1345 3034 1358 3069 :
1389 3033 1407 3064 ι
1442 3014 1497 3068 ln
1526 3012 1720 3066 caelum

151 3126 525 3185 conscendam,
542 3134 703 3188 super
725 3127 868 3170 astra
892 3114 1012 3169 οωιί
1041 3109 1289 3166 exaltabo
1305 3106 1498 3160 solium
1522 3118 1721 3162 meum,

152 3219 337 3272 sedebo
358 3212 588 3285 195m
612 3217 796 3263 monte
827 3201 1154 3265 testamenti,
1189 3200 1242 3254 in
1283 3193 1540 3252 lateribus
1571 3193 1727 3262 aqui-

161 3311 312 3372 lonis,
331 3284 624 3361 ascendam
654 3315 815 3370 super
841 3294 1176 3350 altitudinem
1204 3289 1445 3352 nubium,
1471 3284 1730 3340 etsimilis

151 3395 559 3464 eroAltissimo(
579 3393 689 3446 Isa.
720 3391 862 3458 xiv),
891 3407 909 3438 ι
942 3396 1279 3454 nequaquam
1302 3378 1585 3433 hzeelabiis
1601 3390 1728 3445 pro-

153 3489 287 3552 tulit,
322 3486 576 3542 nimirum
621 3480 712 3551 qui
741 3491 904 3534 carne
931 3490 1036 3530 non
1068 3474 1282 3542 tegitur.
1315 3469 1408 3524 sed
1438 3468 1491 3521 in
1521 3465 1726 3536 cogita-

151 3581 349 3636 tionem
371 3573 692 3644 sacrilegam
725 3579 988 3642 tyrannus
1016 3565 1211 3634 erupit.
1247 3562 1302 3617 Si
1331 3575 1461 3629 ergo
1485 3557 1730 3613 sublimis

153 3674 233 3729 ille
261 3670 487 3742 angelus
518 3666 721 3723 idcirco
749 3656 1238 3729 irrecuperabiliter
1263 3651 1446 3723 periit,
1466 3665 1570 3702 non
1603 3648 1727 3716 quia

153 3739 744 3818 contra‘universitatis
765 3759 1042 3805 auctorem
1075 3743 1298 3816 protulit
1326 3739 1580 3811 quaelibet
1603 3753 1729 3806 pra-

154 3867 229 3917 va,
248 3849 342 3905 vel
366 3847 515 3911 fecit,
540 3843 635 3899 sed
669 3850 874 3896 tantum
898 3839 1022 3908 quia
1052 3851 1148 3904 per
1179 3832 1472 3903 nequitiam
1519 3829 1728 3898 cogita-

155 3942 305 3997 tionis
343 3935 620 3999 intumuit,
671 3931 798 4001 quid
831 3929 988 3984 nobis
1046 3925 1267 3996 prodest
1297 3922 1348 3975 in
1383 3918 1726 3975 vestimento.

154 4031 416 4088 velverbo
443 4041 543 4081 nos
571 4023 720 4079 velut
772 4020 1004 4074 humiles
1055 4013 1233 4083 dejici,
1296 4012 1442 4065 intus
1495 4021 1623 4061 vero
1662 4007 1730 4060 de

156 4133 472 4191 proavorum
504 4113 697 4175 titulis,
724 4110 808 4164 vel
838 4109 978 4162 fastu
1009 4104 1286 4174 sapientiae
1329 4097 1622 4169 singularis
1643 4113 1730 4150 su-

156 4189 237 4278 per
267 4220 505 4265 caeteros
539 4211 862 4273 arr‘oganter
914 4197 1135 4253 extolli?
1193 4193 1428 4248 Nitimur
1457 4189 1732 4245 humiliter

1885 1761 2044 1815 Certe
2072 1773 2192 1814 cum
2233 1757 2367 1813 Joab
2411 1767 2603 1814 contra
2647 1759 2896 1815 Raboatb
2941 1775 3122 1831 regem
3169 1762 3402 1816 Ammon

1817 1851 2035 1906 robuste
2065 1848 2379 1920 conﬂigeret
2397 1851 2694 1920 urbemque
2722 1853 2924 1922 regiam
2979 1852 3262 1907 obsidione
3286 1854 3401 1906 val-

1816 1941 1974 2005 laret,
2001 1940 2220 1994 nuntios
2247 1940 2313 1993 ad
2342 1939 2518 1995 David
2543 1941 2776 2005 ordinat,
2819 1957 3074 2012 eumque,
3099 1951 3158 1996 ut
3179 1945 3404 1998 veniens

1818 2031 2096 2085 victoriam
2121 2030 2174 2084 in
2219 2045 2375 2085 suum
2405 2031 2699 2088 transferat
2730 2047 2950 2099 nomen,
2991 2035 3222 2089 invitat:
3257 2054 3274 2085 ι
3314 2034 3404 2089 Di—

1820 2119 2038 2182 micavi,
2071 2118 2266 2188 inquit,
2319 2121 2607 2175 adversum
2656 2121 2928 2186 Raboath,
2957 2131 3014 2176 et
3033 2123 3292 2192 capienda
3320 2133 3407 2179 est

1821 2210 1949 2264 urbs
1970 2209 2269 2280 Aquarum.
2302 2207 2457 2264 Nune
2488 2210 2655 2281 igitur
2681 2224 2949 2280 congrega
2981 2211 3248 2282 reliquam
3286 2227 3409 2281 par-

1823 2310 1928 2354 tem
1951 2299 2152 2369 populi,
2182 2307 2235 2354 et
2256 2298 2444 2354 obside
2465 2299 2738 2354 civitatem
2770 2307 2827 2355 et
2851 2314 2984 2368 cape
3016 2315 3163 2366 eam,
3188 2315 3256 2356 ne
3280 2314 3406 2355 cum

1821 2411 1850 2448 a
1881 2410 1966 2450 me
1992 2403 2198 2448 vastata
2228 2393 2391 2448 fuerit
2416 2393 2564 2456 urbs,
2589 2395 2790 2448 nomini
2817 2409 2936 2448 meo
2965 2393 3275 2448 ascribatur
3299 2393 3412 2448 vic-

1823 2485 1956 2539 toria
1981 2486 1999 2554 (
2020 2483 2079 2536 ll
2109 2483 2238 2558 Reg.
2257 2483 2391 2552 xu).
2426 2501 2445 2535 ι
2484 2482 2732 2538 Militaris
2759 2483 2920 2538 homo
2942 2485 3010 2539 ad
3065 2484 3260 2554 regalis
3287 2485 3406 2554 glo-

1824 2579 1915 2632 riae
1930 2576 2129 2630 famam
2154 2576 2350 2644 gaudet
2372 2575 2455 2628 sui
2483 2575 2686 2629 laboris
2710 2575 3010 2630 transferre
3033 2577 3340 2642 victoriam,
3355 2585 3411 2631 et

1823 2687 2012 2728 servus
2036 2670 2129 2724 Dei
2159 2669 2212 2722 in
2245 2669 2497 2738 regendis
2525 2667 2786 2722 fratribus
2815 2669 3136 2737 praeceptori
3181 2684 3281 2724 suo
3311 2670 3407 2724 de-

1825 2766 2076 2834 dignatur
2097 2762 2409 2832 impendere
2423 2760 2772 2815 clientelam?
2799 2759 3038 2816 Herodes
3056 2769 3112 2815 et
3132 2759 3417 2830 Philippus

1826 2857 1988 2910 urbes
2011 2855 2228 2924 proprio
2257 2853 2441 2908 labore
2470 2861 2836 2917 constructas,
2867 2853 2932 2906 ad
2949 2854 3232 2917 honorem,
3265 2854 3409 2908 alter

1826 2944 2075 3014 Augusti.
2110 2943 2247 2997 alter
2267 2941 2309 2995 Τ
2315 2942 2485 3002 iberii.
2503 2943 2780 2997 (itesareas
2800 2941 3137 3010 appellarunt
3161 2941 3411 3010 (Josem.

1829 3036 1920 3090 lib.
1954 3051 1991 3099 ι,
2022 3051 2074 3090 e.
2103 3035 2185 3098 lt),
2213 3033 2288 3087 De
2313 3033 2444 3087 bello
2460 3033 2617 3098 Jud.,
2646 3033 2984 3095 etlib.xvm.
3015 3049 3064 3088 c.
3095 3033 3150 3099 3,
3175 3020 3353 3106 Antiq.
3371 3039 3410 3107 )z

1827 3135 1882 3180 et
1915 3141 2033 3190 nos,
2059 3125 2151 3194 qui
2176 3123 2300 3178 vita:
2340 3122 2498 3192 hujus
2528 3137 2778 3193 pompam
2811 3121 3128 3191 abiecimus,
3160 3124 3270 3179 imo
3317 3125 3411 3194 qui

1826 3216 2026 3270 mundo
2057 3229 2154 3270 nos
2200 3223 2444 3268 mortuos
2469 3212 2588 3268 fore
2612 3213 2940 3282 juravimus,
2995 3215 3119 3268 vani
3176 3217 3414 3270 nominis

1827 3307 2083 3380 gloriolas
2111 3308 2585 3377 concupiscimus,
2621 3315 2695 3364 .et
2729 3307 2798 3362 de
2835 3306 3156 3362 ramusculis
3201 3306 3438 3363 frivola:-

1829 3399 2003 3456 laudis
2075 3397 2347 3454 inﬂamur.
2402 3396 2568 3462 Cave,
2624 3395 2814 3462 frater,
2876 3411 2944 3452 ne
2991 3412 3111 3467 quae
3165 3397 3416 3464 dicimus,

1831 3506 1984 3546 mens
2043 3499 2130 3545 tua
2216 3488 2454 3557 graviter
2520 3488 2680 3552 ferat,
2749 3502 2819 3541 ne
2884 3487 2986 3542 sub
3058 3489 3419 3557 correptionis

1835 3583 1993 3653 195
2024 3582 2214 3636 malleo
2251 3577 2552 3652 pulvefacta
2584 3579 2849 3642 dissiliat;
2885 3585 2940 3631 et
2977 3577 3081 3631 hoc
3126 3591 3245 3632 esse
3272 3579 3418 3646 quod

1831 3674 2263 3744 reprehenditur,
2319 3686 2418 3740 per
2473 3671 2579 3725 hoc
2623 3669 2788 3724 etiam
2841 3667 3040 3722 clarius
3095 3667 3415 3722 innotescat.

1833 3769 2133 3822 Humanam
2168 3765 2363 3834 quippe
2399 3771 2636 3817 mentem
2670 3760 2924 3830 superbia
2953 3759 3181 3814 vitream
3219 3759 3418 3824 reddit,

1833 3869 1890 3913 ut
1921 3856 2281 3927 correptionis
2334 3855 2499 3908 ictum
2549 3867 2647 3922 per
2678 3850 3072 3921 impatientiam
3125 3848 3268 3904 ferre
3311 3864 3422 3904 non

1830 3950 2017 4020 possit.
2055 3947 2260 4001 Vitrum
2293 3960 2482 4014 nempe
2521 3944 2738 4007 dicitur,
2769 3942 2896 4010 quia
2927 3941 3044 3996 visu
3083 3948 3420 4010 penetratur,

1834 4052 1997 4112 atque
2027 4039 2145 4093 ideo
2174 4037 2216 4090 si
2249 4036 2411 4090 robur
2449 4035 2676 4089 haberet
2725 4031 3036 4096 soliditatis,
3066 4031 3280 4086 caeteris
3323 4045 3419 4101 po.

1836 4139 2013 4188 luerat
2053 4129 2292 4186 eminere
2335 4127 2592 4192 metallis;
2627 4126 2719 4181 sed
2760 4125 2886 4195 quia
2927 4123 3090 4180 citius
3131 4121 3418 4193 rumpitur,

1836 4224 1924 4278 vili
1965 4223 2138 4291 pretio
2168 4229 2402 4274 taxatur.
2436 4218 2509 4272 Ita
2538 4218 2628 4286 qui
2667 4217 2734 4271 ad
2765 4213 3124 4284 correptionis
3159 4213 3299 4267 ictus
3327 4227 3426 4280 per

157 4298 561 4371 loqui'humiles
581 4293 774 4350 videri'
801 4289 1074 4382 Evenaiur
1101 4303 1167 4340 ex
1199 4281 1540 4382 °°_“"?"f“’,‘
1570 4279 1729 4382 iw.“
1764 4323 1810 4380 D
1838 4279 2231 4382 impatientiam
2276 4279 2569 4377 frangitur,
2598 4307 2762 4361 etiam
2801 4305 2846 4360 sl
2883 4279 3096 4360 caeteris
3133 4279 3424 4356 virtutibus

159 4368 433 4462 superbiae,
483 4397 538 4442 et
566 4399 688 4440 mox
740 4381 908 4437 etiam
955 4378 998 4432 si
1028 4385 1214 4431 nostra
1244 4371 1383 4426 desit
1440 4368 1730 4430 industria,

158 4484 415 4538 videbitur
445 4476 727 4541 humilitas
758 4472 811 4526 in
844 4483 1117 4525 sermone.
1154 4465 1258 4520 Sed
1287 4463 1376 4517 ubi
1400 4462 1575 4533 liquor
1612 4474 1734 4513 acc-

157 4574 242 4628 scit
269 4575 328 4628 in
362 4577 579 4640 vegete,
624 4577 790 4620 suave
833 4561 1022 4614 vinum
1053 4558 1107 4611 in
1158 4553 1350 4625 poculo
1382 4551 1560 4606 nullus
1591 4549 1734 4604 valet

159 4664 380 4720 haurire.
422 4659 556 4727 Quis
605 4656 750 4710 enim
780 4653 846 4707 de
902 4649 1107 4704 furfure
1153 4645 1406 4702 conficiat
1443 4642 1735 4712 pollinem?

159 4754 268 4824 Quis
299 4757 368 4823 de
399 4768 539 4808 vena
571 4749 704 4805 ferri
738 4742 949 4816 argenti
976 4741 1206 4796 fabn’cet
1233 4735 1582 4792 claritatem?
1626 4732 1737 4787 luto

160 4823 208 4901 ut
227 4847 288 4904 ad
303 4843 690 4915 evangelicum
707 4847 1052 4892 recurramus
1076 4827 1404 4898 exemplum.
1425 4843 1443 4876 ι
1483 4823 1734 4892 Nunquid

163 4936 373 5008 oolligun
384 4913 491 4990 t'de
512 4930 690 5002 spinis
705 4925 968 4994 uvas,faut
981 4922 1044 4976 de
1062 4918 1272 4974 tribulis
1284 4915 1455 4990 licus?
1477 4934 1496 4966 δ
1516 4913 1730 4985 (Matth.

163 5003 293 5100 νἰι.)’⁷
326 5049 346 5075 ο
382 5025 506 5080 Non
561 5020 708 5075 enim
733 5059 748 5081 ,
791 5024 850 5070 ut
904 5011 1013 5067 illic
1061 5009 1327 5080 sequitur,
1360 5013 1541 5076 potest
1573 5003 1737 5058 arbor

165 5118 275 5180 mala
302 5119 525 5173 fructus
549 5111 716 5164 bonos
747 5109 924 5164 facere
954 5102 1126 5174 (Ibid.
1144 5102 1185 5173 ).
1216 5120 1234 5153 ι
1270 5100 1446 5155 Arbor
1483 5111 1615 5152 sane
1646 5111 1736 5149 vo-

163 5207 308 5265 luntas
351 5203 706 5272 intelligenda
758 5210 860 5263 est,
909 5210 1016 5250 non
1059 5207 1310 5264 persona.
1352 5191 1488 5244 Nam
1538 5188 1728 5241 eadem

165 5287 364 5344 ηρνέηηα
400 5296 647 5344 hmninis
674 5305 725 5344 el.
750 5297 887 5344 bona
915 5289 1130 5344 onerari
1161 5287 1304 5342 valet
1325 5295 1381 5341 et
1399 5281 1555 5344 mala,
1589 5283 1733 5337 sicut

1837 4406 2053 4476 palleat,
2105 4399 2669 4458 soliditatemsvirium
2719 4411 2778 4451 se
2829 4410 2935 4450 non
2963 4393 3166 4447 habere
3198 4392 3425 4444 demou-

1838 4502 1994 4549 strat.
2043 4491 2180 4546 Hinc
2206 4499 2309 4553 est,
2336 4487 2479 4557 quod
2526 4486 2592 4540 de
2637 4483 2868 4553 superba
2915 4479 3209 4535 Israelitica
3243 4477 3422 4549 plebe,

1837 4596 1892 4640 et
1920 4583 2266 4654 impatientia:
2293 4579 2484 4634 morbo
2509 4576 2812 4639 laborante,
2844 4587 2941 4642 per
2969 4571 3289 4641 prophetam
3321 4568 3426 4621 Do-

1838 4677 2020 4730 minus
2055 4673 2220 4728 dieit:
2255 4690 2273 4722 ‹
2308 4667 2472 4724 Versa
2507 4675 2590 4722 est
2619 4665 2753 4720 mihi
2783 4665 2976 4718 domus
3011 4658 3178 4714 Israel
3217 4658 3274 4712 in
3307 4670 3428 4711 sco-

1843 4767 1978 4821 riam
2008 4764 2223 4836 (Ezeclt.
2250 4759 2408 4830 χχιι).
2445 4779 2463 4812 ι
2498 4756 2688 4813 Scoria
2719 4755 2880 4826 plane
2909 4749 3114 4806 metalli
3145 4747 3430 4822 cujuslibet

1842 4859 1884 4912 si
1939 4855 2134 4911 malleo
2179 4852 2436 4908 tondente
2484 4849 2708 4915 feritur,
2751 4844 3000 4920 protinus
3049 4843 3104 4897 in
3154 4841 3434 4915 pulverem

1840 4948 2071 5004 contrita
2104 4945 2382 5016 redigitur.
2434 4942 2581 4998 Mens
2607 4942 2778 5012 igitur
2801 4947 2895 4993 tua
2924 4950 2993 4989 ne
3024 4949 3084 4989 se
3115 4949 3302 4992 coram
3331 4932 3441 4987 Do-

1843 5038 1990 5094 mino
2027 5037 2081 5092 in
2111 5036 2345 5092 sem-iam
2381 5038 2577 5090 vertat.
2613 5033 2810 5088 amica
2853 5024 3265 5092 redargutionis
3302 5023 3446 5076 ictus

1842 5137 2222 5210 aequanimiter
2272 5135 2432 5191 ferat.
2477 5131 2548 5188 Ut
2591 5145 2781 5195 autem
2830 5125 3121 5198 epistolam
3171 5123 3450 5185 sententia:

1837 5240 2269 5321 prornulgatione
2299 5236 2647 5303 concludam,
2685 5248 2783 5296 aut
2811 5230 2880 5288 ad
2922 5229 2975 5284 id
3003 5232 3150 5298 quod
3177 5225 3447 5302 sprevisti,
