3950 5344
595 183 693 239 591
1094 189 1151 244 S.
1195 191 1398 249 PETRI
1437 198 1720 256 DAMIANI
1759 203 1913 262 OPP.
1957 207 2137 266 PARS
2177 209 2307 270 SEU
2350 218 2586 280 TOMUS
2623 225 2665 281 Ι.
2701 256 2771 268 -—
2809 229 3026 289 EPIST.
3066 235 3193 294 LIB.
3239 242 3364 300 VIII.
3682 265 3759 324 392

593 297 866 366 fecundet,
893 309 987 356 aut
1015 317 1154 358 verte
1185 306 1504 366 humilitatis
1542 312 1769 399 abjectio
1798 333 1979 376 coram
2009 324 2165 378 obtu—
2191 324 2244 385 A

596 389 738 446 libus
767 391 1030 447 humiliati
1059 409 1156 464 pro
1186 405 1237 452 te
1265 391 1892 472 Redemptoris'exaltet.

1108 553 1109 556 η
1152 530 1486 590 EPISTOLA
1529 538 1594 592 X.

620 627 687 666 AD
725 625 1040 683 ΕΕΒΙΖΟΝΕΠ,
1085 635 1458 690 τιιεοΒΑιουΜ,
1489 642 1558 682 ετ
1589 644 1829 686 ,ΙΟΔΝΝΕΠ
1866 651 2122 695 ABBATES.

581 702 977 795 Aucunsaruu.
1003 739 1072 748 —
1100 709 1328 795 llttrnilis
1351 717 1630 795 .magister
1682 722 1908 795 injttngit
1934 730 2046 785 suis
2075 731 2160 786 di-

653 775 896 864 scipulis,
928 786 987 864 ut
1013 794 1133 848 quae
1161 780 1298 863 falso
1333 784 1398 840 de
1422 775 2159 864 Si:Joantlis'Baﬁtistt‘e-‘con-

649 844 789 926 cepti
811 844 898 900 die
921 844 1162 915 dixerat;
1189 853 1302 932 sive
1327 869 1447 923 qum
1468 857 1521 912 in
1551 859 1672 916 aliis
1701 844 2159 932 opuEE'diié'iiﬁve-

648 915 832 968 nerint
854 927 1056 980 errata,
1084 915 1377 993 corrigani.

2271 349 2433 419 igitur
2461 353 2516 408 in
2559 372 2654 412 ore
2699 359 2926 418 duorum
2982 366 3062 420 vel
3099 370 3258 425 trium
3308 379 3508 436 testium
3535 394 3624 444 stet
3642 404 3760 452 omne

2269 441 2492 496 verbum
2547 444 2739 515 (Deut.
2777 453 2912 521 xIx),
2966 456 3116 512 vobis
3159 461 3344 529 tribus,
3396 483 3519 537 quos

2265 531 2465 601 pollere
2494 539 2780 604 prudentia
2803 559 2908 599 non
2939 546 3126 617 ignoro
3166 551 3306 623 (Gal.
3340 531 3435 629 vt),
3464 562 3556 619 hoc
3577 531 3760 627 inedita:

2266 620 2425 677 tionis
2449 627 2685 682 studium
2707 646 2825 686 mea
2853 651 2983 692 voce
3005 620 3210 711 detego,
3239 653 3296 699 ut
3320 647 3363 701 si
3388 620 3508 718 quid
3552 620 3696 715 adhuc
3715 664 3754 718 in

2263 710 2368 769 ilis
2432 718 2702 786 reperitur
2764 729 3007 795 opusculi
3058 710 3201 800 quod
3249 751 3278 790 a
3337 710 3537 800 tramite
3571 751 3758 809 veritatis

2259 805 2552 874 exorbitet,
2581 825 2680 880 per
2703 829 2801 871 vos
2823 818 2888 872 ad
2914 835 3140 878 norman
3173 829 3500 891 rectitudinis
3535 839 3700 902 redeat.
3720 855 3758 899 et

2259 898 2325 951 ad
2357 899 2570 967 plenam
2622 907 2914 965 editionem
2947 929 3008 968 ac
3049 915 3261 987 legendi
3285 927 3634 986 auctoritatem
3658 933 3758 990 liber

2260 989 2346 1044 ille
2396 1008 2494 1062 per
2539 1000 2956 1060 examinationis
2999 1018 3196 1065 vestra:
3245 1013 3564 1086 diligentiam
3605 1039 3754 1081 conva-

645 1023 860 1081 Sanctis
891 1029 1176 1088 abbatibus
1203 1033 1482 1104 CEBlZONI,
1514 1048 1568 1094 et
1596 1039 1935 1113 Tusomwo,
1964 1046 2155 1108 Joanzvt
2257 1023 2451 1138 ίὲξοθῗ

650 1128 782 1138 Au---
813 1115 831 1138 1
857 1118 1077 1138 Δ...1.μν·
1156 1122 1168 1134 ο
1297 1124 1311 1138 ι
1410 1129 1423 1138 ι
1464 1129 1476 1138 -
1501 1127 1555 1138 ιιι
1607 1131 1619 1138 .
1723 1132 1773 1138 Α-
1832 1137 1840 1138 ,

571 1128 785 1184 quoque
813 1115 1100 1185 Laudeusi,
1153 1122 1262 1178 imo
1297 1124 1555 1183 laudabili
1605 1131 1662 1186 in
1714 1132 1934 1193 Christo
1967 1142 2149 1210 fratri,

569 1206 785 1262 Penus
805 1221 1058 1278 peccator
1081 1219 1376 1274 monachus
1401 1221 1738 1280 servitutem.

642 1298 859 1364 Noverit
885 1313 1070 1358 sancta
1112 1307 1348 1364 charitas
1371 1322 1574 1380 vestra,
1627 1316 1983 1388 dilectissimi,
2013 1340 2150 1396 quo-

567 1389 713 1443 niam
747 1391 997 1447 hesterna
1049 1395 1158 1461 die,
1189 1397 1315 1453 dum
1346 1403 1644 1459 meridiano
1670 1421 1862 1476 sopore
1883 1389 2151 1484 deprime-

569 1487 670 1545 rct,
701 1479 984 1536 videbatur
1010 1485 1143 1540 mihi
1174 1489 1392 1556 quodin
1421 1493 1637 1564 navigio
1651 1479 1994 1567 constitutus,
2025 1519 2149 1572 par—
2741 1493 3146 1556 EPISTOLA
3195 1503 3328 1561 ΧΠ·

563 1578 671 1625 tem
702 1572 848 1640 libri,
871 1591 1032 1646 quem
1061 1579 1176 1650 ipse
1220 1583 1569 1655 dictaveram,
1603 1605 1713 1659 praa
1760 1597 2008 1654 manibus
2043 1600 2142 1655 ha-
2804 1602 2871 1641 an
2907 1607 2951 1644 ,ιι
2991 1608 3257 1651 Αευλτειι.
3592 1693 3602 1704 ⁸

563 1663 765 1714 berem-
789 1667 1101 1714 eisdemmm
1126 1675 1334 1714 nnainm
1357 1695 1462 1714 nnn
1481 1681 1660 1714 m:nno
1684 1699 1844 1714 tu“...
1864 1690 1992 1714 ...ξμς
2021 1706 2113 1714 __-
2175 1669 2218 1714 Π
2244 1663 2637 1714 ΑΒΩΙῙΙΙΕΝΨΙΥΙἊ
2669 1705 2740 1714 _..
2793 1678 2998 1714 Τιιοιιη-
3048 1699 3106 1714 οι.
3162 1687 3226 1714 ..ιι
3281 1689 3484 1714 -I.I.-.:-
3536 1709 3650 1714 ---μη
3673 1697 3682 1714 I

559 1663 765 1731 berem,
789 1667 1101 1740 eisdemque
1125 1675 1335 1745 paginis
1357 1695 1462 1734 non
1481 1681 1662 1738 minus
1683 1699 1845 1754 quam
1862 1690 1931 1742 mi
1941 1691 1992 1744 hi
2021 1706 2110 1761 pro

559 1752 706 1808 cellae
729 1753 959 1814 furentis
985 1760 1245 1816 impetum
1279 1766 1652 1816 formidarpm_
1696 1775 1940 1816 nnmmm
1972 1783 2108 1816 ..επις

2213 1663 2639 1727 ιΑιιςωιεΝτυπ.
2669 1705 2740 1718 —-
2793 1678 2998 1735 Tuetur
3047 1699 3106 1739 se
3160 1687 3228 1742 ab
3280 1689 3486 1746 abbatis
3529 1693 3750 1762 cujusdam

2315 1736 2740 1816 impugnatione,
2790 1751 2881 1816 qui
2926 1765 3250 1816 conquestus
3287 1769 3410 1814 erat
3459 1766 3750 1816 ouodmmm.

916 1758 928 1770 ·
987 1760 998 1772 ι
1428 1770 1439 1782 -
1699 1752 1712 1754 “
2013 1752 2036 1794 .'
2096 1783 2108 1796 .
2315 1752 2740 1810 Impugnatione,
2790 1752 2881 1817 qui
2926 1765 3250 1822 conquestus
3287 1769 3410 1814 erat
3459 1752 3750 1831 quod'moua;

559 1752 706 1808 cellae
729 1753 959 1814 furentis
985 1773 1245 1832 impetum
1278 1766 1654 1828 formidarem.
1696 1775 1940 1850 Cumque
1972 1798 2141 1840 mmts
2311 1809 2468 1861 chum
2503 1825 2566 1865 ex
2594 1830 2692 1868 suo
2720 1825 3048 1875 mnmswri”
3094 1840 3391 1894 egressum.
3418 1843 3588 1886 contra
3615 1839 3746 1890 smmi

559 1847 821 1894 attonitus
871 1849 1312 1894 imminpnlimnn
1349 1861 1680 1894 Λῖρηηξωιηξ..
1739 1868 1963 1894 ιη...-.---
2013 1889 2103 1894 --μ
2312 1877 2374 1894 ιι.
2476 1880 2506 1894 ..
2552 1884 2581 1894 ..
2775 1887 2784 1894 .

1853 1847 1869 1850 _
2312 1847 2468 1861 cm...-
2503 1847 2566 1865 ιλ
2594 1847 2692 1868 altu
2721 1847 3048 1875 unruuauzrm
3094 1847 3391 1894 egressum,
3418 1847 3588 1886 contra
3615 1847 3746 1890 Sﬂttt‘ll

509 1887 511 1889 .
557 1847 821 1902 attonitus
869 1849 1312 1927 imminentisque
1349 1861 1683 1922 discriminis
1736 1868 1966 1926 horrore
2007 1889 2141 1928 con-
2311 1877 2596 1973 Benedicti
2639 1887 2876 1973 regulam
2931 1895 3236 1973 recepisset.
3285 1897 3526 1973 Ostendit
3554 1905 3691 1973 igitur
3725 1923 3746 1959 a

554 1936 774 1973 clrinina
815 1945 1088 1973 ηΛιυι-ηιοὲη
1114 1962 1314 1973 -υι-Α--
1337 1951 1560 1973 --εΑ---νι
1595 1972 1624 1973 κν
1748 1959 1760 1970 ⁹
1873 1963 1884 1973 ⁸
1950 1963 1977 1973 ¹“
2311 1958 2493 1973 ““”““.Α
2607 1969 2657 1973 ﬂ“
2679 1971 2692 1973 Δ
2745 1972 2748 1973 ν

554 1936 792 2002 strictus,
815 1945 1092 2000 concussis
1114 1962 1316 2017 pavore
1337 1951 1658 2024 visceribus,
1689 1959 1915 2016 minacis
1944 1963 2141 2021 fluctus

2807 1179 3140 1248 EPISTOLA
3176 1189 3269 1250 XI.

2397 1277 2464 1319 ΔΙ)
2493 1281 2729 1327 JOANNEII
2779 1289 3118 1348 LAUDENSEI,
3170 1299 3476 1346 οιεοιρυιωι
3516 1309 3650 1351 SUUI.

2411 1357 2675 1428 (Habetur
2704 1374 2827 1422 tam.
2848 1369 2948 1440 .lll,
2989 1384 3163 1443 estque
3208 1383 3510 1447 opusculum
3539 1387 3638 1458 44.)

2310 1958 2498 2004 sancto
2556 1951 2846 2032 B_enedi_cto
2891 1975 2993 2014 non
3048 1951 3319 2032 prohiberi
3373 1951 3661 2026 monachum
3701 1991 3747 2028 ex

2311 2023 2640 2077 monasterio
2701 2027 2782 2112 ad.
2833 2023 3072 2086 eremtnn
3140 2037 3402 2112 transire,
3467 2023 3745 2112 sed—"potius

2307 2101 2374 2140 cx
2416 2105 2522 2172 uno
2572 2095 2820 2175 cmnobio
2869 2113 3164 2169 egrchum,
3214 2105 3265 2179 i_n
3315 2095 3420 2179 alio
3463 2095 3631 2179 recipi,
3668 2115 3746 2166 imo

2305 2161 2639 2241 eretniticam
2665 2166 2828 2220 vitam
2846 2161 3099 2238 tanquam
3124 2161 3584 2241 perfectiorem'ab
3601 2161 3746 2236 codem

2303 2226 2592 2294 plurimum
2647 2226 3034 2322 commendari,
3211 2249 3512 2322 monachis,
3559 2251 3633 2320 (si
3677 2254 3745 2322 qui

2304 2304 2483 2354 tamen
2514 2316 2740 2372 capaces
2769 2308 2915 2380 sunt)
2944 2311 3148 2364 consuli
3174 2317 3387 2382 probat.

2304 2411 2461 2483 197
2500 2413 2704 2470 Domno
2732 2415 2780 2470 J.
2805 2421 3096 2475 venerabili
3127 2423 3334 2489 abbati,
3368 2424 3571 2482 PETRUS
3596 2443 3744 2497 pecca-

557 2025 898 2097 naufragium
987 2035 1462 2108 pertimescerem,
1511 2047 1823 2114 repentinus
1875 2054 2140 2109 undarum

552 2121 1369 2197 :estusvehementerintumuit,
1385 2136 1763 2204 nequelibrum
1781 2156 1941 2197 manu
1957 2153 2139 2200 tenen-

548 2213 655 2259 tem
683 2224 808 2264 cum
843 2212 979 2280 ipsa,
1006 2215 1092 2271 cui
1117 2226 1249 2275 tunc
1279 2221 1509 2291 ineram,
1547 2237 1665 2283 rate
1687 2230 1969 2289 demersit.
2013 2236 2134 2292 Mox

547 2312 896 2369 experrectus
918 2310 1222 2380 recogitare
1245 2317 1385 2385 coepi
1410 2327 1465 2371 et
1491 2320 1719 2376 solerter
1751 2325 1801 2378 in
1838 2337 2019 2383 mente
2041 2345 2130 2386 re-

546 2391 763 2447 volvere
784 2397 910 2464 quid
925 2403 1166 2470 mysterii
1193 2418 1281 2460 res
1311 2407 1555 2476 haberet,
1584 2414 1710 2482 quid
1736 2415 1968 2486 denique
1998 2421 2130 2476 visio

544 2482 644 2537 ista
676 2490 1049 2554 portenderet.
1086 2494 1260 2553 Hodie
1312 2514 1441 2556 vero
1495 2503 1669 2574 ipsum
1721 2509 1856 2564 mihi
1897 2493 2128 2569 sollicite

541 2577 848 2645 meditanti,
881 2585 1104 2652 epistola
1133 2588 1241 2654 illa,
1277 2591 1390 2664 (96)
1414 2593 1466 2649 in
1497 2612 1600 2666 qua
1642 2598 1708 2652 de
1755 2609 1878 2656 octo
1914 2601 2126 2661 Veteris

537 2661 867 2724 Testamenti
895 2661 1448 2739 festivitatibuset'de
1496 2661 1557 2740 ἑ.
1603 2687 1827 2746 Joannis
1869 2692 2124 2762 Baptista

534 2759 880 2824 generatione
908 2762 1185 2832 loquebar,
1203 2773 1473 2838 occurrit;
1503 2783 1553 2830 et
1582 2793 1704 2832 mox
1733 2787 1988 2851 tanquam
2007 2799 2123 2839 ma—

532 2844 636 2898 rini
651 2845 843 2904 ﬂuctus
859 2850 1158 2922 inundatio,
1173 2873 1372 2929 vorago
1385 2878 1470 2917 me
1486 2865 1649 2920 subiti
1665 2871 1916 2924 maeroris
1931 2871 2120 2927 absor-

530 2934 758 2990 buit.-lbi
776 2953 860 2992 me
876 2941 1155 3008 nimirum,
1183 2946 1375 3015 fateor,
1396 2966 1614 3009 errasse
1637 2961 1900 3028 comperi,
1918 2972 1972 3017 et
1989 2963 2115 3018 insi-

2229 2511 2313 2557 tor
2339 2505 2634 2559 monachus
2661 2505 3043 2565 sincerissimze
3069 2511 3359 2568 charitatis
3393 2516 3641 2572 allectum.

2297 2592 2611 2650 Sanctitatis
2654 2607 2848 2652 vestrae
2895 2598 3123 2667 litteras,
3157 2601 3383 2658 colende
3416 2605 3582 2670 Pater,
3626 2607 3746 2674 digna

2222 2681 2507 2738 devotione
2553 2687 2928 2756 suscepimus,
2979 2691 3174 2760 quibus
3219 2693 3384 2748 etiam
3438 2705 3585 2765 prout
3625 2711 3748 2751 causa

2221 2771 2521 2838 dictaverit,
2546 2774 2784 2831 breviter
2809 2781 3210 2849 respondemus.
3257 2782 3589 2843 Succensetis
3620 2787 3744 2848 enim,

2220 2875 2284 2916 ac
2320 2875 2416 2916 nos
2444 2875 2841 2932 conquerentes
2886 2870 3135 2938 arguitis,
3185 2873 3311 2942 quia
3368 2891 3474 2930 non
3521 2877 3750 2932 debuimus

2221 2958 2430 3006 vestros
2467 2955 2766 3010 monachos
2802 2958 2854 3011 in
2885 2973 3090 3026 eremo,
3120 2971 3311 3018 contra
3339 2963 3398 3018 Β.
3419 2965 3478 3019 Ρ.
3501 2965 3650 3021 nostri
3673 2964 3747 3017 Be-

527 3022 984 3090 pienterlocutum
1003 3033 1532 3106 196atqueasanae
1556 3009 1922 3116 intelligentia}
1935 3053 2110 3121 regula

2219 3043 2416 3097 nedicti
2465 3057 2730 3116 praecepta
2780 3009 3252 3124 suscipere,(Reg.
3297 3071 3353 3111 c.
3388 3057 3493 3128 l6),
3533 3058 3644 3112 dum
3683 3056 3748 3109 ille

527 3114 822 3173 declinasse
837 3121 1038 3190 liquido
1062 3127 1410 3197 deprehendi.
1436 3133 1685 3192 Dixeram
1701 3114 1843 3195 enim
1859 3142 1919 3196 Β.
1941 3114 2109 3200 Jovan-

525 3222 648 3261 nem
672 3211 898 3268 occiduo
923 3220 1254 3288 scenopegiae
1279 3222 1385 3288 die,
1411 3226 1884 3303 quividelicetpra:
1899 3239 2111 3294 caneris

521 3308 604 3352 est
641 3299 1048 3372 celeberrimus,
1103 3307 1275 3368 fuisse
1325 3326 1666 3386 conceptum.
1699 3299 1854 3389 Quod
1887 3327 1930 3380 si
1984 3328 2108 3383 dili-

524 3389 670 3457 genti
705 3393 1142 3450 consideratione
1175 3406 1546 3472 perpenditur,
1599 3425 1629 3464 a
1669 3414 1899 3470 veritate
1929 3419 2106 3474 disso»

524 3491 649 3532 num
679 3483 967 3548 reperitur.
1000 3487 1126 3542 Dies
1155 3492 1299 3546 enim
1351 3501 1723 3568 couceptionis
1767 3504 1829 3558 Β.
1856 3505 2101 3576 Joannis,

516 3569 607 3636 qui
643 3579 868 3628 octavus
902 3585 984 3630 est
1013 3592 1043 3631 a
1090 3579 1345 3639 Kalendis
1374 3586 1643 3658 Octobris,
1691 3604 1814 3663 post
1848 3609 2098 3656 octavum

515 3659 657 3714 diem
714 3668 1065 3738 scen0pegia2,
1115 3682 1196 3726 est
1251 3677 1465 3746 tertius,
1520 3697 1586 3737 ac
1633 3700 1730 3754 per
1760 3686 1861 3743 hoc.
1889 3691 1958 3746 ab
2008 3692 2097 3748 illa

513 3745 806 3806 festivitate
833 3757 1017 3822 procul
1039 3759 1200 3815 dubio
1229 3767 1488 3833 probatur
1514 3745 1740 3830 alienus.
1769 3777 1902 3832 Cum
1934 3745 2099 3853 igitur

511 3837 777 3898 festivitas
815 3852 1152 3922 scenopegia:
1181 3855 1394 3914 decimo
1432 3859 1796 3921 Kalendarum
1846 3851 2094 3928 Octobris

405 3969 412 3980 .
512 3929 746 3998 desinat,
776 3940 1060 4007 conceptio
1089 3958 1218 3998 vero
1265 3945 1322 3999 S.
1368 3946 1591 4005 Joannis
1619 3952 1859 4021 ejusdem
1890 3963 2092 4019 mensis

510 4024 702 4072 octavo
723 4023 1016 4094 contingat,
1054 4028 1259 4098 liquido
1301 4048 1516 4093 constat
1545 4043 1733 4109 procul
1769 4045 1884 4116 jam
1933 4061 2089 4106 extra

510 4111 841 4178 scenopegiae
891 4113 1120 4173 limitem
1166 4123 1234 4178 de
1274 4127 1429 4182 senili
1456 4132 1738 4201 complexu
1765 4111 2084 4211 conceptum

507 4197 726 4253 beatum
770 4201 938 4261 fuisse
987 4208 1269 4270 Joannem.
1311 4217 1468 4281 Ecce,
1501 4197 1644 4290 quod
1699 4226 1917 4287 incaute
1934 4197 2086 4290 .scri;

505 4288 683 4346 bendo
705 4292 929 4365 deliqui,
979 4299 1088 4355 Deo
1129 4318 1215 4359 me
1259 4288 1684 4370 misericorditer
1707 4318 1775 4373 ad
1816 4288 2083 4389 poeniten-

506 4380 639 4436 tiam
669 4395 975 4457 revocante,
1024 4396 1261 4450 correxi.
1291 4397 1446 4455 Nunc
1475 4403 1680 4474 itaque,
1724 4380 2080 4482 dilectissimi,

503 4483 705 4532 sancta:
752 4481 1052 4547 prudentiae
1114 4496 1310 4546 vestrae
1355 4493 1550 4551 studiis
1605 4498 1708 4556 hoc
1763 4481 2082 4564 obedientize

501 4578 696 4622 munus
725 4567 966 4641 iniungo,
1021 4574 1130 4630 imo
1160 4585 1414 4650 tanquam
1443 4600 1633 4644 servus
1653 4596 1815 4662 atque
1840 4595 2078 4666 discipu-

502 4652 584 4709 lus
635 4657 910 4715 humiliter
937 4665 1187 4734 obsecro,
1213 4681 1484 4741 quatenus
1511 4685 1566 4731 et
1601 4652 1744 4738 hanc
1789 4652 2075 4754 epistolam

501 4747 567 4800 ad
616 4747 797 4817 fidem,
828 4767 934 4822 qua
988 4758 1128 4827 apud
1160 4776 1260 4817 nos
1289 4778 1534 4822 correcta
1573 4781 1678 4837 est,
1721 4747 1979 4848 redigatis
2024 4793 2080 4836 et

497 4845 691 4893 caetera
739 4856 958 4915 quoque
985 4858 1183 4906 nostra;
1203 4852 1513 4914 dictationis
1557 4865 1814 4931 opuscula
1846 4845 2074 4927 sollicite

495 4926 854 5000 perlegeutes,
881 4937 930 4991 si
963 4940 1090 5008 quid
1123 4945 1427 5012 reperiatur
1449 4926 1764 5021 absurdum,
1791 4957 1877 5013 vel
1899 4926 2075 5015 fundi—

497 5023 588 5070 tus
615 5031 920 5089 amputare,
966 5029 1050 5083 vel
1081 5031 1372 5091 eIimatiori
1403 5039 1544 5111 stylo
1572 5042 1818 5114 digerere
1847 5047 2071 5105 festine-

495 5105 583 5160 tis.
608 5106 724 5162 Eon
753 5113 896 5167 enim
923 5117 1218 5176 timendum
1240 5135 1432 5194 estne,
1455 5105 1505 5184 si
1536 5105 1728 5188 manus
1749 5138 2070 5209 corrigentis

803 5205 1080 5232 οΛ-ιξηΙΑ-ε-

494 5197 656 5232 ant-ml
663 5212 688 5232 ta
697 5206 711 5232 I

2215 3132 2472 3188 decernat
2492 3134 2558 3190 de
2586 3145 2720 3191 noto
2736 3141 3063 3196 monasterio
3088 3145 3431 3201 venientibus
3456 3148 3585 3217 apud
3608 3153 3749 3201 extra-

2213 3235 2346 3276 neos
2377 3222 2726 3281 habitationis
2749 3227 2953 3283 aditum
2987 3245 3091 3284 non
3120 3239 3326 3300 patere.
3367 3234 3525 3303 Cujus
3549 3233 3748 3304 ευεεὶιιεισ

2214 3311 2374 3368 tionis
2402 3314 2764 3384 obstaculum,
2795 3333 2927 3388 pace
2949 3333 3151 3388 vestra,
3189 3339 3289 3379 nos
3328 3325 3487 3383 facile
3513 3324 3749 3397 prOptIISa-

2209 3402 2418 3472 bimus,
2465 3409 2588 3476 quia
2641 3409 2894 3465 nimirum
2941 3423 3162 3468 sanctus
3204 3414 3294 3470 ille
3336 3418 3422 3471 vir
3468 3415 3746 3472 monasteria

2208 3493 2423 3561 quidem
2453 3494 2714 3552 doctrinze
2744 3513 2858 3553 sua:
2885 3502 3154 3556 mandatis
3189 3503 3448 3572 instituit,
3490 3521 3636 3575 super
3658 3518 3747 3565 ειη·

2207 3583 2370 3637 mitas
2401 3595 2528 3638 vero
2558 3586 2760 3640 nullum
2789 3587 2892 3642 sibi
2922 3591 3290 3659 magisterium
3320 3595 3608 3664 arrogavit.
3635 3592 3745 3646 Enu-

2203 3672 2426 3726 meratis
2472 3673 2736 3743 siquidem
2781 3687 3016 3746 quatuor
3035 3681 3326 3748 generibus
3375 3685 3742 3743 monachorum.

2201 3769 2397 3828 prmsto
2422 3762 2700 3832 subjunxit
2743 3765 2898 3838 (Reg.
2929 3785 2980 3826 c.
3008 3771 3058 3837 1)
3087 3789 3098 3822 :
3151 3789 3167 3820 ι
3197 3771 3290 3826 llis
3316 3788 3452 3844 ergo
3479 3774 3672 3829 omissis
3695 3772 3746 3826 ad

2198 3853 2592 3910 cmuobitarum
2619 3856 2972 3914 fortissimum
3000 3877 3168 3932 genus
3192 3865 3603 3934 disponendum,
3625 3864 3749 3932 adjuo

2196 3951 2360 3997 vante
2388 3944 2640 4012 Domino,
2669 3948 2972 4003 veniamus.
3008 3969 3027 4003 ι
3059 3951 3160 4019 Qui
3189 3969 3318 4024 ergo
3365 3957 3437 4012 ad
3466 3956 3628 4013 solum
3655 3968 3742 4009 cu:-

2195 4031 2503 4088 nobitarum
2531 4050 2700 4106 genus
2727 4053 2787 4092 se
2811 4041 3039 4095 contulit
3087 4042 3506 4114 disponendum,
3537 4056 3745 4118 patemer

2193 4123 2429 4179 innotuit
2453 4126 2596 4194 quod
2626 4129 2978 4184 eremitarum
3009 4131 3112 4187 sibi
3141 4148 3248 4188 non
3278 4136 3540 4205 applicuit
3563 4135 3743 4190 institu-

2191 4222 2323 4269 tum.
2371 4214 2477 4271 Sed
2525 4218 2639 4288 ipsa
2689 4217 2832 4274 beati
2880 4221 2982 4275 viri
3027 4221 3116 4278 hic
3163 4226 3330 4280 verba
3376 4241 3668 4296 ponamus,
3701 4232 3744 4275 et

2187 4314 2368 4360 utrum
2414 4310 2698 4364 coenobitis
2740 4327 2808 4365 an
2855 4315 3098 4369 eremitis
3147 4318 3435 4388 scripserit
3494 4318 3744 4389 perspicue

2186 4392 2561 4451 discernamus
2594 4397 2780 4468 (lbid.,
2808 4416 2859 4455 c.
2889 4400 2978 4473 6i)
3007 4420 3020 4456 :
3050 4421 3069 4454 ι
3099 4403 3321 4472 Caveat,
3355 4407 3550 4477 inquit,
3586 4405 3742 4464 abbas,

2186 4497 2254 4538 ne
2281 4484 2572 4555 aliquando
2599 4489 2665 4542 de
2695 4500 2824 4545 noto
2855 4494 3183 4549 monasterio
3222 4498 3550 4552 monachum
3581 4495 3642 4549 ad
3669 4494 3745 4548 ha-

2183 4573 2463 4630 bitandum
2516 4577 2796 4648 suscipiat,
2841 4580 2958 4637 sine
3003 4598 3269 4639 consensu
3315 4584 3531 4640 abbatis
3583 4583 3676 4639 sui.
3723 4597 3738 4631 ι

2183 4663 2283 4732 Qui
2313 4680 2443 4736 ergo
2471 4667 2720 4722 abbatem
2752 4674 3088 4736 monasterii,
3119 4690 3228 4728 non
3258 4676 3499 4744 priorem
3539 4670 3740 4742 alloqui-

2183 4768 2271 4812 tur
2303 4758 2492 4824 eremi,
2540 4762 2820 4816 evidenter
2864 4773 2992 4820 tnnc
3040 4768 3278 4820 ostendit
3319 4766 3456 4834 quia
3505 4760 3741 4837 quidqnid

2181 4852 2422 4920 scripsit,
2454 4868 2560 4906 non
2590 4855 2856 4920 eremitis,
2901 4858 2996 4912 sed
3030 4860 3316 4913 ctenobitis
3348 4859 3553 4928 potius,
3582 4866 3636 4912 ut
3669 4867 3740 4953 se-

2179 4950 2492 5009 querentur,
2543 4943 2797 5013 injunxit.
2827 4944 2997 5000 Porro
3034 4956 3241 5010 autem,
3285 4947 3413 5015 quia
3443 4948 3558 5018 jam
3590 4943 3742 5044 mani-

2175 5032 2314 5088 feste
2360 5033 2676 5100 docuimus,
2730 5037 2873 5105 quod
2935 5036 2994 5092 S.
3040 5037 3364 5094 Benedictus
3420 5039 3651 5094 alienum
3698 5035 3742 5086 in

2175 5137 2360 5177 eremo
2389 5124 2586 5194 suscipi
2629 5142 2734 5180 non
2764 5127 3057 5196 prohibuit,
3085 5129 3443 5184 ostendamus
3470 5142 3610 5182 nunc
3633 5139 3741 5194 qua-
