3950 5344
159 278 263 338 393
1289 268 1492 325 LIBER
1530 265 1826 333 SEXTUS,
1870 265 2085 321 EPlST.
2132 265 2222 319 XII
3316 262 3420 318 391

159 372 261 448 nus
285 399 368 446 est
392 387 863 451 anachoretarum,
889 383 946 440 id
971 391 1074 451 est,
1101 383 1473 439 eremitarum.
1513 381 1737 446 llorum,
1767 384 1818 442 Α
1844 379 1971 434 illuc
2014 379 2330 435 cohortatus
2375 376 2588 432 invitat.
2622 375 2718 431 Hie
2756 378 2998 446 spiritale
3036 385 3310 432 certamen
3343 377 3424 432 iu.

159 478 250 550 qui
283 493 394 533 non
425 473 797 531 conversionis
827 472 1043 529 fervore
1087 473 1312 536 novitio,
1344 473 1438 528 sed
1477 479 1741 525 monaste-
1839 471 2044 540 cipere,
2083 468 2191 524 illic
2217 469 2408 525 edocet
2441 482 2840 524 consummare.
2885 467 2983 522 llic
3009 468 3263 524 admonet
3296 470 3426 524 tiro-

162 570 224 624 rii
254 566 576 639 probatione
601 565 854 620 diuturna
879 563 1185 620 didicerunt
1213 571 1403 619 contra
1443 560 1738 625 diabolum,
1839 569 2001 616 natus
2047 574 2197 614 arma
2251 559 2527 629 corripere
2555 599 2570 624 ,
2611 567 2674 614 ut
2715 559 2822 614 illic
2866 559 3076 615 noverit
3130 559 3426 630 phalangas

161 660 453 716 multorum
499 655 696 712 solatio
726 653 842 722 jam
886 653 1055 719 docti,
1081 669 1355 724 pugnare;
1393 661 1449 706 et
1476 651 1612 706 bene
1662 651 1742 704 in-
1841 653 2076 709 hostium
2113 651 2477 721 vitiorumque
2525 651 2830 706 barbariem
2880 666 2985 705 non
3017 649 3290 706 enerviter
3321 652 3423 707 ob-

159 750 354 805 structi
404 749 646 802 fraterna
697 761 763 801 ex
819 745 968 809 acie,
1017 744 1087 798 ad
1134 743 1460 814 singularem
1513 756 1742 813 pugnam
1843 753 2120 800 truncare.
2178 743 2285 800 Sed
2337 743 2475 799 forte
2526 745 2738 800 dicatur
2785 745 2910 814 quia
2955 760 3053 800 nos
3111 743 3284 800 sancti
3327 744 3430 798 viri

159 839 351 902 eremi,
393 837 570 893 securi
615 835 727 904 iam
761 837 881 890 Siue
918 831 1294 889 consolalione
1333 830 1582 895 ειιθνὶυεο
1630 829 1742 886 8012
1843 835 2007 890 verba
2038 835 2106 889 ad
2134 843 2330 888 nostrae
2358 834 2651 890 voluntatis
2677 834 2959 890 arbitrium
2984 835 3250 890 violenter
3277 833 3430 888 inﬂe‘

161 946 347 994 manu,
376 929 458 984 vel
489 929 736 992 brachio,
782 934 972 982 contra
1007 925 1137 979 vitia
1173 923 1378 988 carnis,
1412 921 1495 978 vel
1538 922 1744 993 cogita-
1843 926 2080 990 ctimus,
2132 933 2189 979 et
2242 925 2419 994 potius
2473 926 2804 996 argumentis
2861 927 3142 980 innitimur
3184 939 3344 994 quam
3375 925 3433 978 in

165 1023 393 1084 tionum,
441 1020 554 1075 Deo
603 1019 921 1082 auxiliante,
976 1013 1251 1071 sufﬁciunt
1297 1027 1555 1084 pugnare.
1592 1031 1612 1065 ι
1666 1011 1746 1066 Ex

163 1111 360 1179 quibus
383 1110 573 1179 utique
603 1110 890 1165 manifeste
920 1107 1191 1178 colligitur
1218 1105 1344 1176 quia
1374 1106 1564 1160 doctor
1594 1104 1748 1158 almi-

162 1200 298 1256 ticus
329 1201 398 1256 de
427 1199 760 1255 monasterio
799 1198 1028 1253 fratrem
1065 1197 1364 1267 quemlibet
1405 1195 1474 1250 ad
1507 1209 1748 1249 eremum

162 1291 530 1346 conscendere
579 1306 685 1345 non
710 1290 873 1346 modo
918 1305 1026 1346 non
1053 1289 1350 1357 prohibuit,
1383 1302 1570 1343 verum
1603 1285 1751 1340 insuo

161 1397 259 1452 per
288 1382 498 1436 monuit
523 1389 578 1436 et
601 1383 801 1447 docuit,
831 1382 1052 1451 insuper
1083 1380 1248 1437 etiam
1273 1380 1594 1450 quibusdam
1624 1391 1752 1448 per-

163 1475 507 1530 suasionibus
556 1475 819 1529 incitavit.
865 1472 1262 1530 Auctoritatem
1305 1473 1502 1543 quippe
1547 1472 1658 1536 dat,
1695 1478 1756 1525 ut

164 1568 417 1621 diuturna
462 1567 613 1637 prius
652 1566 972 1636 probatione
1015 1565 1186 1621 frater
1227 1566 1282 1620 in
1313 1563 1643 1619 monasterio
1667 1561 1752 1616 di-

166 1665 279 1712 scat
301 1657 537 1728 qualiter
568 1657 622 1711 in
647 1672 832 1712 eremo
857 1667 1047 1713 contra
1071 1656 1253 1712 callidi
1287 1655 1571 1710 tentatoris
1597 1668 1757 1724 arguo

1847 1017 1949 1070 hac
1979 1014 2425 1085 interpretatione
2449 1016 2735 1069 verborum
2764 1016 2916 1071 nobis
2940 1013 3267 1086 suffragetur
3295 1015 3435 1070 veri-

1851 1115 1954 1160 tas.
1986 1105 2330 1174 Inquiramus
2355 1104 2530 1159 adhuc
2556 1104 2928 1160 beatissimum
2964 1089 3165 1170 virum,
3207 1114 3269 1160 ut
3295 1105 3439 1176 quod

1849 1209 2012 1264 super
2041 1193 2199 1262 hujus
2225 1193 2635 1262 disceptationis
2679 1195 2908 1250 articulo
2953 1195 3150 1250 sentiat
3184 1195 3437 1251 enuclea-

1852 1281 1958 1337 tius
1984 1282 2277 1349 elucescat,
2317 1291 2377 1338 et
2413 1282 2502 1338 illa
2528 1283 2745 1353 quidem
2770 1285 2888 1355 ejus
2915 1299 3034 1354 quae
3069 1300 3232 1356 supra
3261 1284 3444 1354 posui-

1851 1389 1974 1429 mus
2023 1375 2078 1429 in
2127 1376 2244 1446 ipso
2295 1383 2498 1432 saneta:
2551 1377 2748 1445 regulae
2801 1377 3164 1450 reperiuntur
3196 1377 3440 1434 exordio.

1853 1462 2146 1520 Videamus
2165 1480 2309 1520 nunc
2326 1481 2434 1536 quo
2453 1467 2700 1522 eamdem
2721 1468 2959 1540 regulam
2986 1469 3092 1524 [ine
3122 1468 3408 1526 concludat
3429 1485 3442 1524 ;

1862 1574 1882 1608 ι
1916 1557 2175 1628 Regulam
2205 1566 2386 1614 autem
2415 1560 2552 1616 hanc
2576 1561 2982 1632 descripsimus,
3014 1574 3072 1617 ut
3093 1564 3235 1619 hanc
3259 1564 3448 1619 obser—

1857 1657 2048 1704 vantes
2096 1649 2148 1704 in
2197 1652 2542 1707 monasteriis
2585 1651 2945 1722 aliquatenus,
2963 1655 3060 1739 ,νει
3107 1655 3449 1711 honestatem

167 1724 345 1803 menta
377 1748 648 1819 confligat.
680 1747 780 1803 Hie
802 1747 945 1803 enim
969 1762 1210 1818 pugnare
1239 1746 1531 1800 multorum
1562 1744 1754 1800 solatio
1787 1724 1834 1787 Β
1861 1757 2096 1809 morum,
2139 1753 2232 1797 aut
2266 1743 2478 1816 initium
2511 1746 2946 1818 convgrsatiouis
2963 1724 3070 1802 hos
3115 1745 3451 1804 demonstre-

169 1835 338 1891 fretus
385 1837 622 1904 inchoat,
675 1844 734 1890 ut
772 1837 882 1892 illic
929 1838 1268 1907 postmodum
1305 1836 1418 1892 sola
1465 1851 1628 1891 manu
1674 1834 1759 1890 vel

167 1931 390 1986 brachio
432 1929 845 2000 infatigabiliter
877 1945 936 1984 se
956 1938 1017 1985 et
1059 1929 1433 1985 indesinenter
1477 1941 1760 1994 exercens,

169 2023 347 2076 carnis
394 2023 776 2094 ingruentibus
824 2022 990 2088 vitiis,
1042 2022 1127 2078 vel
1179 2022 1599 2093 cogitationibus
1653 2035 1762 2082 non

170 2113 504 2168 succumbat.
536 2109 636 2168 Hie
665 2112 801 2179 tiro;
836 2113 947 2168 illic
975 2112 1150 2168 miles.
1191 2111 1292 2167 llic
1319 2112 1471 2168 rudis
1504 2121 1559 2168 et
1585 2122 1759 2178 tener,

171 2205 259 2274 qui
286 2203 390 2259 sub
414 2204 592 2273 campi
621 2204 844 2259 doctore
885 2203 1274 2259 certaminibus
1311 2203 1607 2267 assuescit;
1654 2201 1766 2258 i'llic

174 2297 457 2350 roboratus
491 2292 607 2362 jam
650 2294 903 2356 cominus
930 2292 1173 2360 dimicat,
1205 2300 1262 2348 et
1287 2293 1563 2364 singulare
1591 2301 1767 2348 certa-

175 2399 291 2440 men
319 2383 530 2440 Christi
564 2385 863 2440 monachus
908 2399 1019 2438 non
1067 2392 1304 2440 recusat.
1354 2383 1455 2438 Hie
1500 2383 1646 2440 velut
1671 2398 1769 2454 per

178 2472 442 2528 simulatae
482 2488 676 2545 pugna:
710 2471 1051 2544 proludium;
1103 2473 1216 2528 illic
1264 2474 1421 2529 docta
1466 2489 1658 2530 manus
1699 2473 1768 2528 ad

175 2566 352 2636 praelia
371 2565 607 2622 conferit
627 2580 800 2630 arma,
817 2580 917 2621 nec
931 2565 1299 2635 perhorrescit
1319 2566 1652 2635 constipatos
1668 2566 1771 2620 im~

178 2669 324 2726 pctus
351 2656 697 2713 bellatorum.
721 2656 834 2712 Illic
851 2657 1014 2727 198
1036 2657 1197 2711 homo
1220 2657 1288 2712 de
1308 2655 1504 2712 sarculo
1524 2659 1767 2723 veniens,

181 2746 317 2798 velut
363 2745 556 2800 urbem
603 2746 884 2816 parvulam
915 2745 1087 2816 Segor
1113 2746 1179 2800 de
1214 2745 1462 2800 Sodomis
1496 2760 1769 2816 egressus,

185 2836 514 2906 ingreditur;
549 2851 670 2891 cum
700 2850 829 2893 vero
865 2837 933 2891 ad
958 2851 1202 2892 eremum
1247 2835 1459 2901 transit,
1503 2833 1617 2906 jam
1648 2851 1771 2891 cum

184 2928 367 2982 eodem
394 2928 539 2982 Loth
576 2937 835 2982 montana
871 2928 1184 2983 conscendit
1220 2927 1372 2998 (Gen.
1404 2926 1541 2998 xix).

1845 1821 1982 1888 'mus
2011 1833 2232 1888 habere.
2261 1833 2547 1900 Caeterum,
2579 1834 2671 1905 qui
2711 1835 2779 1890 ad
2806 1836 3194 1905 perfectionem
3225 1850 3452 1893 conver-

1861 1926 2088 1981 sationis
2113 1924 2390 1992 festinant,
2421 1937 2547 1983 sunt
2579 1928 2838 1984 doctrina:
2865 1939 3178 1985 sanctorum
3202 1929 3452 1996 Patrum,

1862 2029 2090 2086 quarum
2115 2018 2424 2072 observatio
2453 2019 2704 2088 perducit
2749 2019 3025 2076 hominem
3063 2021 3133 2076 ad
3166 2020 3452 2078 celsitudi-

1864 2121 1989 2162 nem
2010 2106 2380 2176 perfectionis.
2415 2127 2434 2160 ι
2467 2110 2630 2165 Vides
2657 2110 2824 2180 igitur
2859 2111 2985 2180 quia
3011 2113 3202 2168 doctor
3223 2113 3457 2183 insignis

1866 2196 1922 2251 in
1953 2197 2284 2254 monasterio
2326 2199 2543 2268 quidem
2581 2199 2864 2255 constituit
2898 2201 3055 2256 bonae
3090 2202 3458 2258 conversatio.

1866 2287 1951 2343 nis
1975 2288 2206 2351 initium,
2249 2289 2347 2344 sed
2377 2299 2502 2359 post
2541 2289 2610 2344 ad
2655 2289 2987 2346 sublimioris
3014 2292 3140 2347 vitae
3177 2293 3233 2347 in
3269 2302 3462 2349 sancta

1868 2377 2128 2448 religione
2149 2389 2409 2450 provocat
2440 2381 2775 2447 institutum;
2801 2390 2859 2438 ut
2890 2383 2999 2438 illic
3025 2383 3251 2440 honeste
3277 2383 3462 2442 vivere

1868 2485 2155 2539 moresque
2183 2485 2529 2542 componere.
2563 2474 2707 2528 velut
2749 2474 2806 2528 in
2832 2475 3080 2532 convalle
3109 2477 3300 2546 prima
3328 2492 3456 2532 con-

1869 2559 2196 2615 versationis
2228 2561 2488 2630 incipiat;
2521 2561 2712 2618 deinde
2735 2563 2846 2630 jam
2897 2563 3231 2634 spiritalibus
3255 2567 3465 2621 εχει-εἰσ

1872 2648 1963 2704 tiis
1990 2649 2278 2705 roboratus
2309 2689 2326 2714 ,
2358 2659 2614 2720 tanquam
2663 2666 2694 2704 a
2740 2651 2879 2708 laete
2919 2653 2985 2708 ad
3021 2653 3254 2709 solidum
3283 2653 3464 2711 cibum

1875 2742 2170 2807 transiens,
2224 2741 2486 2797 verticem
2534 2742 2882 2812 perfectionis
2935 2746 3214 2801 ascendat.
3250 2747 3333 2802 Ad
3363 2746 3468 2802 hoc

1872 2835 2074 2890 animal
2101 2836 2155 2890 in
2183 2843 2428 2891 materno
2457 2845 2646 2894 ventre
2683 2838 2990 2908 concipitur
3023 2846 3080 2894 ut
3131 2840 3465 2911 egrediatur.

1874 2927 1943 2983 Et
1984 2936 2132 2983 certe
2179 2943 2406 2984 necesse
2449 2939 2534 2985 est
2581 2939 2640 2985 ut
2683 2939 2858 2986 mater
2883 2932 3140 2998 abortiat,
3183 2933 3288 2989 nisi
3324 2932 3468 2989 fetus

248 3017 327 3072 Ad
353 3017 708 3087 perfectionis
735 3019 900 3090 igitur
937 3034 1204 3074 summam
1233 3018 1475 3074 tendenti
1503 3026 1556 3073 et
1581 3034 1770 3074 moua—
1802 3079 1842 3102 η
1880 3015 2041 3088 199
2075 3017 2140 3072 ad
2166 3019 2248 3074 sui
2278 3018 2664 3089 plenitudinem
2712 3020 3076 3077 convalescat.
3130 3022 3239 3079 Nos
3281 3031 3465 3080 autem

184 3109 401 3162 sterium
429 3110 696 3165 transitus
725 3110 924 3165 dicitur
949 3125 1072 3166 esse
1118 3125 1225 3165 non
1268 3109 1497 3174 mansio,
1537 3124 1645 3164 non
1677 3107 1772 3162 ha-
1801 3085 1845 3140 ί)
1876 3111 2129 3165 volumus
2171 3120 2230 3165 ut
2268 3125 2483 3182 semper
2527 3120 2714 3168 uterus
2750 3121 2976 3179 tumeat,
3016 3122 3072 3168 et
3120 3116 3263 3184 quod
3303 3115 3484 3186 semel

184 3200 389 3264 hitatio,
433 3200 531 3255 sed
578 3202 905 3271 hosliitium;
966 3217 1072 3258 non
1121 3202 1246 3257 finis
1289 3201 1622 3266 intentionis,
1678 3199 1772 3254 sed

185 3291 423 3358 quadam
454 3291 610 3362 quies
639 3291 869 3346 itineris.
899 3289 982 3347 Ad
1017 3292 1121 3347 hoc
1153 3292 1314 3361 plane
1339 3291 1568 3362 quisque
1595 3289 1776 3360 signa-

187 3396 268 3439 tur
295 3387 526 3442 idoneus
568 3394 628 3440 ut
672 3401 798 3442 eum
848 3387 915 3441 ad
958 3386 1384 3442 ecclesiasticum
1414 3384 1656 3440 ordinem
1690 3400 1777 3438 sa-

183 3476 471 3531 cerdotalis
497 3475 694 3531 electio
720 3475 1016 3548 provehat;
1059 3476 1127 3530 ad
1157 3475 1260 3530 hoc
1299 3473 1774 3545 grammaticorum

181 3567 394 3622 scholas
422 3567 748 3638 ingreditur,
787 3578 865 3632 ut,
896 3582 1018 3623 eum
1048 3565 1211 3622 fuerit
1246 3565 1300 3620 in
1339 3574 1458 3620 arte
1481 3565 1774 3634 perfectus,

183 3657 455 3723 discedat;
475 3658 544 3713 ad
567 3658 668 3714 hoc
692 3657 828 3714 scita
847 3657 1021 3730 legum
1045 3657 1311 3728 quispiam
1333 3657 1512 3713 studet
1529 3655 1776 3726 adipisci,

182 3756 239 3799 ut
280 3761 576 3803 causarum
626 3747 924 3803 forensium
974 3747 1096 3804 lites
1145 3747 1445 3803 luculenter
1498 3747 1673 3801 valeat
1721 3746 1777 3802 in

184 3836 557 3892 tribunalibus
581 3837 824 3910 iudicum
855 3852 1130 3908 perorare.
1187 3839 1339 3895 Sicut
1379 3852 1509 3910 ergo
1544 3838 1632 3894 isti
1673 3853 1779 3894 non

181 3927 238 3981 in
271 3928 376 3984 hoc
413 3929 562 4000 quod
601 3928 810 3985 faciunt
853 3929 1020 3984 animi
1066 3929 1424 3986 intentionem
1466 3929 1655 3998 figunt,
1687 3926 1781 3983 sed

180 4017 235 4071 in
277 4018 448 4074 alium
496 4018 687 4089 procul
717 4018 882 4076 dubio
924 4018 1090 4075 finem
1129 4019 1376 4083 tendunt,
1398 4018 1478 4074 sic
1501 4018 1782 4085 nimirum,

180 4109 261 4167 sic
292 4113 622 4180 monachus,
664 4129 826 4184 quem
874 4122 1054 4169 tamen
1094 4122 1228 4168 tetas
1258 4111 1342 4167 vel
1383 4111 1647 4184 aagritudo
1676 4127 1783 4168 non

181 4217 470 4278 aggravat,
501 4216 561 4263 et
605 4209 658 4263 in
702 4206 1038 4263 monasterio
1076 4205 1431 4277 corporaliter
1479 4205 1696 4274 degere,
1731 4213 1788 4261 et

178 4301 249 4354 ad
271 4316 519 4356 eremum
545 4309 657 4356 toto
685 4299 955 4358 desiderio
981 4301 1143 4357 debet
1172 4301 1478 4356 medullitus
1504 4300 1782 4366 anhelare,

1878 3208 2196 3271 conceptum
2239 3209 2322 3256 est
2360 3217 2468 3256 non
2496 3210 2762 3272 erumpat.
2810 3201 3056 3258 Sinistra:
3108 3203 3301 3259 indolis
3337 3218 3474 3273 puer

1879 3301 1984 3355 est,
2025 3290 2112 3346 cui
2151 3290 2264 3359 jam
2313 3291 2696 3361 grandiusculo
2743 3305 2844 3348 nec
2888 3306 2954 3346 ex
3003 3292 3234 3362 gingivis
3281 3293 3472 3348 dentes

1880 3383 2167 3452 prodeunt,
2209 3397 2309 3437 nec
2339 3383 2403 3437 ad
2439 3383 2793 3450 gradientium
2837 3399 3011 3454 genua
3064 3384 3472 3441 convalescunt.

1883 3474 2052 3529 Porro
2085 3482 2287 3538 autem,
2318 3489 2443 3529 cum
2483 3473 2598 3544 ipsa
2646 3475 3043 3530 carnobitarum
3087 3477 3272 3544 regula
3300 3476 3476 3546 perfe-

1883 3565 2120 3622 ctionem
2147 3579 2206 3619 se
2233 3580 2342 3619 non
2373 3562 2576 3622 habere
2604 3564 2903 3634 perhibeat,
2934 3567 3029 3620 sed
3055 3565 3321 3621 volentem
3349 3581 3472 3635 per-

1885 3653 1972 3710 ﬁci
1992 3657 2060 3710 ad
2083 3655 2252 3710 eremi
2275 3655 2528 3710 instituta
2560 3664 2810 3725 patenter
2856 3658 3208 3723 transmittat,
3242 3673 3342 3713 cur
3373 3673 3473 3714 nos

1886 3749 1954 3804 ad
2014 3747 2364 3818 perfectionis
2399 3763 2582 3804 arcem
2631 3757 2686 3802 et
2734 3749 2840 3818 ipsi
2885 3749 3253 3805 conscendere
3291 3751 3476 3806 flocci-

1887 3839 2192 3911 pendimus,
2217 3847 2274 3894 et
2295 3838 2534 3910 quidem,
2562 3853 2628 3894 ne
2649 3840 2718 3896 ad
2748 3840 2970 3897 meliora
3003 3841 3306 3912 proﬁciant,
3335 3858 3479 3900 sem-

1889 3948 1990 4004 per
2010 3933 2131 3988 aliis
2161 3932 2462 3988 invidemus
2483 3933 2506 3988 ?
3133 3984 3135 3986 .

1926 4025 2280 4103 ‘Respiciens
2301 4024 2891 4103 Jesmlambulantem
2929 4028 3184 4096 Joannes,
3232 4031 3480 4088 clamat:

1895 4137 1916 4170 ι
1952 4119 2091 4174 Ecce
2151 4119 2336 4190 Agnus
2387 4119 2716 4192 DeY(Joan.
2772 4121 2834 4194 ι).
2882 4141 2903 4175 ι
2935 4123 3017 4179 Ad
3075 4125 3188 4179 haec
3231 4126 3485 4194 protinus

1891 4209 2240 4282 Evangelista
2278 4211 2595 4282 subiungit:
2633 4231 2652 4264 ί
2683 4213 2749 4267 Et
2778 4212 3067 4269 audierunt
3095 4215 3203 4270 duo
3232 4216 3484 4285 discipuli

1893 4302 2240 4374 loquentem,
2291 4310 2348 4357 et
2393 4303 2562 4358 secuti
2607 4313 2733 4359 sunt
2775 4304 2958 4360 Jesum
3009 4305 3218 4376 (lbid.).
3256 4325 3274 4358 ι
3318 4305 3481 4372 Quid,

179 4403 458 4464 quatenus
489 4394 602 4450 illic
630 4408 728 4464 per
754 4394 1112 4451 intentionem
1157 4393 1355 4449 mentis
1397 4395 1547 4450 velut
1590 4393 1785 4450 nobilis
1817 4437 1865 4494 υ
1893 4409 2046 4466 rogo,
2081 4392 2318 4463 querela
2358 4394 2624 4463 potuisset
2654 4396 2856 4451 habere
2899 4395 3159 4464 Joannes,
3193 4399 3321 4453 dum
3365 4398 3482 4466 ipse

181 4487 352 4541 arbor
386 4486 652 4543 radicitus
699 4488 936 4553 haereat;
965 4487 1055 4542 hic
1091 4501 1150 4542 se
1180 4487 1248 4542 ad
1276 4495 1487 4557 tempus
1529 4488 1630 4542 sub
1657 4488 1789 4544 obe-

180 4578 408 4633 dientia:
462 4578 729 4649 regularis
773 4586 1028 4634 exerceat
1078 4578 1392 4648 disciplina,
1440 4588 1500 4633 ut
1540 4577 1788 4635 videlicet

179 4673 508 4727 monasterii
546 4672 893 4728 conversatio
945 4687 1053 4727 non
1104 4671 1249 4727 aliud
1295 4688 1459 4743 quam
1508 4672 1676 4726 eremi
1715 4671 1786 4727 sit

177 4765 541 4834 praeparatio,
570 4774 623 4820 et
645 4765 822 4819 altiori
851 4764 1129 4835 proposito
1158 4773 1303 4822 totus
1333 4763 1529 4819 militet
1554 4764 1622 4818 ad
1646 4765 1789 4834 quod

179 4870 242 4908 se
274 4857 434 4925 prius
471 4857 525 4911 in
557 4857 888 4912 monasterio
929 4857 1252 4912 constitutus
1284 4863 1522 4913 exercet.
1564 4855 1657 4911 Sic
1695 4855 1786 4911 Ja-

180 4944 310 5010 cob,
367 4948 514 5014 quod
577 4962 674 5016 per
723 4947 859 5003 duas
901 4961 1166 5002 annorum
1222 4949 1556 5019 septimanas
1605 4948 1788 5004 Labant

181 5035 448 5098 upilionis
495 5051 648 5091 more
682 5037 922 5098 servivit,
973 5036 1042 5090 ad
1093 5037 1194 5092 huc
1233 5038 1494 5094 duntaxat
1533 5046 1590 5093 ttt
1621 5039 1789 5095 solam

1891 4487 1994 4544 sibi
2038 4487 2222 4545 Jesum
2267 4492 2554 4548 manifeste
2593 4494 2893 4562 praeferret,
2927 4503 2982 4547 et
3020 4493 3094 4548 illi
3125 4504 3483 4561 sequerentur

1895 4581 2081 4651 utique
2109 4583 2410 4651 potiorem?
2455 4583 2512 4639 Si
2564 4599 2695 4654 ergo
2743 4586 2854 4655 ipsa
2899 4601 3022 4654 qua)
3061 4594 3260 4655 praeest
3297 4585 3483 4655 regula

1895 4673 1963 4727 ad
2001 4688 2060 4728 se
2088 4673 2419 4730 conﬂuentes
2445 4675 2512 4730 ad
2539 4690 2786 4732 eremum
2824 4677 3084 4742 destinat,
3126 4695 3230 4748 qua
3265 4683 3486 4733 temeri-

1898 4771 2030 4829 tate,
2061 4776 2168 4832 qua
2211 4763 2391 4820 fronte
2438 4765 2482 4818 is
2527 4765 2618 4837 qui
2663 4767 2764 4822 sub
2802 4764 2984 4835 regula
3031 4775 3112 4821 est
3163 4767 3490 4823 constitutus

1895 4854 2157 4910 obsistat?
2189 4854 2310 4911 Jam
2347 4855 2464 4912 luce
2509 4856 2710 4915 clarius
2758 4867 2908 4932 patet
2952 4859 3078 4926 quia
3107 4862 3200 4930 qui
3245 4875 3492 4929 quaeren-

1897 4944 2042 5000 tibus
2096 4959 2339 5001 eremum
2368 4956 2531 5013 vetat,
2588 4948 2765 5018 ipsam
2806 4947 2997 5021 procul
3027 4950 3194 5008 dubio
3249 4951 3489 5018 regulam

1897 5033 2114 5090 rebellis
2142 5031 2427 5092 oblocutor
2470 5039 2782 5098 imDugnat:
2822 5048 2878 5093 et
2923 5032 3057 5091 dum
3087 5041 3284 5098 regulae
3317 5039 3499 5092 verbis
