3950 5344
519 287 626 346 595

1053 286 1111 341 S.
1150 285 1354 341 PETRI
1392 284 1679 340 DAMIANI
1708 283 1861 341 OPP.
1897 284 2077 342 PARS
2119 283 2250 341 SEU
2291 282 2529 344 TOMUS
2565 286 2606 342 I.
2643 316 2705 327 -
2730 284 2954 343 EPIST.
2985 286 3112 344 LIB.
3149 289 3288 347 VIII.

3684 300 3777 359 396

518 408 722 466 auxilio
746 420 852 462 non
887 411 1102 460 recusat
1137 398 1221 475 (II
1252 398 1382 470 Reg.
1411 398 1491 469 χ).
1520 397 1847 453 llilarionem
1875 397 2109 453 dimittat
2140 401 2180 458 Λ
2210 396 2336 465 quia
2364 398 2432 454 de
2457 406 2587 455 nolo
2622 401 2950 457 monasterio
2975 405 3275 473 suscepisse
3304 407 3601 467 monachos
3629 425 3779 470 accu-

517 500 803 565 Antonius,
838 504 895 550 ut
918 494 1065 550 solus
1096 492 1162 547 ad
1189 491 1379 546 altiora
1409 489 1757 545 conscendat.
1788 487 1897 543 Nos
1924 496 2103 543 autent

515 594 786 664 diligimus
811 588 1128 650 monachos,
1150 583 1291 638 sicut
1314 582 1514 647 asinos,
1540 580 1623 635 vel
1651 590 1802 636 certe
1830 580 1970 634 sicut
1995 594 2106 635 sero

513 700 631 740 vos.
653 680 853 736 Amant
875 677 1019 731 enim
1043 673 1287 730 homines
1308 672 1422 726 haec
1441 668 1715 734 animalia,
1731 683 1837 724 non
1865 667 1994 733 illis,
2009 669 2104 723 sed

511 776 637 843 sibi,
660 781 721 829 ut
748 787 813 827 ea
841 768 1093 824 videlicet
1117 775 1211 819 ant
1238 764 1290 818 in
1316 777 1468 818 suam
1500 760 1831 815 transferant
1859 773 2099 824 carnem,

510 868 595 925 vel
616 875 676 923 ut
693 878 879 922 eorum
900 860 1148 916 fruantur
1168 855 1383 911 auxiliis
1394 854 1461 909 ad
1483 852 1747 908 laborem.
1761 850 1963 905 Amant
1985 850 2100 905 hzec

508 958 847 1019 hominesut,
873 951 976 1022 ipsi
994 952 1131 1006 bene
1155 948 1291 1012 sint;
1322 944 1411 1000 illa
1427 959 1576 1008 vero,
1593 952 1685 998 aut
1708 959 1815 999 non
1851 940 1979 1006 sint,
2006 946 2101 996 aut

507 1051 647 1108 male
668 1051 796 1105 sint.
812 1044 921 1102 Nos
940 1044 1124 1107 etiam,
1139 1050 1198 1094 ut
1217 1038 1492 1108 potiamur
1513 1030 2097 1090 duntaxatobedientia

506 1141 921 1202 monachorum,
957 1132 1146 1190 salutis
1182 1144 1370 1186 eorum
1408 1126 1630 1182 omnino
1659 1121 2097 1193 parvipendimus

505 1237 924 1291 incrementum.
963 1224 1076 1281 I‘Ioc
1103 1229 1363 1293 prieterea
1406 1216 1677 1282 novimus,
1707 1213 1801 1284 qni
1840 1212 1900 1266 B.
1928 1211 2097 1265 Bene-

506 1327 682 1382 dictus
710 1321 879 1378 eremi
907 1318 1082 1374 cultor
1114 1312 1339 1374 exstitit,
1380 1318 1435 1365 ct
1464 1310 1567 1364 hoc
1609 1314 1757 1367 certe
1792 1318 1901 1360 non
1941 1311 2096 1372 opta-

504 1421 582 1476 vit
608 1435 730 1476 esse
759 1416 904 1487 quod
930 1414 1056 1477 fuit;
1084 1408 1175 1466 sed
1199 1405 1475 1477 quoniam,
1523 1402 1664 1458 sicut
1702 1402 1817 1475 ipse
1863 1404 2096 1453 testatur

504 1510 615 1586 (IV
640 1511 770 1580 Reg.
794 1506 905 1578 ιιι),
929 1501 1295 1572 unusquisque
1314 1496 1586 1568 proprium
1608 1493 1804 1549 donum
1830 1490 1991 1545 habet
2025 1502 2092 1541 ex

503 1585 638 1669 Deo,
664 1603 805 1657 alius
832 1601 929 1662 sic,
962 1598 1099 1653 alius
1128 1593 1346 1664 quidem
1372 1590 1479 1655 sic;
1513 1604 1614 1644 nec
1650 1601 1841 1642 omnes
1873 1585 2093 1653 capiunt

500 1697 727 1751 verbum
760 1694 895 1756 hoc;
925 1686 1287 1771 dispensative
1313 1680 1597 1739 constituit
1622 1679 1772 1750 prius
1817 1690 2092 1734 monaste-

2209 502 2412 553 sznnur,
2459 488 2579 545 luce
2623 488 2820 546 clarius
2866 502 3081 548 constat
3118 494 3243 563 quia
3273 495 3332 549 S.
3354 496 3701 556 Benedictqu
3727 504 3774 559 in

2207 578 2312 633 hoc
2356 579 2491 634 nihil
2537 595 2760 649 prorsus
2801 580 3145 638 offendimus.
3187 583 3337 640 Sicut
3360 587 3506 641 enim
3529 590 3684 645 nobis
3725 594 3772 648 in

2205 682 2391 724 eremo
2425 668 2675 724 videlicet
2717 671 3059 739 constitutis,
3090 673 3225 727 nihil
3254 684 3314 729 ut
3359 690 3775 746 exsequeremur

2205 758 2457 831 injunxit,
2490 760 2588 826 ita,
2619 770 2678 817 ut
2706 776 3043 829 caveremus,
3075 764 3210 819 nihil
3238 766 3462 822 omnino
3487 770 3769 838 prohibuit.

2204 851 2358 908 Sicut
2394 861 2575 911 autem
2617 854 2867 924 superius
2904 855 3038 911 satis
3076 871 3346 929 superque
3379 858 3687 927 docuimus,
3721 872 3773 917 ut

2203 959 2266 999 ex
2314 945 2648 1001 monasterio
2693 945 2861 1001 frater
2894 947 2960 1001 ad
3001 962 3244 1003 eremum
3289 960 3558 1017 transeat,
3594 953 3772 1009 doctor

2201 1033 2429 1105 insignis
2457 1050 2565 1090 non
2597 1035 2759 1092 modo
2787 1051 2897 1091 non
2927 1039 3135 1103 abnuit,
3161 1053 3350 1094 verum
3390 1042 3558 1095 etiam
3594 1058 3772 1113 sugge-

2201 1124 2291 1189 rit,
2321 1134 2579 1194 provocat
2607 1136 2663 1182 et
2693 1127 2950 1197 impellit,
2998 1138 3163 1199 atque
3192 1140 3248 1185 ut
3275 1132 3561 1188 evidenter
3606 1146 3771 1192 osten—

2198 1220 2353 1274 deret
2381 1220 2483 1275 hoc
2525 1222 2668 1290 apud
2706 1236 2767 1277 se
2794 1231 3051 1292 quantam
3100 1223 3352 1280 desiderii
3383 1227 3492 1280 vim
3536 1227 3769 1295 haberet,

2196 1308 2300 1365 hoc
2330 1311 2528 1380 regulae
2554 1327 2664 1367 suae
2689 1313 3021 1384 principium
3057 1313 3271 1382 indidit,
3312 1317 3418 1371 hoc
3450 1319 3769 1389 descriptum

2197 1401 2304 1454 line
2340 1402 2643 1469 concludit;
2687 1404 2753 1457 ah
2786 1402 2885 1457 hac
2922 1403 3128 1460 scilicet
3166 1414 3385 1460 sanctus
3412 1406 3505 1460 ille
3536 1407 3671 1462 liber
3697 1409 3768 1463 in-

2195 1489 2416 1558 cipitur,
2448 1490 2500 1545 in
2529 1492 2631 1546 hac
2656 1508 2752 1562 per
2777 1493 3021 1547 auxcsitn
3069 1493 3299 1548 materia
3346 1496 3691 1563 terminatur,
3717 1509 3772 1553 ut

2195 1581 2370 1651 ipsum
2400 1583 2800 1652 quodammodo
2827 1599 2925 1655 per
2956 1600 3173 1639 omnem
3221 1586 3304 1639 sui
3357 1593 3563 1640 textum
3595 1589 3769 1657 pauci-

2195 1687 2322 1741 pcre
2355 1674 2623 1729 videatur.
2659 1674 2832 1730 Porro
2866 1684 3070 1741 autem,
3101 1690 3225 1729 cum
3260 1675 3636 1746 incipientium
3672 1681 3767 1735 ista

500 1786 654 1842 rialis
679 1785 803 1839 vitae
819 1764 1123 1853 planitiem,
1152 1784 1213 1831 ut
1248 1773 1364 1851 ﬁlio
1405 1769 1699 1839 disciplina:
1746 1766 1969 1839 ﬂagellis
2008 1778 2089 1823 at-
2117 1770 2164 1832 B
2192 1764 2263 1820 sit
2290 1765 2498 1837 regula,
2525 1775 2814 1836 quatenus,
2855 1775 2917 1821 ιιι
2947 1766 3164 1820 auditor
3209 1766 3469 1821 reddatur
3513 1768 3765 1836 intentus,

500 1877 613 1933 triti
635 1885 692 1931 et
713 1871 990 1930 exercitiis
1045 1864 1308 1930 roborati,
1357 1862 1469 1931 jam
1493 1859 1707 1915 facilius
1746 1858 1915 1913 eremi
1954 1873 2086 1913 con-

495 1968 820 2026 scendamus
857 1969 925 2020 ad
955 1976 1158 2018 arcem.
1202 1957 1314 2013 Hoc
1354 1957 1537 2027 itaque
1569 1953 1907 2017 Benedictus,
1943 1953 2088 2024 quod

496 2072 554 2119 et
605 2062 798 2116 beatus
848 2056 1054 2111 fecerat
1101 2052 1321 2107 Paulus.
1372 2049 1612 2118 Agamus
1652 2046 1915 2115 siquidem
1969 2055 2089 2101 erat

494 2150 807 2223 Apostolus,
832 2145 1080 2202 homines
1099 2152 1277 2197 tamen
1308 2140 1374 2195 ad
1394 2138 1702 2209 conjugium
1720 2140 2045 2208 provocabat
2069 2155 2083 2192 :

499 2261 520 2306 ς
555 2239 963 2310 Unusquisque,
992 2235 1266 2303 inquiens,
1306 2245 1529 2286 uxorem
1575 2230 1827 2299 accipiat,
1869 2239 1924 2285 et
1949 2245 2083 2284 una-

493 2344 722 2403 quaeque
780 2328 957 2382 virum
1005 2338 1162 2380 suum
1210 2321 1449 2376 haheat:
1492 2319 1577 2373 vir
1624 2319 1779 2373 uxori
1841 2319 2080 2374 debitum

490 2422 709 2487 reddat,
730 2428 786 2475 et
812 2432 951 2473 uxor
977 2416 1093 2470 viro
1121 2412 1171 2487 (Ι
1198 2412 1320 2466 Cor.
1349 2409 1471 2480 vn).
1510 2430 1528 2462 ›
1566 2409 1731 2465 Paulo
1754 2419 1878 2480 post
1903 2418 2082 2465 tamen

490 2514 712 2570 dicitu
769 2508 905 2567 Volo
956 2521 1146 2565 omnes
1192 2505 1437 2561 homines
1479 2518 1601 2559 esse
1636 2505 1777 2559 sicut
1816 2505 2081 2575 meipsnm

488 2604 704 2677 (lbid.).
741 2623 761 2657 ι
807 2602 967 2657 Aliud
1016 2614 1147 2654 vero
1190 2597 1405 2653 volebat
1455 2596 1780 2665 Apostolus,
1833 2607 1891 2651 et
1937 2595 2084 2651 aliud

485 2694 857 2768 praecipiebat.
905 2691 1129 2748 Volebat
1180 2702 1302 2753 nos,
1341 2687 1484 2741 sicut
1533 2685 1646 2755 ipse
1691 2693 1830 2751 erat,
1868 2685 2084 2744 caelibes

486 2801 624 2852 esse,
649 2794 869 2857 propter
898 2782 1168 2839 excellens
1198 2780 1450 2835 videlicet
1492 2779 1771 2833 vernantis
1808 2778 2082 2847 pudicitia:

483 2878 771 2933 meritum:
800 2875 896 2930 sed
925 2874 1136 2929 volebat
1164 2872 1304 2925 inire
1340 2869 1676 2940 conjugium,
1707 2869 1834 2938 quia
1872 2868 2081 2940 fragili-

484 2971 614 3025 tatis
657 2975 855 3023 nostme
899 2962 1199 3035 periculum
1252 2961 1495 3016 timebat.
1539 2960 1778 3015 Volendo
1822 2975 1907 3015 me
1960 2973 2079 3015 esse

484 3060 626 3118 sicut
656 3074 718 3114 se
751 3066 1012 3128 provocat
1057 3064 1118 3110 ut
1160 3055 1485 3120 ascendam;
1519 3053 1795 3108 offerendo
1826 3054 2074 3123 copulam

483 3113 805 3221 nuptialem,
841 3146 1037 3201 retinet
1077 3143 1430 3200 sustentando
1470 3113 1549 3197 tne
1597 3157 1869 3196 corruam.
1893 3113 1974 3196 Ad
2008 3142 2075 3196 il-
2105 3113 2150 3176 ο

484 3240 577 3295 lud
622 3240 804 3311 gliscit
856 3237 1179 3301 ultroneus,
1239 3235 1344 3290 hoc
1392 3233 1641 3289 concedit
1697 3233 1915 3287 invitus.
1967 3232 2081 3287 Ma-

482 3331 598 3385 vult
652 3330 795 3385 enim
854 3342 943 3383 me
1004 3342 1125 3383 esse
1186 3325 1330 3395 quod
1390 3334 1475 3379 est
1536 3338 1698 3394 quam
1761 3338 1883 3379 esse
1933 3324 2078 3394 quod

482 3438 593 3477 non
631 3429 733 3478 est.
783 3422 957 3491 Elegit
1005 3429 1185 3475 tamen
1225 3433 1312 3474 me
1359 3428 1654 3487 utrumque
1701 3417 1805 3473 sibi
1854 3430 2079 3472 manere

482 3516 649 3586 200
686 3512 925 3569 vicinum
958 3527 1120 3582 quam
1167 3509 1355 3581 procul
1399 3510 1592 3565 abesse
1624 3525 1851 3580 prorsus
1895 3518 2076 3563 extra-

482 3623 670 3663 neum.
719 3607 871 3663 Sicut
907 3621 1037 3676 ergo
1079 3603 1141 3657 B.
1166 3602 1365 3658 Paulus
1400 3603 1573 3671 magis
1610 3610 1762 3671 optat
1806 3601 2072 3673 agamiam

483 3716 647 3772 quam
675 3698 1090 3771 monogatniam,
1114 3696 1202 3751 vel
1223 3695 1542 3767 digamiam;
1577 3709 1643 3750 ne
1672 3703 1848 3749 tamen
1877 3694 2075 3763 quique

481 3794 704 3866 fragiles
752 3793 1004 3848 labantur
1056 3792 1109 3846 in
1161 3790 1406 3862 pellices,
1437 3789 1687 3845 concedit
1733 3803 1962 3854 uxores;
1999 3788 2072 3843 ita

479 3884 739 3940 nimirum
770 3885 830 3939 Β.
855 3884 1201 3945 Benedictus,
1233 3896 1546 3951 quanquam
1591 3879 1917 3951 propensius
1944 3878 2073 3934 velit

479 3989 583 4030 nos
609 3989 728 4029 esse
757 3974 901 4042 quod
929 3982 1068 4041 erat,
1102 3974 1207 4028 hoc
1232 3981 1332 4035 est,
1376 3972 1544 4026 eremi
1580 3981 1903 4035 sectatores,
1937 3970 2073 4026 tole-

480 4063 710 4120 rabilius
739 4072 919 4117 tamen
944 4062 1094 4117 ducit
1122 4077 1222 4117 nos
1253 4060 1498 4120 infirmos
1524 4076 1589 4115 ac
1613 4061 1819 4115 dehin
1862 4061 1918 4117 in
1953 4076 2071 4116 mo-

482 4076 710 4120 ratnnus
739 4076 919 4117 tamen
944 4076 1094 4117 tlthtl
1122 4077 1222 4117 nos
1253 4076 1432 4116 tnnrm
1524 4076 1589 4115 ac
1613 4076 1819 4115 uentus
1862 4076 1918 4117 tn
1953 4076 2071 4116 mo-

482 4151 708 4209 nasterii
732 4159 890 4220 portu
913 4150 996 4205 vel
1029 4149 1335 4220 ignobiliter
1359 4076 1546 4204 vage
1575 4165 1738 4219 quam
1782 4150 1836 4205 in
1867 4158 2071 4219 tempe-

481 4250 666 4299 stuosa
698 4238 942 4309 naufragi
980 4239 1167 4294 mundi
1196 4239 1455 4309 voragine
1482 4238 1749 4309 deperire.

554 4332 775 4387 Fratres
809 4331 988 4400 itaque
1018 4329 1073 4384 in
1104 4329 1436 4385 monasterio
1470 4328 1822 4385 immobiliter
1855 4345 2069 4400 perma-

480 4431 696 4488 nentes,
728 4421 989 4477 tolerandi
1020 4427 1179 4485 sunt;
1205 4418 1272 4473 ad
1300 4426 1546 4474 eremum
1572 4433 1703 4473 vero
1726 4418 1935 4475 fervido
1960 4422 2068 4493 spi-

478 4518 588 4573 ritu
621 4516 1071 4587 transmigrantes
1092 4514 1367 4585 plausibus
1393 4529 1457 4568 ac
1482 4512 1766 4584 praeconiis
1787 4512 2065 4569 efferendi.

479 4609 562 4666 Illi
601 4609 867 4680 siquidem
906 4609 1008 4663 sub
1043 4607 1237 4663 divina:
1272 4604 1626 4676 protectionis
1655 4604 1844 4676 clypeo
1885 4604 2073 4661 delite-

481 4708 670 4765 scunt;
714 4698 803 4754 isti
843 4712 972 4753 vero
1013 4697 1066 4752 in
1098 4712 1352 4766 campum
1386 4695 1701 4757 certaminis
1742 4695 2069 4764 prodeuntes

482 4792 724 4848 victoriae
764 4790 933 4847 titulis
974 4791 1320 4845 deoorantur.
1357 4787 1438 4841 Illi
1475 4784 1769 4841 defendunt
1801 4801 1931 4852 sua;
1978 4787 2067 4841 isti

480 4882 730 4939 referunt
774 4880 971 4951 spolia.
1019 4879 1097 4933 Illi
1125 4878 1236 4933 Deo
1266 4883 1583 4947 protegente
1630 4885 1757 4931 sunt
1790 4876 2067 4946 insupera-

482 4972 649 5037 bilcs;
682 4972 770 5027 isti
799 4971 1039 5042 quotidie
1067 4976 1320 5040 satagunt
1346 4967 1577 5023 hostium
1605 4981 1827 5022 suorum
1857 4967 2070 5022 calcare

483 5061 739 5100 nomine,
796 5061 870 5102 Illi
912 5068 1100 5102 ρηηιισιι
1160 5057 1357 5102 mmnia
1406 5055 1683 5102 constituti
1735 5054 2065 5104 obsidentes.

2189 1858 2577 1912 commendent
2624 1872 2746 1927 quae
2775 1856 3059 1913 scribenda
3107 1866 3251 1922 sunt,
3304 1857 3411 1913 iste
3455 1874 3565 1913 non
3598 1860 3761 1916 solum

2192 1953 2243 2006 in
2293 1952 2408 2023 ipso
2457 1952 2655 2022 regula:
2703 1951 3009 2021 incipientis
3051 1953 3297 2020 exordio,
3353 1955 3535 2010 sedet
3564 1958 3617 2009 in
3667 1955 3766 2011 line

2188 2057 2406 2113 quoque
2449 2051 2618 2097 totum
2650 2057 2786 2112 opus
2820 2057 2979 2097 suum
3027 2042 3312 2113 levigando
3363 2054 3422 2099 et
3449 2044 3767 2100 annnllando

2188 2136 2474 2205 depretiat,
2515 2143 2575 2189 ut
2609 2132 3009 2189 emnobitarum
3044 2134 3288 2189 ordinem
3319 2135 3620 2190 eremiticae
3652 2136 3765 2190 vita:

2187 2240 2471 2297 supparem
2520 2234 2741 2282 statuat.
2795 2225 2865 2281 Ut
2912 2241 3042 2295 ergo
3092 2226 3288 2283 fratres
3333 2228 3401 2283 ad
3427 2242 3671 2284 eremum
3702 2230 3765 2284 de

2186 2318 2556 2375 monasteriali
2587 2319 2697 2373 vita
2724 2320 3117 2386 conscendant,
3145 2329 3202 2375 et
3226 2334 3325 2375 nos
3353 2320 3565 2375 hortari
3593 2332 3647 2376 et
3673 2335 3769 2374 nos

2185 2408 2449 2465 debemus
2492 2425 2615 2464 cum
2663 2410 2931 2464 charitate
2982 2411 3302 2482 suscipere,
3357 2420 3421 2465 ut
3468 2426 3578 2466 non
3630 2411 3766 2468 velut

2186 2503 2377 2558 hostes
2418 2519 2449 2557 a
2501 2504 2661 2558 beato
2693 2503 2809 2558 viro
2836 2503 3205 2571 schismatica,
3237 2503 3382 2573 quod
3427 2503 3594 2570 absit,
3624 2517 3771 2558 aver-

2185 2594 2340 2648 sione
2390 2593 2694 2658 discedere,
2728 2595 2844 2660 scd,
2875 2603 2933 2647 ιιι
2960 2608 3148 2648 revera
3178 2592 3448 2662 discipuli,
3494 2594 3767 2649 videamur

2183 2692 2239 2739 ct
2266 2683 2338 2737 illi
2371 2683 2601 2738 invicem
2624 2682 2952 2737 unanimiter
2978 2683 3308 2739 consentire.

2718 2793 3055 2852 EPISTOLA
3093 2795 3230 2850 XIII.

2288 2903 2355 2942 AD
2394 2903 2449 2942 Ν.
2488 2903 2731 2943 ΑΒΒᾹΤΕΜ
2772 2903 3391 2944 οοιιετΑΝτιΝοΡοιιτΔΝι
3428 2902 3672 2945 (ΖἝΝΟΒΠ

2836 2996 2882 3035 S.
2916 2996 3116 3035 ΜΔΒΙΕ.

2181 3073 2664 3129 Aucunsaruu.—
2686 3072 2978 3129 Monachos
3008 3073 3254 3137 Latinos,
3282 3073 3373 3142 qni
3414 3074 3466 3128 in
3501 3082 3766 3129 monaste-

2254 3145 2337 3199 rio
2384 3145 2443 3198 S.
2477 3144 2657 3198 Marte
2699 3144 3167 3214 Constantinopoli
3213 3145 3621 3209 versabantur,
3670 3146 3766 3198 hac

2250 3214 2479 3284 epistola
2529 3229 2855 3283 magnopere
2904 3215 3062 3284 201
3107 3214 3474 3281 commendat,
3522 3217 3671 3283 quod
3716 3216 3765 3268 in

2253 3286 2357 3340 illis
2388 3285 2695 3354 regionibus
2729 3294 2934 3339 rectum
2962 3285 3085 3337 tidei
3115 3294 3171 3339 ct
3197 3286 3319 3339 vita:
3368 3286 3646 3339 tramitem
3696 3293 3767 3337 te.

2250 3364 2462 3409 nerent.
2513 3354 2589 3408 De
2614 3356 2912 3423 qumstione
2938 3369 3086 3417 vero,
3115 3355 3182 3409 de
3209 3371 3316 3424 qtta
3350 3356 3418 3408 ab
3451 3355 3561 3408 illis
3604 3355 3768 3409 inter-

2250 3434 2471 3495 rogatus
2493 3423 2691 3490 fuerat,
2717 3426 2793 3478 ait
2838 3439 2903 3495 se
2928 3424 3137 3479 illorum
3185 3423 3397 3489 nuntio,
3428 3426 3525 3495 qui
3560 3425 3662 3480 has
3685 3425 3765 3478 lit.

2250 3494 2397 3550 teras
2429 3494 2636 3550 laturus
2665 3502 2830 3562 esset,
2860 3494 3072 3550 abunde
3100 3494 3454 3551 satisfecisse.

2248 3608 2457 3664 Domno
2487 3607 2557 3662 Μ.
2588 3608 2883 3664 venerabili
2916 3608 3095 3665 abbati
3133 3609 3449 3665 monasterii
3482 3608 3544 3665 S.
3591 3608 3767 3663 Maria

2179 3702 2236 3757 in
2265 3700 2727 3767 Constantinopoli
2754 3708 2810 3755 et
2854 3700 3075 3771 reliquis
3103 3699 3384 3768 fratribus,
3406 3699 3631 3756 Primus
3654 3715 3767 3771 pec-

2175 3800 2331 3847 cator
2357 3790 2652 3845 monachus
2679 3790 2731 3843 in
2762 3788 2992 3843 Domino
3021 3789 3270 3844 salutem.

2244 3881 2585 3945 Gaudemus,
2628 3880 2962 3935 dilectissimi
3006 3881 3235 3945 fratres,
3276 3880 3402 3951 quia
3449 3881 3579 3936 dum
3629 3881 3767 3934 inter

2172 3977 2389 4025 exteras
2418 3976 2603 4039 gentes
2635 3975 2692 4022 et
2730 3968 2782 4021 in
2821 3967 3121 4038 peregrina:
3160 3968 3356 4037 linguae
3384 3968 3615 4038 regione
3649 3982 3767 4021 coo-

2173 4060 2384 4126 sistitis,
2410 4075 2439 4113 a
2462 4058 2732 4115 catholica
2757 4066 2938 4113 tamen
2966 4057 3099 4112 Fide
3120 4068 3177 4111 et
3196 4058 3301 4128 piis
3321 4058 3607 4127 operibus,
3634 4057 3765 4111 sicut

2171 4154 2315 4210 fama
2334 4152 2585 4224 vulgante
2610 4150 2992 4221 comperimus,
3021 4164 3131 4204 non
3158 4149 3438 4205 exsulatis.
3468 4148 3639 4204 Cives
3663 4148 3761 4202 ita.

2172 4259 2279 4318 que
2307 4253 2618 4300 sanctorum
2647 4252 2702 4299 et
2730 4243 3012 4299 domestici
3037 4242 3131 4297 Dei
3166 4256 3196 4296 a
3224 4242 3385 4297 domo
3408 4243 3639 4312 propria
3664 4255 3763 4295 non

2170 4337 2443 4404 receditis,
2475 4339 2599 4391 dum
2636 4336 2775 4390 intra
2812 4345 3013 4390 sancta:
3039 4334 3298 4391 Ecclesia:
3337 4336 3614 4403 gremium
3645 4347 3767 4388 eon—

2174 4426 2350 4481 stituti
2375 4465 2391 4491 ,
2448 4440 2549 4495 per
2598 4433 2759 4480 recta:
2806 4423 3235 4479 conversationis
3290 4423 3489 4477 lineam
3547 4433 3768 4493 peregre

2177 4516 2468 4572 festinatis.
2503 4515 2561 4570 In
2588 4530 2914 4585 quacunque
2942 4514 3198 4570 nimirum
3227 4515 3444 4585 regione
3474 4522 3763 4576 terrarum,

2176 4605 2456 4676 aequaliter
2480 4613 2630 4676 patet
2669 4604 2791 4658 attla
2824 4604 3106 4659 calorum.
3148 4604 3215 4657 Et
3244 4604 3332 4658 ubi
3370 4614 3539 4659 recta:
3568 4604 3690 4658 fidei
3715 4610 3767 4656 et

2175 4706 2377 4754 sancta:
2404 4694 2833 4751 conversationis
2875 4694 3014 4747 idem
3041 4700 3125 4748 est
3151 4692 3405 4749 meritttm
3423 4734 3437 4756 ,
3472 4693 3547 4746 nil
3576 4690 3767 4761 ιιι-κὶα·

2175 4790 2321 4844 dicat
2352 4787 2637 4843 diversitas
2665 4785 2845 4854 aliqua
2887 4785 3232 4852 varietasque
3277 4783 3614 4853 linguarum.
3652 4782 3764 4837 Ubi.

2174 4890 2386 4944 cunque
2433 4874 2638 4931 scilicet
2678 4873 2771 4927 Dei
2813 4887 3003 4927 servus
3050 4871 3345 4936 inhabitet,
3393 4880 3608 4942 oportet
3645 4886 3762 4925 mm

2177 4965 2463 5021 saecularcs
2499 4980 2528 5018 a
2562 4980 2621 5019 se
2664 4972 2829 5032 atque
2857 4962 3102 5018 carnales
3136 4971 3291 5017 actus
3323 4964 3678 5028 abscindere,
3712 4971 3767 5017 et

2176 5055 2561 5104 mortificatnm
2584 5055 2653 5104 ah
2678 5055 2780 5104 hoc
2802 5053 2999 5104 smculo
3027 5069 3124 5104 ner
3152 5063 3360 5104 rectum
3382 5055 3562 5104 sancti
3588 5053 3764 5104 oneris
