3950 5344
144 242 239 299 391

1349 229 1549 285 LIBER
1577 226 1871 290 SEXTUS,
1906 228 2121 284 EPIST.
2164 226 2281 282 XV.

3288 228 3392 287 598

142 354 273 409 idem
300 356 489 405 auctor
512 348 746 419 impetus
765 352 849 400 est
874 351 929 400 et
955 341 1157 397 furoris
1174 381 1189 406 ,
1218 342 1360 397 sicut
1381 340 1711 404 econtrario,
1741 344 1788 402 Α
1819 349 1963 394 taxat
1985 355 2109 395 eum
2130 341 2230 395 sub
2259 340 2482 409 tuojurc
2506 341 2805 409 possideas,
2826 357 2870 398 SI
2900 343 3037 413 perit
3059 357 3263 410 amma,
3290 358 3388 415 pro

145 440 386 497 Dominus
417 445 608 492 noster
638 449 738 504 per
763 432 1082 504 prophetam
1111 428 1331 496 dicitur,
1366 428 1525 484 Pater
1548 428 1714 483 futuri

142 531 328 593 sarculi,
357 528 615 596 Princeps
647 524 796 596 pacis
832 522 988 595 (Iani.
1022 520 1121 591 ix).
1162 519 1262 574 llic
1297 520 1478 587 itaque
1508 518 1711 573 Adoni-

142 621 347 681 bezecb,
380 619 523 672 sicut
556 615 834 685 Scriptura
868 619 1112 677 testatur,
1150 610 1228 665 ait
1260 627 1272 662 :
1312 628 1331 661 ι
1362 608 1713 679 Septuaginta

142 728 284 781 reges
309 709 602 780 amputatis
638 703 1038 761 summitatibus
1072 716 1357 771 manuum,
1390 709 1447 754 et
1477 701 1671 769 pedum
1695 739 1710 762 ,

142 801 447 873 colligebant
477 798 733 867 reliquias
771 795 1014 850 ciborum
1045 792 1145 846 sub
1176 805 1363 844 mensa
1392 804 1534 853 mea,
1573 773 1727 843 sicut

141 896 232 950 feci
275 894 428 957 aliis,
477 891 550 944 ita
598 888 831 944 reddidit
876 884 1006 939 mihi
1050 883 1312 938 Dominus
1354 879 1551 952 (ludia.
1595 882 1653 949 ι).
1688 898 1708 930 ι

142 986 266 1054 Quid
295 986 476 1054 itaque
507 996 601 1052 per
636 979 972 1050 septuaginta
1012 991 1200 1047 reges,
1230 974 1334 1029 nisi
1373 972 1711 1044 septuaginta

139 1079 424 1148 linguarum
477 1072 824 1144 intelligimus
877 1067 1168 1124 nationes?
1212 1066 1410 1137 quibus
1456 1064 1710 1143 nimirum

139 1172 387 1240 malignus
436 1168 661 1237 spiritus
714 1178 969 1220 manuum
1016 1161 1321 1232 pedumque
1370 1157 1712 1214 summitates

140 1263 454 1326 absciderat,
501 1259 756 1329 quoniam
790 1256 966 1311 omnis
995 1270 1127 1323 gens
1154 1268 1256 1308 nec
1296 1251 1435 1306 bona
1461 1248 1713 1321 quaelibet

139 1354 331 1424 aperari
350 1393 366 1417 ,
398 1368 498 1407 nec
525 1367 623 1420 per
644 1349 866 1419 justitire
906 1346 1180 1402 tramitem
1207 1344 1456 1399 incedere
1482 1342 1709 1414 permit-

142 1446 287 1500 tebat.
321 1443 427 1498 Sed
462 1442 588 1496 huic
630 1438 1040 1503 Adouibezech,
1082 1436 1306 1490 humani
1344 1434 1597 1490 videlicet
1621 1447 1711 1504 ge-

140 1535 265 1589 neris
289 1534 528 1595 inimieo,
561 1545 815 1584 manuum
851 1527 1012 1583 simul
1042 1541 1106 1581 ac
1134 1525 1328 1595 pedum
1370 1524 1710 1579 summitates

140 1626 444 1695 Redemptor
472 1633 660 1678 noster
686 1621 947 1684 abscidit,
986 1635 1108 1675 cum
1138 1615 1256 1686 ejus
1283 1617 1352 1671 ab
1382 1616 1569 1672 electis
1596 1616 1710 1672 suis

1813 444 1918 500 qua
1932 429 2182 486 Christus
2201 440 2447 486 mortuus
2462 440 2544 486 est
2563 429 2613 503 (1
2631 431 2751 486 Cor.
2774 433 2914 504 vni),
2934 435 3153 489 omnino
3173 449 3280 489 non
3299 448 3393 490 cu-

1813 535 1923 576 ras.
1949 520 2102 591 Apud
2126 519 2470 577 Salomonem
2499 538 2691 593 nempe
2710 525 2987 589 meretrix,
3012 540 3134 596 quae
3155 524 3393 581 alienum

1813 612 2145 669 subduxerat
2168 613 2336 670 fetum
2354 654 2370 681 ,
2412 613 2644 670 malebat
2665 631 2787 671 cum
2802 609 2815 620 ’
2835 617 2982 688 regio
3006 632 3263 673 mucrone
3302 632 3390 674 sc-

1812 704 1957 770 eari,
1985 720 2146 774 quam
2184 706 2442 762 maternis
2471 706 2727 764 uberibus
2756 708 2903 763 reddi
2945 706 3065 779 (III
3094 706 3219 779 Reg.
3257 709 3343 777 ιιι)
3375 727 3391 767 :

1811 796 2234 866 parvipendebat
2260 797 2525 867 siquidem
2561 800 2860 870 perniciem
2894 799 3207 866 morientis,
3235 799 3392 855 dum-

1812 884 1973 940 modo
1993 885 2310 941 vocabulum
2335 887 2450 958 ipsa
2469 904 2577 944 non
2600 891 2873 946 amitteret
2895 891 3102 946 matris.
3127 891 3208 946 Tu
3228 891 3399 949 etiam.

1814 976 1881 1031 ad
1919 975 2078 1046 hujus
2104 976 2406 1048 exemplum
2425 1019 2441 1046 ,
2468 995 2565 1035 cur
2594 980 2763 1036 laetas
2796 997 2954 1052 quem
2986 997 3090 1038 non
3120 981 3395 1053 genuisti?

1812 1070 1899 1124 vel
1938 1086 2089 1127 more
2127 1071 2395 1141 perdicis,
2438 1087 2536 1126 cur
2566 1070 2714 1127 foves
2750 1086 2911 1141 quem
2954 1087 3061 1128 non
3096 1072 3397 1145 peperisti?

1813 1158 1929 1216 Hoc
1952 1171 2037 1217 est
2059 1161 2205 1217 enim
2234 1162 2482 1217 naturale
2511 1162 2762 1232 perdicis,
2793 1172 2852 1217 ut
2879 1162 3055 1218 aliena
3082 1163 3268 1218 furtim
3292 1179 3399 1223 ova

1813 1252 2110 1322 subripiat,
2147 1268 2321 1324 eaque
2354 1262 2609 1324 tanquam
2642 1254 2857 1324 propria
2896 1268 2961 1310 eo
3000 1269 3170 1324 usque
3210 1251 3397 1309 confo-.

1812 1354 1973 1411 veat,
2013 1345 2187 1401 donec
2231 1343 2376 1403 fetus
2419 1354 2698 1417 erumpat,
2743 1348 2838 1402 sed
2871 1361 2995 1402 cum
3036 1346 3163 1416 pulli
3206 1359 3398 1402 vocem

1811 1438 2004 1493 matris
2036 1438 2294 1505 audiunt,
2325 1452 2445 1494 eam
2475 1447 2682 1494 naturae
2714 1438 2960 1494 docentis
2998 1438 3198 1493 indicio
3237 1450 3393 1493 reco-

1812 1540 2117 1600 gnoscunt,
2164 1538 2220 1585 et
2260 1528 2398 1585 falsa
2436 1537 2612 1583 matre
2649 1536 2956 1598 contempta
2981 1567 2996 1594 ,
3042 1527 3287 1596 protinus
3327 1525 3397 1587 ad

1812 1634 1998 1675 veram
2023 1619 2315 1690 perniciter
2342 1627 2705 1676 revertuntur.
2738 1617 2890 1673 Unde
2915 1627 2970 1671 et
2988 1616 3252 1673 Jeremias
3276 1617 3352 1672 ait
3376 1634 3395 1673 :

84 1696 89 1700 ’
138 1715 349 1770 nefarios
379 1723 533 1768 actus
561 1725 882 1782 gressusque
918 1707 1269 1778 compescuit.
1305 1703 1412 1761 Vos
1435 1722 1598 1776 ergo,
1626 1705 1710 1761 di-
1740 1705 1786 1765 B
1821 1727 1841 1761 ι
1871 1709 2068 1765 Perdix
2103 1709 2241 1766 fovit
2281 1725 2401 1780 qua:
2443 1726 2550 1765 non
2591 1708 2836 1794 peperit;
2883 1707 3012 1763 fecit
3050 1710 3301 1775 divitias,
3340 1720 3397 1766 et

139 1806 425 1873 lectissimi,
475 1804 643 1859 nolite
683 1802 1000 1871 permittere
1038 1800 1190 1854 vobis
1229 1800 1373 1853 hunc
1416 1796 1708 1868 prmsidere

138 1907 427 1969 tyrannum,
451 1910 614 1966 quem
646 1908 902 1948 mucrone
927 1892 1124 1947 divina:
1153 1890 1432 1947 sententiae
1458 1904 1562 1943 non
1593 1904 1707 1943 am-

138 1991 297 2061 bigitis
342 1989 746 2043 detruncattun.
792 1982 912 2038 Vim
961 1984 1146 2053 itaque
1190 1984 1409 2052 superni
1452 1978 1706 2036 desiderii

138 2091 290 2136 mente
314 2080 607 2151 concipite,
635 2079 702 2132 ad
732 2076 972 2133 caelestis
1002 2075 1151 2145 regni
1180 2073 1403 2144 gloriam
1428 2070 1706 2127 succensis

138 2171 408 2227 visceribus
430 2179 679 2233 mstnatc,
711 2167 946 2223 carnalis
975 2166 1240 2221 illecebrae
1262 2164 1489 2218 solerter
1515 2163 1705 2217 incen-

144 2265 231 2317 tiva
257 2263 565 2333 reprimite,
606 2262 672 2315 ad
701 2260 870 2315 Deum
901 2273 1118 2328 semper
1141 2272 1235 2328 per
1270 2256 1559 2327 singularis
1586 2253 1708 2308 vita:

138 2355 357 2410 semitam
376 2395 391 2418 ,
420 2364 477 2407 et
507 2360 822 2407 sanctorum
868 2350 1091 2404 Patrum
1119 2347 1341 2417 vestigia
1384 2352 1704 2416 properate,

138 2455 376 2516 quatenus
395 2486 411 2511 ,
439 2446 569 2500 dum
590 2444 816 2512 justitiaa
843 2452 1025 2497 tenere
1055 2439 1380 2495 contenditis
1411 2437 1703 2501 tramitem,

137 2536 193 2589 ad
231 2536 399 2606 ipsum
443 2533 674 2604 justitim
718 2542 771 2589 et
816 2533 983 2587 totius
1031 2530 1336 2586 sanctitatis
1380 2528 1706 2598 pet-veniatis

137 2635 407 2682 auctorem.
437 2625 794 2694 Omnipotens
824 2624 988 2689 Deus,
1019 2620 1355 2675 dilectissimi
1388 2618 1610 2682 fratres,
1641 2619 1706 2673 de

141 2720 363 2774 manibus
400 2734 503 2773 vos
543 2716 752 2786 antiqui
798 2715 971 2771 hostis
1012 2713 1247 2783 eripiat,
1296 2713 1362 2766 de
1405 2709 1706 2781 peregrinis

134 2810 259 2864 cives
289 2809 521 2875 eﬂiciat,
550 2816 603 2864 et
631 2822 878 2878 supernae
902 2804 1251 2873 .Ilierusalem
1284 2802 1584 2862 iuuenibus,
1615 2798 1703 2853 ubi

136 2915 229 2953 non
253 2899 578 2973 linguarum,
612 2912 718 2952 non
745 2896 1087 2951 voluntatum
1120 2903 1205 2949 est
1232 2893 1336 2947 ulla
1378 2891 1664 2947 diversitas
1687 2931 1702 2956 ,

136 2991 431 3047 introdueat.
464 2991 544 3045 De
569 2988 867 3060 quaestione
898 2996 1101 3051 autem,
1128 2999 1289 3054 super
1312 2998 1420 3053 qua
1448 2997 1544 3037 nos
1571 2998 1703 3036 con-

1811 1818 1918 1858 non
1948 1803 2001 1859 in
2026 1802 2267 1874 judicio;
2300 1802 2354 1858 in
2383 1801 2605 1857 dimidio
2636 1801 2845 1857 dierum
2876 1816 3094 1856 suorum
3125 1801 3395 1872 relinquet

1810 1909 1922 1959 eas,
1949 1901 2004 1947 et
2037 1893 2092 1947 in
2117 1893 2410 1948 novissimo
2432 1908 2529 1948 suo
2560 1891 2665 1948 erit
2703 1892 2964 1963 insipiens
2993 1892 3126 1964 (Jer.
3171 1893 3329 1965 xvu).
3365 1914 3385 1946 ι

1808 1983 2014 2054 Nempe
2035 1983 2186 2038 salvo
2212 1998 2301 2048 eo,
2325 1990 2386 2037 ut
2405 1982 2471 2037 de
2498 1982 2584 2037 bis
2608 1981 2701 2052 qui
2722 1981 2930 2037 alienos
2944 1981 3197 2037 furantur
3218 1982 3395 2043 alum-q

1809 2092 1940 2145 nos,
1983 2076 2087 2132 hoc
2119 2076 2289 2145 possit
2326 2073 2598 2146 intelligi,
2645 2075 2860 2130 videtur
2899 2085 3077 2131 tamen
3119 2074 3186 2132 de
3226 2076 3392 2132 totius

1808 2179 2031 2225 auctore
2075 2168 2330 2238 nequitia:
2370 2167 2741 2238 principaliter
2780 2168 2911 2224 diei.
2951 2168 3205 2224 Diabolus
3245 2170 3393 2225 enim

1811 2270 2065 2330 tanquam
2106 2260 2298 2314 doctor
2336 2260 2390 2314 in
2428 2260 2686 2315 cathedra
2716 2260 3059 2330 pestilentiae,
3098 2276 3262 2332 super
3298 2262 3394 2316 ho-

1808 2349 1984 2405 mines
2029 2349 2132 2404 sibi
2173 2350 2544 2419 magisterium
2584 2351 2904 2421 usurpavit,
2952 2367 3087 2421 quos
3126 2353 3239 2423 ipse
3283 2368 3393 2408 non

1807 2438 2072 2503 condidit;
2103 2448 2158 2492 et
2186 2454 2426 2493 errorem
2456 2453 2554 2494 nos
2582 2438 2825 2495 docendo
2852 2441 3013 2511 203
3043 2441 3197 2512 quasi
3234 2441 3387 2508 fovit,

1807 2542 1943 2598 quos
1971 2528 2204 2582 creando
2245 2544 2350 2581 non
2386 2529 2614 2598 peperit.
2646 2528 2800 2583 Fecit
2834 2530 3017 2599 itaque
3044 2530 3258 2586 divitias
3282 2572 3296 2597 ,
3336 2543 3390 2588 et

1807 2633 1912 2671 non
1946 2617 1995 2670 in
2018 2615 2248 2685 judicio,
2271 2619 2393 2688 quia
2424 2618 2551 2672 dum
2583 2618 2743 2673 rebus
2766 2619 2927 2673 alieni
2951 2620 3093 2690 juris
3122 2621 3389 2678 ditescere
3456 2644 3465 2653 κ

1808 2712 1995 2776 voluit,
2030 2712 2299 2781 aequitatis
2320 2712 2585 2782 judicium
2618 2712 2919 2767 temeravit.
2950 2711 3057 2768 Sed
3081 2713 3135 2767 in
3165 2714 3390 2771 dimidio

1804 2804 2012 2857 dierum
2046 2819 2265 2858 suorum
2308 2802 2576 2874 relinquet
2612 2818 2739 2869 eos;
2776 2803 3020 2860 diabolus
3053 2804 3196 2860 enim
3231 2809 3390 2876 quasi

1805 2894 1979 2949 adhuc
2008 2896 2173 2961 vivit,
2199 2896 2325 2951 dum
2351 2912 2473 2952 eum
2503 2897 2675 2953 ultimi
2700 2898 2890 2970 judicii
2926 2898 3132 2967 gladius
3157 2900 3388 2955 necdum

1807 2984 2110 3039 transfodit.
2137 2982 2379 3041 Nondum
2410 2987 2592 3056 itaque
2616 2997 2861 3045 mortuus
2888 3002 3015 3043 suas
3044 2987 3255 3044 divilias
3275 2988 3388 3058 jam

135 3082 286 3137 solere
324 3080 681 3145 decrevistis,
722 3078 945 3147 fratrem
974 3078 1117 3131 hunc
1158 3075 1378 3129 Petrum
1406 3115 1421 3138 ,
1460 3081 1698 3127 vestrum
1728 3054 1774 3118 Ο
1808 3076 2083 3146 relinquit,
2114 3077 2366 3146 quoniam
2394 3078 2461 3132 ad
2491 3077 2801 3134 Creatorem
2824 3094 2981 3134 suum
3004 3094 3175 3150 genus
3204 3079 3390 3135 huma-

138 3173 316 3228 sciliret
339 3172 590 3228 nuntium
610 3170 793 3240 202,
816 3167 1046 3223 solerter
1066 3164 1342 3234 inquirite,
1367 3173 1422 3219 et
1442 3161 1698 3232 quidquid

136 3264 264 3322 vobis
287 3266 408 3321 viva
438 3278 575 3319 voce
604 3261 892 3333 protulerit
918 3259 1224 3313 observate.

650 3370 983 3429 EPISTOLA
1020 3368 1162 3424 XIV.

538 3483 608 3523 AD
646 3478 959 3520 υΔιΝΑιωωι
997 3475 1258 3515 ABBATEM.

303 3537 570 3632 (Habetur
611 3565 739 3610 tam.
787 3551 908 3619 III,
954 3563 1131 3620 estque
1168 3564 1343 3620 opusc.
1380 3546 1492 3619 29.)

662 3664 996 3722 EPISTULA
1035 3661 1151 3717 XV.

131 3782 190 3822 AD
220 3780 266 3820 P.
303 3777 554 3821 ABBA'I‘EI
602 3773 838 3817 C(ENOBII
885 3769 1194 3813 CLASSENSIS
1238 3768 1284 3808 S.
1324 3765 1693 3806 APOLLINABIS.

129 3856 504 3913 Διςυιητυιι.
535 3882 607 3894 -
637 3852 978 3908 Classensem
1028 3846 1275 3901 abbatem
1304 3884 1319 3908 ,
1366 3843 1457 3913 qui
1506 3859 1694 3913 mona-

186 3912 338 3983 chum
380 3942 411 3981 a
449 3922 782 3980 monasterio
829 3916 1158 3985 transfugam
1198 3912 1698 3985 detinebatmultis

184 3993 800 4054 exeommunicationum
828 3983 1064 4042 vinculis
1081 3984 1422 4045 obstrictum,
1455 3983 1696 4054 obtesta-

185 4053 373 4122 turiut
411 4065 564 4120 illum
618 4062 759 4131 apud
807 4074 865 4113 se
913 4069 1232 4131 permanere
1281 4068 1386 4131 no_n
1436 4053 1691 4131 patiatur.

184 4137 329 4203 Quod
360 4138 406 4192 si
442 4137 511 4190 ad
547 4121 706 4187 suum
747 4121 1131 4203 monasterium
1164 4123 1362 4203 reverti
1398 4121 1695 4203 v'elit,_tui-

185 4193 285 4262 tEm
318 4222 377 4263 se
403 4214 461 4260 et
498 4205 823 4259 clementem
853 4212 981 4269 erga
1014 4196 1161 4252 illum
1206 4194 1444 4249 futurum
1476 4193 1696 4263 pollice-

184 4285 234 4329 ω
240 4293 281 4330 ι’.

183 4368 381 4424 Domno
409 4367 475 4423 P.
500 4362 799 4421 venerabili
829 4359 1027 4425 abbati,
1058 4357 1275 4413 Psrncs
1297 4364 1551 4426 peccator
1575 4371 1692 4412 mo-

126 4460 308 4516 nachus
336 4458 570 4515 salutem
600 4456 654 4510 in
689 4454 931 4508 Domino.

183 4552 341 4609 Miror
369 4561 620 4608 sanctam
648 4546 989 4619 prudentiam
1031 4553 1197 4608 tuam,
1232 4542 1556 4597 venerabilis
1582 4541 1692 4595 fra-

124 4654 211 4708 ter,
253 4646 378 4716 quia
414 4658 541 4698 cum
576 4649 689 4693 tota
727 4645 870 4692 terra
913 4633 1113 4705 repleta
1157 4633 1227 4688 sit
1270 4633 1551 4690 monachis
1577 4673 1591 4697 ,
1634 4643 1688 4687 tu

124 4750 283 4790 meum
329 4736 620 4789 adversum
658 4743 746 4783 me
790 4726 1113 4782 monachum
1162 4723 1351 4790 foves,
1402 4723 1561 4779 toties
1603 4739 1690 4778 me

125 4825 244 4894 apud
292 4837 346 4880 te
386 4820 801 4895 expostulante,
849 4815 1204 4885 requisitum,
1251 4823 1328 4869 tot
1380 4812 1688 4885 apostolica:
1734 4832 1740 4839 ·

123 4917 246 4971 sedis
283 4916 766 4978 Romanorumque
811 4905 1125 4978 pontificum
1167 4905 1681 4962 excommunicatioa

123 5024 234 5063 num
268 5009 463 5081 jaculis
508 5004 831 5062 sauciatum.
880 4999 1168 5054 Enimvero
1213 4999 1420 5070 primus
1465 4997 1685 5051 humani

122 5101 314 5168 generis
341 5112 560 5170 parens,
597 5109 718 5149 cum
749 5092 846 5147 sibi
879 5090 1166 5146 comedere
1196 5091 1262 5146 de
1292 5089 1521 5154 cunctis,
1552 5103 1687 5159 prac-

122 5198 191 5243 ter
213 5207 369 5245 unam
398 5183 643 5260 paradisi
676 5183 849 5239 liceret
887 5179 1199 5246 arboribus,
1228 5189 1545 5236 caeterarum
1570 5179 1687 5248 qui-

120 5277 221 5333 dem
257 5282 511 5336 arborum
544 5289 701 5344 poma
736 5270 1095 5341 contempsit,
1134 5272 1278 5327 illam
1308 5289 1437 5329 vero
1481 5273 1683 5339 solam,

1804 3185 1932 3223 num
1964 3185 2031 3224 ex
2064 3171 2299 3225 maxima
2339 3181 2491 3243 parte
2518 3172 2631 3243 jam
2670 3173 2849 3228 rediit.
2879 3172 3269 3229 ln'novissimo
3293 3190 3391 3229 au-

1804 3270 1911 3316 tem
1947 3276 2046 3316 suo
2074 3262 2180 3316 erit
2226 3262 2511 3333 insipiens,
2541 3279 2700 3333 quem
2726 3304 2745 3331 ,
2785 3264 2927 3320 sicut
2950 3265 3240 3334 Apostolus
3270 3266 3384 3320 ait:

1807 3374 1825 3406 σ
1852 3354 2112 3409 Dominus
2151 3352 2641 3421 Jesus~intcrﬁciet
2674 3356 2866 3426 spiritu
2906 3355 3018 3411 oris
3047 3356 3168 3422 sui,
3211 3365 3268 3413 et
3296 3358 3387 3414 de-

1802 3451 1974 3497 struet
2020 3442 2377 3499 illustratione
2405 3445 2671 3501 adventus
2707 3442 2791 3500 sui
2822 3444 2909 3516 (ΙΙ
2941 3445 3119 3501 Thess.
3150 3448 3233 3517 ιι).
3269 3466 3288 3498 ι
3322 3447 3389 3502 Et

1801 3536 2062 3604 propheta
2093 3553 2106 3590 :
2143 3553 2161 3586 ι
2198 3534 2424 3606 Spiritu,
2455 3537 2653 3607 inquit,
2678 3537 2941 3591 labiorum
2971 3534 3191 3593 suorum
3221 3538 3387 3594 inter-

1802 3625 1944 3681 ﬁciet
1980 3626 2201 3696 impium
2247 3626 2404 3697 (Isai.
2445 3627 2543 3698 χι).
2577 3646 2596 3679 ι
2650 3627 2822 3683 Homo
2867 3629 3031 3700 igitur
3066 3628 3384 3699 magistrum

1800 3718 2000 3774 deserit
2025 3719 2328 3784 abusivum,
2356 3728 2413 3774 et
2437 3719 2577 3775 redit
2603 3721 2671 3775 ad
2700 3720 3001 3790 proprium,
3031 3736 3156 3776 cum
3184 3736 3381 3775 novum

1800 3810 2020 3864 damnat
2057 3825 2297 3865 errorem
2325 3851 2339 3875 ,
2378 3818 2433 3865 et
2476 3809 2543 3863 ad
2578 3825 2688 3865 suae
2731 3810 3023 3864 revertitur
3058 3810 3384 3881 conditionis

1798 3900 2083 3970 originem.
2112 3898 2265 3955 Unde
2291 3900 2397 3954 illic
2423 3908 2545 3970 apte
2575 3900 2916 3971 subjungitur
2940 3917 2954 3953 :
2989 3917 3010 3951 ι
3037 3899 3245 3956 Solium
3271 3900 3385 3972 glo-

1800 3991 1894 4045 ria:
1943 3990 2245 4045 altitudinis
2292 4007 2322 4045 a
2372 3991 2677 4061 principio,
2731 3991 2882 4047 locus
2933 3992 3397 4051 sanctiﬁcationis

1799 4094 2017 4148 nostrae,
2047 4084 2380 4153 exspectatio
2409 4083 2570 4139 Israel
2597 4083 2731 4155 (Jer.
2761 4083 2919 4155 xvn).
2953 4103 2971 4137 ι
3003 4084 3144 4141 Deus
3175 4086 3380 4157 itaque,

1796 4173 1887 4244 qui
1912 4184 1997 4229 est
2020 4174 2342 4245 principium
2368 4174 2570 4244 gloriae,
2598 4176 2711 4244 ipse
2733 4184 2817 4230 est
2845 4178 3175 4246 exspectatio
3195 4177 3377 4242 Israel,

1798 4268 2052 4339 quoniam
2080 4284 2107 4321 a
2136 4283 2243 4338 quo
2278 4283 2447 4337 genus
2482 4270 2775 4322 humanum
2809 4271 3034 4340 prodiit,
3064 4286 3161 4341 per
3188 4273 3380 4327 condi-

1799 4359 1960 4414 tionis
2000 4359 2293 4414 revertitur
2323 4369 2748 4415 sacramentum.
2781 4360 2880 4427 Qui
2915 4376 3047 4431 ergo
3075 4362 3293 4417 sedebat
3327 4365 3381 4416 in

1799 4449 1936 4504 solio
1960 4449 2144 4519 gloria:
2176 4449 2473 4503 altitudinis
2504 4464 2533 4502 a
2561 4451 2829 4520 principio
2864 4459 2921 4504 et
2949 4452 3221 4506 hominem
3251 4453 3383 4505 edo-

1797 4539 1976 4605 cebat,
2009 4540 2122 4608 ipse
2150 4549 2235 4594 est
2261 4540 2594 4608 exspectatio
2622 4540 2808 4604 Israel,
2840 4550 2896 4593 ut
2934 4541 2988 4595 in
3030 4540 3149 4595 loco
3178 4542 3380 4597 sancti-

1796 4630 2061 4684 ficationis
2085 4638 2303 4695 nostras,
2335 4628 2387 4683 id
2411 4639 2513 4693 est,
2541 4630 2592 4683 in
2633 4641 2816 4686 sancta
2842 4629 3102 4695 Ecclesia,
3131 4630 3380 4686 eumdem

1793 4725 2069 4780 hominem
2096 4723 2294 4777 iterum
2322 4714 2532 4777 deceat.
2561 4720 2715 4775 Unde
2746 4736 2842 4792 per
2877 4718 3227 4776 Psalmistam
3251 4721 3387 4774 dici-

1794 4826 1881 4872 tur
1912 4830 1927 4869 :
1963 4835 1979 4866 r
2009 4813 2470 4879 Reminiscentur,
2500 4824 2558 4867 et
2585 4818 2968 4869 convertentur
2996 4810 3063 4864 ad
3098 4812 3387 4868 Dominum

1794 4908 2030 4965 universi
2063 4904 2199 4961 ﬁnes
2233 4917 2419 4969 terrm,
2452 4914 2507 4962 et
2533 4905 2836 4961 adorabunt
2861 4903 2917 4955 in
2947 4914 3254 4973 conspectu
3278 4903 3396 4971 ejus

1793 5016 1982 5059 omnes
2019 4998 2211 5069 patria:
2239 4998 2480 5070 gentium
2524 4995 2699 5066 (Paul.
2729 4997 2868 5068 χχι).
2905 5014 2924 5045 ι
2958 4993 3238 5072 Quisquis
3278 5004 3418 5064 ergo

1797 5093 2027 5148 alienum
2074 5088 2214 5143 tollit
2257 5088 2458 5143 violata
2499 5089 2606 5143 fide
2654 5086 2980 5158 discipulum
3009 5125 3026 5149 ,
3070 5087 3411 5147 Antichristi

1793 5181 2171 5256 proculdubio
2212 5182 2458 5237 imitatur
2486 5185 2817 5253 exemplum.
2849 5179 2918 5233 Et
2943 5178 3092 5233 sicut
3158 5185 3244 5240 ille
3274 5180 3412 5248 quod

1793 5276 2028 5332 alienant
2059 5280 2164 5333 est,
2214 5286 2363 5326 more
2399 5272 2667 5339 perdicis,
2707 5271 2946 5332 amittit;
2980 5270 3065 5325 sic
3125 5277 3238 5332 iste
3276 5269 3413 5337 (μιοά
