3950 5344
512 335 623 397 399

1012 325 1074 383 S.
1116 324 1323 383 PETRI
1366 320 1646 379 DAMIANI
1685 316 1837 378 OPP.
1888 311 2067 371 PARS
2114 309 2246 367 SEU
2283 308 2518 368 TOMUS
2549 306 2594 367 I.
2632 306 2943 366 ——EPIST.
2984 306 3108 363 LIB.
3154 304 3286 365 VIII.

3702 304 3826 361 400

518 445 865 525 postmodum
905 450 1029 498 ante
1077 455 1295 495 crucem
1327 435 1550 497 cellulre,
1586 432 1688 488 sub
1734 423 2104 486 excommuniv
2133 427 2178 484 Α
2203 422 2500 494 jnhilzeum,
2536 436 2640 476 non
2686 402 3098 476 sacerdotalium
3151 419 3397 474 tubarum
3448 416 3825 489 clangoribus

520 542 748 599 rationis
792 552 851 593 se
881 532 1154 590 dcvotavit
1202 529 1455 601 elogium,
1510 527 1555 582 si
1610 521 1784 581 nostri
1833 519 2106 592 prioratus

520 631 883 693 obedientiam
913 644 981 684 ex
1012 625 1275 682 industria
1296 621 1531 676 ulterius
1560 617 1803 673 violaret.
1830 612 1975 669 Cave
2019 622 2101 663 er-

521 743 590 801 go
637 739 703 780 ne
742 731 852 777 tam
891 726 1160 780 sanctum,
1198 723 1314 765 tam
1350 706 1661 764 venerabile
1715 699 2105 760 monasterium

523 817 594 881 is,
621 814 710 884 qui
761 819 842 866 tot
885 800 1503 864 excommunicationum
1556 792 1787 850 vinculis
1833 788 2108 845 involutus

523 914 630 971 est,
653 902 882 976 polluat,
912 907 967 954 et
991 910 1088 968 per
1120 902 1227 948 tam
1261 891 1570 962 religiosum
1599 894 1958 953 sanctumque
1982 895 2112 936 con—

524 971 744 1054 ventum
792 991 1010 1049 lcthalis
1060 988 1224 1057 Ieprze
1270 998 1327 1039 se
1365 980 1588 1054 prurigo
1642 974 1926 1038 diffundat,
1974 971 2114 1028 sicut

526 1088 836 1147 Israeliticrc
887 1081 1027 1155 plebi
1067 1079 1247 1135 divina
1287 1089 1389 1130 vox
1442 1073 1520 1127 ait
1564 1088 1576 1124 :
1636 1087 1656 1121 ς
1700 1067 2004 1122 Anathema
2057 1062 2113 1117 in

529 1180 713 1237 medio
744 1177 820 1232 tui
847 1153 952 1239 est,
986 1169 1175 1235 Israel,
1206 1182 1312 1222 non
1354 1161 1560 1236 poteris
1586 1168 1733 1216 stare
1775 1164 1965 1213 contra
2019 1153 2117 1207 bo-

532 1283 645 1328 stcs
677 1280 816 1333 tuos,
849 1268 1018 1323 donec
1056 1261 1299 1318 deleatur
1325 1272 1393 1312 ex
1433 1240 1502 1319 te,
1526 1251 1618 1323 qui
1646 1252 1749 1306 hoc
1776 1246 2115 1304 contamina-

537 1373 624 1419 tus
654 1370 738 1417 cst
779 1358 985 1416 scelere
1037 1350 1174 1426 (los.
1227 1350 1345 1421 vn).
1387 1366 1405 1400 ι
1460 1345 1570 1415 Ego
1619 1351 1820 1407 autem,
1853 1337 1945 1409 qui
1982 1334 2120 1406 lapsi

535 1454 726 1510 fratris
788 1460 1018 1506 mortem
1049 1424 1211 1501 sitire
1260 1456 1367 1495 non
1414 1437 1624 1501 debeo,
1659 1433 1776 1505 ejus
1825 1424 2120 1485 calamitati

539 1543 875 1616 eompatiens
908 1537 1192 1596 commotis
1234 1530 1534 1588 visceribus
1563 1523 1881 1598 ingemisco,
1920 1528 1978 1575 et
2012 1529 2121 1572 non

538 1611 700 1695 modo
757 1634 862 1693 sibi
913 1628 1197 1688 venialiler
1245 1623 1546 1694 indulgere,
1572 1617 1669 1674 sed
1720 1614 1767 1671 si
1817 1611 2124 1684 resipiscat,

538 1741 762 1800 paratus
799 1740 917 1782 sum
944 1738 1042 1796 pro
1080 1719 1254 1777 salute
1283 1715 1422 1771 illius
1451 1712 1616 1769 etiam
1640 1708 1877 1764 animam
1902 1715 2121 1776 ponere.

541 1794 648 1877 l‘ro
699 1794 967 1876 charitate
998 1814 1162 1885 igitur
1214 1816 1394 1865 vostra
1433 1811 1855 1869 sanctorumque
1894 1794 2125 1849 fratrum

540 1921 867 1977 vestrorum,
896 1919 1124 1978 quorum
1155 1916 1255 1974 ego
1285 1912 1478 1954 servus
1504 1909 1644 1957 sum,
1684 1904 1810 1946 cum
1833 1884 2036 1942 vestris
2063 1880 2132 1937 ad

540 2018 631 2058 me
660 1997 1030 2057 tantummodo
1067 1993 1263 2050 litteris
1288 1990 1491 2053 veniat,
1522 1995 1575 2039 et
1614 1997 1699 2038 me
1722 1980 1864 2038 circa
1896 1992 1955 2033 se
1986 1988 2137 2030 man-

545 2104 757 2150 suetum
810 2091 948 2157 fore,
995 2089 1179 2144 mitem
1206 2091 1368 2155 atque
1397 2076 1716 2137 benevolum
1760 2087 1867 2127 non
1909 2064 2133 2128 dilbdat,

548 2184 788 2254 alioquin
839 2156 1083 2236 Romana
1129 2174 1337 2248 synodo
1364 2170 1477 2239 jam
1524 2166 1989 2238 propinquante...
2020 2156 2135 2213 si...

551 2273 658 2329 Sed
676 2242 801 2328 ἰιοιο
820 2270 995 2324 minas
1015 2242 1237 2330 inferre,
1263 2259 1491 2317 sufﬁciat
1509 2250 1900 2314 tantummodo,
1921 2260 1991 2301 ne
2009 2242 2140 2299 mihi

550 2361 921 2434 praeiudicium
952 2359 1066 2423 fiat,
1090 2353 1308 2411 interim
1337 2364 1460 2406 cum
1489 2343 1793 2403 humilitate
1825 2340 2137 2408 deposcere.

1092 2442 1429 2505 EPISTOLA
1467 2436 1608 2494 XVI.

1048 2559 1115 2597 AD
1155 2552 1299 2595 ADAII
1339 2544 1654 2590 IONACHUH.

729 2640 748 2708 (
784 2636 1023 2692 Habetur
1060 2643 1187 2688 tom.
1226 2626 1324 2683 ΙΙΙ
1349 2668 1365 2695 ,
1404 2633 1579 2695 estque
1617 2632 1802 2691 opusc.
1841 2610 1955 2683 59.)

980 2726 1144 2802 204
1185 2719 1513 2782 ΕΡΙΞΤΟΙΑΑ
1562 2712 1723 2771 XVII.

962 2838 1029 2878 AD
1054 2830 1393 2875 ARIPRANDUI
1422 2819 1737 2866 NONACIIUU.

767 2917 1030 2989 (Habetur
1070 2924 1196 2968 tom.
1238 2908 1358 2973 III,
1392 2913 1568 2975 estque
1606 2912 1784 2970 opusc.
1828 2891 1941 2960 £5.)

1074 2996 1401 3058 EPISTOLA
1441 2992 1626 3050 XVIII.

1192 3108 1259 3148 AD
1285 3100 1526 3146 EUMDEI.

774 3191 1036 3263 (ﬁniretur
1057 3198 1184 3242 tom.
1212 3182 1240 3237 Ι
1248 3181 1272 3236 1
1280 3181 1309 3235 Ι
1316 3222 1330 3248 ,
1364 3187 1540 3248 estque
1562 3168 1798 3263 opttscul.
1824 3164 1938 3235 46.)

1092 3269 1432 3330 EPISTOLA
1479 3262 1623 3321 XIX.

741 3390 809 3431 ΑΒ
844 3381 1165 3429 ιιουυινιιυι
1216 3380 1286 3420 ΕΤ
1313 3368 1654 3418 Αιιινιιλυῡυιι
1682 3359 1980 3407 ιιοΜοιιοε.

563 3471 966 3525 Ancousnrnu.
992 3491 1059 3502 —
1090 3453 1495 3527 Egritudinum
1528 3435 2160 3527 Δε’»ιιιινςιιιτιεΑὲιξὶιξιιὶιέοἰι·

635 3515 1046 3611 plurimos-pios
1073 3515 1214 3611 male
1248 3515 2162 3611 vexatus:funenrat‘hseriggnfxp‘o‘;

1285 3569 1475 3667 iii—liti?
1490 3569 1837 3667 impatienter
1885 3575 2036 3667 dicit,
2051 3569 2162 3667 ‘scd

639 3644 797 3753 ξίῑὲἒὶ
994 3644 1193 3727 ﬁgulus
1219 3644 1272 3721 ni
1307 3644 1714 3719 inﬁrmitatibus
1738 3648 1851 3704 suis
1876 3644 2161 3724 gloriatur,

718 3751 727 3753 A
889 3747 902 3753 ’
1047 3742 1078 3753 ’⁸
1196 3752 1205 3753 ί
1290 3744 1303 3753 ⁸
1357 3729 1580 3753 ¹---ο³ιι-ϊ
1628 3723 1796 3753 “num
1857 3725 1908 3753 nt
1958 3721 2161 3753 arnlmc

639 3721 1216 3820 dbique—A'benedieens
1255 3744 1327 3820 et_
1357 3729 1583 3815 laudans
1601 3805 1613 3820 Ι
1628 3723 1911 3820 ιξευηᾙὶι
1930 3721 2162 3820 agragas

1258 3783 1335 3893 iit
1358 3783 1576 3893 insigne
1601 3788 1901 3850 tolerantiae
1930 3783 1986 3841 ei
2011 3783 2164 3838 forti-

642 3875 846 3949 tudinis
868 3881 1173 3954 exemplum
1199 3875 1459 3948 praebeat.

640 3977 991 4041 Charissimis
1028 3951 1304 4029 fratribus
1360 3962 1652 4021 Bonuuuo
1706 3962 1762 4010 et
1813 3951 2124 4006 ARIPRANDO
2150 3982 2166 4009 ,

569 4078 790 4133 Parens
820 4076 1070 4142 peccator
1110 4057 1413 4118 monachus
1442 4052 1646 4109 iutimm
1695 4038 1999 4102 dilectionis
2041 4032 2169 4090 alle-

2001 4218 2172 4274 fratre

579 4351 754 4407 frater
782 4353 837 4401 et
866 4352 1127 4414 prospera
1156 4328 1520 4391 communicet
1544 4332 1602 4379 et
1624 4320 1875 4380 adversa,
1906 4317 2173 4382 quatenus

583 4383 745 4407 ιιαιυι
782 4383 837 4401 ν.
906 4383 995 4397 ,νυ
1017 4383 1127 4392 ω.-
1160 4383 1355 4391 ---____,,

583 4437 820 4497 fideliter
844 4383 1055 4489 abimus
1078 4427 1218 4482 sicut
1255 4415 1507 4476 referenti
1526 4414 1581 4468 in
1600 4405 1930 4466 adversitate
1954 4411 2176 4468 compa-
2277 4383 2488 4497 disponi

1992 4449 2168 4548 imiter
2194 4485 2253 4549 Β
2282 4449 2391 4535 tate
2419 4471 2696 4547 languoris
2721 4464 3012 4538 aliquando
3055 4462 3345 4533 depressus
3368 4455 3585 4512 eﬂ‘utire
3623 4449 3824 4522 compel-

581 4531 738 4598 titur,
790 4528 863 4583 ita
912 4519 1263 4579 nihilominus
1316 4521 1373 4568 et
1406 4510 1460 4566 in
1508 4500 1786 4578 prosperis
1838 4511 1984 4554 unan

579 4591 899 4684 collzetetur.
939 4616 1051 4688 Ego
1077 4625 1205 4668 vero
1232 4604 1536 4663 cumulatus
1556 4606 1811 4666 utroque,
1832 4591 2050 4649 beatam
2072 4598 2166 4639 vo-

578 4717 668 4775 bis
693 4712 870 4771 refero
902 4721 1034 4765 mea:
1059 4697 1383 4761 calamitatis
1411 4689 1717 4752 historiam,
1756 4691 1819 4740 ut
1856 4688 1913 4737 et
1934 4689 2169 4749 superno

583 4809 813 4865 verbere
859 4817 946 4858 me
987 4791 1267 4869 patiamini
1304 4788 1657 4843 vehementer
1684 4774 1948 4837 attritum,
1992 4778 2042 4825 el
2075 4780 2171 4838 per

585 4899 830 4969 ejusdem
872 4893 964 4948 Dei
991 4860 1192 4944 Inostri
1242 4878 1537 4953 potentiam
1574 4864 1960 4941 congaudeatis
2007 4860 2171 4915 etiam

587 4994 883 5048 clementer
909 4991 1177 5053 ereptum.
1216 4994 1237 5027 ι
1266 4973 1550 5041 Castigans
1570 4964 1737 5028 enim,
1772 4954 2063 5026 castigavit
2087 4967 2174 5006 me

1249 5081 1261 5084 -
1292 5082 1299 5083 ,
1355 5057 1575 5084 ...-.I:A:o
1606 5068 1695 5084 mn
1722 5047 1875 5084 (Duo!
1927 5042 2114 5084 rvvnl,
2154 5057 2172 5084 I

2211 515 2540 571 intonantem
2571 512 2755 584 (Lavit.
2788 513 2849 584 l),
2880 513 2972 567 sed
3003 512 3251 583 suspiriis
3277 512 3453 583 potius
3479 525 3548 566 ac
3586 511 3824 580 gemiti-

2210 609 2353 664 tibus
2382 604 2800 677 lacrymabiliter
2833 601 3200 674 obrepentem.
3231 601 3510 658 Dominieo
3539 601 3823 657 nimirum

2211 701 2298 756 die
2324 698 2657 766 febricitans,
2686 698 2742 752 in
2771 696 3032 752 lectulum
3055 695 3247 760 decidi,
3278 702 3599 765 septemque
3624 701 3821 748 trans-

2211 794 2348 850 actis
2370 790 3002 859 hebdomadibus,:eque
3046 786 3321 842 Dominico
3354 785 3461 850 die,
3509 784 3609 855 qui
3651 783 3823 839 nimi-

2216 900 2334 940 rum
2375 881 2856 954 quiuquagesimus
2896 886 3045 943 erat,
3091 876 3202 933 Deo
3233 892 3320 932 me
3365 875 3816 940 ressuscitante,

2215 974 2447 1031 surrexi.
2470 971 2859 1029 Verumtamen
2888 969 3005 1042 lege
3037 970 3223 1035 dieue,
3254 978 3312 1024 ut
3340 968 3668 1025 asserebant
3704 983 3820 1023 me-

2217 1067 2343 1133 dici,
2370 1080 2465 1136 per
2485 1064 2748 1121 incuriam
2776 1063 2992 1131 violata,
3021 1063 3107 1117 vix
3140 1072 3270 1129 tres,
3295 1062 3408 1118 sive
3428 1070 3673 1133 quatuor
3702 1060 3819 1116 dies

2216 1163 2318 1220 sub
2343 1161 2596 1219 colorata:
2634 1157 2883 1216 sanitatis
2909 1156 3180 1212 lenocinio
3220 1154 3351 1210 mihi
3398 1152 3541 1209 male
3578 1151 3817 1209 blanditi

2220 1264 2365 1322 sunt,
2398 1264 2452 1311 et
2477 1267 2604 1310 ecce
2627 1252 2681 1307 in
2710 1251 3001 1307 recidivam
3028 1261 3288 1305 corruens
3319 1261 3416 1317 per
3434 1243 3630 1317 viginti
3665 1254 3814 1315 post-

2222 1349 2441 1406 modum
2478 1347 2594 1404 dies
2628 1345 2866 1417 ejusdem
2899 1342 3221 1399 valetudinis
3263 1341 3513 1397 laborare
3562 1338 3819 1395 molestia

2224 1458 2328 1511 non
2357 1440 2585 1497 cessavi.
2628 1438 2718 1494 Sic
2749 1438 2931 1508 itaque
2968 1446 3088 1507 post
3108 1434 3385 1506 Ῑιὼὶιειξιιιιι
3425 1449 3534 1488 non
3572 1432 3818 1502 quietis,

2224 1537 2318 1595 sed
2356 1535 2584 1593 turbinis
2618 1533 2834 1604 impleta
2869 1539 2954 1587 est
2980 1529 3378 1602 quodammodo
3415 1526 3819 1599 septuagesima

2226 1626 2577 1699 captivitatis.
2616 1625 2789 1681 l'orro
2822 1635 3027 1689 autem,
3062 1621 3188 1676 dum
3220 1636 3305 1676 me
3350 1628 3512 1674 tanta:
3549 1616 3823 1688 passionis

2230 1723 2391 1778 ardor
2424 1726 2704 1783 exureret,
2744 1717 2871 1773 dum
2900 1714 3122 1771 mistum
3150 1709 3384 1784 Ilegmati
3411 1707 3575 1781 205
3602 1707 3823 1777 sangui-

2234 1829 2357 1870 nem
2415 1826 2706 1884 spuerem,
2756 1810 2883 1873 dum
2937 1814 3014 1862 tot
3060 1815 3209 1862 certe
3258 1803 3594 1860 imminentis
3643 1802 3824 1857 obitus

2235 1906 2389 1978 signa
2412 1903 2825 1976 przetenderem,
2855 1908 2916 1955 ut
2944 1896 3136 1954 medici
3165 1911 3380 1968 quoque
3407 1895 3826 1952 circumstantes

2236 2000 2621 2074 propemodum
2661 1997 3050 2066 desperarent,
3081 1991 3186 2046 hoc
3221 1988 3351 2044 mihi
3395 1987 3542 2045 dedit
3577 1987 3825 2057 onmipo-

2241 2103 2364 2150 tens
2400 2094 2570 2154 Deus,
2612 2097 2671 2145 ut
2718 2088 2775 2144 in
2811 2084 3011 2144 nullius
3047 2080 3279 2153 querelae
3313 2094 3560 2135 murmur
3597 2077 3856 2132 excedo”

2240 2201 2377 2251 rem,
2408 2183 2504 2239 sed
2523 2188 2717 2236 cuncta
2743 2176 3007 2241 libenter,
3037 2180 3095 2229 et
3117 2186 3186 2228 ex
3211 2170 3393 2226 animo
3426 2168 3739 2224 tolerarem.
3820 2170 3823 2173 ‘

2311 2277 2549 2342 Gratias,
2581 2274 2822 2345 inquam,
2850 2283 2953 2339 ago
2999 2266 3115 2334 tibi,
3147 2264 3455 2321 misericors
3502 2261 3671 2327 Deus,
3703 2260 3823 2330 quia

2243 2388 2367 2429 cum
2388 2369 2636 2439 dignatus
2655 2361 2825 2418 fueris
2854 2360 2954 2416 sub
2971 2365 3317 2430 peccatorum
3342 2368 3588 2410 meorum
3619 2352 3822 2407 ruderi-

2244 2464 2347 2520 bus
2394 2459 2463 2514 ad
2513 2451 2838 2528 supplicium
2885 2448 3024 2518 rapi,
3071 2447 3323 2517 dignatus
3371 2458 3430 2499 es
3466 2458 3556 2498 me
3592 2450 3825 2512 paterna:

2245 2547 2553 2608 severitatis
2591 2545 2714 2616 igne
2759 2540 3092 2610 decoquere,
3122 2544 3175 2591 et
3221 2533 3417 2589 anima:
3458 2546 3595 2587 mem
3636 2529 3825 2599 rubigi-

2248 2657 2374 2699 nem
2422 2648 2681 2709 tauquam
2729 2630 2907 2687 mallei
2942 2627 3189 2684 cudentis
3220 2625 3549 2695 impactione
3580 2637 3819 2694 purgare.

2250 2731 2615 2802 Quamobrem
2646 2739 2753 2780 non
2802 2734 2921 2775 mea
2970 2716 3219 2773 voluntas
3266 2714 3398 2779 fiat,
3437 2711 3689 2778 Domine,
3718 2726 3822 2782 qua:

2249 2828 2417 2898 prava
2446 2833 2660 2890 semper
2687 2826 2793 2882 eSt,
2838 2821 2894 2868 et
2923 2811 3155 2883 iniusta;
3208 2817 3296 2864 tua
3328 2805 3530 2878 potius,
3561 2820 3687 2876 qua:
3716 2803 3821 2858 cwli

2254 2915 2546 2973 virtutibus
2601 2918 2673 2987 et’
2708 2904 3016 2964 hominibus
3080 2909 3165 2958 est
3216 2900 3495 2955 humiliter
3538 2895 3818 2952 adoranda.

2256 3008 2385 3073 Ure,
2414 3020 2536 3062 scca
2562 3045 2577 3071 ,
2612 2999 2835 3058 concide
2857 3038 2872 3065 ,
2917 3008 3216 3065 omnesque
3258 2990 3544 3047 vulnerum
3597 3003 3825 3043 meorum

2180 3126 2228 3190 ο
2258 3104 2410 3159 sinus
2440 3116 2503 3155 ac
2531 3096 2769 3152 latebras
2798 3096 3143 3163 perscrutare
3164 3127 3179 3151 ,
3232 3084 3474 3154 nihilque
3516 3097 3741 3153 ιιι-(διδῶ
3777 3080 3821 3133 iu

2259 3210 2345 3250 me
2375 3193 2541 3248 lateat
2576 3186 2862 3260 ,ptitridum
2892 3180 3036 3253 quod
3079 3178 3377 3234 curationis
3409 3186 3515 3231 tua:
3549 3183 3826 3244 praetervo-

2259 3285 2334 3340 let
2370 3284 2781 3338 ferramentum.
2815 3274 2925 3330 Nec
2973 3284 3153 3327 tamen
3177 3309 3193 3336 ,
3233 3271 3357 3326 dum
3402 3269 3503 3323 hos
3548 3265 3827 3336 disciplina.

2260 3375 2498 3434 caelestis
2520 3375 2659 3429 ictus
2681 3367 3054 3440 aequanimiter
3072 3364 3210 3431 fero,
3232 3377 3364 3418 mea:
3392 3361 3690 3431 patientize,
3707 3356 3827 3428 quod

2261 3469 2427 3534 absit,
2449 3465 2683 3522 ascribo.
2716 3461 2797 3517 Tu
2826 3460 3105 3524 nimirum,
3137 3456 3377 3519 Domine,
3430 3464 3486 3508 tu
3533 3454 3615 3508 sic
3642 3450 3825 3522 ﬂagella

2265 3571 2375 3627 tua,
2428 3559 2556 3615 dum
2590 3554 2778 3620 caedis,
2822 3561 3152 3620 attemperas
3197 3555 3259 3601 ut
3302 3546 3426 3601 dum
3458 3543 3529 3599 ad
3578 3556 3826 3597 summum

2265 3651 2467 3709 doloris
2484 3658 2540 3707 et
2564 3647 2823 3721 angustia:
2842 3642 3108 3717 perferor,
3131 3641 3204 3696 ita
3228 3648 3287 3695 ut
3315 3652 3594 3709 Spasmum
3617 3635 3823 3705 patiens.

2266 3758 2402 3817 pene
2431 3757 2556 3798 mox
2583 3739 2862 3809 exspirare
2888 3732 3202 3804 compellar,
3219 3730 3361 3785 illico
3381 3728 3618 3783 sentiam
3644 3727 3827 3796 pondus

2268 3833 2442 3891 intimi
2466 3831 2666 3888 doloris
2690 3826 3029 3892 imminui,et
3051 3820 3314 3879 caedentis
3332 3830 3556 3874 manum
3579 3816 3827 3885 dispensa-

2269 3928 2377 3984 tiva
2404 3922 2640 3996 quadam
2667 3918 2892 3975 lenitate
2922 3912 3199 3985 suspendi,
3219 3919 3279 3964 ut
3302 3921 3563 3978 tanquam
3593 3901 3825 3975 quadrili-

2270 4023 2395 4079 dam
2421 4018 2543 4089 quis
2571 4014 2831 4071 scuticam
2857 4010 2909 4066 in
2935 4008 3162 4064 verbere
3196 3994 3469 4067 teucat',et
3499 3999 3711 4055 interim
3735 3995 3827 4066 pie-

2275 4123 2384 4169 tate
2398 4085 2613 4175 ductus,
2627 4120 2791 4163 unum
2814 4118 2881 4159 ex
2897 4102 2983 4157 bis
2997 4100 3171 4155 lorum
3186 4112 3218 4152 a
3229 4095 3375 4151 caede
3390 4098 3716 4164 compescat.
3730 4085 3823 4140 Non

2273 4222 2373 4279 ego
2402 4199 2716 4275 itaque,sed
2746 4208 2800 4252 tu
2822 4191 3261 4252 clementissime,
3280 4185 3440 4256 hujus
3462 4184 3730 4255 patientia:
3747 4195 3825 4233 au—

2276 4270 2394 4354 ctor
2419 4270 2617 4363 es,vqui
2638 4289 2738 4345 sub
2764 4294 2919 4341 tanto
2941 4279 3310 4339 moderamine
3332 4285 3510 4331 motus
3550 4272 3628 4327 tui
3648 4270 3825 4342 ﬂagella

2493 4362 2707 4439 s.iLicet
2720 4378 2866 4434 enim
2888 4374 3191 4445 elegiacum
3209 4368 3338 4440 quid
3360 4363 3652 4436 etlugubre
3668 4362 3825 4416 nimie.

2274 4570 2376 4635 lar,
2407 4566 2592 4631 ardeo,
2618 4559 2841 4625 morior,
2872 4553 3202 4619 intercidor;
3232 4551 3335 4606 hoc
3361 4545 3590 4615 simplex
3620 4541 3825 4612 corporis

2276 4658 2529 4734 gemitus,
2584 4667 2692 4709 non
2737 4646 2978 4720 querula:
3010 4643 3207 4700 mentis
3253 4651 3339 4696 est
3384 4649 3647 4691 murmur.
3677 4630 3824 4686 Unum

2278 4731 2543 4826 praeterea
2575 4758 2628 4804 te
2658 4759 2809 4816 rogo,
2838 4740 3102 4813 piissime,
3132 4745 3193 4792 ut
3241 4732 3401 4789 modo
3428 4731 3550 4785 vita:
3587 4740 3709 4782 mea
3732 4733 3824 4778 ter-

2282 4845 2488 4899 minum
2520 4851 2711 4911 ponas,
2738 4848 2839 4890 nec
2884 4844 2969 4885 me
3000 4826 3229 4883 ulterius
3257 4823 3440 4879 vivere
3484 4821 3539 4875 iu
3588 4823 3825 4875 consuetae

2284 4904 2537 5003 ignavize-
2557 4938 2743 4996 tepore
2792 4919 3098 4994 permittas.
3148 4913 3300 4982 Quod
3330 4911 3391 4969 .si
3436 4908 3613 4980 placet
3653 4904 3825 4959 incom-

2278 5018 2636 5084 nrebensibili
2679 4992 3129 5082 teat—majeslatis
3178 5003 3404 5061 arbitrio
3453 5015 3540 5055 mc
3590 4998 3642 5052 in
3691 4992 3823 5062 hujus

2708 5063 2785 5073 -νυ
2825 5063 2876 5069 -.ν
