3950 5344
135 221 235 279 λοι

1233 219 1436 278 LIBER
1475 217 1781 282 SEXTUS,
1824 215 2033 272 El'lST.
2075 218 2189 273 ΧΧ.

3304 215 3410 273 ωὲ.

212 338 350 394 Dum
377 335 492 392 hac
524 343 578 392 et
617 335 701 391 his
728 333 921 390 similia
943 333 1281 403 frequentius
1317 333 1471 395 itero,
1499 330 1523 384 f
1544 346 1732 386 iicreat
1761 333 1809 390 Α
1910 330 2020 386 Hoc
2043 332 2222 402 itaque
2249 333 2403 388 modo
2438 370 2686 406 -..θυμω
2710 353 2872 407 atque
2896 334 3257 406 ntaiidiloqiiis
3281 349 3407 404 per-

141 430 275 484 mibi
311 437 578 499 paramur
623 425 934 496 exsequiae,
993 424 1192 480 sacrati
1242 423 1346 479 olei
1397 423 1725 478 delibiitione

142 535 452 593 perungor;
492 519 544 575 in
573 519 773 575 cineris
802 534 865 574 ac
889 517 1052 574 cilicii
1099 525 1290 584 strato,
1326 526 1580 588 tanquam
1623 515 1729 570 illic

143 613 503 677 emoriturus,
554 623 818 680 exponor.
868 608 1024 664 Sicut
1058 609 1227 674 enim,
1260 607 1433 662 fracta
1480 605 1732 661 videlicet

94 721 105 734 ·
146 707 230 760 ovi
263 712 401 760 lesla
439 713 494 758 et
537 712 752 758 rotante
780 702 1019 767 cultello,
1053 701 1267 756 vitellus
1312 699 1607 772 egreditur,
1653 700 1732 754 sic

148 796 330 850 anima
364 811 483 850 mea
532 795 715 850 carnis
755 794 905 850 vulsa
948 794 1272 859 visceribus,
1303 791 1530 846 exitium
1560 791 1734 844 ruina-

149 889 328 942 batur.
363 887 573 942 Interea
622 885 791 941 frater
834 885 1069 956 quidam,
1102 885 1212 941 Leo
1241 885 1478 950 nomine,
1527 892 1642 939 erat
1680 884 1734 938 iii

150 994 354 1042 eremo,
399 973 721 1048 grandaevus
765 977 981 1047 quidem
1022 987 1206 1042 aetate,
1239 977 1334 1032 sed
1372 975 1737 1031 venerabilior

147 1073 412 1127 districta:
465 1071 900 1127 conversationis
940 1071 1120 1125 studio
1158 1079 1217 1124 et
1257 1068 1521 1137 simplicis
1566 1066 1732 1122 animi

151 1162 409 1230 puritate.
463 1161 602 1215 lluic
627 1161 808 1230 itaque
838 1176 934 1230 per
958 1161 1136 1216 visum
1185 1160 1267 1213 vir
1313 1159 1629 1229 splendidus
1674 1173 1738 1212 ac

154 1253 447 1324 prmelarus
476 1252 746 1322 apparuit,
783 1266 1015 1320 eumque
1040 1251 1170 1321 quid
1209 1258 1396 1320 ageret
1437 1249 1733 1320 inquisivit.

157 1345 248 1399 Cui
279 1359 340 1398 se
365 1343 540 1397 frater
563 1343 651 1397 ille
682 1342 916 1398 dormire
938 1343 1183 1412 quidem,
1214 1341 1308 1396 sed
1343 1342 1550 1396 tristem
1579 1341 1739 1395 nimis

158 1451 273 1489 esse
325 1436 394 1488 de
441 1433 704 1488 eminenti
736 1433 936 1503 prioris
981 1433 1062 1487 sui
1112 1440 1288 1486 morte
1333 1431 1625 1502 perhibuit.
1677 1431 1741 1485 Et

159 1527 242 1580 ille
274 1545 343 1598 :_i
376 1525 496 1589 Dic,
532 1525 727 1594 inquit,
753 1523 915 1579 Petro
954 1523 1227 1589 Damiani,
1254 1527 1321 1578 de
1348 1540 1454 1594 quo
1484 1523 1739 1593 loqueiis,

159 1615 356 1670 iiul'iam
388 1618 441 1670 in
473 1615 696 1670 medicis
727 1631 876 1686 spem
905 1623 1093 1685 ponat,
1123 1623 1342 1671 centum
1371 1614 1743 1670 tantummodo

1827 423 2170 479 suasionibus
2197 423 2362 479 frater
2389 425 2475 480 ille
2521 426 2778 497 psllectus
2811 427 3144 498 impingitur,
3178 436 3232 481 et
3260 425 3409 482 velut

1829 515 1944 572 avis
1973 515 2165 582 mollis,
2183 517 2397 572 viscarii
2425 519 2774 589 compedibus
2803 519 3064 575 irretitur.
3091 519 3406 576 Verecunda

1829 606 2061 678 denique
2086 608 2236 679 prius
2265 623 2360 663 ora
2389 608 2586 664 rubore
2628 609 2963 676 suffundens,
2991 626 3055 665 ac
3084 611 3410 666 intuentium

1830 714 1888 756 se
1925 715 2024 770 per
2059 701 2346 757 circuitum
2383 703 2572 758 oculos
2619 718 3006 774 expavescens,
3041 713 3414 761 summotenus

1832 792 2006 862 primo
2027 792 2249 864 ligurire
2282 795 2467 864 coepit,
2498 795 2690 852 deinde
2722 797 2889 853 semel
2940 796 3131 854 edendi
3163 797 3416 853 libertate

1834 881 2426 953 conccpta,|prurientis
2445 884 2582 954 gulae
2618 886 2768 942 frena
2791 887 3009 944 laxavit.
3035 887 3278 958 Cumque
3299 887 3412 958 jam

1835 975 2061 1029 satiatus
2089 974 2347 1030 existeret
2377 976 2679 1032 etcarnalis
2704 978 2966 1035 illecebrae
2993 988 3116 1036 vota
3144 978 3412 1049 comples-

1836 1075 1934 1125 set.
1961 1081 2086 1121 ecce
2111 1067 2502 1136 permaximum
2555 1069 2753 1124 lucium
2803 1070 3012 1141 dapifer
3054 1071 3249 1135 attulit,
3280 1071 3418 1126 etin

1837 1173 1896 1212 se
1927 1159 2366 1213 convescentium
2397 1159 2582 1230 oculos
2603 1169 2656 1216 et
2683 1177 2778 1217 ora
2831 1163 3116 1218 convertit.
3175 1163 3419 1234 Cumque

1841 1249 1983 1302 hunc
2035 1257 2088 1303 et
2145 1250 2442 1307 monachus
2470 1251 2764 1309 miraretur
2789 1261 2844 1308 et
2871 1254 3058 1310 oculos
3097 1254 3148 1309 in
3179 1270 3303 1309 eum
3334 1255 3420 1309 iii-

1840 1340 2010 1394 liianti
2066 1340 2396 1396 curiositatis
2451 1343 2708 1399 aviditate
2765 1343 3050 1415 deligeret,
3091 1345 3168 1400 ait
3194 1359 3420 1400 comes:

1842 1431 1977 1498 Quia
2000 1447 2192 1488 carnes
2222 1443 2475 1504 tauquam
2509 1435 2678 1491 laicus
2705 1437 3011 1503 comedisti,
3052 1438 3254 1507 piscem
3295 1445 3418 1491 tan-

1843 1541 2006 1596 quam
2036 1527 2332 1580 monachus
2370 1541 2467 1582 cur
2504 1526 2775 1582 attendis?
2825 1525 2988 1583 Plane
3011 1527 3055 1582 si
3087 1528 3189 1582 hoc
3223 1525 3315 1580 tibi
3357 1526 3421 1578 li-

1845 1619 2038 1682 cuerit,
2063 1619 2386 1675 versiculum
2405 1620 2552 1675 illum
2575 1636 2811 1692 congrue
2837 1621 3181 1676 decaiitabis:
3216 1638 3235 1672 ‹
3270 1618 3424 1674 Meus

157 1720 425 1777 pauperes
475 1715 702 1776 pascat,
739 1715 794 1761 et
836 1707 1086 1777 protinus
1131 1723 1191 1762 se
1240 1705 1622 1762 convalescere
1677 1705 1744 1759 de

1857 1720 1931 1766 est
1981 1710 2205 1777 Galaad,
2251 1721 2306 1766 et
2353 1726 2502 1768 meus
2541 1710 2955 1767 est/Maiiasses
3001 1709 3172 1782 (Paul.
3209 1710 3343 1781 χιι).
3396 1730 3414 1762 ι

158 1799 458 1867 languore,
506 1812 669 1867 quem
715 1798 938 1866 patitur,
987 1813 1092 1852 non
1142 1796 1372 1852 difﬁdat.
1411 1818 1429 1850 ι
1470 1797 1567 1853 Cui
1619 1811 1741 1853 cum

158 1887 318 1959 206
351 1888 461 1953 Ille,
490 1886 558 1942 de
581 1888 790 1943 meliori
823 1891 1013 1960 utique
1042 1889 1149 1944 vita
1180 1889 1468 1956 sollicitus,
1501 1889 1705 1946 diceret
1733 1909 1744 1944 :

159 1977 392 2032 Habebit
439 1977 568 2042 ille,
619 1979 870 2046 domine,
916 1964 1271 2051 paradisum?
1311 1981 1612 2052 Respondit
1649 1981 1747 2036 ειη

157 2070 420 2140 paradiso
450 2070 672 2141 quidem
721 2073 1046 2141 quantocius
1087 2083 1192 2139 est,
1223 2073 1318 2128 sed
1358 2073 1445 2128 dic
1491 2072 1590 2139 illi,
1622 2073 1750 2142 quia

159 2175 284 2215 mox
315 2170 380 2215 ut
418 2162 748 2232 pauperibus
797 2162 1051 2218 alimenta
1114 2164 1428 2230 contulerit,
1473 2175 1750 2234 resumpta

159 2254 411 2324 protinus
460 2255 873 2324 incolumitate,
918 2258 1194 2328 gaudebit.
1242 2258 1520 2330 Evigilans
1573 2260 1753 2329 itaque

161 2346 427 2402 continuo
457 2346 630 2403 frater
656 2347 722 2404 ad
767 2349 1050 2405 ecclesiam
1075 2351 1275 2422 pergit,
1301 2367 1464 2422 quam
1494 2352 1621 2408 dum
1667 2353 1752 2406 iii-

163 2441 359 2510 gredi,
411 2442 708 2498 conticinio
749 2443 927 2499 noctis
957 2443 1246 2510 abnuente,
1289 2461 1392 2500 non
1434 2445 1643 2515 potuit,
1679 2444 1758 2498 vi-

169 2532 324 2587 sione
379 2541 564 2588 tamen
610 2535 896 2600 attonitus,
945 2533 1012 2589 ad
1062 2534 1315 2591 cellulam
1370 2552 1476 2590 iion
1537 2535 1752 2590 redivit.

166 2621 304 2689 Quid
334 2624 531 2693 plura?
562 2623 838 2681 Visionem
867 2627 1040 2681 frater
1077 2626 1342 2682 fratribus
1385 2626 1590 2690 retulit,
1619 2626 1757 2682 elee~

167 2731 456 2786 mosynam
508 2717 878 2789 indigentibus
936 2719 1148 2774 ardenti
1197 2718 1467 2774 desiderio
1515 2717 1755 2774 fraterna

168 2805 419 2861 cbaritas
468 2805 833 2873 ministravit;
889 2807 1088 2877 quibus
1137 2806 1303 2862 etiam
1353 2820 1418 2861 ex
1466 2807 1758 2861 abundanti

169 2911 426 2950 nummos
456 2896 725 2963 adhibuit,
770 2909 827 2952 et
862 2898 941 2954 sic
969 2914 1070 2970 ego
1110 2898 1196 2954 die
1231 2898 1423 2962 altero,
1454 2898 1761 2954 valetudine

171 2987 466 3042 recedente
494 2988 762 3044 convalui.
796 2989 1088 3058 Reparatio
1111 2989 1294 3060 itaque
1320 2990 1572 3044 sanitatis
1599 2988 1755 3042 ﬁdem

1851 1801 2018 1858 Porro
2049 1810 2227 1856 autem
2248 1802 2290 1856 si
2319 1802 2576 1856 carnibus
2605 1800 2976 1865 abstinuisses,
3005 1801 3166 1871 piscis
3191 1801 3292 1854 iste
3332 1799 3428 1853 tibi

1832 1892 1916 1964 de
1938 1892 2201 1967 industria
2223 1893 2562 1956 servabatur,
2596 1893 2689 1948 sed
2715 1891 2838 1962 quia
2856 1892 3110 1947 carnibus
3133 1889 3430 1962 appetitum

1851 1980 2032 2036 carnis
2087 1982 2398 2052 implevisti,
2455 1981 2637 2038 fauces
2691 1992 2810 2038 tuas
2864 1981 3028 2052 piscis
3061 1982 3151 2036 hic
3187 1989 3309 2052 post
3335 1979 3431 2033 ali.

1854 2080 2031 2126 menta
2064 2071 2296 2127 carnalis
2325 2072 2484 2143 207
2508 2071 2759 2140 iugluviei
2792 2088 2896 2126 non
2947 2070 3216 2126 transibit.
3266 2066 3435 2137 Hujus

1855 2163 2035 2232 itaque
2065 2179 2170 2218 non
2221 2162 2494 2218 immerito
2531 2161 2862 2218 confusionis
2913 2161 3205 2234 ignominia
3244 2159 3438 2229 dignus

1854 2255 2081 2322 exstitit,
2121 2256 2212 2326 qui
2268 2255 2432 2312 robur
2483 2255 2694 2326 ingenui
2728 2254 2922 2326 rigoris
2979 2253 3228 2324 degeneri
3294 2249 3435 2306 male

1855 2345 2240 2402 blandieiitium
2290 2346 2504 2402 suadela
2574 2345 2840 2413 mollivit,
2900 2345 3166 2418 digneque
3221 2341 3440 2414 pertulit

1856 2438 2127 2513 manifesti
2154 2438 2376 2507 pudoris
2411 2437 2778 2507 Opprolirium,
2834 2437 2960 2516 dum
3013 2435 3237 2500 illicem,
3263 2445 3315 2488 et
3344 2448 3438 2486 oc-

1857 2531 2056 2586 cultius
2105 2532 2413 2586 titillantcm
2451 2532 2632 2586 cariiis
2677 2545 2782 2585 non
2836 2529 3078 2585 cohibuit
3123 2527 3437 2598 appetitum.

1860 2624 1974 2689 Sic,
2005 2624 2247 2694 inquam,
2281 2625 2358 2680 sic
2406 2625 2544 2678 forie
2592 2623 2722 2677 mihi
2774 2622 2936 2677 faciet
2984 2620 3265 2682 Dominus,
3331 2617 3442 2673 fra-

1860 2725 1969 2770 tres
1999 2715 2127 2780 mei,
2150 2723 2210 2768 ut
2246 2729 2368 2768 cum
2411 2712 2760 2768 obtiiiueritis
2787 2711 3008 2767 edendis
3053 2723 3140 2765 me
3180 2708 3440 2764 carnibus

1859 2807 2227 2877 acquiescere,
2264 2807 2514 2878 dignetur
2555 2804 2687 2860 milii
2730 2802 3160 2859 benedictionem
3205 2800 3434 2872 piscium

1860 2903 2137 2968 exhibere,
2161 2911 2216 2956 et
2243 2902 2346 2956 hoc
2378 2900 2537 2957 modo
2561 2902 2823 2971 poeniteat
2877 2913 2963 2954 me
3012 2911 3108 2967 per
3157 2893 3445 2966 impatien—

1865 2995 1994 3049 tiam
2019 2995 2157 3066 gulm
2194 2993 2426 3049 violasse
2443 2993 2799 3064 propositum,
2822 2993 2951 3046 dum
2982 2989 3113 3044 mihi
3141 2986 3350 3043 videam
3377 3002 3445 3042 ex

169 3077 405 3146 [imbuit
449 3079 664 3134 visioni.
706 3080 814 3135 Sed
860 3096 984 3137 eum
1014 3082 1198 3151 pisces
1242 3082 1465 3137 omnino
1509 3082 1759 3138 deessent
1787 3061 1830 3120 ί)
1863 3088 1956 3143 Dei
1983 3061 2206 3142 m'unere
2232 3061 2459 3156 piscium
2486 3061 2813 3158 exuberasse
2849 3090 3190 3156 proventum.
3222 3080 3438 3136 Dictum

169 3179 224 3222 ct
260 3167 651 3239 languescente
679 3172 961 3227 stomacho
993 3188 1188 3242 capere
1215 3173 1472 3227 alimenta
1503 3187 1608 3227 non
1638 3187 1760 3242 pos~

169 3274 306 3320 sem,
360 3269 642 3329 creperum
680 3260 880 3317 fratres
928 3262 1252 3333 importunis
1294 3262 1547 3331 precibus
1596 3261 1760 3316 vehe-

172 3360 390 3405 menter
446 3351 718 3418 insistere,
751 3362 810 3407 ut
852 3352 1045 3408 saltem
1090 3353 1271 3409 triduo
1316 3368 1468 3408 esum
1517 3351 1760 3407 carnium

173 3445 508 3514 reparatioui
540 3445 870 3502 tabescentis
889 3455 945 3501 ct
960 3445 1104 3501 eﬂ‘eti
1127 3447 1376 3516 corporis
1403 3445 1760 3517 indulgercm.

170 3533 417 3599 Quorum
442 3534 626 3604 utique
652 3534 696 3589 si
736 3534 984 3603 precibus
1009 3536 1433 3606 acquiescerem,
1481 3535 1763 3606 quodcun-

171 3641 280 3694 que
304 3625 412 3680 illis
442 3626 776 3696 poenitentia?
803 3627 993 3683 vellem
1025 3629 1236 3697 pondus
1265 3628 1622 3698 injungerem,
1645 3627 1764 3696 pol-

174 3716 485 3770 licebantur
533 3716 777 3772 ultronea
819 3732 876 3772 sc
914 3717 1200 3772 devOtione
1241 3716 1508 3786 perferre.
1559 3715 1767 3782 Quibus

174 3823 302 3879 ego,
345 3809 488 3878 quod
516 3808 642 3864 olim
685 3809 1028 3880 Pharulphus
1052 3809 1416 3866 Urbisveteris
1453 3825 1656 3872 cernes,
1675 3807 1766 3878 qui

173 3906 400 3954 centum
415 3898 580 3953 millia
603 3915 826 3964 mansos
855 3900 1053 3955 habere
1080 3899 1384 3965 dicebatur,
1415 3907 1623 3970 egerat,
1649 3898 1768 3954 dedi

176 3987 426 4044 ridicula:
447 3989 744 4046 delusionis
759 3991 1084 4062 exemplum.
1113 3990 1422 4054 Enimvero,
1469 3990 1608 4044 sicut
1637 3988 1768 4043 mihi

177 4079 416 4133 relatum
462 4090 568 4146 est,
605 4082 733 4136 dum
766 4081 831 4136 ad
882 4096 1124 4138 mensam
1177 4095 1361 4136 comes
1398 4079 1486 4135 ille
1537 4080 1772 4135 discum-

176 4171 358 4236 beret,
388 4172 606 4241 quidam
634 4172 710 4228 illi
743 4174 1038 4229 monachus
1066 4171 1360 4238 assidebat,
1383 4186 1548 4242 quem
1575 4185 1769 4241 rogare

175 4263 373 4333 coepit,
399 4273 456 4318 ut
485 4266 609 4334 quia
636 4265 814 4335 pisces
853 4267 1096 4331 deerant,
1128 4267 1364 4322 dictante
1416 4264 1765 4328 necessitate,

177 4356 445 4409 carnibus
497 4366 833 4412 vesceretur.
882 4357 1066 4412 Primo
1119 4356 1336 4427 quidem
1401 4355 1492 4412 ille
1546 4371 1768 4429 negare,

180 4446 380 4500 deinde
423 4449 624 4502 sensim
671 4447 1037 4518 paulatimque
1110 4448 1446 4513 mollescere,
1499 4457 1775 4519 postremo

180 4543 354 4614 coepit
383 4543 649 4608 animum,
683 4543 990 4599 hortatibus
1014 4541 1403 4598 delectabiliter
1449 4542 1774 4612 impellenti-

180 4635 310 4699 bus,
341 4635 620 4691 incliiiare.
649 4633 909 4689 Verrinus
937 4633 1144 4690 interea
1169 4633 1337 4689 callus
1369 4633 1673 4704 apponitur,
1721 4640 1776 4687 et

181 4727 290 4781 hoc
325 4742 433 4780 non
457 4742 578 4782 esse
603 4740 827 4781 carnem
858 4740 923 4780 ac
946 4739 1045 4795 per
1082 4726 1184 4782 boe
1229 4723 1778 4797 irreprehensibiliter

182 4819 398 4874 comedi
421 4833 600 4888 posse,
631 4832 823 4873 vecors
854 4817 1155 4871 monachus
1178 4815 1443 4871 fallaciter
1483 4815 1776 4871 adhortan-

185 4913 322 4965 tium
359 4910 624 4966 lenocinio
654 4910 932 4966 suadetur.
964 4907 1052 4962 Fit
1075 4908 1255 4979 itaque
1281 4909 1346 4965 de
1383 4909 1500 4974 illo,
1529 4910 1672 4980 quod
1709 4909 1775 4965 de

184 5000 353 5056 stulto
387 5001 504 5056 viro
530 5010 697 5070 atque
724 5015 754 5054 a
789 4997 1080 5054 meretrice
1108 4998 1333 5068 decepto
1380 5013 1479 5069 per
1533 4998 1780 5056 Salomo-

184 5110 313 5148 nem
344 5093 582 5148 dicitur:
616 5113 634 5144 ι
671 5092 927 5153 lrretivit,
965 5089 1160 5160 inquit,
1205 5106 1327 5145 eum
1361 5087 1546 5146 multis
1567 5107 1777 5147 sermo-

186 5184 365 5246 nibus,
399 5194 454 5240 et
475 5184 750 5240 blanditiis
773 5171 1062 5239 labiorum'
1093 5183 1358 5250 protraxit
1387 5180 1536 5237 illum
1557 5201 1570 5250 ;
1595 5185 1779 5241 statim

186 5292 306 5331 eam
338 5277 607 5344 sequitur,
633 5276 784 5344 quasi
805 5276 908 5331 bos
931 5273 1122 5327 ductus
1143 5273 1210 5328 ad
1234 5275 1530 5341 victimam,
1548 5286 1603 5333 et
1626 5294 1780 5344 quasi

1865 3178 2174 3249 factumque
2195 3189 2297 3234 est.
2331 3177 2464 3232 Nam
2495 3177 2659 3232 tertio
2687 3175 2774 3231 die
2823 3185 3107 3246 postquam
3156 3173 3272 3227 hcce
3301 3170 3443 3224 dicta

1864 3281 2008 3335 sunt,
2036 3281 2090 3328 et
2126 3288 2158 3326 a
2187 3270 2434 3327 Giiidone
2459 3269 2890 3325 Corneliensium
2925 3267 3144 3329 comite,
3167 3273 3218 3318 et
3249 3277 3314 3317 ex
3348 3260 3446 3315 Fa-

1865 3363 2083 3418 ventina
2127 3362 2262 3416 urbe
2292 3370 2371 3415 tot
2412 3360 2543 3414 mihi
2568 3359 2730 3415 delati
2776 3367 2901 3413 sunt
2939 3358 3137 3428 pisces,
3171 3364 3228 3409 ut
3255 3369 3444 3410 eorum

1868 3457 2000 3512 milii
2046 3472 2144 3528 per
2183 3457 2444 3526 plurimos
2491 3455 2608 3510 dies
2663 3454 2899 3508 edulium
2933 3469 3037 3508 non
3074 3454 3306 3508 deesset.
3357 3449 3449 3504 Sic

1869 3531 2051 3621 itaque
2082 3565 2177 3620 per
2226 3547 2516 3617 Pharulplii
2570 3547 2892 3601 monachum
2933 3544 3234 3600 deludentis
3261 3555 3448 3597 cxeiii-

1867 3641 2038 3711 plum,
2065 3638 2354 3693 deterioris
2382 3637 2527 3692 evasi
2577 3635 2912 3691 confusionis
2942 3633 3314 3704 opprobrium.
3343 3629 3449 3684 To-

1870 3731 2149 3788 lerabilius
2169 3730 2366 3799 quippe
2389 3737 2474 3784 est
2493 3728 2561 3783 ab
2590 3727 2900 3782 hominibus
2925 3725 3128 3796 despici
3164 3738 3327 3793 quam
3356 3737 3448 3777 co-

1872 3843 1987 3881 ram
2009 3824 2306 3880 divinitatis
2334 3821 2613 3890 majestate
2638 3818 2913 3876 confundi.

1943 3914 2070 3970 Haec
2099 3913 2269 3975 vobis,
2296 3910 2656 3977 dilectissimi,
2710 3919 2968 3979 tanquam
3007 3905 3360 3977 complicibus
3401 3911 3456 3958 et

1872 4007 2084 4072 amicis,
2115 4005 2324 4061 amicus
2350 3997 2596 4075 exposui,
2616 4017 2856 4072 meaeque
2880 3999 3206 4056 visitationis
3231 3997 3454 4058 seriem,

1872 4101 2022 4157 velut
2061 4099 2287 4154 uteriiiis
2327 4097 2617 4164 fratribus,
2678 4094 2919 4151 unanimi
2959 4091 3330 4149 familiaritate
3377 4089 3455 4145 di-

1874 4192 2036 4264 gessi.
2065 4190 2418 4260 Omnipotens
2439 4187 2582 4244 Deus
2617 4188 2820 4244 sanctis
2860 4186 3114 4258 precibus
3154 4184 3351 4240 vestris
3399 4182 3454 4236 in

1874 4284 2056 4338 anima
2088 4283 2306 4354 quidem
2332 4297 2417 4337 me
2444 4281 2996 4344 reddatincolumem,
3033 4277 3244 4348 corpori
3276 4284 3455 4330 autem
3525 4291 3531 4298 ·

1880 4392 2000 4432 meo
2056 4376 2274 4446 dignam
2305 4389 2437 4429 mete
2467 4374 2748 4444 pravitatis
2777 4372 2973 4427 inferat
3001 4371 3284 4433 ultionem,
3324 4382 3458 4436 qua-

1882 4478 2036 4524 tenus
2069 4467 2547 4523 clementissimum
2597 4465 2859 4528 Judicem,
2910 4477 3071 4534 quem
3102 4461 3191 4516 hic
3239 4474 3462 4515 sensero

1878 4575 1975 4630 per
2002 4559 2167 4613 ubera
2192 4559 2410 4614 duriora
2441 4567 2795 4621 commotum,
2823 4553 2932 4608 illic
2962 4567 3178 4614 merear
3213 4549 3458 4605 invenire

1880 4647 2247 4718 tranquillum.
2299 4645 2450 4701 lliinc
2479 4644 2646 4699 [ilium
2692 4652 2961 4707 nostrum,
2993 4639 3358 4703 dilectissimi,
3409 4639 3463 4692 iii

1880 4752 2056 4797 vestra
2080 4750 2200 4810 post
2228 4739 2394 4794 Deum
2419 4737 2613 4791 fiducia
2672 4737 2870 4806 dirigo.
2897 4731 3031 4787 Nam
3055 4730 3313 4802 quidquid
3343 4744 3468 4799 pro-

1880 4831 2071 4888 fecerit
2097 4830 2164 4885 de
2194 4844 2378 4893 causa,
2407 4842 2504 4899 pro
2548 4841 2660 4896 qua
2701 4825 2956 4888 mittitur,
3001 4822 3156 4880 vobis
3201 4820 3470 4877 duntaxat

1880 4922 2187 4995 Specialiter
2217 4923 2534 4979 asci'ibetur.

2428 5055 2784 5121 EPISTOLA
2829 5049 2928 5107 XX
2941 5091 2955 5105 .

2423 5184 2486 5223 ΑΒ
2509 5181 2556 5220 Β.
2607 5179 2939 5240 διοχλςιιυλι.

1887 5290 2285 5342 Auceussruu.
2316 5314 2384 5323 —
2415 5280 2713 5344 Hortatur
2740 5277 3065 5344 monachum
3097 5277 3403 5344 quemdam,
3433 5284 3502 5344 ne
