3950 5344
189 231 290 288 405

1326 234 1526 292 LIBER
1566 234 1857 304 SEXTUS,
1898 235 2114 293 EPIST.
2155 237 2313 294 XXII.

3358 241 3463 300 ιοϐ

191 346 424 421 torporis
460 347 730 431 ignaviam
765 348 911 405 velut
950 349 1162 407 asinum
1214 358 1586 420 reprzesentat.
1627 348 1778 404 Licet
1806 356 1854 413 Α
1881 350 1981 405 bus
2013 351 2320 418 virtutibus,
2348 351 2615 420 videlicet,
2649 368 2763 424 spe,
2808 352 2911 410 fide
2940 364 2993 410 et
3032 355 3314 422 charitate,
3340 371 3459 413 om.

190 443 368 511 itaque
396 450 453 496 et
504 442 608 497 hoc
633 441 823 496 vilium
854 442 945 507 sit,
980 442 1125 512 quod
1174 440 1402 495 limitem
1436 438 1778 495 discretionis

187 532 421 594 excedis,
465 532 661 587 melius
707 540 790 588 est
833 539 1011 586 tamen
1060 539 1112 587 te
1158 530 1309 585 nimii
1352 530 1584 585 fervoris
1624 529 1780 601 argui

188 636 350 692 quam
399 622 548 677 foedo
592 623 812 677 desidiae
846 624 1038 677 morbo
1065 620 1265 676 notari.
1296 620 1409 677 Non
1453 621 1633 690 itaque
1660 619 1781 674 volo

186 725 245 769 ut
274 715 389 769 hare
422 716 476 769 in
510 725 563 771 te
604 715 892 771 laudabilis
930 715 1032 770 zeli
1072 714 1286 770 flamma
1325 714 1620 779 deferveat,
1669 726 1782 768 ser-

187 817 309 860 vato
340 815 548 872 tamen,
580 817 640 862 ut
670 808 1068 863 iudiscretionis
1105 822 1409 869 excessum,
1443 806 1534 861 ubi
1562 819 1783 861 necesse

187 907 287 963 est,
319 900 567 969 priorum
599 910 812 955 tuorum
849 901 1087 974 gravitas
1122 900 1406 970 disciplina
1454 905 1781 970 compescat.

187 988 290 1045 Per
321 992 467 1046 hunc
508 992 654 1046 enim
687 992 880 1056 zelum,
913 994 1003 1061 qui
1045 992 1097 1047 in
1142 1001 1193 1047 te
1234 992 1416 1048 vivere
1457 990 1635 1046 dictus
1676 996 1781 1055 est,

188 1080 427 1136 intellexi
459 1083 605 1152 quod
633 1083 855 1153 spiritus
886 1083 996 1148 ille,
1025 1083 1189 1154 210
1212 1083 1305 1155 qui
1337 1089 1412 1148 lc,
1449 1093 1508 1136 ut
1530 1081 1597 1137 de
1625 1080 1786 1136 domo

189 1186 307 1227 cum
342 1173 621 1227 Abraham
652 1173 850 1236 exires,
884 1173 1161 1226 admonuit
1191 1170 1342 1243 (Cm.
1388 1172 1513 1244 xu),
1559 1185 1668 1227 non
1699 1184 1786 1227 re-

188 1264 371 1329 cessit,
418 1264 516 1320 sed
570 1263 678 1319 dux
722 1264 931 1322 itineris
978 1263 1175 1333 factus,
1230 1273 1281 1319 te
1328 1263 1633 1336 praecedere
1676 1277 1785 1319 non

194 1357 444 1413 cessavit.

257 1448 394 1503 Illud
447 1459 630 1504 tamen
679 1448 903 1505 moleste
949 1448 1045 1504 tuli
1094 1449 1221 1519 quia
1275 1458 1327 1503 te
1371 1464 1471 1520 pro
1515 1446 1787 1503 discendis

191 1541 580 1597 ecclesiasticae
652 1543 938 1598 cantilenae
999 1543 1232 1598 modulis
1284 1541 1348 1596 B.
1409 1539 1786 1597 Bartholonttei

193 1632 585 1687 monasterium
638 1633 940 1705 ingrcssmn
987 1649 1108 1690 esse
1153 1633 1404 1706 cognovi.
1442 1631 1614 1687 Porro
1662 1646 1786 1686 cum

1884 443 1967 498 uis
1997 444 2081 500 lex
2116 444 2298 499 divina
2342 446 2624 511 consistat,
2658 455 2819 517 atque
2860 462 2927 503 ex
2957 447 3042 503 his
3070 448 3314 504 omnium
3352 447 3463 503 vir-

1883 545 2056 592 tutum
2090 536 2373 594 multitudo
2402 539 2680 610 procedat,
2720 540 2774 594 in
2805 539 2893 594 illa
2925 541 3103 596 crucis
3135 556 3198 611 pa
3211 548 3316 605 rte,
3344 555 3467 611 qua:

1885 638 2042 685 teme
2091 629 2368 700 defigitur,
2413 630 2582 698 fides,
2636 647 2757 701 quae
2817 631 3094 703 religionis
3144 631 3469 687 Christiana:

1885 719 2290 775 fundamentum
2338 729 2455 787 est,
2505 722 2787 793 figuratur.
2833 721 2968 780 Huic
3015 722 3224 778 scilicet
3270 720 3467 776 fundae

1884 820 2065 867 mento
2113 819 2223 865 tota
2274 810 2477 868 fabrica
2522 814 2678 869 bonae
2719 814 3050 884 operationis
3099 813 3371 879 innititur,
3410 819 3468 868 et

1884 908 1945 955 ut
1991 907 2137 957 stare
2179 900 2372 971 possit,
2414 902 2594 958 omnis
2634 904 2895 960 virtutum
2942 903 3306 974 spiritualium
3355 917 3469 957 ma-

1884 992 2047 1048 china
2102 1002 2458 1049 sustentatur.
2520 994 2670 1052 Unde
2733 1004 2789 1053 et
2838 996 3126 1069 Apostolus
3191 994 3469 1067 discipulis

1884 1084 2000 1139 ait:
2034 1102 2053 1135 r
2086 1083 2217 1138 Nam
2259 1084 2365 1141 fide
2404 1085 2564 1141 statis
2604 1085 2654 1157 (ι
2695 1086 2817 1142 Cor.
2861 1088 2924 1158 ι).
2957 1107 2977 1142 ι
3019 1087 3125 1143 Per
3157 1102 3468 1159 supremum

1884 1190 2015 1232 vero
2058 1190 2251 1244 cornu,
2284 1178 2426 1248 quod
2463 1180 2675 1237 caeteris
2715 1181 2935 1245 eminet,
2968 1195 3093 1252 spes
3131 1180 3466 1252 intelligitur,

1885 1283 1992 1340 qua
2020 1278 2206 1325 noster
2233 1270 2447 1325 animus
2475 1270 2543 1326 ad
2567 1270 2898 1343 capessenda
2930 1271 3169 1327 coelestia
3201 1284 3466 1341 provoca-

1887 1367 1996 1414 tur.
2024 1359 2118 1415 lllo
2148 1374 2277 1415 vero
2327 1360 2492 1430 ligno,
2536 1363 2677 1431 quod
2723 1361 2779 1417 in
2826 1361 3006 1417 medio
3050 1361 3285 1432 positum
3327 1359 3471 1415 binis

1887 1451 2138 1521 utrinque
2165 1452 2462 1522 porrigitur
2486 1453 2746 1519 brachiis,
2769 1453 2928 1522 211
2960 1451 3187 1507 latitudo
3216 1450 3469 1521 designa-

1889 1550 1977 1598 tur
2018 1543 2247 1615 gemina:
2287 1543 2593 1600 charitatis.
2636 1542 2749 1600 lloc
2793 1545 2986 1600 eodem
3034 1542 3258 1598 vivificze
3297 1542 3476 1597 crucis
3512 1542 3515 1545 ’

1888 1635 2044 1704 signo
2087 1642 2321 1705 quatuor
2365 1636 2750 1707 principalium
2789 1637 3051 1692 virtutum
3099 1649 3360 1690 numerus
3397 1634 3479 1688 in-

192 1720 293 1776 hoc
325 1723 532 1784 audivi,
565 1724 636 1777 ita
670 1725 802 1778 mihi
834 1725 1234 1794 quodammodo
1266 1724 1440 1778 visum
1470 1733 1551 1778 est
1586 1719 1727 1791 quod
1753 1734 1785 1773 c
1816 1725 1859 1784 Β
1890 1727 2203 1783 dubitanter
2237 1728 2579 1798 exprimitur,
2628 1744 2695 1784 ex
2742 1729 2940 1798 quibus
2984 1728 3172 1798 utique
3218 1736 3478 1795 tanquam

194 1812 366 1868 caulis
409 1814 594 1867 ovium
641 1827 795 1869 tener
833 1815 1113 1886 agniculus
1150 1815 1387 1871 exsilivit
1429 1821 1486 1868 et
1528 1820 1783 1868 cruentas

1888 1818 2188 1873 seminibus
2231 1820 2476 1875 omnium
2523 1820 2788 1875 virtutum
2825 1827 3041 1889 segetes
3080 1819 3475 1889 germinantur;

192 1905 298 1977 lupi
346 1908 585 1977 raptoris
634 1908 818 1965 fauces
864 1909 1112 1965 incurrit.
1160 1908 1296 1963 Nam
1344 1917 1400 1962 et
1449 1916 1610 1971 tunc,
1660 1918 1785 1959 cura
1882 1906 2092 1978 justitia
2140 1909 2382 1976 scilicet,
2413 1908 2695 1976 fortitudo,
2739 1910 3023 1981 prudentia
3063 1918 3225 1980 atque
3264 1918 3472 1978 tempe-

192 1994 365 2050 frater
394 1996 677 2053 Hubaldus
719 2000 819 2053 hoc
857 1998 989 2053 mihi
1040 1999 1107 2054 de
1137 2008 1212 2066 te,
1254 2014 1361 2054 non
1398 1997 1540 2067 quod
1580 1995 1789 2051 scilicet

197 2088 472 2155 optabam,
503 2089 753 2143 nuntium
789 2090 992 2154 retulit,
1025 2090 1211 2145 aderat
1243 2106 1367 2145 cmn
1410 2088 1576 2144 multa
1606 2087 1787 2144 dulce-

196 2175 318 2232 dine
365 2178 687 2234 recolendus
730 2191 784 2235 et
834 2181 1099 2250 religiosae
1145 2180 1578 2236 conversationis
1621 2179 1788 2235 hone-

196 2278 334 2322 state
367 2270 698 2339 conspicuus
723 2270 937 2336 Petrus,
977 2271 1145 2326 abbas
1181 2272 1517 2337 monasterii,
1544 2271 1688 2341 quod
1725 2271 1784 2324 Β.

199 2359 472 2416 Benedicti
532 2362 688 2417 titulo
741 2364 1086 2430 decoratum,
1139 2363 1193 2418 in
1241 2363 1579 2420 Salernitana
1635 2360 1789 2417 floret

201 2452 333 2506 urbe
378 2462 778 2510 constructum.
831 2454 933 2522 Qui
976 2455 1105 2510 mihi
1162 2457 1401 2510 narravit
1448 2456 1574 2525 quia
1623 2471 1788 2508 vorax

202 2543 482 2598 hominum
528 2546 686 2615 lupus
724 2563 952 2616 puerum
1003 2548 1069 2603 de
1117 2547 1316 2601 familia
1355 2547 1667 2603 monasterii
1706 2547 1788 2601 sui

196 2637 485 2703 parvulum
528 2639 895 2694 clandestinus
935 2640 1185 2710 impetiit,
1218 2643 1501 2710 arpaxavit
1538 2648 1592 2696 et
1634 2639 1786 2694 abiit.

197 2726 328 2783 Post
368 2744 531 2799 quem
582 2730 843 2786 transfixa
888 2730 1073 2786 dolore
1113 2739 1288 2786 mater
1316 2730 1636 2799 inclamans,
1665 2732 1739 2785 ait
1774 2749 1786 2784 :

196 2818 403 2889 Atljuro
444 2829 519 2885 te,
548 2820 748 2886 bestia,
778 2838 875 2891 per
910 2822 969 2876 B.
1010 2820 1387 2888 Benedictum,
1419 2823 1573 2893 cujus
1601 2838 1792 2879 servus

197 2920 304 2975 est,
326 2930 345 2962 ι
374 2927 444 2967 ne
470 2913 637 2967 tilium
662 2928 840 2969 meum
868 2913 1098 2970 ulterius
1120 2914 1284 2980 feras,
1313 2915 1407 2970 sed
1429 2930 1552 2969 eum
1576 2915 1677 2969 sub
1699 2929 1790 2969 ce-

201 3001 418 3056 leritate
447 3004 711 3060 dimittas.
744 3023 763 3055 ›
797 3003 915 3072 Quo
946 3003 1102 3074 lupus
1136 3006 1340 3071 audito,
1375 3006 1518 3060 hunc
1550 3005 1789 3073 quidem,

1891 1999 2088 2054 rantia.
2119 1998 2225 2055 Per
2253 2014 2567 2071 supremum
2603 2017 2839 2071 namque
2876 2017 3069 2068 cornu,
3100 2001 3242 2071 quod
3274 1999 3472 2056 caelum

1890 2096 2121 2158 spectat,
2150 2087 2363 2156 justitia
2414 2090 2702 2158 ﬁguratur,
2735 2090 2876 2146 sicut
2918 2104 2985 2145 ex
3032 2090 3204 2160 ipsius
3240 2089 3476 2144 Redem-

1891 2179 2064 2249 ptoris
2110 2194 2365 2235 sermone
2415 2180 2707 2251 colligitur,
2754 2181 2845 2252 qui
2893 2196 3018 2235 eum
3066 2180 3475 2251 praemisisset:

1898 2290 1917 2323 ι
1948 2273 2107 2339 Quia.
2132 2272 2370 2343 Spiritus
2393 2282 2614 2330 sanctus
2633 2284 2826 2345 arguet
2856 2275 3113 2330 mundum
3138 2274 3205 2329 de
3232 2283 3477 2343 peccato,

1892 2370 1945 2416 et
1971 2364 2037 2417 de
2054 2364 2287 2434 justitia,
2317 2372 2374 2420 et
2400 2366 2467 2421 de
2489 2365 2694 2435 judicio
2724 2365 2909 2438 (Jouu.
2944 2366 3088 2443 xvi);
3120 2386 3138 2419 ι
3171 2366 3330 2437 paulo
3359 2375 3482 2437 post

1894 2454 2075 2509 intulit
2105 2474 2117 2510 :
2157 2472 2175 2506 ι
2206 2454 2284 2510 De
2306 2456 2519 2525 justitia
2550 2472 2698 2522 vero,
2728 2458 2854 2527 quia
2890 2458 2956 2512 ad
2989 2458 3205 2513 Patrem
3236 2458 3393 2522 vado,
3424 2468 3481 2513 et

1887 2547 1998 2618 jam
2029 2563 2133 2603 non
2166 2548 2416 2604 videbitis
2456 2564 2544 2605 me
2574 2549 2784 2621 (Ibid.).
2822 2569 2839 2602 ι
2883 2551 2951 2606 Ει
2984 2551 3069 2606 vir
3100 2551 3316 2621 sapiens
3356 2551 3474 2605 ait:

1900 2653 1918 2687 α
1954 2635 2169 2692 iustitia
2220 2638 2397 2694 elevat
2436 2647 2624 2711 gentes
2663 2638 2844 2706 (Prov.
2883 2641 3018 2712 xw),
3055 2660 3073 2693 ι
3116 2656 3217 2696 nec
3257 2641 3481 2695 dubium

1894 2728 2025 2796 quin
2074 2714 2142 2782 ad
2190 2728 2410 2784 ctelum.
2462 2730 2692 2786 Inferior
2737 2739 2916 2787 autem
2958 2748 3083 2801 pars
3121 2731 3318 2792 erucis,
3359 2745 3481 2799 quae

1896 2819 2230 2887 superiorem
2283 2820 2516 2876 sustinet
2570 2820 2800 2887 molem,
2847 2821 3215 2876 fortitudinem
3273 2822 3475 2891 signat,

1897 2925 2017 2981 qum
2058 2909 2309 2966 videlicet
2344 2911 2526 2980 gravia
2567 2912 2845 2981 qumlibet,
2881 2922 2937 2969 et
2975 2913 3200 2968 adversa
3238 2909 3477 2981 atquani-

1898 3000 2058 3055 miter
2090 3001 2305 3057 tolerat.
2340 3002 2597 3058 Dextrum
2633 3019 2763 3059 vero
2803 3005 2982 3060 crucis
3021 3004 3303 3060 brachium
3347 3018 3476 3073 pru-

202 3111 369 3163 quem
425 3095 664 3162 ferebat,
718 3105 906 3168 aperto
952 3098 1201 3168 protinus
1252 3112 1348 3151 ore
1397 3095 1674 3167 deposuit;
1738 3086 1863 3148 inC
1898 3092 2137 3149 dentiam
2194 3095 2482 3165 exprimit,
2537 3111 2640 3165 qua
2699 3096 2951 3152 videlicet
3005 3096 3199 3167 injecta
3262 3093 3483 3165 maligni

201 3188 370 3242 alium
432 3206 557 3245 vero
606 3203 838 3260 puerum
895 3189 1214 3260 repentinus
1266 3186 1506 3257 insiluit,
1566 3201 1797 3256 eumque

202 3284 386 3338 subito
426 3284 708 3349 desecans,
750 3292 999 3339 truncum
1034 3283 1315 3338 cadaveris
1346 3281 1573 3352 sprevit,
1604 3278 1798 3351 ιπωοὶ-

202 3390 439 3443 sumque
478 3384 643 3444 caput
691 3373 965 3428 mordicus
1000 3372 1397 3443 apprehensum
1426 3372 1480 3424 in
1508 3385 1637 3425 suas
1664 3368 1799 3424 late-

202 3464 339 3518 bras
380 3464 629 3518 concitus
671 3463 989 3532 asportavit.
1030 3462 1144 3533 Ego
1179 3475 1412 3532 quoque,
1441 3459 1534 3529 qui
1572 3466 1625 3514 te
1661 3457 1799 3513 invi-

203 3554 386 3609 sibilis
429 3554 532 3624 lupi
585 3555 749 3609 dente
791 3562 1102 3624 correptum
1148 3552 1331 3616 timeo,
1370 3551 1424 3604 in
1459 3548 1699 3618 ejusdem
1735 3547 1791 3603 S.

201 3645 267 3701 P.
300 3645 368 3700 Ν.
401 3645 698 3710 Benedicti,
730 3644 884 3714 cujus
920 3642 1146 3700 effectus
1172 3658 1232 3699 es
1263 3641 1495 3696 famulus
1522 3640 1799 3711 ereptione

205 3740 444 3794 confido.
475 3738 637 3804 Nam,
667 3753 775 3808 quo
805 3747 965 3807 pacto
998 3736 1064 3791 de
1095 3749 1280 3790 eremo
1314 3733 1383 3788 ad
1411 3731 1799 3788 monasterium

206 3831 604 3897 descendisses,
630 3829 734 3884 nisi
771 3838 821 3883 te
848 3828 1167 3899 perniciosa:
1190 3826 1445 3883 versutite
1474 3839 1587 3881 sua:
1614 3838 1798 3880 morsu

206 3921 437 3977 callidus
487 3922 778 3977 insidiator
830 3920 1165 3975 attraheret?
1218 3918 1606 3974 Verumtamen
1660 3916 1801 3971 hanc

205 4031 343 4085 ergo
387 4017 617 4085 primam
673 4013 887 4083 culpam
932 4012 1058 4068 nolo
1107 4012 1308 4067 diutius
1360 4008 1604 4079 insequi,
1651 4022 1801 4077 quae,

206 4109 355 4162 sicut
393 4109 576 4173 credo,
609 4123 716 4161 non
745 4122 811 4160 ex
860 4105 1229 4160 inconstantia
1266 4111 1370 4158 ture
1407 4101 1645 4157 levitatis
1673 4115 1801 4154 eru-

207 4198 319 4268 pit,
344 4198 437 4252 sed
474 4213 539 4252 ex
581 4196 869 4252 temeraria
909 4194 1214 4265 jubentium
1259 4191 1468 4248 cautela
1500 4189 1803 4261 processit;

208 4289 515 4360 prmsertim
582 4304 707 4343 cum
764 4287 896 4340 mihi
953 4286 1215 4355 praefatus
1271 4280 1546 4337 Huhaldus
1606 4279 1804 4335 dixerit

208 4381 473 4452 quoniam
522 4381 725 4436 invitus
773 4389 937 4448 atque
986 4392 1229 4440 coaetus,
1270 4375 1360 4430 vix
1408 4375 1623 4429 tandem
1676 4372 1802 4427 huic

206 4482 489 4541 prmcepto
515 4470 879 4526 consenseris.
911 4468 992 4522 Ad
1034 4482 1277 4523 eremum
1305 4481 1454 4537 ergo,
1484 4463 1802 4520 charissime

211 4561 311 4626 fili,
341 4559 442 4615 sub
472 4562 616 4616 onmi
648 4559 925 4615 celeritate
957 4566 1253 4623 revertere,
1281 4571 1349 4611 ne
1377 4557 1501 4610 dum
1531 4564 1807 4610 monaste-

207 4651 366 4707 rialis
407 4650 828 4706 adolescentiam
873 4658 1018 4702 tuam
1068 4646 1295 4702 latitudo
1342 4646 1597 4711 delectat,
1633 4644 1804 4699 eremi

207 4742 488 4797 districtio
535 4755 632 4811 per
676 4739 1003 4796 oblivionem
1047 4736 1419 4793 desuetudinis
1457 4735 1802 4806 quandoque,

205 4836 356 4908 quod
390 4835 561 4897 absit,
599 4843 654 4888 et
681 4834 736 4889 in
766 4833 948 4887 odium
981 4830 1185 4884 veniat.
1217 4829 1335 4885 Illic
1377 4838 1635 4898 tropaeum
1680 4842 1806 4882 cru-

206 4927 290 4983 cis
322 4935 429 4979 tu:e
462 4921 814 4978 immobiliter
854 4919 977 4989 fige,
1014 4916 1126 4972 illic
1160 4925 1211 4971 te
1244 4916 1404 4972 simul
1434 4932 1555 4970 eum
1586 4914 1807 4972 Christo

203 5016 524 5089 suspende,
571 5022 629 5068 ut
678 5015 731 5070 in
774 5010 1074 5076 charitate,
1124 5009 1266 5064 sicut
1308 5008 1440 5064 dicit
1483 5006 1804 5078 Apostolus,

201 5115 495 5172 radicatus
553 5117 610 5164 et
654 5108 934 5171 fundatus,
972 5104 1147 5177 possis
1188 5101 1651 5174 comprehendere
1683 5114 1808 5156 cum

197 5205 471 5264 omnibus
510 5200 729 5265 sanctis,
770 5211 895 5268 QIIEB
934 5195 1006 5250 sit
1049 5194 1295 5261 latitudo,
1334 5191 1637 5260 longitudo,
1679 5190 1803 5246 alti-

1000 5286 1194 5324 ΙΡπΙιοι

198 5302 335 5324 .--.l..
431 5303 600 5324 ..ιηιιη
640 5290 962 5324 ηιυιΓηηΑηιη
1000 5286 1194 5324 ΙΡηΙιοι
1250 5286 1332 5324 In\
1388 5283 1519 5324 nl!!!)
1556 5301 1687 5324 ονηγ
1724 5292 1803 5324 uel

1896 3184 2120 3254 spiritus
2161 3185 2364 3256 jaeula,
2403 3195 2662 3257 tanquam
2703 3188 2906 3243 dextrae
2944 3202 3139 3242 manus
3180 3184 3484 3256 abjectione

1898 3275 2269 3345 propellimus,
2294 3292 2528 3347 eumque
2556 3277 2749 3333 fervidi
2778 3278 3000 3347 spiritus
3026 3277 3130 3331 telo
3156 3276 3481 3346 perfossum,

1897 3366 2080 3422 divino
2123 3370 2317 3424 muniti
2362 3369 2638 3438 prasidio,
2678 3369 2894 3425 fortiter
2937 3375 3365 3439 prosternentes,
3402 3366 3484 3421 vi-

1897 3458 2083 3513 ctoria:
2114 3461 2400 3516 manubias
2430 3468 2791 3531 reportamus.
2826 3460 2930 3515 Per
2958 3461 3234 3515 sinistrum
3266 3472 3485 3528 quoque

1898 3563 2067 3604 cornu
2119 3551 2473 3619 temperantia
2531 3567 2639 3605 nou
2701 3551 2976 3606 immerito
3039 3549 3373 3618 designatur.
3426 3545 3488 3600 ln

1897 3639 2121 3695 sinistra
2168 3640 2380 3696 scilicet
2424 3655 2588 3695 manu
2640 3641 2818 3695 minor
2862 3641 3037 3694 virtus
3075 3648 3178 3704 est,
3219 3652 3384 3708 quam
3432 3636 3488 3691 in

1900 3734 2111 3787 dextra.
2172 3732 2278 3787 Per
2334 3732 2746 3802 temperantiam
2811 3746 2940 3802 ergo
3001 3731 3217 3786 virtutis
3282 3736 3483 3785 nostrae

1899 3821 2298 3891 quodammodo
2338 3821 2505 3876 robur
2550 3820 2898 3887 attrahimus,
2937 3820 3064 3875 dum
3122 3826 3486 3890 temperanter

1899 3921 1953 3966 et
1983 3911 2226 3967 modeste
2262 3911 2497 3966 vivimus
2525 3928 2538 3964 :
2571 3912 2697 3966 dum
2729 3926 2872 3981 saepe
2901 3910 3133 3981 rigorem
3173 3922 3487 3964 censuram-

1898 4018 2006 4074 que
2057 4003 2284 4072 justitize
2341 4004 2577 4072 quadam
2632 4003 2908 4071 magistrae
2967 4000 3311 4058 discretionis
3373 4007 3492 4054 arte

1901 4096 2195 4152 mollimus.
2225 4094 2365 4164 Quid
2401 4095 2598 4163 dicam,
2626 4094 2771 4165 quod
2815 4103 2873 4150 et
2914 4093 2999 4149 lex
3044 4093 3245 4148 veteris
3288 4091 3494 4147 instru-

1902 4186 2069 4241 menti
2109 4187 2163 4241 iu
2200 4186 2317 4256 ipso
2356 4200 2469 4241 sua:
2506 4185 2959 4257 promulgationis
2988 4185 3146 4240 initio
3174 4182 3490 4255 mysterium

1895 4279 2009 4350 jam
2043 4278 2317 4335 redolehat
2349 4278 2550 4344 crucis,
2581 4279 2705 4334 dum
2738 4277 3009 4342 videlicet,
3038 4276 3176 4332 sicut
3209 4276 3307 4329 ista
3337 4288 3492 4329 com-

1904 4369 2144 4438 pingitur
2183 4368 2381 4439 lignis,
2423 4369 2493 4423 ita
2548 4369 2899 4423 nihilominus
2946 4377 3001 4420 et
3049 4367 3135 4420 illa
3188 4364 3352 4434 digito
3395 4362 3491 4417 Dei

1910 4462 2139 4530 geminis
2186 4470 2412 4516 exarata
2460 4472 2717 4515 noscatur
2766 4462 2819 4515 in
2866 4459 3078 4515 tabulis.
3123 4459 3191 4514 Et
3225 4458 3353 4527 quia
3395 4455 3492 4511 de~

1910 4556 2096 4609 narius
2126 4568 2386 4609 numerus
2414 4568 2510 4623 per
2547 4551 2594 4605 Χ
2633 4553 2891 4614 litteram,
2919 4566 3038 4619 quae
3076 4551 3287 4622 signum
3315 4546 3495 4603 crucis

1910 4651 2287 4714 repraesentat,
2310 4641 2666 4713 exprimitur;
2701 4643 2784 4697 lex
2819 4649 2999 4694 autem
3042 4656 3139 4710 per
3167 4638 3495 4706 Decalogum

1911 4734 2037 4789 data
2084 4731 2253 4788 fuisse
2295 4747 2403 4788 non
2446 4730 2750 4800 dubitatur,
2779 4729 3122 4801 perspicuum
3152 4739 3235 4785 est
3263 4727 3408 4798 quod
3446 4735 3500 4778 et

1912 4824 1997 4879 lex
2040 4821 2152 4888 il'a,
2183 4823 2330 4889 licet,
2359 4819 2593 4884 occulte,
2622 4818 2920 4883 salutifera:
2948 4819 3127 4874 crucis
3154 4819 3208 4872 in
3237 4832 3296 4872 se
3323 4827 3505 4869 sacra-

1914 4922 2094 4969 menta
2122 4913 2422 4978 continuit;
2463 4910 2611 4979 quod
2666 4905 3010 4987 postmodum
3050 4903 3387 4964 coruscando
3417 4914 3513 4970 per

1914 5004 2175 5061 mundum
2211 5003 2533 5077 evangelicae
2571 5007 2775 5073 gratiae
2798 4996 3027 5054 claritas
3058 4999 3333 5056 revelavit.
3364 4989 3520 5046 Unde

1913 5109 1966 5154 et
2012 5112 2108 5167 per
2154 5098 2475 5153 Zachariam
2526 5092 2750 5158 dicitur
2781 5113 2797 5150 :
2836 5107 2854 5140 ι
2887 5085 2948 5141 1n
2988 5089 3078 5145 die
3105 5092 3194 5147 illa
3223 5091 3346 5154 erit,
3383 5081 3527 5152 quod

1913 5203 2076 5258 super
2124 5187 2333 5243 frenum
2372 5184 2497 5257 equi
2529 5197 2663 5260 est,
2706 5188 2956 5249 sanctum
2998 5180 3225 5238 Domino
3254 5172 3532 5237 vocabitur

1916 5278 2104 5324 (lac/1-
2150 5282 2285 5324 vivi-
2323 5299 2341 5324 ι
2386 5277 2649 5324 Frenum
2704 5274 2833 5324 anui
2879 5280 3132 5324 sanctum
3172 5282 3253 5324 est
3298 5268 3540 5324 Εναηεε·
