3950 5344
468 284 572 348 4οΊ

980 289 1039 346 s.
1083 288 1288 346 PETRI
1328 287 1615 346 DAMlANl
1653 288 1806 346 ore.
1848 286 2028 343 rans
2068 284 2198 343 seu
2253 285 2490 345 rouus
2528 285 2568 342 ι.
2611 316 2682 328 -
2719 285 2938 344 EPIST.
2979 285 3109 344 ua.
3148 261 3288 345 vm.

3644 281 3745 345 ‘08

473 407 566 477 If.,
597 402 890 478 pertinet]:
937 421 956 456 ι
989 403 1090 471 Qui
1137 403 1268 467 vult,
1305 403 1498 474 inquit,
1537 403 1724 458 venire
1769 410 1890 474 post
1941 416 2048 467 me,
2082 405 2126 464 Α
2154 400 2416 458 calicibus
2447 401 2761 473 epotandis?
2795 422 2814 454 ι
2847 399 3034 475 (Prov.
3065 403 3244 475 mn.)
3271 401 3406 458 Nam
3437 403 3481 458 si
3522 403 3632 468 bis,
3656 405 3748 474 qui

478 498 702 570 abneget
731 495 1104 566 semetipsum,
1130 503 1186 550 et
1233 495 1385 549 tollat
1424 509 1638 550 crucem
1673 509 1848 558 suam,
1879 494 2058 563 quoti-

476 589 582 653 die,
611 596 665 642 et
694 594 957 658 sequatur
984 602 1070 642 me
1100 587 1252 656 (Luc.
1283 588 1383 656 ιχ).
1416 605 1434 638 ι
1479 585 1609 654 Quae
1641 585 1892 640 nimirum
1925 598 2060 641 crux

473 687 724 734 sanetum
755 677 986 733 Domino
1025 675 1149 748 jure
1179 689 1428 742 vocatur,
1459 677 1582 748 quia
1613 688 1711 746 per
1737 690 1856 730 eam
1903 690 2059 729 mun-

476 769 596 833 dus,
621 769 712 838 qui
761 768 898 822 adeo
949 767 1268 838 profanatus
1298 765 1503 831 fuerat,
1548 765 1903 820 benedicitur.
1953 763 2059 820 Sed

473 859 599 928 quia
625 859 892 928 prolixius
919 859 1044 916 alibi
1071 860 1139 915 de
1168 868 1357 914 sancta
1386 875 1450 914 ac
1477 859 1710 929 pretiosa
1738 873 1900 913 cruce
1926 872 2060 913 con-

475 953 817 1022 scripsimus,
846 969 914 1008 ne
958 952 1210 1009 fortassis
1241 955 1427 1010 eadem
1465 953 1554 1008 hic
1585 953 1862 1022 contingat
1898 952 2060 1006 obre-

474 1059 623 1114 pere,
658 1045 760 1100 ista
791 1045 1055 1100 duntaxat
1084 1046 1136 1099 in
1168 1045 1270 1100 hoc
1299 1043 1579 1115 epistulari
1609 1043 1930 1113 compendio
1963 1041 2062 1097 sub

473 1134 756 1191 celeritate
787 1135 1042 1202 decursa,
1073 1135 1318 1191 sufficere
1347 1134 1678 1204 iudicamus.

553 1225 667 1281 Hoc
709 1227 834 1281 vita:
884 1237 989 1281 tuae
1036 1228 1267 1299 signum,
1327 1227 1396 1281 fili
1445 1225 1785 1289 cbarissime,
1826 1223 1967 1279 sicut
2009 1222 2062 1278 in

478 1316 658 1373 fronte
687 1316 953 1388 depingis,
985 1318 1059 1372 ita
1093 1317 1444 1373 nihilominus
1471 1316 1652 1372 cordis
1681 1315 1756 1370 tui
1790 1313 2067 1368 liminibus

476 1411 760 1479 imprime;
793 1411 937 1480 quod
968 1411 1109 1466 ultor
1137 1412 1359 1483 angelus
1387 1426 1640 1478 cernens,
1673 1410 1790 1466 sine
1833 1417 1923 1463 tua
1957 1424 2064 1464 non

483 1501 663 1556 tardet
703 1502 920 1558 lmsione
973 1504 1205 1559 transire
1242 1503 1442 1575 (Exod.
1477 1504 1599 1573 xu).
1643 1503 1768 1558 Haec
1805 1501 2067 1574 philacte-

375 1584 404 1642 ,ἓ
480 1591 563 1645 ria
595 1607 705 1662 prre
733 1592 904 1648 oculis
934 1593 1036 1648 tuis
1062 1594 1179 1649 sine
1206 1593 1510 1648 cessatione
1541 1593 1909 1664 dependeant;
1954 1591 2069 1646 haec

363 2931 404 2981 4.

479 1681 733 1752 stigmata
767 1699 965 1754 corpus
1001 1692 1150 1739 tuum
1188 1683 1446 1755 undique,
1478 1684 1622 1739 sicut
1667 1681 1956 1754 Apostolus
1999 1681 2068 1737 de

2161 494 2210 547 in
2243 495 2368 549 vino
2409 500 2710 560 morantur,
2740 510 2844 560 vze,
2879 508 3000 564 quae
3045 495 3297 550 nimirum
3342 490 3756 554 lamentationis-

2158 594 2238 640 est
2265 601 2390 648 vox.
2433 585 2768 651 intentatur;
2817 601 3012 655 aquam
3057 603 3156 657 pro
3199 588 3292 643 Dei
3332 602 3519 644 amore
3557 589 3746 643 biben-

2161 674 2303 728 tibus
2329 673 2583 745 gaudium
2605 675 2807 745 absque
2829 675 2937 729 ulla
2963 675 3238 731 dubietate
3263 677 3623 745 promittitur.
3649 675 3747 735 Ubi

2161 763 2336 818 adhuc
2384 773 2509 834 apte
2557 763 2934 837 subiungitur:
2989 784 3008 818 ι
3060 764 3175 820 Non
3232 766 3496 827 intuearis
3542 767 3745 824 vinum.

2160 856 2376 926 quando
2406 854 2667 923 flavescit,
2693 872 2815 912 cum
2847 856 3176 928 splenduerit
3199 858 3250 913 in
3271 858 3412 914 vitro
3439 858 3595 915 color
3618 857 3744 926 ejus.

2163 947 2480 1020 ingreditur,
2534 948 2749 1016 blande,
2799 951 2891 1006 sed
2944 952 2995 1006 in
3037 952 3335 1008 novissimo
3371 951 3666 1016 mordebit,
3695 959 3750 1006 ut

2162 1043 2404 1109 coluber,
2433 1053 2490 1099 et
2539 1042 2680 1100 sicut
2709 1044 2925 1114 regulus
2955 1062 3162 1102 venena
3193 1046 3456 1102 diffundet
3482 1045 3696 1116 (Ibid.).
3725 1065 3742 1098 ι

2162 1134 2348 1206 Neque
2380 1151 2478 1192 nos
2527 1135 2729 1192 idcirco
2765 1137 2830 1191 de
2871 1136 3130 1206 pnedicto
3158 1137 3366 1208 liquore
3395 1137 3655 1200 dicimus,
3697 1146 3752 1191 ut

2164 1231 2469 1280 creaturam
2498 1225 2617 1291 Dei,
2649 1241 2768 1296 quae
2796 1227 2984 1296 utique
3013 1227 3155 1282 bona
3177 1238 3282 1292 est,
3308 1228 3611 1283 obscurare
3641 1233 3750 1281 ten-

2166 1326 2360 1383 temus,
2407 1317 2498 1373 sed
2545 1319 2666 1374 ideo
2697 1320 2900 1386 viuum,
2933 1336 3146 1384 carnes,
3193 1317 3352 1392 213
3385 1318 3668 1389 coajugia,
3701 1329 3753 1375 et

2165 1407 2333 1462 multa
2380 1408 2465 1464 his
2512 1409 2730 1473 similia,
2781 1412 3062 1467 monachis
3109 1412 3484 1483 postponenda
3533 1426 3754 1482 perpen-

2165 1499 2360 1564 dimus,
2415 1507 2475 1554 ut
2519 1500 2841 1556 abstinendo
2890 1517 2920 1556 a
2974 1503 3239 1558 creaturis
3285 1501 3533 1556 Creatori
3565 1501 3758 1554 arctius

2166 1592 2502 1663 placeamus.
2553 1594 2657 1649 Sed
2696 1595 2784 1665 qui
2817 1611 3012 1667 aquam
3045 1596 3185 1662 odis,
3229 1595 3343 1666 ipsa
3377 1605 3429 1650 te
3459 1594 3610 1650 velut
3632 1593 3757 1648 viva:

2170 1683 2320 1740 vocis
2353 1684 2656 1741 invectione
2685 1687 2992 1752 conveniat,
3020 1696 3074 1743 et
3104 1687 3376 1757 ingratum
3410 1695 3463 1742 te
3507 1686 3623 1742 suis
3648 1698 3758 1740 esse

483 1789 544 1829 se
575 1783 824 1840 testatur,
858 1776 1076 1830 iuurant
1111 1794 1124 1829 :
1163 1794 1180 1828 ‹
1216 1776 1348 1847 Ego,
1391 1776 1598 1847 inquit,
1647 1776 1898 1846 stigmata
1943 1773 2070 1830 Iesu
2104 1761 2143 1819 Β
2176 1772 2470 1836 beneficiis,
2502 1776 2733 1846 propria;
2759 1777 3076 1833 assertionis
3106 1776 3426 1846 allegatione
3456 1775 3755 1832 convincat.

480 1865 539 1920 in
572 1881 801 1936 corpore
845 1882 966 1922 meo
1004 1877 1166 1938 porto-
1199 1866 1340 1939 (Gal.
1381 1867 1480 1936 vi).
1512 1887 1530 1920 ι
1573 1867 1735 1937 212
1765 1865 1975 1936 Frange
1993 1863 2078 1935 je-

477 1957 653 2027 juuiis
698 1975 916 2030 corpus,
950 1960 1188 2030 propriis
1217 1959 1586 2014 voluntatibus
1623 1957 1858 2022 abstine,
1889 1956 2079 2012 aliena:

485 2060 538 2107 te
577 2049 842 2120 jussionis
885 2052 1117 2121 imperio
1154 2050 1560 2122 promptissima
1619 2048 1908 2105 devotione
1955 2046 2080 2102 sub-

485 2150 690 2207 sterne,
724 2141 971 2212 procacis
1010 2141 1204 2209 lingua:
1239 2140 1564 2210 petulantias
1600 2139 1844 2194 modesta
1878 2136 2079 2192 silentii

485 2247 718 2286 censura
777 2232 1060 2297 cohibeat,
1101 2231 1276 2300 jocosi
1332 2232 1599 2286 sermonis
1652 2229 1918 2286 lenocinia
1970 2242 2078 2282 non

491 2331 805 2392 erumpant,
831 2322 1002 2378 illiees
1027 2323 1326 2378 carnalium
1354 2323 1665 2394 passionum
1697 2329 1875 2376 motus
1902 2318 2087 2374 distri-

491 2422 592 2468 clm
631 2413 981 2470 continentia:
1022 2415 1168 2485 rigor
1213 2415 1410 2481 elidat,
1453 2425 1511 2470 ut
1555 2414 1648 2484 qui
1689 2427 1834 2469 nunc
1868 2411 2086 2467 Christo

489 2513 684 2574 sponte
711 2507 1088 2572 eommoreris,
1117 2516 1321 2576 quanto
1347 2505 1563 2578 gravior
1590 2521 1722 2560 crux
1748 2504 1867 2573 ejus
1897 2504 1952 2559 in
1997 2515 2085 2557 tua

491 2595 910 2651 conversatione
955 2597 1308 2667 conspicitur,
1342 2607 1495 2654 tanto
1533 2597 1627 2652 tibi
1661 2596 1873 2667 plenior
1904 2611 2086 2652 resur-

494 2685 758 2741 rec1ionis
787 2685 905 2757 ejus
932 2686 1104 2758 gloria
1129 2687 1457 2743 cumuletur.

1027 2797 1363 2855 EPISTOLA
1401 2795 1589 2854 XXlll.

898 2907 968 2947 A'D
1007 2909 1337 2949 GUILIELNUH
1378 2907 1688 2950 IONACHUII.

495 2977 898 3038 Ancuuamuu.
938 3013 1008 3024 —-
1045 2984 1389 3050 Monachum,
1418 2989 1507 3055 qui
1552 3002 1618 3040 ex
1652 2985 1983 3040 monasterio
2007 2983 2093 3055 gad

569 3067 808 3108 eremum
841 3069 900 3110 se
923 3063 1205 3110 venturum
1251 3053 1522 3124 polliciius
1565 3071 1678 3109 rem
1717 3057 1771 3110 in
1799 3056 1912 3110 dies
1941 3053 2093 3110 diffe-

2254 1865 2392 1936 Age,
2447 1867 2644 1936 inquit,
2687 1865 2826 1923 bone
2869 1869 2972 1933 vir,
3019 1883 3118 1923 cur
3168 1881 3253 1922 me
3287 1866 3430 1923 elato
3480 1864 3761 1937 supercilio

2183 1955 2461 2026 despicis?
2484 1971 2579 2011 cur
2613 1972 2698 2010 me
2723 1959 3082 2021 exsecranda,
3127 1956 3540 2020 stomachando,
3570 1969 3756 2025 rugosa

2185 2045 2359 2100 fronte
2385 2045 2637 2101 fastidis?
2659 2061 2758 2101 cur
2797 2061 2881 2101 me
2913 2057 3194 2116 tantopere
3220 2063 3249 2100 a
3278 2054 3366 2100 tua
3391 2047 3655 2101 societate
3679 2059 3757 2098 re-

2181 2135 2454 2205 pellis?Si
2484 2137 2535 2190 id
2554 2137 2620 2190 de
2649 2146 2702 2190 te
2731 2151 2964 2201 mereor,
2990 2151 3096 2191 non
3122 2137 3461 2200 resisto,non
3493 2142 3758 2203 torqueor,

2183 2229 2450 2298 siquidem
2476 2228 2623 2299 juste
2664 2229 2804 2282 banc
2844 2226 3226 2283 contumeliam
3253 2227 3428 2297 patior
3458 2243 3472 2278 :
3506 2223 3762 2294 responde

2185 2318 2316 2373 mihi
2345 2319 2473 2388 quid
2507 2333 2606 2386 ego
2642 2317 2736 2372 tibi
2760 2333 3011 2388 unquam.
3033 2317 3159 2372 mali
3191 2313 3328 2381 feci,
3352 2317 3463 2372 itno
3488 2314 3621 2386 quid
3647 2313 3764 2368 boui

2186 2424 2292 2464 non
2340 2407 2588 2463 contuli?
2628 2407 2740 2478 Ego
2771 2408 3026 2463 nimirum
3061 2416 3114 2463 te
3144 2423 3243 2478 per
3296 2407 3556 2460 virtutem
3599 2403 3763 2459 sancti

2187 2499 2443 2570 Spiritus,
2485 2498 2576 2568 qui
2614 2513 2701 2554 ine
2749 2506 3185 2562 consecraverat,
3235 2497 3302 2552 de
3350 2510 3507 2551 servo
3552 2491 3763 2554 diaboli,

2187 2591 2303 2646 fieri
2332 2589 2434 2646 feci
2483 2590 2651 2645 filium
2683 2588 2798 2645 Dei.
2829 2589 2941 2661 Ego
2974 2599 3026 2645 te
3068 2589 3134 2645 de
3169 2601 3484 2660 possessore
3517 2585 3770 2656 gehennae

2189 2682 2418 2755 produxi
2460 2682 2614 2752 regni
2641 2681 2880 2738 caelestis
2918 2681 3219 2744 haeredem,
3255 2679 3318 2734 de
3343 2677 3535 2733 colono
3557 2673 3768 2735 inferni.

2189 2776 2362 2832 civem
2417 2773 2626 2830 reddidi
2666 2771 2936 2844 paradisi;
2989 2772 3056 2826 de
3085 2769 3366 2825 tenebrosa
3412 2765 3614 2837 stipula
3642 2764 3773 2834 ignis

2190 2867 2404 2932 aeterni,
2431 2880 2584 2922 novae
2623 2863 2812 2935 gratia:
2855 2862 3040 2917 lumen
3070 2859 3312 2916 exhibui.
3347 2877 3366 2910 ‹
3413 2856 3596 2911 Eratis
3636 2853 3774 2909 enim

2192 2959 2482 3029 aliquando
2530 2957 2765 3012 tenebrae
2795 2997 2809 3021 ,
2870 2969 3015 3010 nunc
3067 2961 3247 3008 autem
3297 2951 3386 3006 lux
3434 2950 3490 3005 in
3551 2948 3776 3004 Domino

2197 3050 2412 3122 (Epltes.
2446 3048 2525 3121 v).
2565 3067 2584 3101 ι
2643 3047 2721 3103 De
2763 3059 2895 3101 vase
2951 3045 3046 3101 ira:
3099 3042 3378 3114 composui
3429 3055 3523 3094 vas
3572 3035 3778 3093 miseri-

571 3125 754 3184 τευθίς
808 3136 1089 3248 BENV”,
1140 3118 1282 3208 (Ιυοξί
1328 3127 1438 3180 Vini
1486 3127 1633 3207 ροῖμιί
1680 3125 1990 3180 ι’(ειιυηῑίθτθ
2037 3118 2165 3181 etc
2199 3118 2418 3196 cordia.
2468 3118 2580 3208 Ego
2635 3147 2690 3194 te
2716 3145 2930 3191 vetusta
2975 3133 3341 3190 damnationis
3366 3130 3550 3185 tunica
3580 3129 3705 3184 exui
3731 3135 3781 3182 et

575 3208 772 3248 aquam
846 3193 994 3248 rbere
1026 3211 1129 3248 non
1160 3206 1292 3248 satis
1319 3211 1473 3248 multo
1500 3211 1682 3248 animo
1710 3206 1940 3248 poterat.
1974 3205 2093 3248 tan-
2201 3247 2221 3248 η
2372 3228 2605 3248 ι-με-ε-
2648 3227 2769 3248 .--η
2808 3226 3002 3248 ..--.ε--ε
3078 3225 3186 3248 υ--
3223 3233 3273 3248 ...
3302 3221 3517 3248 ..:-....i-
3549 3221 3781 3248 -...:.......

575 3208 772 3262 aquam
808 3193 994 3266 bibere
1026 3211 1129 3263 non
1159 3193 1292 3266 satis
1319 3193 1682 3265 aequo—animo
1710 3206 1940 3266 poterat,
1974 3205 2093 3266 tan-

571 3278 734 3332 quam
762 3265 924 3318 niinis
947 3265 1161 3319 mollem
1189 3265 1382 3321 leniter
1408 3266 1741 3337 perstringit,
1770 3275 1824 3337 et
1848 3265 2094 3337 apposita

576 3349 732 3406 aqua!
771 3337 1184 3406 pt'osopopmia,
1222 3353 1325 3405 qua
1373 3336 1532 3406 hujus
1573 3336 1824 3390 elementi
1863 3345 1973 3390 tum
2014 3336 2095 3388 di-

573 3405 754 3477 gnitas
799 3405 1118 3477 summaque
1147 3406 1200 3461 in
1246 3405 1492 3462 homines
1529 3406 1750 3471 utilitas,
1790 3415 1902 3477 tum
1931 3407 2096 3460 etiam

572 3475 806 3546 plurima
849 3477 956 3530 vini
993 3475 1191 3531 damna
1221 3487 1612 3546 preponuntur,
1652 3492 1756 3531 non
1801 3476 2100 3546 abhorren-

575 3545 700 3616 dani
740 3545 857 3613 ejus
885 3561 1005 3601 esse
1044 3545 1636 3616 potioneincoucludit.
1683 3547 1921 3615 Denique
1963 3545 2100 3601 ditii-

574 3615 804 3670 cultates
831 3632 1019 3672 omnes
1049 3615 1168 3672 Sese
1199 3619 1251 3672 in
1277 3618 1364 3671 via
1395 3619 1617 3686 spiritus
1641 3617 1978 3686 objicientes,
2010 3617 2096 3679 iis.

573 3688 986 3811 quaetpraeeipit
1030 3688 1340 3758 Apostolus,
1392 3688 1558 3742 armis
1596 3688 1929 3758 superandas
1979 3701 2100 3742 esse

575 3778 590 3810 ι
615 3773 707 3811 oce
737 3797 751 3811 .

575 3766 751 3814 ducet.

581 3877 939 3936 Dilectissimo
985 3878 1139 3933 fratri
1181 3879 1503 3944 Genusum,
1535 3875 1750 3932 l’srnvs
1785 3882 2100 3946 perpetuam

511 3968 834 4024 charitatem
863 3970 916 4024 in
946 3968 1184 4026 Christo.

579 4057 766 4124 Miror,
809 4058 1152 4114 dilectissime
1197 4059 1387 4124 frater,
1419 4075 1515 4114 cur
1554 4058 1621 4113 ad
1648 4071 1915 4122 eremum,
1961 4055 2105 4112 sicut

508 4147 858 4218 promiseras,
891 4162 996 4202 nou
1036 4149 1261 4213 venisti,
1295 4149 1403 4203 imo
1431 4149 1574 4218 quod
1607 4163 1815 4204 meeum
1862 4163 1968 4203 non
2011 4162 2107 4218 per

509 4240 791 4305 nuntium,-
826 4241 919 4294 scd
972 4255 1069 4310 per
1118 4241 1461 4308 sponsionem
1507 4239 1741 4310 propriae
1794 4239 1916 4296 ﬁdei
1957 4222 2107 4309 pepi-

509 4346 690 4402 geras,
732 4344 840 4385 non
870 4329 1126 4400 implesti.
1159 4329 1276 4394 Dic,
1306 4343 1457 4400 rogo,
1483 4329 1574 4399 qui
1617 4335 1668 4382 te
1714 4326 1781 4382 ab
1809 4327 1979 4382 eremi
2017 4342 2109 4381 au-

509 4423 760 4480 steritate
797 4420 1099 4478 deterruit?
1141 4420 1252 4476 Cur
1300 4419 1538 4474 animum
1587 4419 1863 4476 bellatoris
1907 4417 2110 4480 Christi

2199 3232 2325 3284 novi
2371 3228 2608 3284 hominis
2648 3227 2769 3284 luee‘
2808 3226 3024 3282 vestivi.
3078 3225 3190 3296 Ego
3223 3233 3274 3278 te
3302 3221 3520 3277 vinculo
3548 3221 3781 3289 antiqua!

2199 3319 2665 3392 praevaricationis
2695 3316 2922 3383 absolvi,
2954 3324 3010 3371 et
3040 3329 3138 3387 per
3166 3329 3251 3369 me
3298 3321 3682 3384 regeneratum
3705 3308 3780 3364 di-

2199 3415 2338 3470 vinas
2378 3411 2685 3484 adoptionis
2717 3410 2842 3466 ﬁliis
2869 3407 3180 3482 aggregavi.
3219 3405 3336 3474 Ipse
3362 3404 3495 3459 mihi
3525 3403 3684 3458 testis
3709 3415 3778 3463 es,

2199 3507 2325 3578 quia
2368 3521 2492 3562 cum
2540 3500 3152 3575 septem'origi'naiibus
3194 3497 3339 3553 vitiis
3370 3497 3422 3551 iu
3455 3510 3639 3550 meum
3671 3508 3780 3565 gre-

2203 3601 2368 3655 mium
2421 3597 2767 3664 descendisti,
2814 3606 2870 3652 et
2918 3609 3043 3651 mox
3092 3591 3411 3665 puriﬁcatus
3449 3601 3507 3645 et
3562 3589 3781 3648 nitidus.

2201 3690 2406 3760 absque
2457 3687 2564 3743 ulla
2619 3701 2842 3758 prorsus
2897 3679 3116 3755 peccati
3151 3681 3472 3752 contagione
3514 3677 3782 3749 prodiisti.

2202 3779 2316 3852 Ego
2337 3788 2389 3834 te
2415 3778 2691 3835 sordidum
2718 3777 3052 3846 fetidumque
3089 3770 3385 3844 reperiens,
3419 3787 3526 3826 non
3551 3768 3785 3824 dubitavi

2205 3871 2441 3925 animam
2489 3867 2651 3924 simul
2697 3877 2754 3923 et
2808 3881 3006 3938 corpus
3054 3864 3308 3928 abluere;
3346 3867 3401 3917 et
3442 3871 3499 3916 tu
3531 3876 3623 3916 me
3652 3874 3786 3914 nunc

2205 3961 2520 4034 dedignaris
2567 3960 2759 4015 saltem
2797 3958 2957 4013 labiis
3004 3955 3282 4012 adhibere.
3333 3953 3444 4024 Ego
3498 3961 3552 4007 te
3600 3950 3788 4006 divinis

2205 4050 2347 4108 facio
2378 4053 2643 4107 interesse
2672 4047 2936 4104 conviviis
2967 4063 2983 4101 :
3015 4054 3072 4101 et
3102 4054 3158 4100 tu
3198 4059 3286 4100 me
3314 4044 3381 4098 ab
3408 4041 3671 4097 humanis
3692 4055 3786 4096 non

2208 4143 2482 4200 erubescis
2531 4140 2792 4213 projicere
2841 4138 3066 4194 mensis.
3123 4136 3275 4202 Esto,
3335 4134 3416 4191 sic
3438 4142 3551 4198 eat,
3581 4132 3786 4188 caeteris

2210 4235 2378 4291 rebus
2404 4249 2501 4289 sua
2523 4235 2644 4302 jura
2677 4239 2982 4294 serventur,
3013 4228 3145 4284 mihi
3172 4227 3294 4292 soli,
3326 4234 3385 4280 ut
3409 4240 3653 4290 mereor,
3673 4238 3788 4292 pro-

2209 4326 2314 4398 prii
2363 4324 2584 4380 honoris
2639 4321 2980 4392 privilegium
3047 4317 3436 4374 subtrahatur!
3487 4314 3785 4374 videlicet,

2213 4417 2342 4486 quia
2380 4414 2595 4470 caeteris
2622 4411 2905 4468 elementis
2933 4425 3054 4466 sum
3086 4408 3272 4478 junior
3293 4416 3557 4475 tempore,
3598 4403 3791 4458 idcirco

509 4526 695 4572 terror
723 4515 957 4586 degener
983 4513 1312 4586 occupavit?
1357 4510 1608 4582 Nunquid
1647 4511 1756 4566 vini
1788 4524 1949 4581 sapor
1989 4526 2106 4565 mu-
2135 4478 2190 4538 Β
2217 4478 2448 4562 forsitan
2491 4502 2746 4559 omnibus
2773 4501 2947 4556 debeo
2969 4513 3090 4554 esse
3110 4496 3337 4552 inferior
3352 4493 3666 4586 'dignitate?
3696 4489 3793 4586 Sed

510 4612 667 4668 liebri
687 4610 946 4667 blanditia
968 4611 1199 4680 rigidum
1222 4610 1469 4675 militem,
1495 4610 1636 4665 intra
1655 4609 1848 4665 domus
1869 4608 2106 4663 claustra

513 4706 769 4772 retinuit;
821 4713 877 4760 et
913 4705 1025 4776 jam
1069 4705 1360 4776 galeatum,
1407 4703 1522 4773 jam
1563 4702 1730 4758 armis
1777 4701 2105 4763 accinctum,

509 4795 624 4866 jam
671 4809 865 4866 magna
914 4793 1233 4865 spirantem,
1265 4794 1415 4849 exire
1445 4789 1514 4848 ad
1556 4792 1798 4863 prmlium
1831 4806 1937 4846 non
1977 4804 2107 4860 per-

517 4885 867 4943 tnisit?~Sed
916 4886 1059 4941 heu!
1118 4885 1240 4956 quis
1287 4884 1461 4955 pudor
1498 4890 1732 4939 mentem
1785 4881 1961 4937 mollis
2007 4878 2110 4934 viri

518 4980 680 5050 hujus
727 4979 968 5046 invadet,
1000 4978 1120 5048 quis
1151 4978 1485 5034 verecundiae
1519 4977 1686 5034 rubor
1715 4974 1831 5046 ejus
1863 4989 1960 5030 ora
1990 4988 2115 5043 per-

519 5070 750 5136 fundet,
804 5082 928 5124 cum
976 5070 1170 5124 viderit
1211 5069 1344 5126 alios
1389 5068 1586 5139 opimis
1631 5074 1853 5124 onustos
1897 5063 2115 5136 spoliis,

521 5167 758 5210 vii-mres
786 5163 854 5210 ile
883 5163 1024 5210 bella
1049 5165 1258 5210 mvnrtio
1294 5173 1347 5210 nl
1373 5161 1605 5210 nnninsis
1636 5161 1831 5210 dilatas
1857 5158 2116 5210 ttrmmiis.

2213 4599 2514 4666 interroga,
2539 4595 2788 4657 obsecro,
2816 4590 3063 4662 Moysen,
3087 4589 3338 4659 perquire
3362 4587 3414 4640 in
3437 4585 3628 4639 mundi
3653 4582 3792 4653 ptin-

2211 4689 2354 4760 cipio
2387 4687 2529 4758 quod
2581 4687 2685 4742 sibi
2715 4685 3042 4740 elementum
3066 4683 3134 4736 ad
3159 4678 3511 4736 habitandum
3561 4673 3792 4745 Spiritus

2213 4790 2438 4835 sanctus
2461 4777 2708 4848 elegerit.
2741 4774 2996 4845 Nunquid
3021 4771 3259 4828 terram?
3308 4765 3556 4837 nunquid
3582 4761 3794 4820 aerem?

2215 4872 2456 4942 nunquid
2488 4869 2704 4934 ignem?
2732 4867 2921 4932 Plane,
2945 4865 3047 4920 nisi
3088 4863 3344 4928 mentior,
3378 4860 3452 4915 illi
3475 4871 3791 4927 correspon-

2219 4965 2367 5020 debit
2391 4981 2403 5016 :
2433 4983 2449 5013 ι
2472 4961 2706 5033 bpiritus
2733 4961 2825 5016 Dei
2854 4957 3126 5014 ferebatur
3149 4971 3311 5026 super
3331 4951 3668 5024 aquas(Gen.
3684 4948 3746 5017 ι).
3771 4963 3788 4996 ι

2218 5054 2306 5121 Ει,
2337 5064 2394 5108 ut
2417 5054 2529 5124 jam
2560 5053 2626 5108 de
2675 5049 3045 5122 spiritualibus
3067 5047 3277 5112 sileam,
3307 5061 3408 5116 ego
3457 5043 3554 5098 tibi
3580 5051 3792 5108 corpus,

2219 5156 2275 5202 et
2303 5146 2623 5201 vestimenta
2658 5152 2712 5190 et
2755 5151 2974 5206 cuncta,
3024 5135 3218 5206 quibus
3263 5137 3452 5200 uteris,
3481 5132 3674 5196 abluo;
3703 5141 3794 5199 ego
