3950 5344
205 238 332 298 409

1416 252 1615 310 LIBER
1641 247 1936 316 SEXTUS,
1977 248 2190 306 EPIST.
2228 251 2412 310 XXIII.

3397 267 3503 324 MO

205 339 410 414 scunt.
442 355 578 432 ipsa:
605 357 834 434 denique
873 364 1028 431 vites,
1054 381 1211 439 quas,
1237 385 1324 426 me
1361 378 1694 440 contempto,
1726 368 1810 420 in-
1842 367 1890 425 Α
1919 365 2108 422 Graeco
2134 367 2394 423 vocabulo
2420 368 2618 426 dicitur
2640 386 2799 441 aqua,
2833 374 3074 444 profecto
3099 376 3306 434 musica
3333 384 3505 438 nostri

204 467 356 508 sana
405 457 845 528 concupiscentia
898 459 1098 532 diligis,
1142 461 1248 518 nisi
1273 477 1394 519 meo
1421 461 1691 532 adjutorio
1723 475 1813 515 ra-

205 544 424 601 dicitus
449 548 840 618 coalescerent,
863 554 1114 622 protinus
1145 556 1400 612 arefactze
1431 556 1609 628 ignem
1633 555 1813 626 potius

201 629 513 707 pascerent
558 657 722 711 quam
786 644 1172 702 inundantibus
1237 649 1448 718 poculis
1506 648 1811 703 bibulorum

201 741 443 788 ventres
499 734 918 806 ingurgitarent.
949 736 1056 794 Sed
1080 754 1178 794 cur
1203 755 1301 810 ego
1324 740 1376 794 in
1418 740 1671 796 brevibus
1708 741 1809 795 im-

203 825 442 877 moror?
463 825 914 898 Quandoquidem
943 839 999 886 et
1027 832 1143 901 ipsa
1170 839 1326 886 terrae
1351 831 1538 900 moles,
1567 832 1658 888 ubi
1683 833 1812 888 visi-

201 913 348 969 bilia
396 931 628 988 quaeque
678 930 1006 990 nascuntur,
1062 923 1317 994 adjuncto
1357 925 1489 981 mihi
1531 927 1810 982 consortio

205 1005 386 1070 aeris,
433 1009 570 1062 meis
623 1012 1007 1069 sustentaculis
1059 1014 1209 1069 velut
1244 1017 1538 1086 suppositis
1584 1017 1810 1087 quibus-

142 1165 144 1178 Ι
204 1097 342 1149 dam
374 1097 618 1163 basibus,
645 1111 699 1156 ut
725 1103 1023 1158 consistere
1040 1106 1233 1175 possit,
1256 1107 1532 1174 innititur,
1559 1122 1679 1163 mea
1699 1107 1810 1162 vir-

205 1192 334 1240 tute
358 1185 604 1244 fulcitur.
635 1190 740 1246 Sed
769 1191 896 1248 dum
931 1203 1132 1250 terram
1162 1197 1422 1264 sustineo,
1462 1213 1806 1269 nequaquam

205 1275 344 1351 imis
369 1289 652 1350 contenta,
681 1299 811 1339 mere
840 1287 1028 1341 ditioni
1058 1288 1221 1343 etiam
1252 1289 1617 1346 cmii‘culmen
1644 1307 1806 1347 usur-

129 1359 138 1374 ⁸
201 1381 306 1436 po.
339 1368 498 1426 Sicut
529 1373 582 1428 in
622 1374 818 1432 Genesi
852 1377 1052 1446 legitur
1080 1397 1093 1434 :
1127 1399 1147 1432 ι
1182 1381 1374 1438 Divisit
1403 1398 1621 1453 quoque
1663 1385 1806 1439 Deus

204 1474 411 1530 aquas,
440 1480 564 1534 quae
591 1478 749 1524 erant
772 1469 874 1525 sub
904 1470 1264 1538 ﬁrmamento,
1300 1475 1367 1530 ab
1389 1476 1470 1531 eis
1495 1490 1616 1544 quae
1649 1485 1806 1532 erant

205 1569 384 1624 super
406 1557 817 1616 firmamentum
849 1561 1002 1634 (Gen.
1039 1564 1099 1635 ι).
1140 1584 1159 1615 ›
1194 1566 1384 1621 Totam
1414 1567 1579 1640 215
1608 1568 1806 1638 quippe

207 1658 421 1703 terram
468 1650 707 1707 ccclesiis
757 1653 895 1724 ignis
936 1664 1211 1720 exureret,
1268 1657 1370 1712 nisi
1403 1667 1586 1713 noster
1617 1659 1806 1728 mador

1914 459 2150 515 nominis
2177 461 2332 516 titulo
2356 463 2595 518 cernitur
2623 464 2896 535 insignita.

1984 547 2095 604 Nec
2119 551 2282 606 etiam
2318 551 2430 622 ipse
2453 562 2644 608 auctor
2663 554 2999 627 Pythagoras
3030 573 3058 612 a
3090 569 3273 616 nostra
3305 562 3510 619 disser-

1913 638 2058 694 tione
2095 641 2389 708 discordat,
2420 644 2512 713 qui
2562 645 2836 711 videlicet,
2887 657 2946 702 ut
2992 649 3153 718 hujus
3203 651 3506 723 disciplinae

1911 728 2179 786 inveniret
2205 732 2367 794 viam,
2394 735 2673 791 acetabula
2698 737 2943 806 quaedam
2973 741 3039 794 ad
3062 756 3324 810 aquarum
3354 759 3506 799 men-

1911 835 2091 876 suram
2119 823 2356 878 studiose
2387 827 2706 893 composuit,
2737 837 2791 882 et
2814 830 2891 884 sic
2920 846 3135 885 omnem
3166 833 3502 889 barnionica:

1908 907 2181 966 facultatis
2211 913 2482 982 peritiam,
2526 930 2611 970 me
2655 916 2813 982 duce,
2863 935 2948 973 me
2991 921 3240 989 praeside,
3286 923 3504 978 tandem

1907 1001 2199 1058 elIicaciter
2244 1004 2352 1058 voti
2403 1019 2624 1076 compos
2669 1007 2967 1075 adinvcnil,
3017 1011 3285 1080 hodieque
3331 1012 3500 1066 etiam

1907 1095 2168 1167 quidquid
2202 1096 2256 1151 in
2295 1097 2643 1162 liidraulicis,
2675 1099 2935 1170 quidquid
2981 1102 3034 1155 in
3064 1103 3282 1174 organis
3322 1105 3506 1158 suavi‘

1908 1195 1991 1242 ter
2018 1186 2344 1255 modulatur,
2390 1203 2510 1244 mea
2543 1191 2898 1247 nihilominus
2927 1193 3126 1248 virtute
3156 1193 3396 1250 fulcitur.
3433 1195 3504 1250 Et

1907 1292 1964 1336 ut.
1991 1280 2104 1350 jam
2133 1283 2650 1339 excellentissimum
2693 1302 2825 1340 mete
2859 1288 3136 1358 dignitatis
3165 1290 3502 1360 privilegium

1907 1372 2160 1441 pandam,
2191 1388 2455 1442 suspenso
2493 1374 2546 1428 in
2575 1392 2738 1431 cruce
2765 1377 3010 1444 Domino,
3041 1395 3108 1434 ex
3140 1381 3257 1448 ipso
3288 1380 3508 1435 Creatuc

1907 1464 1983 1516 ris
2009 1464 2114 1517 mei
2141 1463 2309 1518 latere
2334 1465 2506 1535 prodii
2526 1467 2706 1538 (Joan.
2731 1470 2842 1538 xix)
2877 1487 2889 1522 :
2913 1481 2968 1525 et
2988 1486 3202 1526 omnem
3229 1481 3498 1526 terrarum

1906 1558 2094 1608 urbem
2127 1562 2405 1624 totumque
2447 1572 2651 1624 aerem,
2700 1560 2908 1616 sociato
2937 1561 3069 1640 mihi
3104 1562 3504 1630 pretiosissima

1907 1646 2024 1715 ejus
2050 1650 2312 1720 sanguine
2353 1652 2690 1708 consecrari.
2725 1653 2859 1709 Hinc
2886 1664 2970 1710 est
3002 1656 3147 1710 enim
3176 1657 3319 1726 quod
3342 1653 3507 1710 Joan-

203 1737 455 1794 incendii
487 1741 632 1796 vires
657 1717 872 1800 assidue
919 1753 1265 1816 temperaret.
1295 1748 1366 1802 At
1396 1747 1648 1813 fortasse,
1675 1717 1802 1818 quia

1911 1754 2006 1793 nes
2031 1717 2306 1808 apostolus
2352 1742 2459 1798 ait:
2498 1762 2516 1793 ‹
2563 1743 2660 1798 llic
2710 1754 2794 1799 est
2837 1746 2928 1815 qui
2971 1747 3120 1800 venit
3165 1717 3261 1817 per
3306 1763 3502 1816 aquam

203 1829 482 1900 liquidam
533 1835 716 1890 cernis
766 1851 957 1892 carere
1003 1838 1229 1902 viribus,
1265 1839 1552 1896 invaiidam
1595 1841 1805 1895 credis?

203 1920 322 1977 Sed
348 1922 396 1976 si
421 1923 577 1980 vobis
605 1941 723 1981 mea
769 1926 1031 1984 fortitudo
1070 1930 1302 1998 deesset,
1356 1932 1500 2002 quis,
1554 1947 1705 2002 rogo,
1735 1933 1802 1987 ad

206 2013 472 2068 terendas
517 2012 702 2085 fruges
729 2018 916 2086 gravia
969 2019 1238 2076 molarum
1269 2036 1398 2076 saxa
1423 2023 1666 2078 rotaret?
1686 2022 1802 2076 Non

202 2111 292 2156 est
317 2117 458 2174 ergo
475 2104 646 2161 virtus
671 2109 1067 2165 contemnenda
1093 2109 1336 2181 liquoris,
1365 2127 1484 2182 qua:
1506 2121 1615 2168 tam
1644 2112 1803 2169 facile

206 2202 398 2249 movet
432 2196 689 2251 duritiam
747 2197 962 2269 lapidis,
995 2208 1070 2267 et,
1094 2207 1154 2255 ut
1194 2217 1300 2256 non
1340 2201 1559 2272 ignores
1601 2202 1803 2256 miran-

204 2283 341 2339 dam
394 2297 608 2343 natura;
656 2304 790 2344 mea:
826 2291 1144 2360 potentiam,
1183 2293 1298 2362 ipse
1334 2293 1492 2364 ignis,
1535 2296 1625 2364 qui
1671 2295 1800 2350 mihi

207 2377 405 2441 etiam,
453 2380 606 2449 juxta
638 2380 1046 2438 dialecticorum
1091 2385 1233 2439 dicta
1270 2389 1578 2444 contrarius
1624 2389 1803 2444 cerni-

207 2477 325 2533 tur,
357 2483 427 2522 ex
478 2486 564 2524 me
591 2481 738 2526 certe
765 2472 1122 2543 depromitur,
1167 2485 1221 2531 ct
1246 2492 1314 2532 ex
1344 2479 1481 2533 meis
1503 2479 1802 2534 visceribus

203 2571 553 2630 procreatur.
602 2562 735 2617 Nam
776 2565 819 2619 si
869 2566 1208 2637 crystallum,
1261 2569 1406 2638 quod
1452 2570 1658 2640 absque
1694 2570 1801 2625 ulla

205 2653 513 2722 quaestione
529 2655 843 2710 obdurescit
865 2673 929 2712 ex
953 2657 1144 2729 glacie,
1161 2661 1315 2716 radio
1337 2660 1468 2717 solis
1485 2663 1800 2732 opponitur,

205 2745 347 2800 nulli
374 2747 600 2802 dubium
643 2750 771 2819 quin
802 2767 866 2806 ex
898 2765 963 2807 co
1006 2754 1250 2821 protinus
1281 2754 1421 2826 ignis
1447 2757 1675 2812 oriatur.
1698 2758 1804 2813 La-

201 2835 363 2904 pides
399 2853 623 2908 quoque
672 2841 764 2910 qui
803 2841 870 2896 ad
908 2841 1212 2900 faciendam
1262 2846 1466 2901 calcem
1505 2847 1558 2902 in
1585 2849 1802 2904 camino

204 2926 421 2983 decocti
467 2941 618 2995 sunt,
660 2932 704 2985 si
741 2943 860 3002 post
897 2935 1173 3002 quodlibet
1201 2936 1418 3008 longum
1465 2947 1679 3010 tempus
1702 2955 1802 3012 ego

207 3018 460 3090 tetigero,
495 3021 764 3093 fumigare
794 3024 953 3079 simul
981 3035 1038 3080 et
1067 3027 1260 3082 ardere
1295 3029 1545 3098 protinus
1580 3031 1794 3096 videas;

203 3114 259 3162 et
309 3109 402 3178 qui
457 3118 688 3166 eatenus
734 3122 893 3168 erant
945 3113 1148 3186 frigidi,
1193 3126 1317 3186 post
1355 3120 1527 3174 nostri
1558 3129 1798 3178 attactus

207 3196 500 3267 imperium
532 3203 600 3255 ad
628 3202 861 3258 calorem
891 3205 1181 3275 pristinum
1200 3217 1326 3264 sunt
1350 3211 1802 3280 adducti.Qua:ro

205 3287 304 3344 abs
339 3303 415 3357 te,
461 3294 506 3346 si
538 3295 704 3357 nosti,
735 3294 863 3364 quid
893 3303 977 3350 est
1005 3299 1148 3366 quod
1181 3298 1233 3353 in
1260 3299 1532 3372 plerisque
1561 3301 1802 3358 ﬂumini-

203 3377 327 3445 bus,
356 3392 641 3439 crescente
668 3384 751 3440 vel
771 3396 1028 3456 surgente
1053 3387 1204 3454 luna,
1231 3405 1319 3446 me
1338 3392 1525 3448 videas
1552 3394 1606 3446 in
1630 3393 1801 3449 altum

205 3487 475 3538 crescere,
508 3476 792 3532 deﬁciente
821 3493 950 3534 vero
981 3482 1169 3536 eadem
1217 3482 1340 3539 luna
1370 3487 1634 3542 cessare?
1662 3486 1801 3555 Quid

205 3575 286 3618 est
313 3566 506 3631 etiam,
550 3567 594 3622 si
629 3569 907 3636 didiceris,
939 3573 1084 3641 quod
1128 3569 1305 3630 fontes
1332 3574 1386 3631 in
1435 3577 1636 3644 hieme,
1676 3594 1800 3634 eum

206 3657 386 3712 omnia
422 3673 561 3727 pene
592 3659 774 3731 algore
799 3663 1098 3734 rigescunt,
1133 3681 1223 3721 me
1250 3667 1484 3737 tepidam
1506 3677 1560 3724 et
1587 3667 1803 3726 fuman-

206 3756 336 3814 tem,
371 3753 562 3806 ξιξειίιό
589 3761 769 3808 autem
822 3764 1062 3828 tempore
1107 3755 1359 3828 frigidam
1397 3760 1670 3816 reddunt?
1715 3764 1798 3818 An

206 3839 443 3897 fortasse
472 3843 918 3915 philosophorum
945 3849 1274 3906 vanitatibus
1303 3853 1503 3919 credis,
1539 3854 1632 3924 qui
1673 3863 1803 3910 tunc

206 3932 346 4002 apud
392 3935 679 4004 antipodas
707 3953 827 3993 esse
863 3939 1156 4009 opinantur
1199 3952 1444 3998 aestatem
1491 3959 1615 4000 cum
1659 3945 1802 4014 apud

206 4036 434 4093 superos
463 4025 542 4080 sol
574 4028 834 4084 recedens
860 4029 1023 4085 faciat
1060 4031 1333 4087 hiemem?
1363 4031 1467 4088 Sed
1497 4035 1540 4088 si
1568 4033 1799 4104 diligen-

208 4120 287 4168 ter
320 4116 584 4181 attendis,
636 4117 739 4173 hoc
779 4120 1000 4176 omnino
1038 4119 1232 4177 falsum
1264 4131 1320 4176 et
1359 4123 1545 4178 solidae
1585 4125 1803 4180 veritati

206 4205 483 4274 reperitur
520 4221 642 4262 esse
669 4211 1024 4265 contrarium.
1067 4211 1190 4267 Haec
1222 4214 1386 4284 igitur
1415 4214 1556 4284 apud
1599 4224 1650 4270 te
1684 4223 1800 4270 stu-

208 4295 357 4352 diose
411 4301 689 4370 perqnire,
723 4312 778 4356 et
831 4319 952 4358 cum
995 4305 1061 4359 ad
1096 4305 1356 4375 liquidum
1401 4308 1639 4376 mandare
1691 4323 1800 4364 non

207 4392 432 4458 poteris,
459 4395 938 4463 profundissimam
964 4407 1171 4454 natura:
1193 4415 1325 4455 mere
1347 4402 1452 4455 vim
1475 4401 1801 4472 impenetra-

208 4479 368 4536 bilem
399 4498 520 4538 esse
549 4486 800 4539 decerne.
842 4485 973 4550 Sed,
1003 4487 1132 4541 dum
1161 4489 1444 4544 brevitatis
1470 4492 1650 4546 studio
1681 4507 1798 4546 ma-

204 4569 416 4639 iestatis
439 4590 575 4630 meae
591 4576 715 4644 jura
743 4579 1019 4634 sUceincte
1045 4588 1374 4648 transcurro,
1401 4583 1526 4639 nolo
1557 4593 1610 4639 te
1635 4584 1800 4649 lateat

109 4669 135 4710 φ
163 4667 173 4734 j
208 4666 327 4733 quia
359 4675 415 4722 et
442 4666 498 4723 in
529 4667 832 4724 liberalium
865 4672 1062 4725 artium
1102 4673 1296 4730 studiis
1329 4690 1434 4729 non
1469 4677 1796 4734 mediocrem

211 4757 497 4825 primatum
558 4768 736 4815 teneo.
789 4761 1233 4833 Quandoquidem
1294 4767 1360 4820 ad
1409 4765 1662 4824 discenda
1702 4769 1801 4824 ho-

212 4863 388 4904 rarum
436 4851 635 4920 spatia.
687 4853 753 4906 ad
799 4855 1220 4923 comparandum
1262 4857 1391 4913 solis
1439 4861 1625 4916 orbem
1674 4877 1797 4916 cum

212 4939 420 5008 sphaera
446 4941 594 5007 caeli,
623 4942 689 4994 ad
715 4943 1105 4998 dimensionem
1139 4945 1342 5001 zodiaci
1373 4960 1800 5021 cunctarumque

212 5031 508 5102 signorum,
543 5033 608 5086 ad
647 5034 1030 5088 discernendos
1068 5036 1406 5106 planetarum
1437 5041 1695 5110 circulos,
1733 5042 1801 5097 ad

215 5130 576 5188 dimensiones
630 5140 900 5188 terrarum
950 5149 1070 5190 cum
1112 5139 1229 5193 rteli
1288 5147 1535 5206 partmus
1585 5159 1802 5214 compa—

215 5235 427 5299 randas,
479 5234 602 5289 dum
640 5242 949 5307 geometra,
1000 5236 1080 5291 vel
1125 5238 1429 5308 astrologus
1477 5256 1803 5314 componere

1907 1840 1961 1885 et
1984 1833 2325 1902 sanguinem,
2353 1833 2514 1890 Jesus
2540 1836 2788 1893 Christus
2813 1839 2865 1906 (ι
2891 1838 3053 1894 Joan.
3076 1841 3164 1911 v):
3212 1861 3230 1892 ι
3265 1851 3320 1896 et
3348 1841 3506 1910 paulo

1908 1931 2030 1992 post
2045 1924 2263 1980 subdit:
2292 1944 2310 1978 ι
2342 1926 2476 1983 Tres
2501 1937 2649 1994 sunt,
2673 1929 2764 1997 qui
2792 1931 3156 1985 testimonium
3187 1930 3350 2001 215
3373 1932 3503 1984 dant

1905 2014 1962 2068 in
1989 2011 2153 2079 terra,
2173 2014 2416 2084 spiritus,
2433 2032 2572 2087 aqua
2590 2025 2644 2072 et
2666 2017 3110 2091 sanguis(lbid.).
3138 2040 3154 2072 ι
3175 2019 3294 2075 Jam
3316 2035 3443 2074 vero
3457 2019 3503 2076 sl

1905 2114 2097 2160 cuncta
2136 2107 2385 2175 superius
2414 2109 2804 2178 comprehensa
2835 2113 3104 2175 attendas,
3139 2111 3346 2180 reliqua
3376 2125 3495 2166 om-

1907 2194 1995 2250 nia
2028 2210 2161 2250 meae
2208 2195 2398 2251 ditioni
2442 2195 2683 2266 subjecta
2729 2198 2996 2254 elementa
3042 2201 3348 2255 considera.
3395 2198 3504 2255 Sed

1905 2284 2032 2340 dum
2071 2286 2341 2355 praeconia
2386 2302 2520 2343 mea:
2560 2287 2736 2344 laudis
2766 2304 3045 2356 enumero,
3082 2291 3176 2360 qui
3216 2290 3342 2356 sim,
3373 2289 3506 2360 quid

1904 2379 2135 2446 valeam,
2163 2380 2358 2437 melius
2401 2383 2631 2436 forsitan
2669 2383 2859 2448 doceo,
2891 2383 2936 2439 si
2971 2393 3022 2439 te
3063 2385 3131 2440 ad
3161 2386 3503 2456 temetipsum

1906 2471 2126 2537 reduco,
2153 2483 2420 2542 quatenus
2448 2474 2575 2529 dum
2599 2489 2717 2529 mea
2749 2475 2802 2529 in
2845 2483 2896 2531 te
2923 2476 3194 2531 dominari
3222 2476 3346 2545 jura
3376 2492 3504 2547 per-

1905 2562 2172 2631 spexeris,
2225 2562 2293 2618 de
2344 2563 2568 2632 reliquis
2611 2564 2776 2618 etiam
2820 2565 2956 2620 meis
3002 2565 3213 2620 viribus
3255 2566 3506 2622 dubitare

1904 2668 2010 2708 non
2043 2655 2237 2723 possis.
2269 2655 2437 2726 Igitur
2463 2671 2570 2711 non
2601 2657 2820 2728 ignoras
2855 2657 2999 2726 quod
3027 2673 3093 2713 ex
3123 2667 3356 2729 quatuor
3383 2659 3499 2714 ele-

1904 2746 2101 2800 mentis
2120 2746 2235 2816 ipse
2261 2746 2533 2813 consistis,
2559 2749 2652 2802 sed
2680 2747 2806 2802 dum
2830 2763 3016 2802 eorum
3039 2748 3142 2802 tria
3175 2763 3271 2818 per
3296 2747 3505 2817 reliqua

1903 2837 2145 2906 corporis
2201 2834 2444 2893 membra
2494 2837 2814 2903 subsidunt,
2880 2838 3226 2908 omnipotens
3271 2837 3504 2893 Creator

1904 2929 2039 2982 mihi
2070 2929 2516 2984 excellentiorcm
2548 2928 2890 2999 dignitatem,
2935 2937 2991 2984 et
3029 2929 3174 2984 velut
3209 2929 3504 2998 quamdam

1903 3020 2239 3089 principatus
2283 3034 2464 3074 arcem
2511 3019 2656 3074 inter
2701 3019 2804 3073 alia
2851 3019 3096 3084 contulit,
3137 3019 3263 3073 dum
3315 3033 3402 3073 me
3448 3019 3504 3073 in

1907 3111 2022 3181 ipso
2088 3111 2264 3181 capite
2327 3113 2509 3166 sedem
2563 3113 2764 3168 habere
2815 3114 3116 3169 constituit.
3174 3113 3308 3168 Nam
3376 3114 3505 3169 dum

1855 3205 1866 3217 '
1907 3211 2120 3257 constet
2148 3201 2403 3270 quoniam
2434 3200 2625 3272 tlegma
2665 3219 2734 3258 ex
2774 3221 2928 3275 aqua:
2973 3206 3203 3260 humore
3239 3205 3500 3276 gignitur,

1905 3289 2097 3364 ilegma
2126 3302 2306 3348 autem
2332 3293 2387 3348 in
2414 3295 2590 3364 capite
2614 3295 2705 3360 sit,
2731 3296 2862 3350 nulli
2892 3297 3111 3352 dubium
3129 3297 3256 3367 quin
3278 3299 3504 3352 thronus

1905 3397 2058 3452 aqua:
2120 3383 2170 3436 in
2220 3383 2398 3453 capite
2447 3384 2735 3454 prmsidere
2780 3387 3050 3442 videatur.
3096 3387 3251 3443 Unde
3300 3387 3501 3442 mirum

1905 3475 2039 3529 satis
2064 3475 2206 3542 quod
2238 3474 2472 3544 liquidus
2494 3475 2690 3530 humor
2718 3486 2871 3533 tanto
2910 3478 3220 3547 magisterio
3248 3478 3300 3532 in
3343 3491 3504 3549 supe-

1905 3565 2034 3619 riori
2063 3576 2213 3635 parte
2246 3569 2613 3637 suspenditur,
2652 3578 2712 3622 ut
2742 3572 2810 3623 ad
2855 3569 3110 3629 inferiora
3157 3570 3380 3623 minime
3411 3571 3504 3624 de-

1904 3642 2137 3719 labatur,
2167 3667 2394 3727 excepto
2422 3673 2518 3727 pcr
2547 3659 2780 3713 arterias
2803 3660 3014 3714 cerebri
3053 3659 3251 3714 leniter
3278 3658 3498 3724 deﬂuat,

1904 3756 1962 3801 et
2003 3748 2279 3818 spiramen
2323 3749 2434 3802 oris
2465 3749 2608 3803 unde
2654 3748 2831 3804 valeat
2872 3749 3078 3820 egredi,
3107 3750 3255 3805 velut
3293 3750 3500 3805 ostium

1905 3842 2073 3906 petat.
2120 3836 2177 3890 In
2228 3852 2338 3907 quo
2384 3836 2641 3891 nimirum
2698 3838 2981 3907 per.~picue
3027 3840 3278 3908 superbia
3321 3849 3504 3895 vestra

1906 3929 2235 3995 retunditur,
2270 3945 2393 3999 quae
2421 3930 2550 3983 dum
2596 3930 2935 3984 extrinsecus
2984 3931 3214 4000 positam
3245 3931 3504 4001 dedigna-

1909 4029 1995 4075 tur
2043 4020 2284 4085 baurire,
2317 4020 2537 4075 assidue
2581 4029 2760 4074 tamen
2812 4021 3025 4093 cogitur
3057 4037 3144 4076 me
3195 4025 3338 4076 inter
3387 4024 3502 4080 oris

1906 4120 2057 4183 septa
2104 4112 2334 4178 versari,
2375 4121 2432 4166 et
2473 4119 2531 4165 ut
2577 4112 2651 4166 ita
2690 4111 2903 4182 loquar,
2947 4130 3034 4170 me
3079 4130 3292 4170 mecum
3338 4114 3502 4186 fugis,

1907 4207 2032 4260 dum
2057 4219 2380 4275 quocunque
2405 4215 2455 4260 te
2478 4206 2726 4270 verteris,
2763 4207 2880 4261 sine
2910 4222 2995 4261 me
3019 4208 3141 4263 esse
3165 4225 3269 4264 non
3301 4211 3498 4278 possis.

1905 4293 2062 4361 Nam,
2091 4295 2231 4349 sicut
2258 4293 2588 4364 aquimolum
2633 4309 2974 4366 nequaquam
3010 4307 3190 4367 potest
3221 4299 3338 4352 sine
3376 4315 3503 4368 gur-

1906 4385 2032 4456 gitis
2053 4385 2366 4440 inundantia
2392 4385 2661 4441 frumenta
2705 4387 3027 4456 permolere,
3059 4389 3131 4442 ita
3161 4404 3249 4444 me
3274 4403 3498 4444 necesse

1907 4487 1991 4533 est
2026 4478 2167 4532 inter
2194 4485 2484 4548 utrumque
2522 4478 2744 4532 humani
2788 4479 2901 4533 oris
2951 4478 3122 4534 molas
3168 4480 3288 4534 sine
3331 4479 3504 4536 inter-

1909 4569 2168 4624 missione
2219 4569 2533 4632 decurrere,
2579 4576 2639 4622 ut
2691 4583 2789 4622 sua
2836 4567 3008 4636 possit
3061 4568 3223 4623 verba
3278 4568 3505 4638 loquens

1908 4661 2088 4728 lingua
2137 4659 2395 4713 formare.
2442 4657 2498 4710 Si
2537 4673 2665 4728 ergo
2711 4657 2765 4711 in
2794 4657 3047 4712 omnibus
3089 4658 3175 4713 bis
3204 4671 3326 4712 meo
3355 4657 3507 4725 adju-

1910 4753 2050 4808 torio
2091 4750 2316 4820 indiges,
2374 4763 2493 4803 mea
2527 4760 2696 4820 opera
2743 4747 3052 4801 necessario
3080 4748 3272 4810 uteris,
3316 4760 3415 4799 cur
3453 4747 3507 4801 in

1908 4842 2024 4899 solo
2055 4841 2248 4913 poculo
2281 4855 2461 4898 meum
2487 4840 2692 4896 habere
2721 4836 3132 4893 contubernium
3163 4837 3511 4906 dedignaris?

1907 4935 2041 4990 Redi
2067 4949 2196 5006 ergo
2228 4935 2298 4988 ad
2329 4948 2434 4993 me,
2471 4931 2718 5005 fugitive,
2748 4936 3047 4994 revertere,
3082 4930 3164 4984 vir
3191 4931 3421 5000 ingrate,
3459 4925 3515 4984 el

1903 5023 1994 5094 qui
2031 5034 2136 5080 tua:
2165 5038 2261 5095 per
2286 5022 2473 5080 omnia
2515 5035 2600 5082 est
2627 5019 2816 5079 salutis
2845 5019 3138 5089 obnoxius,
3169 5036 3238 5076 ne
3281 5017 3521 5073 videaris

1905 5114 2108 5172 habere
2134 5115 2356 5172 fastidio
2385 5127 2710 5174 nauseatus.

1974 5206 2048 5261 At
2091 5206 2319 5263 forsitan
2367 5206 2624 5277 inquies,
2656 5204 2811 5264 doleo
2838 5214 3020 5277 caput,
3070 5209 3298 5279 langueo
3324 5211 3528 5254 stoma-

1907 5300 2092 5344 nlmm-
2136 5298 2264 5344 Hme.
2315 5303 2444 5344 sunt.
2486 5303 2787 5344 pmnlnclra
2829 5298 3073 5344 mnllinm
3136 5304 3249 5344 Imm
3293 5294 3532 5344 nalliatio
