3950 5344
492 127 590 185 HI

982 115 1040 173 S.
1082 114 1287 172 PETRI
1325 116 1609 173 DAMIANI
1648 115 1802 175 OPP.
1843 117 2027 175 PARS
2059 118 2192 176 εει]
2236 117 2472 176 TOMUS
2502 117 2652 174 l."—
2683 117 2902 176 EPIST.
2942 117 3073 174 LIB.
3117 105 3247 175 Vill.

3661 119 3764 175 “2

491 237 723 293 siceram
760 246 1033 301 nunquam
1080 232 1265 287 bibit?
1311 232 1560 303 Nunquid
1604 231 2069 302 Iacobus‘Alphaei
2103 239 2149 295 Α
2176 240 2297 302 post
2344 230 2593 287 subditur
2630 251 2642 286 :
2704 252 2723 285 ι
2752 232 2820 288 Et
2848 233 3002 304 posui
3037 248 3224 288 coram
3273 232 3396 289 filiis
3424 226 3633 291 domus
3674 236 3769 293 Re-

481 327 718 385 medicos
750 323 1006 392 quaesisse
1032 322 1244 392 legitur,
1275 325 1367 394 qui
1394 325 1527 379 istos
1553 325 1792 394 liquores
1823 340 1888 378 ex
1920 336 2074 379 utero

481 416 676 469 matris
702 426 981 482 Ignorasse
1007 414 1363 482 perhibetur?
1391 413 1511 470 Iam
1553 430 1703 480 vero,
1736 426 1795 471 ut
1832 431 1862 469 a
1891 416 2071 471 saeculi

484 504 691 573 origine
720 514 1051 572 repetamus,
1094 507 1325 560 mundus
1355 508 1444 562 hic
1486 523 1655 576 usque
1704 509 1771 562 ad
1799 518 2080 563 sexcente-

486 596 681 648 simum
711 597 927 650 tertium
948 595 1057 651 Noe
1077 614 1276 652 annum
1304 600 1771 671 prorsus(vinum)
1796 601 2077 672 ignorasse

479 688 849 755 cognoscitur,
876 704 996 744 cum
1029 706 1125 760 per
1148 700 1226 745 tot
1249 691 1519 746 curricula
1546 703 1845 762 temporum
1876 693 2076 750 abiisse

479 778 727 847 quidem,
775 779 868 835 sed
924 780 1102 836 nullus
1156 782 1435 837 hominum
1489 792 1799 853 mgrotasse,
1842 784 2071 856 legatur.

481 869 585 926 Sed
610 886 732 926 cum
762 872 814 926 in
838 871 1033 929 Genesi
1063 874 1290 928 dicitur:
1326 892 1345 925 ‹
1374 874 1552 946 Coepit
1578 876 1690 934 Noe
1720 877 1804 933 vir
1829 878 2070 950 agricola

477 977 732 1019 exercere
780 975 1006 1031 terram,
1059 975 1114 1022 et
1162 969 1424 1037 plantavit
1463 970 1700 1033 vineam,
1755 990 1773 1023 ι
1831 971 1979 1026 velut
2018 973 2072 1028 in

477 1054 689 1110 laudem
723 1072 894 1127 aquae,
920 1059 1167 1128 protinus
1192 1062 1445 1117 additur:
1480 1081 1500 1115 ι
1528 1063 1833 1134 Bibensque
1861 1065 2069 1133 vinum,

478 1146 779 1202 inebriatus
815 1159 937 1213 est,-
970 1159 1027 1205 et
1070 1152 1301 1209 nudatus
1348 1163 1432 1209 est
1478 1155 1532 1209 in
1581 1153 1931 1211 tabernaculo
1975 1172 2074 1212 suo

480 1233 633 1305 (Gen.
678 1238 777 1308 ix).
844 1258 862 1291 ι
912 1239 991 1295 Ac
1030 1241 1073 1294 si
1104 1243 1388 1312 perspicue
1422 1243 1731 1298 diceretur:
1780 1260 1940 1315 quem
1982 1245 2071 1300 diu

481 1340 621 1395 aqua
659 1329 914 1383 vestitum
958 1331 1076 1386 sine
1104 1332 1420 1388 confusione
1448 1335 1736 1399 continuit,
1784 1335 1944 1405 hujus
1988 1350 2074 1390 re-

478 1426 639 1486 pente
684 1419 864 1473 vinum
903 1421 1136 1476 verenda
1173 1424 1418 1478 nudavit.
1459 1423 1558 1478 Cui
1603 1424 1888 1479 sententia:
1935 1424 2073 1480 bene

483 1507 644 1561 etiam
688 1508 942 1566 Salomon
987 1512 1247 1579 cont-init,
1280 1515 1467 1569 dicens
1502 1535 1515 1569 :
1549 1532 1568 1566 ι
1615 1513 1844 1581 Vinum,
1876 1514 2070 1584 inquit,

2180 323 2523 377 chabitarum
2560 324 2793 395 scyphos
2843 323 3033 394 plenos
3061 325 3205 390 vino,
3246 334 3301 379 et
3321 324 3552 391 calices,
3585 338 3643 383 et
3661 327 3766 385 dixi

2177 415 2245 468 ad
2279 428 2416 469 eos:
2470 413 2647 469 Bibule
2692 415 2876 469 vinum
2908 414 3068 485 (Ibid.
3090 417 3130 486 ).
3165 435 3184 467 ι
3237 415 3394 482 Ecce,
3446 418 3626 487 quod,
3664 419 3767 474 Deo

2177 514 2416 570 auctore,
2470 508 2798 576 praxipitur,
2836 508 2981 577 quod
3014 509 3289 578 prophetae
3337 509 3655 564 ministerio
3682 510 3767 566 de-

2177 596 2478 661 nuntiatur,
2539 612 2880 667 nequaquam
2923 598 3268 668 cognoscitur
3309 596 3480 653 fuisse
3531 599 3765 669 comple-

2181 694 2313 741 tum.
2363 684 2622 757 Sequitur
2662 686 2806 740 enim
2847 686 3148 755 Scriptura,
3170 694 3225 743 et
3255 688 3383 743 dicit
3415 707 3427 742 :
3470 707 3493 740 ‹
3538 688 3642 756 Qui
3682 704 3763 744 re-

2176 774 2507 843 sponderunt
2532 793 2546 830 :
2573 774 2690 831 Non
2724 775 2962 831 bibimus
2997 777 3183 832 vinum
3215 795 3228 831 :
3267 777 3392 849 quia
3421 776 3677 834 Ionadab
3705 778 3764 833 fi-

2176 864 2278 920 lius
2307 864 2530 921 Rechab
2573 876 2728 938 pater
2783 877 2972 923 noster
3001 869 3254 939 praecepit
3302 869 3485 934 nobis,
3537 869 3757 925 dicens:

2175 955 2291 1011 Non
2321 955 2517 1013 bibetis
2558 959 2742 1012 vinum
2772 974 2889 1027 vos,
2923 968 2977 1015 et
3005 959 3097 1016 filii
3145 960 3309 1017 vestri
3341 976 3520 1037 usque
3549 960 3603 1015 in
3633 976 3760 1015 sem-

2175 1047 2443 1117 piternum
2467 1047 2678 1121 (Ibid.).
2713 1069 2733 1103 ι
2768 1048 2874 1105 Sed
2920 1052 3160 1122 nunquid
3192 1052 3243 1106 in
3267 1052 3368 1107 hac
3398 1051 3759 1107 reluctatione

2175 1141 2317 1196 Deus
2358 1140 2690 1199 oﬂ‘enditur?
2735 1142 2986 1215 Nunquid
3019 1146 3122 1201 hoc
3166 1145 3272 1200 illis
3321 1145 3391 1200 ad
3450 1144 3761 1199 inobedien-

2176 1233 2305 1288 tiam
2327 1237 2657 1305 reputatur?
2683 1235 2792 1293 Sed
2819 1237 2970 1303 audi,
3005 1238 3135 1307 quid
3164 1237 3270 1292 illis
3300 1236 3652 1307 postmodum
3687 1236 3754 1288 di-

2172 1324 2299 1378 vina
2328 1338 2433 1379 vox
2488 1324 2637 1380 dicat
2669 1343 2683 1380 :
2714 1343 2731 1378 ι
2768 1325 2875 1382 Pro
2927 1340 2994 1383 eo
3030 1327 3175 1397 quod
3202 1325 3469 1381 obedistis
3499 1333 3755 1394 praecepta

2173 1412 2417 1470 Ionadab
2447 1416 2621 1486 patris
2648 1419 2836 1483 vestri,
2881 1427 2937 1473 et
2963 1418 3272 1474 custodistis
3301 1419 3490 1473 omnia
3517 1418 3752 1472 mandata

2176 1505 2314 1575 ejus,
2340 1518 2629 1579 propterea
2659 1509 2773 1565 haec
2807 1510 2939 1565 dicit
2964 1510 3227 1566 Dominus
3253 1512 3601 1566 exercituum
3628 1509 3751 1565 Deus

478 1608 788 1667 apostatare
848 1601 976 1658 facit
1041 1603 1205 1658 etiam
1251 1605 1523 1673 sapientes
1571 1603 1776 1677 (Ecrli.
1838 1604 1989 1676 XIX).
2048 1623 2066 1657 ι
2106 1593 2149 1651 Β
2177 1601 2343 1658 lsrael
2373 1617 2389 1657 :
2420 1602 2535 1658 Non
2566 1603 2782 1660 deficiet
2825 1605 2908 1660 vir
2941 1604 3007 1660 de
3055 1606 3223 1676 stirpe
3257 1604 3508 1661 Ionadab
3537 1603 3631 1659 filii
3659 1603 3749 1658 Re-

474 1686 863 1761 Lothquoque,
884 1693 977 1762 qui
997 1702 1054 1749 et
1073 1695 1538 1753 interSodomitas
1561 1696 1614 1751 in
1639 1696 1887 1752 castitate
1913 1696 2069 1763 vixit,

475 1781 530 1835 in
547 1791 728 1839 monte
749 1786 1089 1855 postmodum
1115 1797 1370 1859 percepto
1393 1789 1542 1855 vino,
1568 1804 1691 1845 eum
1718 1797 1948 1859 utraque
1964 1788 2070 1845 filia

473 1872 768 1929 nesciendo
787 1877 1113 1932 concubuit:
1143 1888 1197 1934 et
1216 1879 1438 1949 pudoris
1460 1879 1782 1936 munditiam
1802 1879 1988 1934 vinum
2016 1879 2068 1933 in

473 1961 762 2019 solitudine
786 1982 890 2020 una
921 1980 1080 2023 nocte
1106 1970 1276 2024 suasit
1307 1970 1578 2034 amittere,
1608 1986 1769 2041 quem
1794 1971 1884 2025 diu
1925 1970 2069 2026 inter

475 2059 556 2107 tot
589 2054 863 2112 adulteros
895 2060 1060 2129 216
1093 2062 1207 2130 ipsa
1235 2076 1342 2117 non
1373 2064 1548 2132 potuit
1568 2062 1802 2119 Sodoma
1833 2064 2059 2119 violare.

476 2143 675 2215 Sicque
720 2146 919 2203 factum
952 2159 1037 2205 est
1073 2160 1131 2206 ut
1173 2153 1331 2214 Loth.
1365 2154 1457 2222 qui
1488 2163 1715 2210 eatenus
1752 2156 1808 2209 in
1842 2157 2054 2213 cunctis

476 2240 977 2309 exstiteratjnstus,
1010 2244 1123 2314 jam
1162 2245 1217 2299 in
1246 2245 1351 2301 hac
1403 2262 1509 2301 una
1533 2262 1592 2303 re
1627 2262 1882 2317 perverso
1912 2246 2061 2317 jure,

475 2324 652 2394 Moab,
688 2338 742 2384 et
770 2332 942 2386 Anton
969 2349 1110 2388 unus
1139 2343 1367 2405 uterque
1394 2335 1547 2393 fieret
1575 2346 1630 2393 et
1646 2347 1802 2407 pater
1825 2346 1881 2394 et
1909 2353 2063 2394 avus.

477 2415 632 2474 Unde
661 2435 766 2475 non
797 2422 1089 2495 incongrue
1122 2425 1375 2482 Salomon
1411 2446 1424 2483 :
1454 2446 1473 2480 ι
1508 2428 1834 2498 Luxuriosa,
1867 2431 2065 2503 inquit,

474 2520 565 2562 res
606 2508 811 2577 vinum,
844 2521 900 2566 et
929 2514 1257 2571 tumultuosa
1308 2517 1576 2584 ebrietas;
1635 2520 1942 2590 quicunque
1981 2521 2071 2577 his

477 2596 794 2667 delectatur,
824 2617 931 2658 non
954 2604 1059 2659 erit
1092 2607 1311 2677 sapiens
1337 2606 1521 2678 (Prov.
1545 2610 1662 2679 xx).
1705 2614 1724 2664 ὸ

545 2687 630 2743 Ad
653 2692 767 2746 haec
797 2694 1377 2767 reSpondetlanguidus
1402 2707 1613 2755 noster:
1638 2699 1744 2756 Sed
1756 2701 2066 2771 Apostolus,

476 2778 673 2850 inquit,
694 2799 793 2838 suo
825 2787 1092 2856 discipu'o
1125 2790 1386 2859 praecepit
1410 2791 1600 2847 dicens
1634 2809 1647 2845 :
1687 2810 1707 2843 ι
1738 2791 1856 2848 Noli
1887 2794 2067 2850 adhuc

478 2886 676 2941 aquam
699 2875 905 2942 bibere,
930 2879 1022 2931 sed
1056 2880 1265 2936 modico
1289 2881 1418 2937 vino
1442 2892 1595 2938 utere
1616 2892 1837 2954 propter
1859 2894 2062 2941 stoma-

2175 1694 2332 1757 chab,
2354 1705 2507 1750 stans
2529 1695 2582 1750 in
2606 1705 2896 1767 conspectu
2919 1711 3038 1753 meo
3066 1697 3277 1752 cunctis
3300 1698 3496 1752 diebus
3513 1694 3741 1765 (lbid.).t

2173 1784 2218 1841 Ο
2255 1784 2385 1839 felix
2418 1785 2804 1853 inobedientia,
2845 1803 2966 1858 qua:
3020 1790 3153 1844 tanti
3205 1788 3412 1845 Iudicis
3461 1789 3627 1860 digna
3662 1787 3750 1841 fuit

2175 1874 2378 1930 habere
2407 1875 2763 1945 praeconium,
2802 1892 2922 1948 quae
2949 1877 3116 1933 divini
3165 1877 3413 1947 obsequii
3442 1886 3747 1947 perpetuum

2174 1967 2372 2022 meruit
2400 1965 2924 2034 famulatum.Felix,
2952 1969 3194 2038 inquam,
3226 1968 3620 2034 inobedientia,
3645 1981 3749 2038 qua

2174 2072 2282 2111 non
2310 2057 2798 2114 animadversionis
2818 2060 3080 2130 judicium
3104 2061 3296 2127 sensit,
3325 2063 3421 2116 sed
3445 2060 3645 2115 divinae
3664 2074 3740 2114 re-

2172 2151 2562 2206 munerationis
2588 2153 2868 2223 prmmium
2902 2154 3218 2224 reportavit.

2240 2240 2583 2296 Libetautem
2597 2243 2746 2306 mihi,
2764 2243 3133 2310 dilectissime,
3148 2245 3456 2313 hujusmodi
3476 2244 3732 2299 familiari-

2172 2331 2302 2387 tatis
2322 2332 2663 2389 sermonibus
2676 2334 2763 2388 diu
2787 2343 2962 2390 tecum
2975 2344 3188 2389 servata
3201 2336 3363 2405 217
3374 2336 3526 2404 gravi
3537 2343 3638 2389 tate
3648 2334 3744 2389 col-

2171 2421 2377 2488 ludere;
2398 2423 2514 2486 sed,
2535 2434 2592 2478 ut
2606 2425 2616 2476 i
2624 2439 2717 2495 pse
2731 2425 2860 2489 scis,
2875 2440 2980 2479 non
2997 2425 3121 2479 licet
3134 2426 3306 2491 brevi,
3321 2426 3420 2479 nisi
3436 2424 3740 2481 breviterdi-

2171 2523 2419 2586 sputare;
2442 2524 2812 2570 verumtamen
2833 2514 3008 2570 adhuc
3020 2516 3298 2580 exhortor,
3313 2515 3498 2569 adhuc
3518 2516 3734 2570 obsecro.

2293 2616 2491 2678 Segnes
2513 2628 2685 2677 rumpe
2709 2627 2886 2674 moras,
2914 2617 3124 2679 torporis
3151 2614 3322 2678 frange
3344 2623 3566 2665 catenas.

2238 2698 2358 2755 Non
2381 2708 2432 2755 te
2456 2700 2724 2755 vibrantia
2755 2701 2989 2754 hostium
3031 2698 3212 2769 jacula
3254 2706 3523 2762 terreant,
3559 2711 3655 2751 non
3698 2703 3738 2749 te

2170 2793 2481 2850 domestica:
2498 2792 2905 2864 paesumptionis
2931 2790 3300 2847 blandimenta
3330 2790 3626 2854 resolvant,
3649 2802 3737 2841 non

2172 2894 2225 2940 te
2252 2885 2543 2940 vehemens
2560 2883 2807 2938 tubarum
2831 2881 3050 2951 clangor
3070 2883 3364 2945 exanimet,
3389 2897 3502 2937 non
3520 2890 3571 2936 te
3595 2880 3734 2934 densa

478 2962 671 3027 chum,
734 2973 790 3017 et
857 2965 1169 3037 frequentes
1222 2979 1343 3027 tuas
1409 2946 1751 3030 inﬁrmitates
1815 2975 1883 3046 (Ι
1929 2975 2064 3031 Tim.
2093 2946 2140 3008 Ο
2173 2974 2399 3031 telorum
2429 2973 2562 3029 silva
2606 2974 2750 3028 intra
2796 2972 3029 3029 cubiculi
3075 2981 3281 3028 secreta
3330 2973 3585 3028 retineat.
3615 2968 3737 3024 Iam-

479 3051 555 3122 v).
597 3070 616 3105 ›
652 3050 904 3121 Utinam,
949 3056 1140 3124 frater,
1176 3060 1258 3115 sic
1303 3063 1618 3118 memoriter
1641 3072 1952 3121 teneremus
1980 3083 2067 3122 re-
2165 3066 2280 3136 jam
2317 3066 2545 3135 insignis
2587 3065 2835 3132 bellator,
2870 3065 3115 3135 deposito
3153 3065 3301 3119 omni
3349 3073 3579 3127 terrore,
3626 3076 3735 3117 cou-

478 3145 656 3218 liquas
715 3162 885 3206 sacra:
936 3151 1233 3221 Scriptum
1287 3156 1604 3221 sententias,
1657 3173 1777 3227 quae
1802 3157 2066 3229 jejunium

479 3239 794 3308 praedicant,
824 3242 965 3297 sicut
993 3244 1135 3298 hanc
1161 3261 1348 3312 unam,
1378 3263 1498 3315 qua:
1528 3248 1759 3319 rigorem
1791 3250 2069 3305 abstinen-

483 3328 596 3395 tiae,
626 3344 693 3384 ex
741 3332 1068 3387 discretione
1105 3335 1329 3390 relaxat.
1371 3336 1549 3403 Quare
1585 3353 1692 3392 non
1741 3338 1821 3393 sic
1850 3340 2069 3395 remini-

481 3417 690 3473 scimur
711 3422 854 3489 quod
899 3422 1039 3477 idem
1086 3423 1282 3480 Paulus
1312 3425 1438 3480 alibi
1489 3426 1622 3483 dicit
1654 3445 1667 3481 :
1708 3447 1726 3481 ι
1755 3426 1934 3483 Nolite
1960 3429 2071 3485 ine-

480 3509 650 3564 briari
679 3511 826 3576 vino,
852 3512 904 3566 in
929 3529 1040 3583 quo
1069 3524 1152 3569 est
1183 3514 1394 3570 luxuria
1424 3516 1643 3587 (Epltes.
1669 3519 1743 3590 v).
1779 3539 1799 3572 ι
1826 3519 1936 3575 Cur
1961 3535 2068 3575 non

480 3602 555 3657 ita
595 3605 885 3660 recolimus
913 3608 1054 3676 quod
1093 3606 1263 3664 Isaias
1298 3610 1417 3664 ait:
1469 3628 1488 3661 ‹
1544 3610 1665 3676 Vze,
1719 3613 1813 3682 qui
1881 3624 2067 3684 poten-

481 3702 566 3750 tes
618 3696 749 3752 estis
803 3700 871 3753 ad
918 3699 1209 3754 bibendum
1275 3701 1488 3767 vinum,
1588 3711 1645 3756 et
1707 3702 1812 3757 viri
1903 3702 2070 3759 fortes

481 3786 550 3839 ad
583 3787 914 3841 miscendam
960 3789 1321 3844 ebrietatem?
1358 3809 1378 3843 ›
1440 3789 1574 3858 (Isa.
1605 3791 1682 3862 v.)
1737 3792 1917 3859 Quare
1960 3809 2068 3848 non

484 3872 563 3928 sic
592 3878 938 3931 recordamur
976 3878 1102 3933 illud
1134 3880 1273 3949 quod
1320 3879 1571 3936 Salomon
1602 3882 1678 3936 ait
1712 3900 1725 3935 :
1762 3899 1783 3935 ‹
1821 3881 1957 3948 Noli,
1991 3885 2071 3938 in-

485 3963 602 4032 quit
619 3966 869 4035 ,rcgibus,
885 3968 1169 4031 eLamuel,
1192 3970 1302 4023 noli
1328 3971 1541 4041 regibus
1579 3974 1708 4027 dare
1727 3973 2071 4044 vinum,quia

484 4054 689 4109 nullum
724 4068 989 4112 secretum
1021 4069 1102 4114 est
1125 4061 1212 4115 ubi
1241 4070 1431 4131 regnat
1454 4062 1710 4117 ebrietas.
1741 4064 1808 4117 Et
1830 4079 1895 4118 ne
1934 4065 2073 4123 forte

485 4144 692 4203 bibant,
717 4155 772 4200 et
796 4149 1187 4206 obliviscantur
1228 4153 1654 4222 judiciorum,et
1687 4165 1895 4211 mutent
1936 4172 2068 4212 cau-

485 4251 600 4290 sam
636 4237 866 4294 liliornm
896 4243 1147 4312 pauperis
1180 4241 1365 4313 (Prov.
1398 4246 1573 4315 xxxr).
1607 4264 1625 4297 ι
1697 4245 1805 4301 Sed
1834 4256 1891 4302 et
1925 4249 2069 4303 istud

487 4324 659 4391 Pauli,
697 4330 838 4398 quod
866 4330 993 4385 mihi
1040 4340 1147 4386 tam
1178 4332 1410 4389 libenter
1447 4336 1657 4402 objieis,
1705 4345 1760 4392 et
1804 4338 1906 4392 alia
1947 4338 2069 4395 huic

485 4417 705 4483 similia,
738 4435 840 4489 qua
874 4422 1214 4479 discretionis
1257 4433 1374 4480 arte
1427 4427 1706 4497 praecipiat
1730 4469 1746 4495 ,
1797 4429 1910 4498 ipse
1941 4431 2068 4485 alibi

488 4507 818 4576 manifestat,
849 4525 971 4566 cum
1003 4513 1137 4569 dicit
1164 4530 1179 4568 :
1217 4532 1237 4570 ‹
1275 4515 1407 4581 Hoc,
1442 4520 1632 4590 inquit,
1664 4522 1961 4577 secundum
1985 4522 2073 4575 in-'

485 4595 838 4668 diligentiam,
892 4619 996 4658 non
1045 4609 1341 4663 secundum
1377 4612 1661 4680 imperium
1692 4613 1893 4686 dieo(I
1945 4614 2067 4668 Cor.

488 4691 609 4753 vn).
644 4711 662 4741 ι
696 4686 983 4750 Enimvero
1005 4697 1057 4752 in
1089 4698 1191 4763 bis,
1213 4714 1333 4769 qua:
1358 4702 1655 4758 secundum
1679 4705 2069 4775 indulgentiam

488 4781 892 4848 permittuntur,
927 4788 1097 4858 magis
1131 4790 1305 4859 placet
1332 4793 1645 4862 discipulus,
1688 4794 1731 4848 si
1770 4794 2068 4861 jussionem

488 4869 807 4939 simpliciter
828 4887 1067 4945 praeterit
1095 4898 1255 4952 quam
1289 4888 1333 4938 si
1378 4896 1659 4955 promptus
1685 4886 1887 4940 obedit.
1918 4886 2071 4953 Quod

492 4959 649 5016 facile
676 4969 1046 5035 perpenditur,
1072 4973 1116 5028 si
1146 4975 1287 5043 quod
1314 4974 1579 5033 Ieremias
1629 4989 1817 5033 narrat
1858 4979 1923 5033 ad
1952 4994 2067 5034 me-

493 5055 721 5110 muriam
748 5060 1060 5118 reducatur.
1091 5067 1181 5125 Ait
1218 5070 1363 5125 enim
1394 5089 1407 5124 :
1451 5090 1469 5122 ι
1503 5070 1761 5137 Verbum,
1793 5072 1936 5142 quod
1992 5072 2073 5125 fa-

490 5157 638 5204 ctum
667 5163 748 5205 eSt
778 5154 844 5207 ad
873 5154 1161 5215 Jeremiam
1190 5162 1490 5232 a_Domino,
1523 5165 1747 5221 dicens:
1808 5164 1956 5220 Vade
2004 5166 2071 5220 ad

490 5244 708 5301 domum
740 5246 1183 5319 Rechabitarum,
1208 5264 1263 5310 et
1285 5256 1505 5326 loquere
1532 5258 1631 5322 eis,
1662 5266 1717 5313 et
1763 5258 2075 5313 introduces

2170 3160 2419 3228 gredere,
2459 3167 2513 3212 et
2543 3157 2597 3211 in
2638 3157 2845 3211 medios
2880 3157 3111 3211 hostium
3152 3171 3371 3219 cuneos,
3406 3156 3557 3210 velut
3590 3152 3731 3207 emis-

2171 3263 2291 3303 sum
2320 3247 2535 3303 coalitus
2559 3245 2756 3316 fulgur,
2784 3247 3042 3315 irrumpe.
3072 3246 3299 3316 Corripe
3329 3261 3478 3300 arma
3512 3244 3729 3308 viriliter,

2170 3347 2227 3393 et
2254 3337 2465 3392 sublato
2493 3336 2696 3392 Christi
2738 3335 2956 3403 vexillo,
2998 3335 3088 3390 ubi
3133 3335 3490 3404 constipatior
3525 3332 3731 3390 cernitur

2171 3429 2334 3494 acies,
2373 3428 2610 3482 fervidus
2633 3428 2810 3493 irrue;
2840 3426 3034 3482 festina
3050 3426 3242 3497 gladiis
3263 3442 3494 3497 qureque
3516 3424 3731 3497 proxima

2172 3521 2399 3587 caedere,
2446 3528 2830 3590 mementoque
2877 3534 3090 3589 semper
3142 3520 3484 3589 temetipsum
3528 3517 3731 3584 undique

2171 3615 2502 3669 circumacto
2544 3614 2733 3684 clypeo
2777 3613 3090 3668 custodire:
3126 3620 3203 3676 et,
3255 3627 3324 3667 ne
3369 3627 3466 3667 cor
3518 3618 3652 3666 tuum
3677 3605 3732 3660 de

2173 3704 2475 3774 inﬂigendis
2501 3703 2816 3757 vulneribus
2859 3702 3089 3757 formido
3135 3701 3431 3766 concutiat,
3480 3699 3599 3754 audi
3624 3692 3729 3766 quid

2173 3794 2268 3849 tibi
2313 3792 2609 3862 Sapientia,
2656 3791 2964 3847 Salomonis
3011 3790 3379 3856 attestatione,
3431 3787 3726 3860 promittat:

2176 3905 2196 3936 ι
2239 3884 2332 3947 Ne,
2366 3885 2561 3954 inquit,
2593 3898 2791 3953 paveas
2815 3883 3093 3953 repentino
3126 3892 3332 3937 terrore
3361 3881 3622 3935 irruentes
3648 3870 3724 3927 tibi

2170 3975 2440 4045 potentias
2477 3973 2783 4043 impiorum,
2806 3971 3065 4026 Dominus
3086 3972 3231 4026 enim
3258 3972 3364 4025 erit
3389 3971 3441 4023 in
3468 3970 3627 4024 latere
3653 3972 3723 4017 tuo

2171 4077 2227 4122 et
2255 4066 2520 4122 custodiet
2550 4065 2740 4134 pedem
2768 4073 2940 4128 tuum,
2974 4078 3041 4118 ne
3090 4062 3321 4132 capiaris
3357 4060 3541 4133 (Prov.
3585 4056 3674 4126 ιιι).
3705 4072 3719 4106 ι

2175 4155 2302 4221 Sed,
2331 4171 2400 4210 ne
2441 4154 2562 4223 quis
2591 4169 2677 4207 me
2706 4153 2808 4207 hoc
2835 4152 3219 4224 congrediendi
3254 4167 3424 4222 genus
3455 4164 3584 4205 nova
3625 4157 3725 4215 pro-

2175 4248 2275 4316 prii
2307 4261 2499 4301 sensus
2525 4245 2905 4299 adinventione
2948 4242 3149 4312 lingere
3179 4249 3407 4305 asserat,
3441 4247 3586 4295 notet
3618 4231 3723 4304 quid

2176 4339 2468 4392 instructor
2494 4351 2662 4390 sacra:
2691 4335 2895 4389 militia:
2933 4334 3131 4389 Paulus
3158 4333 3340 4387 dicat:
3379 4352 3398 4385 ι
3441 4333 3551 4402 Ego
3573 4336 3721 4420 autent

2173 4428 2252 4483 sic
2278 4441 2439 4483 curro
2463 4441 2568 4482 non
2599 4425 2753 4495 quasi
2781 4426 2833 4479 in
2867 4426 3156 4490 incertum,
3182 4424 3259 4477 sic
3282 4438 3460 4493 pugno
3478 4437 3576 4476 non
3595 4427 3718 4485 quaSI

2173 4534 2353 4575 aerem
2382 4518 2695 4573 verberans.
2718 4516 2766 4588 (ι
2801 4516 2923 4571 Cor.
2953 4517 3052 4587 ιχ).
3082 4536 3102 4569 )
3130 4515 3196 4570 Ει
3218 4516 3414 4570 iterum
3443 4532 3457 4568 :
3482 4531 3502 4564 ι
3528 4507 3718 4568 lnduite,

2174 4615 2366 4685 inquit,
2405 4628 2503 4667 vos
2526 4620 2858 4665 armaturam
2888 4609 3005 4673 Dei,
3038 4616 3097 4663 ut
3132 4608 3352 4677 possitis
3374 4617 3521 4661 stare
3555 4603 3723 4697 δάνεια

2174 4720 2267 4760 sus
2298 4688 2519 4757 insidias
2568 4699 2786 4765 diaboli,
2815 4700 2943 4769 quia
2979 4714 3086 4753 non
3135 4707 3219 4753 est
3260 4698 3413 4752 vobis
3454 4688 3718 4751 colluctatio

2177 4798 2437 4851 adversus
2460 4808 2677 4848 carnem
2708 4802 2766 4848 et
2791 4792 3105 4862 sanguinem
3130 4833 3147 4859 ,
3180 4793 3274 4844 sed
3321 4791 3571 4844 adversus
3594 4782 3713 4853 prinv

2177 4888 2325 4957 cipes
2350 4896 2402 4941 et
2431 4894 2746 4957 potestates,
2792 4885 3051 4938 adversus
3090 4883 3273 4936 mundi
3322 4891 3556 4935 rectores
3597 4885 3716 4928 tene-

2178 4979 2400 5033 brarum
2435 4978 2648 5042 harum,
2681 4984 2871 5030 contra
2904 4973 3203 5044 spiritualia
3259 4971 3514 5040 nequitia:
3543 4967 3589 5020 in
3631 4974 3713 5015 εω-

2177 5074 2442 5139 lestibus;
2487 5093 2506 5125 ι
2547 5072 2741 5126 deinde
2789 5069 3064 5139 subjungit
3097 5089 3109 5123 :
3149 5086 3167 5120 ι
3203 5067 3491 5137 Propterea
3529 5056 3719 5126 accipite

2179 5177 2511 5220 armaturam
2540 5162 2862 5233 Dei(Ephes.
2890 5162 2986 5232 γι).
3018 5182 3036 5214 ›
3069 5162 3174 5217 Sed
3195 5160 3389 5231 quibus
3413 5167 3555 5213 tanto
3576 5147 3719 5208 studio

2180 5256 2454 5325 corripere
2485 5267 2633 5306 arma
2665 5254 2873 5319 suadet,
2923 5268 3043 5322 qua:
3071 5253 3233 5306 etiam
3277 5246 3572 5320 hujusmodi
3598 5250 3718 5341 simul
