3950 5344
276 231 377 291 M3

1451 230 1649 287 LIBER
1690 231 1987 303 SEXTUS,
2013 231 2233 290 EPIST.
2274 233 2483 291 XXVII.

3439 239 3546 296 ιιι

273 339 528 400 omnibus
551 348 1056 397 sumentesscutum
1083 339 1299 405 fidei,in
1323 354 1431 411 quo
1445 342 1661 412 possitis
1680 345 1860 398 omnia
1892 352 1938 413 Α
1965 344 2168 400 latione
2211 345 2373 413 illius,
2426 343 2518 415 qui
2564 346 2669 402 hoc
2716 345 2945 413 viderat,
2979 346 3311 418 agnovisset,
3355 350 3541 406 occul-

278 432 379 489 tela
407 433 731 501 nequissimi
774 432 930 503 ignea
960 432 1326 502 exstinguere,
1354 441 1409 488 et
1437 432 1646 502 galeam
1674 433 1863 489 salutis

275 524 525 593 accipite,
545 534 604 579 et
630 525 868 595 gladium
900 524 1143 593 spiritus,
1182 525 1324 593 quod
1368 534 1452 579 est
1489 525 1714 580 verbum
1766 525 1861 580 Dei

274 614 621 687 (Ephcs.vt.).
635 634 653 667 ι
673 614 786 670 Hoc
799 614 1047 670 videlicet
1060 614 1256 670 bellum
1272 629 1613 686 nequaquam
1627 623 1684 670 et
1705 614 1863 671 Salo-

272 725 397 765 mon
423 710 793 779 ignoraverat,
821 724 945 763 cum
969 707 1184 763 dicebat
1209 725 1222 761 :
1261 724 1280 758 ι
1309 707 1386 760 En
1411 706 1669 761 lectulum
1700 706 1861 762 Salos

272 802 452 857 monis
481 803 765 872 sexaginta
792 801 964 856 fortes
985 801 1228 856 ambiunt
1250 814 1317 855 ex
1343 797 1656 855 fortissimis
1675 799 1860 869 lsrael,

269 906 463 948 omnes
522 901 771 946 tenentes
817 891 1041 963 gladios,
1092 898 1149 946 et
1211 890 1279 944 ad
1344 889 1486 946 bella
1540 889 1859 958 doctissimi,

271 981 700 1051 uniuscujusque
725 983 872 1038 ensis
892 997 1054 1051 super
1079 981 1255 1036 femur
1275 995 1433 1035 suum
1459 989 1681 1051 propter
1709 982 1862 1034 timo-

269 1090 361 1130 res
387 1085 686 1131 nocturnos
716 1073 894 1146 (Cant.
925 1074 1034 1145 ιιι).
1072 1093 1093 1127 ι
1140 1073 1247 1128 Sed
1288 1073 1379 1143 qui
1409 1072 1636 1143 gladios,
1665 1072 1863 1143 quibus

269 1168 574 1223 adversarii
614 1167 1018 1232 confodiantur,
1065 1175 1369 1232 enumerat,
1409 1166 1576 1220 etiam
1619 1165 1859 1237 clypeos,

268 1258 471 1328 quibus
502 1272 603 1314 nos
642 1259 971 1323 muniamur,
1001 1256 1341 1327 exsequitur,
1365 1271 1489 1312 eum
1532 1255 1693 1326 paulo
1737 1262 1863 1324 post

267 1350 450 1418 sponsi
480 1364 614 1405 voce
657 1350 727 1405 ad
755 1364 1011 1419 sponsam
1047 1349 1246 1403 dicitur
1271 1365 1287 1404 :
1332 1365 1352 1399 t
1382 1348 1534 1403 Sicut
1564 1347 1730 1402 turris
1757 1346 1862 1401 Da-

267 1440 358 1492 vid
381 1439 580 1494 collum
613 1447 763 1494 tuum
789 1455 911 1509 qua:
937 1439 1201 1494 aedificata
1230 1447 1316 1495 est
1344 1453 1464 1493 cum
1486 1452 1857 1510 propugnacu-

264 1528 355 1596 lis,
386 1530 535 1585 mille
563 1530 735 1600 clypei
758 1531 993 1600 pendent
1016 1544 1082 1587 ex
1106 1546 1192 1595 ea,
1225 1530 1402 1586 omnis
1435 1538 1712 1585 armatura
1744 1526 1858 1586 Ior-

268 1622 401 1676 tium
451 1620 634 1693 (Cant.
684 1624 782 1692 ιν).
824 1641 844 1674 ι
902 1621 1003 1689 Qui
1053 1631 1232 1677 autem
1287 1621 1342 1676 hi
1405 1620 1581 1691 clypei
1632 1620 1858 1690 intelligi

265 1713 523 1777 debeant,
549 1713 694 1767 idem
718 1712 973 1768 Salomon
1002 1713 1055 1767 in
1096 1712 1407 1767 Proverbiis
1428 1711 1716 1767 manifeste
1756 1712 1851 1767 de-
1888 1702 1929 1761 Β

264 1802 456 1866 clarat,
483 1817 611 1858 cum
637 1804 807 1858 dicit:
841 1822 859 1855 ι
891 1803 1082 1859 Omnis
1102 1818 1282 1859 sermo
1304 1802 1400 1858 Dei
1419 1803 1619 1873 ignitus
1636 1803 1856 1875 clypeos

264 1901 349 1949 est
381 1895 735 1963 sperantibus
782 1895 835 1950 in
883 1910 942 1950 se
971 1894 1154 1965 (Prov.
1186 1894 1358 1967 xxxi).
1396 1914 1415 1947 ι
1462 1895 1561 1949 Diu
1590 1904 1693 1959 est,
1722 1895 1857 1949 dile-

266 1984 511 2040 ctissime
553 1984 746 2051 frater,
776 1984 921 2055 quod
960 1986 1053 2040 tibi
1096 1986 1244 2055 loqui
1270 1985 1437 2041 aridis
1465 1985 1720 2041 desiderii
1750 1983 1855 2039 mei

264 2074 517 2132 faucibus
543 2077 710 2143 sitivi,
735 2092 879 2133 nunc
897 2086 1119 2147 accepta
1149 2078 1450 2141 occasione,
1475 2079 1601 2132 dum
1617 2077 1799 2130 vinum
1823 2091 1853 2130 a

259 2183 450 2224 mensa
488 2172 879 2226 monachorum
924 2170 1118 2241 repuli,
1146 2171 1406 2229 uberibus
1430 2186 1518 2227 me
1538 2185 1851 2227 sermonum

257 2259 451 2316 rivulis
470 2262 692 2316 satiavi.

764 2372 1118 2427 'EPISTOIA
1148 2372 1338 2428 XXIV.

689 2479 758 2517 ΔΙ)
792 2478 1075 2519 ιιοκῑετιῐιι
1119 2476 1424 2516 ΜΟΝᾹΟΞιυΗ.

501 2555 770 2626 (Habelur
798 2565 923 2609 tom.
950 2555 1066 2619 III,
1102 2566 1279 2625 estque
1300 2571 1477 2623 opusc.
1506 2553 1621 2625 48.)

696 2645 863 2716 213
900 2645 1229 2700 EPlSTOLA
1265 2643 1428 2698 xxv.
1534 2660 1537 2665 -

731 2753 798 2791 AD
817 2751 1053 2791 JOANNEII
1082 2751 1392 2790 κοΜειιιιιι.

257 2828 670 2885 Ascuam-run.
701 2860 774 2870 —
796 2828 1047 2884 Defendit
1078 2843 1137 2882 se
1162 2838 1350 2882 contra
1375 2825 1636 2881 Joannem
1666 2841 1853 2895 quem-

329 2903 455 2955 dam
507 2901 868 2962 monachum,
913 2900 1005 2968 qui
1052 2899 1199 2953 illum
1249 2898 1668 2969 reprehenderat
1712 2901 1853 2969 quod

330 2971 704 3040 episcopatum
727 2970 995 3039 deponere
1021 2969 1073 3023 in
1110 2969 1290 3023 animo
1319 2969 1570 3022 habebat.

1966 434 2186 488 tandum
2232 448 2351 491 esse
2394 435 2668 505 praecepit.
2712 444 2894 507 atque,
2924 444 2984 491 ut
3013 452 3080 493 ne
3127 438 3215 492 cui
3252 439 3542 505 diceretur,

1966 524 2137 579 donec
2187 524 2403 594 quidem
2441 525 2607 581 abbas
2652 526 2945 592 adviveret,
2977 527 3199 582 omnino
3244 529 3545 598 prohibuit.

1951 613 2065 681 'Qui
2095 615 2256 684 paulo
2280 624 2401 684 post
2425 625 2630 671 sancta:
2657 616 3085 672 conversationis
3112 618 3291 673 studio
3312 619 3545 687 deditus,

1964 704 2129 768 obiit;
2173 719 2275 759 nec
2304 705 2465 776 longo
2488 716 2610 777 post
2642 707 2922 761 intervallo
2950 708 2998 762 is
3029 723 3245 778 quoque
3290 710 3376 764 cui
3408 710 3547 764 visio

1965 792 2107 848 facta
2140 794 2333 859 fuerat,
2388 797 2456 851 ad
2508 797 2793 851 Dominum
2835 814 2902 852 ex
2946 798 3049 853 hac
3098 799 3217 854 luce
3267 798 3545 871 migravit.

1964 885 2115 952 Quod
2144 880 2395 943 videlicet
2417 889 2725 960 exemplum
2739 891 2807 945 ad
2838 890 2964 960 quid
2990 904 3077 945 me
3096 890 3240 945 aliud
3267 899 3545 961 provocat,

1962 975 2066 1030 nisi
2097 985 2156 1030 ut
2184 978 2551 1046 occupationis
2576 979 2957 1035 ecclesiasticae
2991 980 3406 1036 sollicitudinem
3455 984 3548 1035 de-

1963 1070 2163 1133 seram,
2194 1081 2356 1139 atque
2398 1070 2466 1125 ad
2495 1056 2969 1141 contemplatiOnis
3012 1071 3257 1142 requiem
3287 1078 3400 1127 tota
3436 1070 3549 1141 spi-

1962 1161 2098 1218 ritus
2126 1161 2371 1218 libertate
2400 1164 2765 1218 contendam?

2034 1253 2141 1310 Sed
2167 1254 2292 1310 dum
2326 1256 2428 1312 hoc
2462 1255 2593 1310 mihi
2642 1271 2741 1326 per
2784 1255 3032 1311 ordinem
3083 1255 3372 1321 diceretur,
3400 1254 3548 1310 aliud

1964 1362 2176 1417 qunque
2204 1347 2305 1402 sub
2332 1347 2523 1402 eodem
2562 1346 2675 1402 fere
2704 1356 2979 1403 momento
3005 1346 3238 1402 relatum
3269 1356 3370 1413 est,
3403 1344 3549 1416 quod

1965 1435 2238 1490 memoriae
2268 1437 2527 1491 mandare
2565 1436 2795 1492 otiosum
2828 1450 2948 1491 esse
3005 1449 3113 1489 non
3172 1435 3363 1497 credo;
3419 1433 3547 1504 quia

1962 1532 2089 1589 licet
2119 1534 2183 1589 ad
2206 1533 2308 1588 hoc
2334 1533 2610 1604 negotium
2634 1548 2738 1587 non
2765 1532 3054 1602 pertineat,
3086 1529 3153 1585 ad
3187 1528 3280 1583 Dei
3306 1529 3549 1598 omnipo-

1964 1624 2147 1689 tentis,
2197 1625 2280 1678 cui
2313 1624 2572 1697 quidquid
2618 1623 2925 1689 scribimus,
2969 1622 3187 1687 militat,
3237 1621 3394 1675 laude
3440 1633 3546 1674 non

1959 1723 2132 1769 vacat.
2173 1712 2477 1769 Richardus
2498 1716 2655 1784 plane
2686 1723 2869 1770 rector
2908 1714 3241 1777 monasterii,
3266 1712 3352 1768 cui
3382 1711 3545 1767 Cam-

1957 1807 2200 1878 porizani
2235 1806 2553 1862 vocabulum
2600 1816 2706 1871 est,
2753 1807 2858 1861 hoc
2889 1821 2947 1860 se
2993 1806 3158 1859 certis
3186 1803 3544 1873 quorumdam

1959 1899 2306 1955 relationibus
2351 1897 2603 1952 didicisse
2653 1896 2894 1950 narravit
2935 1913 2948 1949 :
3000 1893 3152 1963 Quod
3195 1894 3281 1948 vir
3321 1891 3541 1962 quidam

1955 2006 2020 2047 ex
2050 1989 2435 2060 Longoliardire
2464 1988 2710 2057 partibus
2737 2000 2859 2041 cum
2884 2000 3054 2040 uxore
3080 1982 3238 2039 simul
3278 1982 3345 2036 ad
3373 1995 3538 2036 vene-

1956 2081 2119 2134 randa
2157 2070 2434 2133 beatorum
2467 2074 2831 2147 apostolorum
2882 2074 3072 2128 limina
3140 2070 3536 2135 contendebat;
3606 2076 3619 2095 ‘

1952 2185 2180 2238 cumque
2208 2169 2384 2224 lacum
2424 2166 2627 2221 Vulsini
2654 2166 2869 2222 obvium
2895 2164 3058 2235 219
3079 2163 3257 2217 viator
3284 2160 3538 2225 haberet,

1951 2259 2222 2330 navigium
2288 2257 2577 2329 piscatoris
2634 2256 2946 2327 ingressus,
3001 2254 3180 2323 pisces
3228 2250 3389 2317 emit;
3448 2250 3542 2305 sed

1953 2366 2203 2406 reversus
2234 2349 2299 2403 ad
2329 2349 2499 2413 littus,
2530 2347 2888 2417 marsupium,
2926 2345 2979 2399 in
3002 2346 3128 2413 ,‘quo
3155 2342 3241 2398 bis
3265 2339 3541 2396 duodenos

1951 2459 2294 2500 nummorum
2330 2441 2677 2512 Papiensium
2719 2440 2918 2496 solidos
2942 2440 3231 2503 habuerat,
3260 2452 3318 2491 se
3358 2436 3541 2507 perdi-

1951 2534 2095 2588 disse
2132 2532 2402 2601 cognovit.
2458 2530 2704 2601 Cumque
2747 2545 2885 2584 uxor
2930 2530 3048 2600 ejus
3094 2537 3320 2600 propter
3373 2525 3536 2581 vilem

1934 2637 2159 2679 caenam
2193 2637 2407 2692 gravem
2447 2636 2506 2677 se
2553 2630 2876 2691 quereretur
2905 2619 3189 2690 pertulisse
3236 2618 3535 2687 jacturam,

1952 2713 2036 2767 vir
2061 2713 2440 2783 magnanimus
2466 2712 2570 2767 hoc
2594 2712 2973 2782 aequanimiter
3008 2710 3144 2774 tulit,
3188 2701 3540 2778 doloremque

1953 2806 2195 2877 conjugis
2220 2805 2431 2860 blandis
2452 2804 2920 2859 adhortationibus
2942 2802 3115 2857 lenire
3136 2800 3376 2856 curavit:
3402 2798 3532 2865 Sex,

1954 2899 2146 2971 inquit,
2175 2900 2349 2954 adhuc
2391 2898 2737 2953 denariorum
2790 2895 3113 2951 Lucensium
3154 2892 3321 2948 libras
3368 2891 3540 2946 babe—

1957 3005 2095 3055 mus,
2128 2987 2286 3058 hujus
2309 3003 2534 3044 summa:
2564 2986 2827 3041 duntaxat
2856 2983 3131 3052 impendio
3161 2981 3404 3036 valemus
3433 2978 3538 3033 iter

335 3061 548 3116 Domno
597 3057 788 3114 10AM“
839 3057 1091 3128 reﬁgioso
1141 3059 1279 3125 ’ν’ίτθν
1328 3056 1542 3113 Ρίίτίίυδ
1596 3058 1920 3129 peccatore
1952 3056 2795 3149 nostrumﬁbonestetransigere.
2846 3075 2981 3130 Nam
3021 3075 3202 3131 divina
3250 3071 3535 3128 clementia

258 3154 566 3210 monachus
587 3152 817 3207 salutem
851 3152 903 3205 in
937 3152 1183 3207 Domino.

334 3243 490 3310 Quod
516 3244 886 3313 episcopatum
928 3258 1013 3296 me
1046 3241 1346 3315 relinquere
1375 3241 1509 3297 velle
1536 3257 1842 3311 succenses,

258 3335 507 3406 meisque
527 3334 850 3389 utilitatibus
866 3334 1218 3405 prOSpiciens.
1247 3320 1507 3399 consulis,
1528 3342 1587 3387 ut
1603 3349 1733 3403 pace
1756 3344 1843 3389 tua

260 3427 475 3497 loquar,
520 3444 659 3493 rem,
702 3426 896 3491 fateor,
923 3426 1096 3481 oculis
1137 3425 1507 3496 spiritualihus
1537 3442 1642 3481 non
1671 3428 1845 3481 atten-

259 3522 365 3576 dis.
402 3520 505 3575 Tot
540 3522 682 3576 enim
713 3536 1001 3575 causarum
1043 3518 1379 3575 saecularium
1411 3520 1646 3575 tenebris
1673 3520 1841 3574 obvo-

256 3611 427 3680 Iutus,
478 3613 653 3667 intimi
682 3612 901 3666 luminis
928 3611 1227 3666 claritatem
1270 3611 1450 3681 videre
1491 3626 1599 3665 non
1649 3611 1838 3678 valeo;

259 3701 327 3755 ad
368 3702 786 3771 contemplanda
829 3701 1133 3772 Spiritualia
1161 3701 1439 3756 confusam
1468 3700 1628 3757 nimis
1658 3710 1712 3756 et
1741 3703 1838 3756 ob-

260 3802 437 3848 tusam
465 3793 661 3847 mentis
692 3791 864 3848 aciem
897 3793 1102 3848 attollo.
1133 3792 1274 3847 Ante
1303 3801 1507 3861 septem
1540 3790 1651 3845 fere
1673 3807 1842 3847 annos

262 3884 429 3941 abbas
466 3886 787 3942 monasterii
810 3886 877 3940 ad
919 3887 1180 3942 honorem
1211 3882 1452 3941 BLPetri
1486 3888 1538 3941 in
1583 3888 1842 3943 Perusino

260 3977 521 4031 suburbio
560 3977 865 4038 constituti,
893 3978 1166 4033 commissi
1199 3978 1301 4033 sibi
1340 3977 1615 4049 regiminis
1653 3995 1838 4033 curam

258 4070 465 4140 sprevit
492 4078 869 4138 rectoremque
901 4070 999 4124 loci
1025 4069 1239 4124 sibimet
1267 4085 1330 4124 ex
1367 4068 1671 4138 apostolicae
1699 4070 1841 4124 sedis

258 4160 587 4215 auctoritate
616 4160 918 4225 substituit,
950 4161 1014 4213 de
1041 4176 1148 4230 quo
1170 4159 1298 4214 mihi
1329 4159 1611 4213 Rainerius
1651 4156 1837 4227 judex,

258 4248 340 4304 vir
358 4248 611 4303 videlicet
644 4249 868 4319 insignis
895 4261 948 4304 et
992 4250 1257 4304 fueundite
1289 4249 1468 4319 lepore
1497 4250 1836 4318 conspicuus,

258 4354 429 4408 nuper
458 4339 651 4394 retulit
686 4338 829 4410 quod
857 4355 1072 4394 enarro.
1105 4340 1305 4407 Abbas,
1335 4340 1506 4410 inquit
1534 4341 1639 4404 ille,
1686 4349 1837 4411 post-

1946 3190 2041 3231 sua
2075 3173 2452 3230 benedictione
2484 3171 2795 3241 dignabitur
2820 3175 3020 3223 nostra:
3057 3166 3287 3237 jactura:
3317 3163 3537 3247 dispen-

1944 3268 2091 3324 dium
2120 3279 2490 3335 compensare.
2516 3261 2741 3316 Factum
2766 3267 2850 3314 est
2882 3267 3084 3322 autem,
3127 3270 3275 3319 cum,
3317 3250 3537 3322 expedi-

1946 3362 2091 3416 tione
2140 3366 2380 3430 peracta,
2434 3355 2688 3427 pt‘a‘falus
2718 3353 2802 3407 vir
2849 3350 3002 3422 ju‘xta
3052 3348 3299 3403 eumdem
3353 3345 3533 3398 lacum

1941 3452 2226 3508 metiretur
2274 3449 2609 3517 hospitium,
2670 3444 2837 3515 coepit
2894 3440 3320 3513 gratulabundus
3371 3432 3535 3490 sociis

1943 3542 2158 3597 dicere:
2195 3539 2328 3606 Quia
2366 3538 2515 3592 lacus
2546 3537 2667 3601 iste,
2711 3534 2937 3597 fratres,
2972 3530 3126 3585 nobis
3157 3524 3336 3582 intulit
3382 3524 3532 3579 datu-

1945 3646 2093 3694 num,
2131 3629 2351 3698 dignum
2384 3625 2625 3697 profecto
2672 3634 2774 3688 est,
2823 3630 2883 3676 ut
2922 3618 3222 3674 auxiliante
3272 3616 3405 3678 Deo,
3462 3611 3532 3667 ad

1944 3721 2165 3794 propria
2210 3716 2614 3789 repedantibus,
2665 3715 2844 3768 laetum
2875 3712 3136 3782 praebeat,
3179 3723 3244 3762 ac
3289 3706 3531 3761 solemne

1941 3815 2245 3870 convivium
2273 3826 2287 3866 :
2313 3822 2367 3866 et
2388 3824 2681 3866 conversus
2704 3808 2771 3861 ad
2803 3805 3017 3861 accolas
3043 3820 3057 3856 :
3089 3802 3238 3870 Quis,
3271 3799 3363 3860 ait,
3396 3796 3529 3851 mihi

1940 3905 2301 3959 distracturus
2357 3908 2443 3955 est
2501 3897 2784 3953 duodecim
2834 3894 3222 3948 numismatum
3279 3884 3529 3958 piscem?

1940 3998 2037 4053 Cui
2082 3998 2318 4067 piscator
2348 3993 2630 4053 assistens,
2671 3995 2870 4059 prmsto
2916 3981 3196 4053 respondit
3222 3998 3237 4034 :
3266 3977 3527 4035 Venalem

1938 4086 2183 4158 profecto
2233 4085 2437 4156 piscem
2485 4080 2747 4151 optimum
2784 4078 2960 4132 habeo
2992 4116 3007 4141 ,
3066 4072 3161 4128 sed
3216 4068 3528 4158 quindecim

1939 4157 2127 4249 procul
2155 4176 2318 4230 dubio
2370 4173 2500 4228 mihi
2530 4170 2778 4227 denarios
2807 4165 3144 4229 numerabis,
3175 4162 3221 4217 si
3256 4177 3377 4216 eum
3426 4157 3527 4213 tibi

1938 4265 2217 4322 vindicare
2244 4263 2496 4319 volueris.
2548 4262 2720 4329 Quam
2756 4258 2843 4313 ille
2874 4271 3140 4312 summam
3175 4268 3280 4307 non
3308 4256 3527 4305 cuncta-

1942 4375 2027 4425 tus
2055 4363 2305 4425 exsolvit,
2333 4372 2682 4431 emptumque
2719 4357 2921 4426 piscem
2961 4352 3239 4429 uxori,hut
3267 4344 3524 4399 exculcn-

260 4443 419 4497 quam
451 4446 483 4485 ³
517 4432 745 4499 deposui
783 4431 1058 4502 regiminis
1086 4431 1549 4487 admimsumione
1580 4432 1835 4497 “553v”,
1867 4413 1915 4473 Β
1942 4420 2047 4510 tius
2069 4413 2373 4524 pararetur,
2398 4413 2651 4520 iniunxit.
2672 4413 2840 4514 Quem
2865 4443 3056 4498 mulier
3076 4451 3129 4495 ut
3156 4422 3520 4498 exenteravit,

258 4521 500 4590 quatidie
530 4521 727 4576 missas
764 4523 976 4592 gemino
1002 4521 1308 4576 celebrabat
1338 4522 1544 4586 oilicio;
1576 4523 1658 4575 cui
1684 4530 1838 4590 pater

258 4626 414 4665 meus
447 4611 556 4677 jam
589 4620 900 4674 veteranus,
931 4628 1090 4681 quem
1139 4611 1223 4666 ille
1268 4611 1467 4666 dudum
1514 4610 1836 4665 monachum

255 4699 479 4765 fecerat,
531 4702 584 4754 in
617 4700 782 4755 divini
814 4702 991 4756 cultus
1035 4702 1249 4759 assidue
1294 4701 1632 4766 ministrabat
1677 4703 1836 4755 obse-

254 4792 418 4862 quiis'.
448 4791 693 4857 Quadam
740 4794 922 4863 itaque
951 4792 1036 4846 die
1068 4795 1192 4848 dum
1244 4793 1481 4863 perlecto
1528 4792 1834 4861 Evangelio,

256 4878 615 4934 cmlestesille
644 4879 891 4933 victimas
921 4876 1290 4935 immolaturus
1316 4890 1479 4943 esset,
1514 4889 1666 4950 pater
1685 4893 1835 4932 meus

256 4982 455 5039 agnum
480 4966 637 5035 juxta
671 4968 840 5021 altare
868 4969 1016 5021 videt
1062 4968 1335 5032 assistere,
1378 4985 1552 5039 quem
1583 4985 1703 5023 cum
1733 4980 1832 5023 vo-

253 5056 446 5111 luisset
472 5066 694 5126 repente
724 5058 1019 5125 corripere,
1054 5060 1399 5114 tremefactus
1436 5060 1670 5130 expavit,
1717 5073 1835 5113 ma-

255 5163 497 5216 numque
526 5146 580 5200 in
614 5163 729 5201 eum
756 5148 1050 5203 extendere
1080 5148 1183 5205 non
1213 5154 1567 5220 prmsumpsit.
1595 5152 1835 5218 Curaque

252 5240 322 5295 ad
355 5239 409 5293 il
450 5248 763 5309 perventum
793 5247 942 5293 esset
979 5249 1036 5293 ut
1077 5257 1267 5311 corpus
1316 5240 1650 5297 Dominicum
1691 5241 1836 5295 fran-

1942 4545 1994 4599 in
2026 4522 2281 4598 intestino
2313 4540 2429 4608 ejus
2450 4538 2745 4594 folliculum
2777 4550 2899 4587 cum
2928 4529 3118 4601 viginti
3149 4537 3381 4597 quatuor
3421 4522 3523 4576 Pa-

1939 4636 2142 4707 piensis
2190 4642 2421 4687 monetae
2464 4631 2649 4685 solidis
2700 4627 2921 4695 reperit.
2977 4623 3129 4677 Tunc
3172 4632 3381 4682 omnes,
3430 4615 3523 4684 qui

1941 4728 2186 4793 aderant,
2228 4726 2280 4780 in
2324 4739 2611 4780 commune
2639 4720 2839 4793 gratias
2867 4718 3111 4771 referunt
3148 4721 3202 4768 et
3248 4711 3302 4764 in
3336 4722 3524 4762 succe—

1942 4816 2194 4872 dentibus
2219 4816 2317 4871 sibi
2343 4813 2572 4887 jacturis
2602 4824 2816 4879 semper
2842 4809 2896 4861 in
2946 4808 3057 4861 Deo
3088 4818 3238 4875 spem
3281 4815 3401 4855 esse
3428 4811 3526 4868 po-

1938 4906 2174 4961 nendam
2198 4908 2568 4963 indubitanter
2590 4906 2887 4973 agnoscunt
2918 4895 3052 4966 (97).
3280 4892 3281 4895 “

2449 4991 2781 5052 EPISTOLA
2824 4987 3014 5043 XXVI.

1938 5104 2006 5141 AD
2032 5105 2274 5147 MARINUM
2311 5105 2452 5149 SUUM
2485 5096 2822 5143 PA'I'RUEH-Iid,
2853 5095 3147 5139 MONACIIUM
3184 5089 3530 5135 CLASSENSEM.

2161 5180 2425 5253 (Ilabetur
2463 5191 2588 5233 tom.
2636 5172 2753 5233 III,
2785 5182 2961 5239 estque
2992 5190 3175 5241 opztac.
3217 5167 3325 5236 b9.)

2443 5262 2777 5326 EPISTOLA
2829 5262 3041 5318 XXVII.
