3950 5344
501 253 606 310 “5

996 247 1051 304 S.
1076 247 1284 308 PETRI
1325 245 1612 305 DAMIAN!
1645 242 1799 301 OPP.
1841 239 2023 305 PARS
2064 236 2198 293 SEU
2231 237 2464 300 TOMUS
2501 245 2543 301 1.
2587 234 2656 288 -ζ
2710 243 2932 306 EPIST.
2966 250 3095 306 LIB.
3133 253 3260 310 Vl“.

3663 263 3761 320 M6

571 366 639 421 de
681 363 983 422 coercenda
1017 365 1194 445 lingua
1229 374 1284 419 et
1313 362 1494 445 verbis
1538 371 1740 445 teme-re
1786 372 1892 412 non
1916 436 1929 445 Δ
1957 352 2087 445 effu-
2116 350 2164 410 Α
2192 355 2319 427 quia
2339 359 2580 430 quisquis
2617 360 2669 416 in
2702 361 2804 420 hac
2834 365 2942 422 vita
2975 368 3268 437 perfectam
3295 371 3473 443 egerit
3500 377 3761 445 peniten-

573 436 774 494 tiendis
825 431 1256 510 adgnonuisse_t,_
1288 433 1469 510 statim
1528 431 1718 485 deinde
1776 436 2085 510 spontauete

570 509 855 565 verberum
899 505 1179 560 inflictioni
1226 504 1602 560 detrahentem
1652 504 1893 571 graviter
1929 514 2084 554 coar-

571 580 685 648 guit
721 591 1114 651 scoparumque
1165 575 1463 651 remedium
1486 586 1612 651 non
1643 571 1801 651 modo
1830 584 1935 624 non
1957 583 2083 651 esse

571 637 884 722 absurdum,
915 656 974 698 ut
1025 637 1113 703 ille
1154 644 1520 722 existimabat,
1565 639 1870 722 sed-pium,
1919 637 2081 722 etg'ad

567 716 844 787 purganda
873 725 1095 787 peccata
1132 714 1478 787 peridoneum
1527 711 1874 766 validissimis
1920 711 2083 766 ratio-

574 771 734 841 Inibiis
759 797 814 841 et
838 771 1097 854 exemplis
1117 771 1472 838 demonstrat.

566 875 754 930 Pareo
781 876 1093 931 Canceaoso
1122 873 1406 950 monacho,
1445 871 1658 927 Psrnus
1686 879 1939 944 peccator
1967 886 2081 926 mo-

498 966 705 1022 nachus
734 965 982 1021 salutem.

569 1058 670 1125 Qui
699 1057 964 1112 dicaciam
994 1056 1354 1126 eloquentiam
1385 1064 1558 1125 putat,
1599 1069 1779 1110 rerum
1823 1052 2077 1108 similitu-

497 1146 623 1201 dine
649 1145 863 1210 ductus,
905 1146 1144 1201 oberrat.
1187 1145 1338 1200 Sicut
1365 1145 1511 1199 enim
1537 1145 1622 1198 vir
1648 1143 1875 1214 Sapiens
1902 1142 2033 1197 dicit
2061 1158 2074 1195 :

501 1253 520 1286 ι
549 1233 713 1288 Labia
736 1235 1156 1305 imprudentium
1180 1236 1341 1290 stulta
1371 1236 1688 1299 narrabunt,
1710 1234 1874 1288 verba
1899 1240 2077 1288 autem

494 1326 839 1392 prudentium
885 1335 1089 1381 statera
1137 1324 1579 1396 ponderabuntur
1622 1324 1809 1396 (Eccli.
1863 1325 1999 1396 xxi).
2054 1343 2072 1376 ι

495 1414 661 1469 Plane
704 1417 843 1470 sicut
887 1431 1058 1485 equus
1109 1415 1326 1472 effrenis
1374 1431 1472 1486 per
1515 1417 1794 1470 anfractus
1841 1423 1897 1470 et
1932 1413 2077 1469 invia

492 1504 674 1573 plana,
693 1505 776 1560 vel
800 1507 966 1560 ardua
985 1521 1207 1577 quaeque
1230 1507 1566 1568 transmittit,
1593 1507 1671 1561 sic
1687 1506 1865 1576 lingua
1888 1505 2078 1560 stulto-

494 1610 612 1648 rum
647 1605 814 1663 recta,
842 1597 923 1652 vel
946 1597 1155 1664 frivola,
1187 1599 1350 1668 220
1384 1607 1444 1652 ut
1489 1597 1738 1667 qualibet
1764 1605 2074 1667 suppetunt,

495 1685 865 1744 indifferenter
891 1704 955 1744 ac
1001 1689 1190 1744 leviter
1211 1689 1397 1744 effluit.
1431 1689 1675 1743 Prudens
1705 1697 1908 1752 autem,
1956 1703 2075 1756 qua:
2101 1699 2155 1762 Β

493 1776 721 1833 dicenda
767 1788 913 1844 sunt,
947 1780 1236 1850 ponderat;
1271 1791 1327 1835 et
1371 1789 1626 1851 tanquam
1657 1789 1849 1835 cautus
1875 1777 2075 1845 viator,

481 1860 723 1922 ‘solertcr
747 1871 977 1923 attendit
1006 1871 1095 1925 ubi
1123 1871 1317 1942 lingua:
1355 1887 1466 1928 suae
1500 1872 1787 1942 vestigium
1815 1871 1960 1943 figat.
1986 1870 2079 1928 llle
2118 1951 2124 1957 ι

493 1957 753 2028 quidquid
780 1960 1054 2015 occultum
1085 1970 1189 2028 est,
1217 1977 1314 2032 per
1342 1962 1736 2032 impatientiam
1767 1963 1916 2018 fandi
1948 1978 2074 2032 pro-

492 2044 642 2099 ducit
683 2046 736 2099 in
779 2048 1054 2114 medium;
1091 2051 1212 2116 iste,
1243 2051 1287 2106 si
1327 2051 1496 2107 dictet
1537 2051 1762 2118 utilitas,
1790 2052 1890 2107 sub
1928 2052 2078 2108 clave

491 2132 692 2188 silentii
739 2146 921 2192 servat
968 2154 1250 2195 arcanum.
1300 2140 1454 2196 Unde
1504 2152 1560 2198 et
1610 2143 1750 2198 idem
1806 2141 2074 2214 Sapiens:

498 2242 518 2274 ί
566 2224 623 2278 In
649 2242 765 2293 ore,
804 2228 999 2297 inquit,
1035 2228 1304 2286 fatuorum
1350 2247 1445 2287 cor
1469 2248 1680 2299 eorum,
1711 2243 1767 2290 et
1815 2234 1870 2288 in
1915 2234 2078 2290 corde

492 2316 820 2382 sapientium
833 2333 894 2376 os
920 2320 1362 2396 illorum‘(lbid.).
1397 2343 1416 2376 ι
1445 2324 1743 2380 Plurimum
1769 2325 1862 2392 fel,
1884 2325 2077 2394 frater,

494 2406 549 2460 in
591 2423 691 2464 nos
724 2427 898 2482 nuper
948 2417 1255 2481 evomuisti,
1321 2416 1508 2474 dicens
1556 2427 1610 2474 et
1650 2419 1892 2475 scribens
1934 2421 2077 2490 quod

493 2503 681 2558 vesani
719 2506 906 2578 utique
941 2509 1137 2578 capitis
1165 2509 1415 2566 videatur
1448 2512 1672 2568 ebullire
1699 2512 1958 2569 furorem.
2011 2514 2078 2569 Et

491 2600 686 2647 cratera
721 2595 958 2663 quidem,
982 2613 1104 2667 qua:
1129 2598 1420 2656 simultatis
1449 2603 1730 2658 acerrimae
1773 2603 1943 2658 livore
1987 2604 2078 2659 de-

487 2673 782 2740 bacchatus
810 2700 890 2753 es,
933 2688 1266 2755 omittimus;
1297 2690 1364 2746 de
1394 2690 1695 2762 disciplinis
1744 2703 1926 2748 autem
1957 2709 2079 2751 vcr-

488 2773 701 2843 berum,
739 2793 876 2848 quas
911 2780 1012 2835 sibi
1046 2780 1242 2837 fratres
1274 2785 1790 2841 consuetudinaliter
1819 2783 2074 2854 inferunt,

488 2861 578 2916 ubi
608 2864 960 2924 detractionis
989 2871 1175 2939 pedem
1219 2872 1422 2928 diutius
1455 2875 1796 2944 impressisti,
1828 2893 1950 2932 cum
1980 2874 2074 2933 Dei

491 2953 693 3008 auxilio
726 2962 1132 3027 respondemus.
1165 2961 1278 3018 Hoc
1327 2964 1510 3035 itaque
1566 2963 1866 3036 disciplinae
1904 2983 2072 3038 genus

489 3057 830 3115 nequaquam
859 3051 1134 3106 modernis
1155 3055 1446 3110 eststudiis
1473 3055 1683 3111 novitcr
1703 3058 2071 3127 adinventum,
2099 3051 2148 3115 Ο

489 3134 595 3189 sed.
613 3150 678 3191 ex
711 3153 882 3194 sacra:
911 3140 1208 3212 Scriptura:
1231 3145 1410 3214 potius
1433 3147 1756 3201 auctoritate
1779 3146 2070 3218 prolatum.

489 3224 751 3284 Novimus
803 3232 946 3287 enim
1016 3233 1305 3289 Dominmn
1366 3235 1700 3292 Salvatorem
1745 3254 1774 3292 a
1827 3240 2074 3308 prmsidis

489 3317 754 3375 militibus
781 3323 1157 3390 verberatum;
1209 3325 1396 3381 beatos
1427 3325 1700 3396 apostolos
1728 3326 1780 3381 in
1829 3326 2074 3386 conciliis

488 3424 520 3464 a
567 3413 907 3468 sacerdotum
951 3416 1289 3485 principibus
1335 3432 1536 3485 caesos;
1589 3417 1876 3475 nonnullos
1905 3420 2070 3476 etiam

485 3512 799 3559 sanctorum
829 3516 1126 3579 martyrum
1154 3509 1382 3581 legimus
1409 3511 1573 3582 virgis
1598 3527 1662 3569 ac
1680 3511 1864 3584 ﬂagris
1889 3515 2073 3570 durio-

486 3598 639 3654 ribus
664 3598 930 3667 laniatos;
961 3600 1162 3658 Paulus
1206 3603 1366 3659 etiam
1397 3605 1525 3675 quia
1558 3614 1641 3661 ter
1682 3607 1851 3676 virgis
1898 3622 2071 3664 caesus

482 3700 589 3758 est,
639 3693 874 3762 etquod
926 3695 1216 3767 quinquies
1268 3698 1666 3769 quadragenas,
1720 3715 1827 3755 una
1868 3701 2066 3768 minus,

483 3784 692 3853 accepit
722 3784 807 3856 (Il
843 3785 966 3840 Cor.
999 3786 1098 3856 xi).
1132 3787 1286 3854 Quod
1327 3789 1511 3859 utique
1538 3790 1646 3846 tale
1674 3800 1773 3846 est.
1807 3789 2071 3863 Praecepit

482 3874 538 3929 in
585 3874 1005 3933 Deuteronomio
1034 3877 1314 3944 Dominus,
1359 3880 1588 3936 dicens:
1625 3900 1645 3934 ι
1679 3881 1737 3938 Si
1779 3898 1926 3951 eum,
1976 3883 2069 3954 qui

484 3971 813 4038 peccaverit,
840 3971 1051 4040 iudices
1074 3974 1292 4044 dignum
1322 3973 1577 4040 viderint,
1618 3985 1984 4046 prosternent,
2013 3986 2069 4033 et

481 4072 664 4113 coram
701 4075 760 4115 se
795 4059 996 4116 facient
1021 4063 1320 4118 verberari.
1357 4083 1376 4116 ι
1411 4064 1511 4120 Ubi
1540 4074 1594 4120 et
1640 4082 1764 4121 mox
1804 4068 2062 4123 additur:

487 4169 506 4200 ι
547 4150 654 4206 Pro
679 4166 931 4205 mensura
963 4154 1170 4221 peccati
1210 4155 1314 4210 erit
1353 4166 1406 4209 et
1436 4157 1717 4227 plagarum
1748 4160 1959 4224 modus,
1993 4161 2065 4216 ita

481 4251 544 4297 ut
592 4243 1078 4315 quadragenarium
1125 4261 1409 4301 numerum
1449 4249 1708 4304 duntaxat
1756 4265 1862 4305 non
1914 4267 2069 4307 exce.

479 4335 627 4396 dant,
655 4350 725 4389 ne
755 4333 893 4390 fmde
915 4335 1184 4392 laceratus
1210 4345 1336 4391 ante
1356 4339 1542 4394 oculos
1569 4348 1688 4395 tuos
1717 4342 1877 4396 obeat
1898 4341 2068 4398 frater

2189 450 2337 515 tiam,
2362 450 2563 506 nullam
2587 456 2930 522 postmodum
2961 474 3060 528 pro
3086 461 3201 516 suis
3226 465 3546 522 excessibus
3573 471 3758 528 sentiet

2184 554 2418 611 poenam.
2464 541 2632 600 Porro
2655 547 2928 603 ternarias
2958 560 3180 620 propter
3218 557 3542 625 mysterium
3569 573 3759 620 sanctae

2185 628 2488 697 Trinitatis,
2519 636 2586 691 ad
2611 637 2802 705 fidem;
2831 640 3113 710 quinarius
3134 656 3351 718 propter
3375 651 3626 722 quinque
3644 668 3756 710 sen-

2182 741 2275 781 sns
2307 737 2537 792 nostros,
2570 732 2805 798 pertinet
2839 735 2908 789 ad
2939 739 3324 806 operationem.
3365 742 3439 797 Et
3465 746 3594 814 quia
3621 749 3758 818 quis-

2182 834 2285 888 que
2312 836 2432 875 cum
2464 833 2688 892 peccat,
2728 826 2812 883 vel
2849 839 2998 884 errat
3039 830 3092 886 in
3129 832 3256 901 fide,
3300 836 3384 890 vel
3410 837 3681 910 delinquit
3706 842 3752 898 in

2181 924 2364 978 opere,
2395 911 2613 985 dignum
2638 914 2759 979 fuit,
2801 926 2861 973 ut
2890 918 3108 987 Paulus,
3135 923 3227 994 qui
3249 925 3549 996 utrobique
3574 943 3754 998 pecca-

2181 1009 2352 1068 verat,
2398 1003 2463 1057 ad
2506 1004 2761 1074 perfectae
2787 1011 3129 1080 purgationis.
3164 1012 3417 1070 effectum
3476 1027 3562 1073 ter
3603 1020 3755 1092 virgis

2181 1107 2375 1158 caesus,
2403 1102 2458 1148 et
2487 1095 2776 1166 quinquies
2804 1101 3088 1157 verberum
3111 1116 3360 1160 ureretur
3397 1108 3755 1180 quadragenis

2181 1186 2265 1256 (II
2290 1186 2411 1241 Cor.
2445 1190 2540 1260 xl).
2589 1189 2740 1256 Quod
2776 1201 2955 1248 autem
2993 1195 3211 1262 dicitur,
3252 1214 3358 1253 una
3406 1200 3613 1266 minus,
3661 1202 3751 1258 hoc

2179 1285 2263 1332 est
2286 1278 2474 1346 procul
2504 1279 2686 1347 dubio,
2715 1284 2967 1350 quoniam
3011 1284 3320 1343 Iudaeorum
3353 1288 3575 1358 iudices
3600 1307 3753 1347 unum

2180 1369 2538 1427 decreverunt
2567 1373 2731 1428 ictum
2755 1375 2822 1431 de
2849 1377 3203 1450 quadraginta
3237 1383 3489 1439 minuere
3513 1399 3528 1449 ;
3553 1392 3611 1438 ut
3636 1384 3748 1439 dum

2179 1463 2246 1515 ad
2275 1461 2500 1532 legalem
2527 1465 2789 1522 calculum
2819 1485 2925 1524 non
2960 1472 3349 1543 pertingerent,
3398 1484 3596 1530 contra
3621 1490 3746 1546 prte-

2178 1560 2394 1622 ccptum
2430 1553 2562 1624 legis
2593 1555 2898 1614 nullatenus
2923 1561 3186 1617 excedere
3207 1564 3536 1632 potuissent,
3560 1575 3613 1621 et
3634 1567 3747 1622 dum

2181 1648 2314 1701 citra
2345 1647 2714 1718 persisterent,
2752 1651 2978 1708 ulterius
2999 1669 3105 1709 non
3137 1656 3452 1713 transirent.

2243 1734 2384 1790 “Cum
2439 1753 2569 1807 ergo
2616 1755 2721 1794 non
2765 1743 2925 1798 modo
2974 1753 3200 1800 vetustte
3253 1747 3388 1818 legis
3445 1749 3744 1813 auctoritas,

2179 1827 2275 1881 sed
2335 1838 2390 1882 et
2428 1830 2735 1902 evangelica
2793 1835 2966 1902 gratia
3001 1837 3288 1892 verborum
3342 1839 3536 1912 plagas
3605 1843 3744 1896 modo

2181 1937 2278 1990 per
2306 1933 2592 1994 praecepta,
2645 1927 2803 1982 modo
2853 1943 2952 1998 per
2997 1932 3242 2003 exempla
3283 1936 3666 2003 commendet;
3695 1949 3745 1992 ut

2181 2018 2338 2088 221
2392 2028 2447 2075 et
2482 2014 2698 2076 sanctos
2747 2022 3024 2092 apostolos
3072 2025 3127 2081 in
3183 2027 3418 2083 concilio
3464 2042 3652 2094 caesos,
3695 2040 3742 2086 et

2179 2107 2366 2164 beatos
2410 2119 2680 2182 martyres
2729 2112 2968 2183 legamus
3013 2130 3384 2187 saepenumero
3425 2120 3738 2176 verberatos.

2185 2220 2203 2251 ‹
2240 2200 2586 2272 Quaecunque
2640 2215 2821 2261 autem
2865 2207 3070 2279 scripta
3113 2219 3256 2274 sunt,
3287 2209 3355 2264 ad
3385 2220 3626 2268 nostram
3654 2213 3736 2268 do-

2180 2291 2411 2346 ctrinam
2448 2293 2649 2363 scripta
2692 2303 2818 2350 sunt
2847 2294 3036 2368 (Rom.
3071 2301 3184 2371 xv).
3211 2319 3231 2354 ι
3272 2299 3415 2369 Quid
3466 2302 3736 2359 absurdum

2179 2392 2282 2447 est,
2313 2383 2442 2452 quid
2472 2384 2738 2456 ineptum,
2761 2389 2805 2443 si
2838 2405 2981 2446 nunc
3011 2399 3197 2446 sancta
3242 2392 3486 2448 Ecclesia
3527 2395 3578 2448 in
3608 2397 3737 2464 pacis

2178 2473 2290 2528 otio
2336 2475 2506 2530 utitur
2550 2492 2657 2546 quo
2681 2478 2883 2534 dudum
2919 2482 3176 2537 utebatur
3219 2483 3278 2538 in
3321 2485 3466 2540 bello
3488 2485 3517 2540 ?
3543 2484 3666 2539 Nam
3690 2494 3735 2539 et

2179 2565 2473 2642 Apostolus
2509 2567 2704 2622 iterum
2733 2569 2863 2624 dicit
2891 2585 2912 2624 :.
2945 2589 2964 2622 ‹
2995 2570 3212 2642 Castigo
3245 2589 3445 2643 corpus
3477 2589 3664 2638 meum,
3690 2583 3736 2629 ct

2179 2656 2234 2711 in
2263 2657 2576 2712 servitutem
2601 2659 2784 2730 redigo
2809 2660 2871 2731 (I
2903 2660 3024 2716 Cor.
3054 2663 3153 2734 rx).
3179 2683 3197 2717 ι
3229 2663 3294 2720 Et
3314 2665 3448 2720 alibi
3477 2683 3492 2720 :
3529 2684 3548 2718 ι
3572 2664 3733 2721 Sancti

2177 2747 2408 2804 ludibria
2454 2759 2508 2806 et
2537 2752 2757 2807 verbera
2793 2753 3000 2822 experti
3029 2753 3215 2824 (Hebr.
3244 2756 3343 2828 xi).
3380 2775 3402 2809 ι
3429 2755 3603 2812 Porro
3624 2756 3732 2810 dum

2176 2855 2368 2895 manus
2389 2840 2660 2898 carnificis
2691 2855 2833 2898 nunc
2853 2844 2921 2900 ab
2952 2843 3241 2917 iufligendo
3273 2848 3602 2919 martyribus
3632 2861 3733 2902 ver-

2176 2931 2307 2986 bere
2336 2940 2530 2998 cessat,
2560 2931 2687 3003 quid
2705 2932 2881 2999 obest,
2929 2935 2975 2990 si
3007 2944 3194 2991 sancta
3224 2936 3448 2993 devotio
3479 2938 3590 3007 ipsa
3622 2936 3734 2990 sibi-

2178 3032 2310 3091 met,
2335 3023 2475 3079 unde
2499 3025 2701 3082 sanctis
2725 3027 3053 3098 martyribus
3096 3029 3368 3100 particeps
3397 3029 3518 3086 fieri
3551 3044 3730 3084 merea-

2178 3123 2285 3182 tur,
2316 3101 2608 3194 exhibeat?
2634 3116 2767 3173 Nam
2783 3135 2906 3173 cum
2929 3128 3123 3190 sponte
3143 3136 3231 3176 me
3251 3123 3491 3192 propriis
3509 3121 3728 3177 manibus

2175 3216 2300 3264 ante
2330 3218 2678 3280 conspectum
2728 3211 2820 3267 Dei
2870 3213 3120 3279 verbero,
3167 3215 3473 3271 devotionis
3511 3215 3729 3286 ingenua:

2174 3297 2520 3367 desiderium,
2548 3301 2596 3357 si
2620 3300 2864 3358 carnifex
2887 3313 3218 3370 occurreret,
3251 3316 3538 3378 promptus
3563 3314 3725 3361 osten-

2173 3388 2260 3445 do.
2295 3379 2432 3458 Quia
2473 3390 2523 3447 si
2563 3405 2664 3461 pro
2711 3406 2894 3449 amore
2919 3393 3119 3450 Christi
3163 3403 3272 3450 tam
3297 3395 3475 3452 dulcis
3511 3405 3592 3453 est
3615 3391 3726 3450 mihi

2173 3495 2352 3554 paena,
2383 3473 2508 3540 cum
2552 3485 2740 3552 deest;
2776 3501 2884 3556 quo
2926 3487 3302 3559 susciperetur
3328 3488 3532 3554 animo,
3551 3488 3594 3544 si
3618 3500 3722 3557 per-

2172 3583 2390 3632 secutor
2412 3575 2673 3633 offerret?
2701 3577 2909 3635 Vellem
2932 3594 3033 3650 pro
3063 3579 3280 3637 Christo
3311 3582 3502 3638 subire
3538 3587 3723 3648 marty-

2173 3669 2332 3738 rium,
2361 3685 2470 3727 non
2500 3669 2693 3738 habeo,
2721 3683 2968 3730 cessante
3007 3675 3206 3740 studio,
3238 3675 3550 3730 facultatem
3575 3690 3590 3738 ;
3627 3672 3722 3740 ipse

2172 3776 2260 3816 me
2305 3763 2621 3820 verberibus
2677 3771 2934 3832 atterens,
2985 3766 3211 3822 ostendo
3253 3765 3444 3822 saltem
3494 3761 3722 3820 ferventis

2171 3853 2339 3909 animi
2396 3853 2747 3912 voluntatem.
2815 3856 3106 3914 Enimvero
3164 3859 3211 3915 si
3279 3874 3368 3915 me
3427 3864 3719 3929 persecutor

2171 3944 2437 4012 allideret,
2485 3945 2602 4016 ipse
2649 3961 2737 4004 me
2764 3948 3128 4015 verberarem,
3170 3951 3297 4021 quia
3348 3946 3717 4006 verberandum

2169 4051 2258 4093 me
2291 4037 2571 4095 ultroneus
2595 4039 2929 4095 exhiberem.
2958 4039 3092 4094 Nam
3125 4042 3168 4096 si
3210 4038 3438 4095 solerter
3467 4038 3717 4108 Scriptura

2169 4130 2477 4197 discutitur,
2507 4131 2622 4203 ipse
2667 4147 2761 4188 rex
2803 4144 3101 4207 martyrum
3150 4134 3396 4191 Christus
3425 4151 3531 4191 non
3567 4131 3714 4188 solum

2171 4239 2201 4278 a
2225 4224 2379 4292 Juda,
2409 4225 2503 4282 sed
2551 4226 2714 4282 etiam
2748 4241 2778 4280 a
2821 4226 2982 4284 Patre
3033 4237 3088 4283 et
3126 4244 3158 4284 a
3211 4229 3500 4300 semetipso
3527 4235 3715 4297 quoque

2173 4319 2402 4376 traditus
2449 4320 2735 4376 invenitur.
2773 4319 2904 4374 Nam
2945 4321 3010 4376 de
3040 4320 3201 4376 Patre
3255 4321 3384 4377 dicit
3416 4316 3710 4390 Apostolus:

482 4437 604 4482 tuus
635 4427 814 4497 (Deut.
849 4430 997 4500 xxv).
1037 4448 1056 4482 ι
1101 4429 1253 4496 Quod
1288 4431 1538 4486 videlicet
1564 4432 1638 4486 illi
1671 4433 1865 4504 populo
1894 4434 2063 4506 legale

2176 4414 2357 4480 «Quia
2399 4415 2617 4484 proprio
2657 4413 2809 4469 'Filio
2851 4429 2958 4469 non
3018 4415 3279 4484 pepercit,
3309 4417 3401 4472 sed
3447 4429 3542 4483 pro
3580 4407 3712 4464 nobis

476 4528 828 4586 praiceptum,
885 4519 1044 4574 nobis
1083 4528 1168 4576 est
1215 4519 1485 4592 allegoriae
1539 4524 1880 4593 mysterium.
1914 4523 2062 4592 Qua-

477 4607 833 4680 dragcnarius
857 4610 1123 4680 siquidem
1155 4626 1414 4668 numerus
1453 4613 1706 4669 humanae
1735 4614 1860 4669 vita:
1893 4615 2064 4686 signi-

477 4699 606 4754 ficat
637 4701 1034 4758 cursum.Hinc
1054 4705 1300 4774 estquod
1325 4704 1488 4759 Israel
1516 4706 1673 4762 annis
1701 4706 2061 4777 quadraginta

476 4792 719 4862 graditur
742 4809 838 4864 per
865 4795 1160 4860 desertum,
1201 4795 1328 4850 hinc
1385 4795 1594 4866 Moyses
1623 4806 1676 4852 et
1716 4798 1882 4864 Elias,
1909 4798 2060 4853 insu-

474 4898 572 4952 pcr
600 4891 654 4937 et
677 4883 791 4952 ipse
821 4884 1082 4941 Dominus
1107 4895 1184 4941 tot
1213 4886 1402 4941 diebus
1426 4895 1747 4956 protraxere
1770 4888 2058 4957 jejunium.

477 4971 577 5038 Qui
601 4973 763 5027 etiam
789 4975 929 5028 sicut
950 4977 1099 5048 horis
1125 4976 1502 5045 quadraginta,
1537 4978 1591 5031 iu
1618 4978 1869 5046 sepulcro
1914 4997 2060 5034 rnor-

479 5076 601 5117 tuus
648 5062 842 5131 jacuit,
899 5067 974 5119 ita
1029 5066 1380 5121 nihilominus
1433 5075 1555 5136 post
1602 5071 2058 5126 resurrectionem

477 5167 629 5207 suam
673 5151 862 5207 diebus
901 5155 1125 5208 totidem
1166 5170 1290 5210 cum
1321 5156 1598 5227 discipulis
1628 5157 1747 5226 fuit,
1797 5167 2062 5228 quatenus

475 5259 574 5299 nos
605 5259 700 5299 sua
733 5244 976 5298 membra
1007 5244 1128 5313 pius
1165 5244 1421 5315 magister
1444 5248 1686 5310 edoceat,
1712 5260 1772 5304 ut
1795 5265 1891 5318 per
1914 5251 2060 5318 capi-

2166 4506 2416 4564 omnibus
2450 4507 2670 4562 tradidit
2700 4507 2844 4562 illum
2871 4504 3049 4578 (Rem.
3073 4505 3226 4576 vni);
3258 4525 3276 4558 ι
3309 4507 3376 4561 de
3401 4505 3530 4560 Filio
3555 4509 3709 4555 autem

2167 4599 2334 4656 alibi:
2364 4618 2382 4651 ι
2421 4599 2519 4668 Qui
2549 4598 2758 4667 dilexit,
2790 4599 2984 4668 inquit,
3031 4615 3136 4662 me,
3169 4609 3224 4652 ct
3260 4597 3478 4652 tradidit
3503 4591 3708 4660 seipsum

2166 4705 2265 4760 pro
2295 4705 2380 4746 me
2408 4689 2608 4759 (ϐαιοὶ.
2639 4690 2724 4762 ιι).
2758 4708 2776 4743 ι
2829 4689 2956 4744 Sive
2993 4705 3121 4760 ergo
3171 4706 3259 4744 me
3305 4688 3519 4758 propria
3547 4691 3709 4738 manus

2167 4781 2387 4852 afﬂigat,
2425 4783 2537 4838 sive
2565 4781 2808 4836 carnifex
2838 4782 3000 4836 ictum
3042 4779 3263 4852 infligat,
3307 4795 3409 4850 ego
3437 4772 3709 4849 specialiter

2164 4873 2326 4943 lmjus
2351 4867 2763 4930 examinationis
2796 4881 2986 4928 auctor
3010 4872 3206 4936 existo,
3237 4871 3328 4942 qui
3379 4888 3466 4926 me
3509 4866 3572 4922 ad
3598 4877 3706 4917 exa-

2164 4966 2477 5021 minandum
2519 4966 2796 5020 ultroneus
2823 4964 3012 5019 offero.
3049 4963 3342 5043 Przeterea,
3376 4963 3502 5033 quia
3532 4967 3706 5052 tympa‘

2163 5073 2293 5112 num
2350 5067 2434 5114 est
2484 5055 2639 5127 pellis
2687 5057 2858 5121 arida,
2916 5055 3026 5118 ille,
3085 5053 3237 5124 juxta
3282 5053 3620 5123 Prophetam,
3665 5055 3709 5139 Il)

2167 5160 2420 5221 tympano
2451 5148 2734 5204 Dominum
2786 5147 3048 5202 veraciter
3079 5146 3259 5201 laudat
3295 5143 3470 5214 (Prol.
3502 5139 3601 5208 CL),
3633 5145 3706 5201 qm

2164 5240 2467 5295 confectum
2486 5239 2694 5310 jejunio
2743 5255 2936 5308 corpus
2959 5253 3054 5309 per
3094 5235 3437 5306 disciplinain
3467 5231 3704 5288 verberat.

2167 5330 2206 5344 ἢ
