3950 5344
261 288 360 344 617

264 405 350 457 lia?
365 399 636 473 judicium
666 399 966 468 imponunt.
1015 393 1148 449 Nam
1191 404 1247 450 et
1286 405 1412 450 ante
1456 410 1573 459 nos,
1601 392 1851 447 omnibus
1879 395 1929 455 Δ

264 495 378 548 fere
435 492 648 549 sanctis
677 489 1022 546 monasteriis
1055 489 1170 544 haec
1224 487 1518 558 disciplime
1545 486 1728 558 regula
1760 502 1852 541 nc-

263 597 542 654 quaquam
575 581 676 635 fuit
705 579 976 648 incognita
1013 577 1117 633 etsi
1147 594 1254 632 non
1299 578 1432 634 adeo
1460 576 1846 647 frequentata;

261 675 406 729 unde
451 682 508 729 et
545 671 786 741 singulos
814 684 985 725 annos
1027 668 1358 738 paenitentia:
1396 668 1628 724 millenis
1675 669 1854 739 scopis

263 767 537 822 redimere
587 773 1007 820 consueverunt.
1041 762 1120 816 Tu
1159 777 1372 832 quoque
1409 777 1514 816 non
1558 762 1854 832 disciplina:

263 859 533 930 regulam,
571 858 665 913 sed
716 854 972 926 longioris
1023 853 1324 922 disciplina:
1367 852 1656 907 detestaris
1712 853 1854 909 insa-

263 952 438 1016 niam,
473 966 575 1006 nec
608 951 883 1020 improbas
917 963 1039 1004 eum
1089 946 1371 1016 disciplina
1426 946 1529 1000 dici
1560 946 1850 1015 psalmum,

265 1042 360 1095 sed
405 1040 805 1110 perhorrescis,
871 1048 931 1093 ut
987 1039 1332 1093 continuetur
1395 1052 1515 1091 cum
1569 1035 1851 1106 disciplina

263 1131 614 1186 Psalterium.
671 1130 775 1187 Sed
800 1131 926 1196 ~dic,
967 1132 1217 1194 obsecro,
1248 1129 1440 1192 frater,
1472 1138 1528 1183 ut
1569 1145 1688 1183 Cllln
1721 1144 1853 1199 pace

269 1229 362 1272 tua
410 1219 626 1289 loquar,
659 1219 945 1275 detestaris
972 1219 1114 1284 illas,
1151 1234 1269 1288 quae
1317 1232 1381 1272 ex
1435 1231 1586 1272 more
1632 1217 1768 1272 fiunt
1799 1218 1850 1272 in

265 1309 502 1378 capitulo
535 1309 896 1378 disciplinas?
946 1310 1172 1366 damnas
1209 1309 1460 1364 fortassis
1500 1319 1553 1364 et
1580 1309 1681 1364 hoc
1709 1310 1852 1379 quod

266 1415 409 1469 sazpe
460 1398 621 1454 fratri
658 1403 725 1454 de
781 1400 883 1455 levi
932 1401 1175 1472 Qualibet
1227 1400 1525 1456 oﬁ‘ensione
1580 1400 1850 1467 confesso,

264 1491 486 1544 vicenas
532 1488 789 1554 fortasse,
836 1490 940 1553 vel,
1001 1498 1062 1545 ut
1118 1490 1374 1554 multum,
1441 1491 1852 1561 quinquagenas

265 1583 554 1637 verberum
622 1580 806 1652 plagas
865 1583 1052 1638 subire
1116 1582 1504 1654 praecipimus?
1571 1583 1678 1638 Sed
1726 1583 1852 1654 quia

267 1673 565 1744 disciplinae
596 1674 712 1728 ista:
736 1675 802 1728 ad
828 1673 1166 1729 tolerandum
1209 1675 1356 1730 leves
1382 1685 1509 1730 sunt
1533 1684 1588 1730 et
1618 1675 1851 1746 exiguae,

1411 279 1611 334 LIBER
1639 277 1933 346 SEXTUS,
1969 279 2183 336 EPIST.
2217 281 2448 338 XXVIII.

3427 288 3535 344 “8

2443 392 2777 452 EPISTOLA
2817 393 3047 452 XXVIII.

2579 506 2646 544 AD
2681 506 2919 545 EL’IDEM.

1953 576 2349 651 Ancuussruu.
2381 611 2449 621 —
2476 580 2620 636 Duas
2649 583 2974 651 qumstiones
3016 581 3117 636 sibi
3160 597 3189 634 a
3227 579 3386 637 Petro
3422 598 3537 637 mo-

2027 650 2218 721 nacho,
2241 651 2546 721 propositas
2590 650 2855 707 dissolvit.
2891 652 3068 709 Prima
3106 661 3242 718 erat,
3282 667 3379 706 cur
3420 668 3537 707 ma-

2023 734 2160 793 gnus
2185 720 2478 790 Gregurius
2517 723 2746 777 dixisset
2796 723 2918 777 ideo
2957 723 3200 786 divitem,
3247 723 3338 789 qui
3379 739 3535 793 opem

2024 789 2232 844 Lazaro
2287 793 2533 847 mendico
2591 793 2733 847 ferre
2787 794 3132 860 contempsit.
3193 795 3257 846 ad
3302 789 3538 847 aeternos

2025 861 2295 914 cruciatus
2339 863 2649 916 damnatum
2705 877 2847 928 esse,
2887 863 3012 931 quia
3044 865 3142 916 sub
3173 862 3320 916 Novo
3349 863 3538 917 Testa-

2027 939 2232 994 mento,
2264 931 2314 984 in
2345 948 2452 1000 quo
2482 933 2852 987 misericordia
2903 935 2955 986 in
3002 947 3265 1001 pauperes
3295 933 3539 1001 pra:cipi«

2027 1009 2135 1072 tur,
2160 1010 2319 1056 natus
2347 1012 2480 1072 erat.
2515 1004 2696 1056 Altera
2735 1005 2962 1072 quaestio
2990 1004 3056 1055 de
3085 1005 3214 1057 vitio
3252 1003 3540 1058 curiosita-

2026 1071 2124 1133 tis;
2156 1073 2223 1140 de
2259 1087 2366 1140 quo
2412 1071 2554 1125 idem
2593 1073 2650 1126 S.
2693 1071 2882 1128 doctor
2929 1073 3259 1128 mentionem
3305 1073 3532 1137 fecerat,

2025 1139 2167 1209 quod
2198 1139 2289 1195 hic
2307 1143 2437 1210 quid
2464 1144 2554 1207 sit,
2585 1145 2908 1197 ostenditur.

2026 1229 2210 1285 Pereo
2230 1233 2554 1289 charissimo
2582 1232 2760 1298 fratri,
2792 1235 3008 1290 Psrnvs
3031 1235 3279 1291 salutem.

2027 1319 2234 1386 Quaaris
2281 1339 2311 1376 a
2366 1339 2471 1389 me,
2524 1325 2876 1380 dilectissime
2931 1319 3024 1393 fili,
3068 1327 3195 1396 quid
3245 1326 3347 1381 sibi
3387 1326 3536 1388 velit,

1956 1413 2100 1480 quod
2128 1413 2180 1467 in
2212 1415 2430 1470 humilia
2467 1417 2650 1472 divitis
2683 1419 2742 1473 Β.
2772 1418 3066 1490 Gregorius
3110 1420 3184 1473 ait
3232 1419 3434 1490 (Itomil.
3469 1417 3540 1472 40

1956 1503 2010 1557 in
2060 1503 2319 1576 Evang.):
2379 1507 2678 1563 «Nonnulli
2743 1519 2937 1580 putant
2989 1520 3262 1580 prmcepta
3327 1508 3540 1564 Veteris

1957 1593 2297 1652 Testamenti
2343 1598 2675 1655 districtiora
2703 1617 2824 1657 esse
2846 1619 3006 1672 quam
3040 1601 3171 1658 Novi
3198 1617 3215 1653 :
3245 1602 3341 1657 sed
3371 1602 3425 1656 hi
3456 1603 3541 1655 ni—

1956 1685 2153 1740 mirum
2209 1687 2509 1758 improvida
2559 1689 2995 1745 consideratione
3025 1688 3302 1744 falluntur.
3344 1689 3400 1743 In
3450 1689 3541 1743 illo

265 1774 428 1835 atque
456 1765 602 1819 inter
633 1763 830 1821 fratres
857 1765 1182 1837 regulariter
1221 1775 1476 1833 assuetaa,
1500 1766 1846 1837 perspicuum

1965 1777 2096 1830 enim
2137 1791 2243 1831 non
2304 1778 2536 1843 tenacia,
2596 1778 2692 1833 sed
2751 1779 2939 1848 rapina
2989 1778 3285 1844 multatur;
3319 1777 3393 1832 ibi
3451 1795 3542 1832 res

265 1859 503 1928 estquia
551 1875 660 1914 non
703 1859 950 1929 derogas,
997 1874 1108 1915 non
1167 1859 1539 1931 reprehendis,
1567 1874 1634 1914 ne
1656 1867 1847 1914 contra

267 1966 612 2004 communem
670 1950 841 2004 sancti
901 1951 1108 2006 ordinis
1160 1951 1605 2006 consuetudinem
1667 1951 1850 2005 venire

265 2038 524 2093 videaris.
569 2037 686 2109 Age
749 2039 934 2109 igitur,
988 2040 1034 2095 si
1088 2041 1512 2111 quinquagenas,
1544 2047 1604 2094 ut
1645 2039 1849 2094 dictum

265 2139 367 2197 est,
407 2131 533 2187 licet
567 2131 868 2200 imponere,
912 2146 1008 2187 cur
1054 2147 1162 2188 non
1206 2131 1371 2186 etiam
1405 2146 1720 2202 sexagenas,
1768 2130 1852 2185 vel

265 2223 450 2288 etiam,
487 2222 532 2277 si
563 2223 937 2291 praesumimus
963 2222 1164 2287 dicere,
1191 2237 1362 2292 usque
1383 2223 1677 2277 centenas?
1698 2221 1852 2288 Quod

265 2316 311 2368 si
341 2315 715 2370 centenarium
752 2315 806 2369 in
848 2315 952 2371 hoc
979 2315 1079 2386 piae
1110 2314 1413 2370 devotionis
1441 2315 1711 2370 sacrificio
1747 2330 1836 2368 tiu-

266 2422 474 2461 merum
512 2407 642 2462 licet
682 2408 967 2478 attingere,
1000 2423 1099 2463 cur
1127 2423 1234 2462 non
1263 2407 1426 2462 etiam
1463 2407 1849 2471 ducentorum,

265 2512 364 2551 cur
383 2513 488 2552 non
511 2506 898 2559 trecentorum,
931 2496 1474 2567 quadringentorum,
1507 2497 1669 2566 222
1695 2496 1853 2564 quiu-

267 2588 594 2658 gentorum?
625 2603 724 2642 cur
769 2597 916 2642 certe
963 2595 1019 2641 et
1058 2587 1440 2652 millenariurn,
1491 2601 1554 2640 ac
1601 2586 1852 2654 deinceps

271 2698 377 2734 non
401 2681 562 2736 liceat
586 2690 829 2735 attexere
866 2679 1194 2735 numerum?
1222 2680 1356 2734 satis
1385 2678 1530 2733 enim
1560 2679 1849 2733 absurdum

269 2781 375 2835 est,
403 2783 458 2826 ut
481 2773 634 2841 cujus
659 2771 736 2824 rei
763 2786 887 2839 pars
917 2771 1138 2824 minima
1163 2777 1316 2838 grate
1342 2767 1654 2837 suscipitur,
1681 2766 1855 2821 marti-

270 2881 357 2917 nia
391 2865 711 2933 reprobetur
736 2871 789 2916 et
815 2861 975 2916 nimis
999 2861 1236 2931 ineptum
1265 2868 1348 2915 est
1371 2860 1538 2925 credi,
1571 2868 1629 2914 ut
1651 2859 1850 2914 bonum

267 2955 395 3022 quid
426 2954 618 3008 debeat
650 2952 829 3020 incipi,
857 2952 949 3005 sed
983 2965 1088 3004 non
1112 2950 1460 3020 permittatur
1477 2950 1680 3020 augeri.
1707 2949 1853 3016 Quo-

265 3045 426 3098 modo
454 3044 598 3099 enim
634 3049 808 3112 p0test
838 3041 976 3107 fieri,
1012 3050 1072 3095 ut
1094 3041 1138 3094 si
1167 3055 1332 3110 parva
1379 3040 1661 3109 disciplina
1698 3038 1848 3108 puri-

1951 1865 2149 1935 injuste
2193 1866 2403 1922 sublata
2443 1868 2782 1923 restitutione
2808 1868 3143 1938 quadruplici
3173 1869 3409 1938 punitur.
3441 1867 3540 1922 llic

1951 1969 2132 2015 autem
2175 1960 2324 2016 dives
2349 1960 2452 2016 iste
2498 1976 2606 2016 non
2656 1961 2943 2016 abstulisse
2986 1960 3159 2015 aliena
3191 1959 3544 2030 reprehendi-

1954 2062 2060 2120 tur,
2112 2054 2208 2109 sed
2249 2069 2347 2109 sua
2399 2069 2507 2109 non
2530 2053 2777 2108 ‘dedisse.
2813 2071 2831 2105 ι
2874 2052 3080 2119 Quibus
3129 2051 3314 2120 utique
3364 2050 3542 2105 verbis

1931 2146 2142 2200 doctor
2173 2145 2400 2216 insignis
2430 2145 2532 2200 hoc
2557 2145 2824 2200 duntaxat
2853 2143 3152 2214 approbare
3181 2143 3367 2196 nititur
3389 2143 3539 2211 quia,

1953 2234 1997 2288 si
2030 2235 2180 2290 dives
2228 2234 2316 2288 ille
2344 2234 2399 2288 in
2435 2232 2613 2288 Veteri
2657 2233 3006 2287 Testamento
3049 2231 3236 2286 fuisset
3266 2231 3540 2293 inventus,

1955 2324 2210 2378 tartareis
2259 2323 2420 2394 223
2465 2323 2643 2392 pomis
2698 2322 3006 2376 nullatenus
3061 2329 3204 2375 esset
3273 2319 3539 2374 addictus.

1951 2410 2112 2467 Juxta
2139 2426 2268 2482 ergo
2293 2414 2433 2467 hanc
2468 2412 2822 2467 assertionem
2848 2411 3051 2466 idcirco
3082 2411 3262 2479 periit,
3287 2410 3411 2480 quia
3443 2409 3542 2464 sub

1924 2496 1927 2498 ’
1953 2519 2091 2560 nova
2121 2505 2293 2574 gratia
2319 2504 2646 2560 constitutus
2673 2504 3025 2575 Evangelium
3050 2519 3269 2558 servare
3301 2512 3542 2558 contem-

1954 2594 2080 2664 psit.
2109 2592 2230 2658 Sed
2277 2607 2308 2648 e
2333 2593 2568 2659 diverso,
2600 2603 2654 2648 tu
2709 2593 2963 2659 moveris,
2993 2601 3047 2646 et
3071 2593 3227 2658 dicis,
3269 2592 3541 2662 quomodo

1947 2685 2060 2754 jam
2111 2693 2242 2740 tunc
2300 2684 2507 2740 Nomm
2547 2686 2952 2740 Testamentum
3005 2684 3247 2740 illuxisse
3301 2684 3537 2746 dicatur,

1953 2792 2076 2831 cum
2105 2777 2354 2832 Christus
2384 2777 2615 2832 necdum
2666 2777 2720 2831 in
2774 2791 2938 2831 cruce
2965 2790 3276 2844 suspensus,
3311 2775 3538 2828 necdum

1954 2883 2052 2936 per
2079 2868 2495 2923 resurrectionis
2525 2879 2578 2923 et
2606 2867 2940 2922 ascensionis
2970 2866 3195 2936 gloriam
3226 2864 3404 2919 fuerat
3441 2881 3535 2918 su~

1951 2959 2242 3013 blimatus?
2293 2958 2406 3014 Imo
2457 2960 2633 3028 ipsum
2697 2957 3085 3027 Evangelium,
3135 2956 3276 3026 quod
3327 2957 3537 3012 servari

1951 3049 2281 3119 praecipitur,
2326 3050 2556 3105 necdum
2609 3059 2729 3104 erat
2774 3051 2828 3104 in
2881 3050 3069 3104 orbem
3130 3057 3396 3102 terrarum
3444 3064 3542 3118 per

265 3135 415 3196 ﬁcat,
465 3134 516 3187 in
545 3107 839 3202 conspectu
867 3131 960 3185 Dei
1001 3107 1350 3200 multiplicata
1385 3107 1678 3184 sordescat.
1702 3107 1846 3182 Nam

1965 3141 2324 3210 apostolorum
2371 3157 2468 3197 ora
2523 3139 2798 3196 diffusum.
2846 3139 3127 3196 Postremo
3157 3155 3255 3195 nec
3307 3139 3542 3210 Spiritus

263 3227 309 3282 si
337 3227 591 3280 diurnum
614 3223 878 3291 jejunium
910 3222 1109 3276 bonum
1161 3229 1263 3286 est,
1294 3220 1614 3286 biduanum,
1660 3227 1714 3274 et
1759 3219 1852 3272 tri-

255 3317 502 3391 duanum
541 3314 734 3369 melius
760 3320 862 3368 est.
901 3311 993 3367 Sic
1041 3311 1285 3382 vigilare,
1341 3308 1422 3365 sic
1472 3309 1720 3380 psallere,
1773 3310 1852 3365 sic

263 3411 533 3475 laborare,
564 3411 644 3465 sic
673 3409 916 3473 obedire,
947 3408 1025 3463 sic
1072 3405 1514 3462 meditationibus
1545 3403 1854 3473 Scriptura-

262 3517 385 3556 rum
447 3500 732 3570 vigilanter
783 3498 1054 3553 insistere.
1107 3496 1491 3566 Unusquisque
1527 3496 1646 3564 pius
1700 3493 1853 3547 labor

259 3607 372 3659 quo
404 3579 665 3660 prolixior
715 3595 818 3653 est,
863 3603 927 3642 eo
969 3588 1338 3658 propensioris
1365 3586 1634 3642 mercedis
1682 3585 1850 3655 gloria

262 3681 459 3749 dignus
496 3687 614 3744 est;
661 3678 836 3733 solum
885 3686 1068 3731 autem
1126 3678 1230 3732 hoc
1273 3677 1491 3747 pietatis
1526 3690 1698 3747 genus
1743 3691 1851 3745 quo

260 3772 440 3838 magis
492 3780 741 3842 augetur,
772 3787 836 3825 eo
888 3771 1127 3826 deterius
1168 3769 1537 3839 judicabitur?
1579 3769 1743 3836 Dicis,
1793 3777 1851 3823 ut

261 3861 393 3929 quid
414 3863 689 3931 percutior
715 3862 972 3916 carnem?
1003 3860 1335 3931 respondeo:
1369 3870 1429 3915 ut
1449 3859 1576 3930 quid
1606 3851 1851 3929 percutio

261 3953 553 4024 Spiritum?
594 3953 735 4008 Dicit
785 3955 926 4007 enim
964 3953 1294 4010 Psalmista:
1337 3973 1356 4005 ι
1395 3953 1750 4008 Exercitabar
1796 3960 1852 4007 et

261 4043 553 4113 scopebam
583 4043 830 4114 spiritum
875 4060 1051 4098 meum
1096 4042 1269 4114 (Psal.
1318 4045 1526 4112 Lxxvr).
1561 4062 1580 4094 ι
1618 4039 1848 4096 Carnem

261 4136 556 4204 siquidem,
596 4143 651 4189 et
701 4134 948 4204 spiritum
982 4149 1164 4204 scopo,
1193 4134 1285 4203 qui
1310 4148 1397 4188 me
1423 4133 1715 4203 deliquisse
1755 4149 1851 4204 per

262 4242 484 4281 carnem
533 4237 587 4282 et
637 4227 889 4296 spiritum
932 4240 1297 4296 recognosco:
1335 4225 1505 4280 Istum
1546 4226 1837 4296 correptio-

266 4332 420 4380 nnm,
456 4315 602 4369 illam
656 4332 780 4370 cum
811 4317 1048 4370 caeteris
1090 4315 1469 4371 afﬂictionibus
1507 4317 1672 4371 etiam
1729 4331 1848 4387 per-

259 4406 515 4460 cussionc
572 4406 868 4473 virgarum,
907 4414 963 4458 ut
987 4406 1110 4474 quia
1140 4405 1260 4460 laeta
1301 4420 1388 4459 me
1432 4420 1562 4462 caro
1595 4406 1758 4460 traxit
1781 4407 1845 4461 ad

261 4495 498 4563 culpam,
531 4494 725 4548 amicta
757 4494 980 4548 reducat
1014 4496 1081 4549 ad
1104 4495 1551 4552 veniam.Lorica
1581 4507 1662 4552 est
1687 4497 1848 4553 homo

263 4587 484 4641 indutus
516 4585 583 4640 ad
622 4601 864 4651 carnem,
891 4586 1084 4640 ferreis
1113 4587 1359 4642 membra
1384 4587 1599 4643 diversa
1629 4587 1849 4644 circulis

259 4678 450 4742 ambit,
481 4676 649 4730 mittit
675 4691 798 4730 eum
835 4676 1018 4731 labore
1047 4687 1372 4742 metanteas,
1401 4675 1574 4733 allidit
1604 4679 1660 4733 in
1694 4673 1848 4748 pavi-

259 4779 505 4824 mentum
563 4769 812 4823 crebrius
876 4768 1111 4838 palmas;
1148 4777 1208 4822 ut
1255 4769 1381 4839 quid
1448 4770 1584 4837 hate,
1647 4782 1700 4826 et
1763 4773 1848 4826 his

259 4863 480 4927 similia,
517 4861 618 4915 nisi
658 4871 738 4927 ut,
765 4861 889 4915 dum
931 4877 1026 4929 per
1053 4863 1170 4917 haec
1191 4879 1390 4934 corpus
1419 4863 1690 4934 afﬂigitur,
1742 4865 1853 4920 ani-

260 4969 360 5006 mae
427 4952 774 5025 refrigerium
845 4953 1207 5022 procuretur?
1263 4953 1634 5027 Quodcunque
1699 4955 1844 5011 enim

261 5043 394 5098 illud
434 5053 518 5098 est
543 5060 639 5113 per
663 5044 808 5112 quod
841 5060 972 5098 caro
1010 5046 1341 5114 paenitentia:
1385 5062 1547 5102 causa
1579 5047 1849 5106 laceratur

260 5146 427 5204 atque
475 5135 805 5204 percellitur,
838 5151 936 5204 per
983 5135 1084 5191 hoc
1125 5138 1287 5192 homo
1317 5139 1500 5208 procul
1524 5140 1684 5198 dubio
1720 5154 1846 5194 con-

260 5227 424 5268 lmnli
454 5236 634 5264 rnslnc
664 5228 912 5268 «limini-9,
934 5239 1193 5268 miro-alme
1248 5230 1378 5268 ΔιιΛί
1426 5232 1552 5268 nuit!
1586 5251 1670 5268 ηια
1689 5246 1848 5268 nncco

1880 4465 1932 4526 ἰ)

1952 3241 2174 3288 sanctus
2220 3233 2500 3290 hominum
2525 3235 2688 3290 corda
2722 3233 3043 3304 repleverat,
3077 3232 3167 3302 qui
3202 3233 3268 3287 ad
3288 3233 3540 3286 mandata

1952 3325 2218 3380 servanda
2273 3327 2416 3382 vires
2474 3327 2748 3382 mentibus
2810 3327 3185 3382 administrat:
3258 3323 3538 3394 (Spiritus

1951 3425 2168 3472 sanctus
2218 3433 2327 3472 non
2377 3426 2497 3472 erat
2550 3418 2729 3482 datus,
2789 3417 2913 3486 quia
2961 3416 3118 3471 Jesus
3146 3406 3372 3470 necdum
3423 3424 3542 3468 erat

1952 3508 2279 3565 clariﬁcatus
2309 3509 2491 3581 (Joan.
2514 3511 2645 3581 vn).
2679 3529 2726 3570 ι-

2023 3600 2160 3656 Huic
2188 3602 2494 3672 quaestioni,
2529 3601 2676 3656 salva
2724 3603 3002 3657 doctorum
3043 3601 3363 3664 reverentia,
3393 3599 3534 3668 quod

1951 3707 2093 3746 nunc
2146 3691 2404 3755 occurrit,
2464 3691 2699 3746 breviter
2746 3691 3137 3759 respondemus
3199 3708 3212 3743 :
3287 3689 3430 3744 Dicit
3482 3690 3534 3743 in

1954 3782 2242 3854 Evangelio
2295 3783 2598 3838 Dominus:
2661 3802 2679 3835 ι
2716 3783 2825 3838 Lex
2857 3793 2910 3838 et
2939 3784 3211 3854 prophetzc
3259 3799 3428 3852 usque
3469 3785 3535 3836 ad

1949 3871 2211 3928 Joannem
2255 3871 2472 3944 (Matth.
2533 3871 2633 3944 xi).
2668 3892 2685 3923 ι
2738 3871 2974 3928 Joannes
3017 3883 3197 3927 autem
3249 3874 3529 3942 praecipit:

1957 3985 1975 4017 ε
2008 3964 2109 4031 Qui
2146 3964 2309 4018 habet
2337 3965 2472 4018 duas
2505 3963 2738 4028 tunicas,
2776 3966 2864 4018 det
2913 3980 3017 4018 non
3050 3961 3267 4018 habenti
3295 3980 3308 4028 ;
3343 3972 3398 4018 et
3444 3965 3537 4033 qui

1951 4056 2114 4111 habet
2163 4071 2332 4119 escas,
2365 4055 2614 4110 similiter
2657 4054 2825 4112 faciat
2859 4054 3009 4127 (Luc.
3047 4055 3154 4123 ιιι).
3188 4074 3207 4108 ι
3241 4055 3395 4111 Sicut
3443 4071 3540 4108 au-

1953 4156 2060 4203 tem
2099 4148 2204 4203 duo
2233 4148 2333 4203 sub
2365 4147 2468 4202 hac
2497 4149 2766 4204 sententia
2792 4157 2922 4203 sunt
2966 4147 3218 4202 mandata
3271 4145 3494 4202 Joannis
3521 4164 3534 4199 :

1952 4238 2027 4292 ita
2057 4239 2163 4293 duo
2210 4247 2336 4293 sunt
2379 4247 2603 4310 peccata
2647 4239 2850 4294 divitis.
2901 4239 3004 4294 lste
3052 4239 3318 4308 siquidem
3366 4238 3534 4292 dicit:

1952 4328 2054 4398 Qui
2075 4331 2238 4386 habet
2260 4331 2396 4385 duas
2431 4330 2662 4396 tunicas,
2692 4331 2782 4385 det
2814 4345 2917 4383 non
2948 4327 3198 4392 habenti;
3234 4328 3321 4381 ille
3351 4328 3540 4382 indue-

1952 4423 2114 4478 batur
2165 4437 2405 4493 purpura
2445 4430 2501 4476 et
2551 4422 2734 4492 bysso.
2775 4421 2874 4487 Qui
2909 4421 3072 4476 habet
3101 4435 3255 4474 escas
3285 4418 3536 4473 similiter

1953 4517 2150 4584 faciat;
2185 4517 2275 4571 ille
2327 4516 2649 4588 epulabatur
2698 4515 2940 4584 quotidie
2993 4513 3294 4583 splendide,
3352 4513 3444 4566 sed
3479 4513 3532 4565 in

1950 4617 2183 4678 utroque
2236 4608 2404 4661 durus
2453 4615 2509 4660 et
2541 4605 2870 4660 inhumanus
2917 4603 3278 4667 convincitur,
3329 4602 3454 4654 dum
3485 4610 3541 4654 et

1951 4696 2155 4750 nudum
2205 4694 2473 4749 Lazarum
2529 4710 2694 4750 canes
2742 4693 3032 4762 lingerent,
3086 4707 3185 4746 nec
3217 4690 3442 4745 vestiret
3487 4697 3542 4743 et

1951 4789 2187 4860 cupienti
2223 4790 2409 4844 satiari
2444 4789 2509 4843 de
2562 4789 2744 4853 micis,
2773 4801 2893 4856 quae
2941 4786 3209 4840 cadebant
3239 4784 3303 4839 de
3333 4797 3541 4846 mensa,

1951 4882 2152 4935 victum
2201 4881 2302 4936 sibi
2361 4879 2608 4935 funditus
2658 4881 2971 4946 denegaret.
3031 4875 3222 4944 Magna
3276 4885 3387 4936 res,
3439 4887 3546 4926 non

1957 4971 2176 5036 mirum,
2215 4971 2258 5025 si
2316 4970 2535 5040 longum
2603 4971 2768 5026 habet
2819 4967 3052 5022 initium.
3106 4965 3316 5021 Novum
3373 4963 3552 5031 itaque

1957 5063 2386 5127 Testamentum,
2436 5061 2635 5118 saltem
2688 5068 2952 5130 quantum
2991 5059 3059 5114 ad
3106 5059 3248 5114 hanc
3309 5057 3551 5125 pertinet

1955 5155 2371 5221 humanitatem,
2417 5150 2535 5220 jam
2582 5165 2709 5211 erat
2747 5160 3012 5220 emptum,
3044 5154 3146 5209 etsi
3178 5151 3421 5207 nondum
3461 5159 3559 5200 un-

1962 5247 2112 5268 ..Ιῖι-.-Α
2151 5255 2290 5268 -_..-A
2321 5246 2382 5268 -ΑΙ
2417 5244 2810 5268 -ινι“’--4.ρ-Α““
2838 5259 3006 5268 ..α-...-
3041 5245 3358 5268 -..ι-,³ηιιι--ηι
3417 5238 3556 5268 noun

2659 5257 2810 5268 -—Ans
2838 5259 3006 5268 ..Α-..ιι
3041 5245 3203 5268 -.Α-4³..
