3950 5344
448 254 557 309 419

954 252 1011 308 S.
1052 250 1263 306 PETRI
1284 248 1570 307 DAMlANl
1599 249 1754 307 OPP.
1797 248 1981 304 PARS
2027 247 2159 305 SEU
2194 248 2430 306 TOMUS
2458 249 2498 306 l.
2525 280 2595 291 —
2630 248 2847 307 EPIST.
2884 252 3011 307 LIB.
3045 253 3176 309 Vlll.

3610 257 3751 331 tea

444 366 709 438 Baptista:
757 379 981 433 regnum
1029 363 1294 418 caelorum
1327 362 1433 416 vim
1464 362 1686 435 patitur,
1723 369 1779 415 et
1814 359 2033 415 violenti
2062 365 2111 424 Α
2138 359 2309 428 scepit
2336 359 2568 431 propriae
2602 361 2795 416 salutis
2843 371 3142 417 auctorem.
3178 362 3395 433 Optima
3425 379 3562 423 sane
3591 383 3712 438 spes

447 459 713 528 diripiunt
750 456 875 511 illud
905 453 1119 527 (Matth.
1153 457 1253 523 ιι).
1289 474 1308 506 ι
1341 455 1417 508 Ex
1463 469 1571 522 quo
1599 453 1764 523 igitur
1796 461 2034 522 tempore

451 566 680 623 regnum
713 550 973 606 caelorum
1005 548 1110 601 vim
1150 546 1350 601 dicitur
1387 546 1521 615 pati,
1552 545 1895 614 perspicuum
1926 550 2030 609 est,

450 642 572 707 quia
598 641 709 711 jam
738 649 792 695 et
814 640 914 708 legi
946 639 1185 693 succedit
1212 637 1588 704 Evangelium:
1618 646 1672 691 et
1702 646 1823 706 post
1846 637 2030 701 Vetus,

450 733 658 787 Novum
679 746 968 786 coruscare
998 731 1195 784 merito
1224 731 1422 784 dicitur
1442 728 1879 783 Testamentum.
1906 712 2034 782 iure

448 839 580 896 ergo
604 825 753 879 dives
778 824 880 878 iste
910 839 1032 878 cum
1061 821 1307 891 reprohis
1353 830 1438 876 est
1465 821 1750 876 damnatus
1779 822 1832 875 in
1860 828 2032 874 tarta-

452 930 593 976 rum,
647 914 772 984 quia
829 929 954 967 cum
1004 911 1193 967 electis
1224 911 1396 966 noluit
1452 911 1564 965 vim
1621 911 1824 967 inferre
1868 925 2035 981 regno

448 1005 737 1061 caelorum.

522 1094 581 1150 Si
613 1095 735 1164 quis
766 1105 948 1150 autem
995 1093 1153 1148 nobis
1200 1091 1441 1162 objiciat,
1473 1092 1619 1161 quod
1668 1092 1819 1148 diviti
1861 1092 2034 1147 Abra-

448 1187 576 1241 ham
622 1186 793 1240 dicit:
850 1205 869 1237 ‹
902 1184 1111 1239 llabent
1162 1184 1396 1255 Moysen,
1431 1193 1485 1239 et
1527 1184 1828 1254 Prophetas
1869 1183 2029 1253 (Luc.

448 1276 585 1347 xw),
618 1294 636 1325 ›
672 1277 774 1328 hoc
801 1274 974 1341 ipsum
1011 1288 1107 1342 pro
1139 1273 1295 1327 nobis
1324 1272 1473 1327 facit.
1506 1272 1666 1338 Nam,
1705 1289 1826 1328 cum
1870 1272 2034 1328 Joan-

450 1383 547 1423 nes
574 1383 680 1421 non
720 1366 880 1422 modo
920 1366 1180 1435 prepheta
1227 1367 1320 1432 sit,
1352 1368 1447 1422 sed
1496 1377 1551 1421 et
1590 1368 1873 1438 plusquam
1909 1383 2034 1438 pro-

448 1458 634 1528 pheta,
664 1457 922 1527 quidquid
954 1457 1020 1510 ad
1052 1454 1310 1512 Joannem
1339 1459 1590 1524 mittitur,
1613 1459 1681 1513 ad
1710 1459 2031 1528 prophetam

450 1546 636 1618 procul
668 1546 828 1602 dubio
882 1546 1222 1613 destinatur;
1269 1548 1571 1617 prtesertim
1646 1565 1769 1603 cum
1824 1559 1879 1604 et
1931 1551 2032 1604 ista

451 1638 721 1692 sententia
780 1622 1011 1693 ‘Joannis
1082 1639 1429 1709 antiquorum
1485 1640 1873 1709 prophetarum
1926 1658 2032 1696 non

2136 460 2217 507 est
2244 453 2385 521 apud
2423 467 2541 506 eam
2587 452 2786 508 habere
2815 452 3147 522 confugium,
3174 470 3294 523 qua:
3325 456 3537 512 scilicet
3574 459 3713 516 inter

2134 560 2324 599 omnes
2354 544 2592 599 caelestis
2644 544 2809 599 curiae
2862 553 3165 609 senatores,
3198 545 3527 614 impetrandi
3571 552 3711 618 apud

2132 636 2305 705 Deum
2342 636 2571 704 primum
2603 637 2813 692 obtinet
2860 637 3056 693 locum.
3087 636 3291 707 Nempe
3320 640 3529 694 sororis
3579 657 3709 698 mea:

2135 725 2276 780 ﬁlios
2322 728 2634 794 Damianus,
2685 728 2951 798 religiosa:
3002 729 3251 785 videlicet
3290 730 3485 786 indolis
3532 733 3711 790 adole-

2135 829 2311 874 scens.
2341 815 2466 868 dum
2495 815 2609 869 haec
2639 831 2820 869 coram
2850 824 2926 871 eo‘
2960 817 3280 885 scriberem,
3328 821 3539 887 retulit,
3568 824 3709 893 quod

2134 902 2273 971 apud
2302 901 2503 957 Gallias
2532 903 2584 957 in
2626 903 2927 959 litterarum
2960 907 3155 963 studiis
3185 911 3536 974 constitutus,
3569 912 3707 966 fama

2133 992 2405 1062 vulgante,
2455 997 2729 1062 cognovit.
2784 996 3029 1053 Clericus
3086 999 3305 1067 quidam
3357 998 3709 1061 Nivernensis

2132 1081 2389 1139 Ecclesia:
2410 1086 2600 1140 morbo
2622 1089 2907 1157 depressus
2936 1089 3197 1159 elanguit,
3225 1088 3334 1158 jam
3358 1088 3585 1158 jamque
3615 1106 3705 1140 su-

2132 1184 2580 1242 perexcrescente
2620 1177 2885 1242 molestia,
2947 1180 3299 1235 moribundus
3350 1183 3418 1234 ad
3469 1191 3713 1236 extrema

2131 1264 2397 1332 pervenit.
2441 1265 2540 1320 Hic
2577 1266 2734 1335 plane
2781 1267 3020 1338 regulam
3067 1266 3168 1323 sibi
3199 1278 3399 1323 sancta:
3435 1270 3710 1326 servitutis

2134 1350 2423 1420 indixerat,
2481 1363 2540 1409 ut
2584 1355 2754 1410 beata:
2802 1357 2894 1411 Dei
2954 1359 3201 1427 genitrici
3258 1359 3575 1428 quotidiana
3617 1373 3712 1429 per

2135 1446 2376 1517 singulas
2408 1448 2572 1503 horas
2595 1448 2811 1504 laudum
2840 1461 2964 1504 vota
2995 1451 3350 1519 persolveret;
3390 1467 3624 1521 cumque
3645 1454 3710 1508 de

2132 1536 2240 1590 vita
2262 1536 2402 1591 illius
2421 1536 2533 1605 jazn
2561 1554 2720 1593 nemo
2742 1555 2879 1610 pene
2907 1541 3241 1606 conﬁderet;
3270 1552 3325 1597 et
3355 1541 3506 1596 velut
3532 1558 3713 1612 egres-

2134 1642 2293 1682 surus
2317 1627 2371 1681 in
2398 1626 2513 1695 ejus
2539 1639 2760 1698 pectore
2803 1630 3025 1700 spiritus
3055 1632 3217 1685 anxie
3251 1631 3563 1701 palpitaret,
3588 1647 3712 1687 ecce

451 1729 719 1783 discordet
745 1728 998 1783 oraculis,
1029 1730 1183 1798 Apud
1215 1730 1360 1798 ipsos
1399 1731 1544 1784 enim
1575 1746 1716 1801 smpe
1751 1731 1856 1790 ιιιιο
1906 1733 2033 1801 quid
2068 1723 2112 1782 Β
2141 1719 2371 1790 gloriosa
2404 1719 2577 1774 Mater
2616 1721 2710 1776 Dei
2769 1722 2872 1775 sibi
2916 1721 3206 1776 visibiliter
3254 1724 3452 1788 astitit,
3493 1732 3547 1777 et
3577 1722 3714 1778 sacri

450 1819 724 1874 invenitur
752 1837 765 1872 :
798 1837 817 1870 ι
850 1818 1060 1890 Frange
1089 1822 1347 1875 esurienti
1386 1837 1583 1892 panem
1615 1831 1788 1888 tuum,
1814 1832 1868 1877 et
1906 1838 2032 1891 cge-

448 1924 569 1976 nos,
621 1924 894 1980 vagosque
924 1910 1085 1966 induc
1118 1911 1172 1965 in
1217 1913 1435 1967 domum
1468 1922 1633 1980 tuam,
1683 1930 1806 1968 cum
1833 1914 2034 1970 videris

448 1994 674 2066 nudum,
701 2000 851 2070 operi
894 2016 1015 2056 eum
1050 2001 1205 2072 (Iani.
1235 2000 1410 2074 Lvm).
1450 2022 1467 2054 ι
1503 2003 1714 2075 Moyses
1753 2006 1918 2059 etiam
1948 2005 2031 2061 di-

448 2092 560 2146 cit:
596 2110 613 2143 i
644 2090 973 2160 Prophetam
1003 2091 1287 2145 suscitabit
1314 2092 1466 2146 vobis
1492 2093 1637 2147 Deus
1664 2094 1731 2148 de
1772 2093 2035 2149 fratribus

445 2184 880 2251 vestris,‘quem,
909 2191 969 2235 ut
996 2182 1279 2252 meipsum,
1315 2182 1547 2238 audietis
1582 2183 1760 2254 (Deut.
1798 2189 1974 2256 xviii).
2008 2203 2028 2238 ι

447 2273 516 2328 Ει
547 2273 660 2341 ipse
692 2271 950 2325 Dominus
977 2271 1089 2323 ait:
1145 2288 1163 2322 ι
1198 2271 1253 2325 Si
1287 2272 1582 2328 crederetis
1613 2273 1802 2345 Moysi,
1847 2278 2037 2332 crede-
2076 2260 2085 2263 ’

450 2363 582 2418 retis
637 2361 823 2430 utique
866 2359 1174 2430 ‘et_mihi.:
1228 2360 1295 2415 de
1350 2378 1435 2417 me
1471 2364 1613 2416 enim
1677 2365 1768 2420 ille
1821 2367 2038 2436 scripsit

452 2452 632 2525 (Joan.
657 2452 733 2523 v).
774 2472 792 2504 ι
829 2451 933 2519 Qui
989 2467 1119 2522 ergo
1153 2453 1219 2506 ad
1269 2452 1488 2524 Moysen
1537 2456 1833 2511 mittuntur
1871 2442 2035 2530 atque

450 2548 765 2617 prophetas,
799 2544 866 2599 ad
910 2541 1174 2599 Joannem
1205 2544 1392 2615 utique
1430 2546 1773 2602 destinantur
1800 2557 1856 2604 et
1880 2548 2038 2604 Chri-

449 2649 616 2694 suun.

521 2727 674 2796 Quou
709 2737 888 2782 autem
920 2742 1112 2781 rursus
1144 2726 1374 2798 inquiris
1405 2729 1533 2799 quid
1563 2729 1633 2784 sit
1664 2732 1807 2799 quod
1847 2731 1901 2786 in
1930 2733 2032 2787 alia

449 2818 662 2888 praefati
695 2818 943 2874 doctoris
972 2818 1238 2873 sententia
1285 2821 1568 2890 reperitur,
1597 2822 1786 2875 vitium
1812 2824 2041 2878 curiosi-

451 2911 598 2965 tatis.

525 3000 691 3073 224
735 3000 889 3067 Quod
922 3001 1008 3055 ille
1033 3002 1263 3055 obscure
1293 3002 1494 3069 posuit,
1524 3002 1701 3056 studio
1734 3004 2033 3071 brevitatis,

2137 1809 2318 1864 uberis
2340 1811 2535 1880 papilla
2566 1810 2647 1867 lae
2675 1813 3008 1882 exprimens,
3056 1812 3174 1883 ejus
3199 1812 3360 1868 labiis
3393 1814 3711 1880 instillavit;

2134 1908 2188 1954 et
2213 1900 2406 1956 divinae
2443 1904 2659 1958 virtutis
2701 1905 2944 1960 antidoto
2989 1906 3237 1975 protinus
3288 1905 3389 1969 ille,
3423 1905 3715 1975 resumptis

2136 1992 2362 2059 viribus,
2391 2009 2458 2049 ex
2490 1993 2806 2051 inﬁrmitate
2828 1996 3119 2062 convaluit,
3138 2007 3194 2052 et
3223 2014 3347 2052 mox
3374 1998 3715 2054 clericalibus

2135 2085 2471 2139 ornamentis
2506 2085 2742 2150 indutus,
2785 2085 3069 2142 ecclesiam
3096 2088 3250 2153 adiit,
3283 2103 3511 2158 seseque
3547 2090 3712 2143 choro

2135 2175 2479 2245 psallentium
2508 2175 2737 2230 fratrum
2785 2176 2938 2233 laetus
2995 2179 3351 2245 interserens,
3399 2179 3600 2231 mirum
3635 2178 3712 2231 vi-

2139 2265 2388 2321 dentibus
2416 2266 2782 2336 spectaculum
2828 2267 3079 2337 prmbuit.
3112 2269 3321 2323 Dicitur
3355 2268 3546 2331 etiam,
3575 2268 3716 2339 quod

2138 2357 2313 2411 adhuc
2342 2366 2471 2413 tunc
2499 2359 2550 2412 in
2578 2357 2735 2413 labiis
2766 2358 2881 2429 ejus
2913 2359 3159 2435 quaedam
3189 2359 3344 2413 lactis
3395 2360 3714 2417 videbantur

2135 2445 2385 2513 vestigia.
2417 2446 2545 2513 Quae
2571 2456 2750 2502 autem
2787 2448 2888 2503 sibi
2916 2447 3079 2503 verba
3126 2449 3186 2501 Β.
3218 2444 3384 2520 Virgo
3410 2449 3714 2519 protulerit,

2138 2534 2299 2605 225
2321 2536 2565 2605 quamvis
2599 2536 2728 2590 mihi
2766 2550 3035 2607 utcunque
3080 2537 3347 2603 dicantur,
3380 2539 3508 2608 quia
3540 2547 3715 2593 certus

2139 2642 2246 2680 non
2276 2643 2413 2691 sum,
2463 2642 2567 2683 non
2621 2628 2852 2685 adhibco
2882 2630 3061 2695 fidem,
3090 2632 3345 2697 quoniam
3390 2630 3442 2683 in
3476 2628 3717 2683 veritatis

2138 2715 2336 2771 lineam
2364 2717 2449 2773 vel
2502 2717 2695 2773 leviter
2735 2719 3030 2791 impingere
3084 2722 3444 2791 pertimesco:
3477 2720 3719 2790 quamvis

2138 2822 2236 2877 per
2257 2809 2359 2863 hoc
2389 2808 2582 2879 conjici
2617 2810 2803 2877 possit,
2829 2809 3084 2878 quoniam
3109 2811 3295 2865 iisdem
3325 2810 3502 2877 labiis,
3529 2812 3719 2880 quibus

2139 2914 2259 2953 eam
2284 2898 2370 2953 ille
2392 2898 2626 2953 laudavit
2653 2908 2707 2953 et
2730 2900 2914 2967 coluit,
2949 2901 3184 2970 gloriosa
3207 2901 3371 2970 Virgo
3420 2900 3503 2954 lac
3530 2901 3720 2956 salutis

2143 2990 2405 3045 immulsit
2437 3009 2449 3043 :
2492 3002 2550 3044 ut
2582 3008 2679 3061 per
2708 2992 2836 3045 illud
2866 2994 3111 3062 corporis
3138 2992 3463 3059 membrum,
3490 3009 3600 3063 quo
3621 2994 3720 3048 sibi

450 3091 514 3146 Β.
546 3091 832 3160 Augustini
873 3090 1055 3145 verbis
1100 3104 1167 3145 ex
1226 3090 1364 3144 nodo
1411 3105 1496 3143 me
1539 3091 1700 3161 hujus
1751 3095 2034 3163 expediam
2064 3073 2108 3136 C
2140 3081 2465 3137 venerabilis
2498 3082 2727 3138 clericus
2774 3082 2949 3137 laudis
2996 3083 3265 3139 obtulerat
3293 3083 3546 3154 gloriam,
3597 3099 3721 3137 con-

452 3184 786 3255 quaestionis.
813 3183 904 3238 Ait
927 3185 1095 3249 enim,
1120 3184 1246 3238 dum
1278 3183 1340 3237 Β.
1368 3182 1592 3239 Joannis
1619 3186 1845 3254 apostoli
1877 3202 2035 3257 expo-

452 3276 535 3330 nit
592 3275 898 3344 epistolam,
952 3274 1279 3329 desiderium
1331 3274 1610 3329 oculorum
1650 3276 1780 3330 dicit
1820 3292 2037 3333 onmem

454 3367 841 3423 curiositatem.
875 3364 993 3419 Jam
1041 3380 1205 3435 quam
1233 3363 1340 3419 late
1382 3374 1528 3434 patet
1557 3366 1845 3421 curiositas
1883 3366 2035 3437 ipsa;

455 3457 510 3511 in
534 3455 876 3527 spectaculis,
896 3455 950 3509 in
983 3455 1229 3521 theatris,
1254 3455 1309 3509 in
1344 3457 1700 3510 sacramentis
1738 3456 2036 3523 diabolicis,

453 3549 509 3604 in
541 3548 766 3619 magicis
796 3548 1029 3611 artibus,
1060 3548 1114 3601 in
1151 3547 1433 3602 maleﬁciis
1463 3548 1578 3618 ipsa
1609 3558 1687 3602 est
1715 3549 2034 3616 curiositas;

452 3640 746 3711 aliquando
776 3647 945 3694 tentat
968 3654 1153 3695 servos
1196 3640 1311 3706 Dei,
1341 3649 1399 3694 ut
1431 3640 1593 3694 velint
1624 3640 1777 3710 quasi
1807 3641 2040 3696 miracu-

454 3730 566 3787 lum
612 3729 818 3796 facere,
871 3738 1083 3784 tentare
1115 3738 1296 3784 utrum
1343 3731 1596 3785 exaudiat
1627 3747 1721 3787 eos
1769 3730 1930 3787 Deus.
1980 3733 2039 3788 ln

457 3822 738 3879 miraculis
778 3821 1171 3886 curiositatem,
1204 3820 1307 3876 hoc
1355 3821 1683 3877 desiderium
1726 3838 1832 3877 non
1875 3831 1960 3878 est
2008 3839 2041 3879 a

454 3913 635 3968 Patre.
692 3912 896 3968 Solutis
958 3926 1088 3980 ergo
1139 3912 1552 3981 quaestionibus,
1601 3912 1850 3968 beneﬁcii
1916 3924 2042 3984 peto

455 4006 653 4069 vicem,
688 4014 748 4059 ut
797 4012 997 4059 sanctae
1026 4004 1292 4059 orationis
1324 4013 1426 4058 tum
1462 4018 1681 4059 merear
1709 4005 2039 4075 portionem.

457 4097 634 4149 Aucto
675 4095 871 4165 quippe
899 4094 1106 4149 fanore
1150 4094 1435 4160 mercedis,
1481 4094 1608 4149 talio
1638 4096 1968 4162 redhibetur,
1998 4099 2043 4154 si

457 4187 764 4258 peccatoris
806 4185 1116 4241 obedientia
1150 4186 1327 4240 sancti
1357 4185 1457 4239 viri
1496 4187 1749 4256 precibus
1783 4202 2040 4261 compen-

456 4287 628 4334 εθιυν.

975 4364 1310 4421 EPISTOLA
1348 4365 1538 4421 XXIX.

870 4475 938 4514 AD
975 4475 1290 4515 STEPHANUM
1331 4476 1637 4516 MONACBUI.

457 4552 857 4606 Ancuuenruu.
884 4580 953 4589 —
976 4549 1253 4620 Stephano
1276 4550 1486 4605 cuidam
1511 4553 1776 4608 monacho
1803 4554 1906 4611 duo
1930 4567 2045 4613 tan-

527 4637 694 4692 quam
724 4620 1092 4692 ,saluberrima
1136 4622 1407 4691 pracipue
1443 4624 1820 4688 commendat;
1848 4624 1909 4682 B.
1935 4629 2045 4685 Ma-

536 4691 632 4747 riae
686 4691 911 4766 virginis
954 4693 1188 4766 cilicium
1221 4692 1477 4766 _singul_is_
1514 4693 1704 4749 diebus
1737 4697 1946 4766 recitet,
1989 4712 2044 4759 et

531 4777 700 4833 sacra:
757 4762 1051 4830 Scriptura:
1111 4761 1328 4816 lectioni
1391 4762 1676 4833 diligenter
1740 4761 2039 4828 incumbat.

532 4832 775 4899 Quorum
809 4832 1088 4900 utriusque
1117 4842 1317 4901 quanta
1332 4834 1402 4887 sit
1427 4832 1652 4898 utilitas,
1677 4835 1854 4891 docet.

535 4923 744 4978 Domuo
768 4922 1052 4978 S'rsrnmo
1085 4923 1338 4994 religioso
1364 4924 1504 5006 viro,
1540 4923 1759 4981 PETBUS
1787 4937 2042 4996 peccator

463 5016 761 5071 monachus
781 5015 1012 5069 salutem
1040 5014 1094 5068 in
1121 5015 1371 5071 Domino.

2140 3190 2272 3244 grua
2300 3175 2665 3230 vicissitudine
2705 3176 3086 3246 recuperanda:
3115 3176 3302 3230 salutis
3341 3192 3451 3230 sua:
3471 3177 3718 3248 percipe-

2141 3276 2223 3319 ret
2252 3266 2596 3320 medieinam.
3042 3260 3055 3273 ’

2210 3354 2341 3409 Illud
2379 3366 2639 3425 prreterea
2684 3367 2883 3411 sancta:
2931 3357 3229 3427 prudentia:
3279 3366 3382 3413 tua:
3428 3372 3723 3430 snggerere

2141 3450 2502 3503 necessarium
2525 3449 2785 3519 judicavi,
2810 3459 2867 3504 ut
2897 3449 2981 3505 vel
3006 3465 3280 3505 sacrarum
3311 3450 3721 3521 Scripturarum

2141 3539 2347 3608 pagina:
2371 3554 2584 3608 semper
2628 3547 2911 3594 versentur
2955 3540 3010 3594 in
3047 3540 3317 3595 manibus.
3362 3541 3420 3595 ln
3469 3541 3559 3595 his
3585 3550 3723 3596 totus

2142 3641 2281 3696 esto,
2320 3631 2406 3685 his
2452 3631 2767 3697 immorare,
2796 3631 2850 3685 in
2896 3630 2981 3687 his
3012 3632 3214 3702 jugiter
3262 3633 3577 3702 requiesce;
3628 3647 3724 3688 nec

2141 3738 2264 3777 cum
2315 3721 2665 3777 szecularibus
2719 3729 2771 3776 te
2817 3722 3047 3777 delectet
3096 3725 3325 3778 miscere
3370 3723 3720 3799 colloquium,

2141 3814 2285 3883 quod
2337 3812 2536 3868 mentis
2584 3812 2751 3867 Deum
2797 3812 3089 3881 quaerentis
3134 3828 3277 3883 saepe
3311 3816 3630 3869 reverberat
3673 3824 3724 3868 et

2143 3902 2422 3958 confundit
2452 3902 2720 3957 obtutum.
2755 3901 2904 3957 Mens
2932 3911 3021 3957 tua
3048 3902 3245 3958 divinis
3274 3919 3332 3958 se
3362 3903 3725 3961 voluminibus

2143 4004 2391 4065 occupet,
2421 3995 2507 4049 his
2534 3994 2758 4059 intenta,
2792 3994 3038 4065 pervigili
3078 4009 3295 4065 semper
3321 3995 3581 4050 instantia
3612 4012 3727 4067 per-

2144 4093 2376 4140 severet.
2409 4084 2503 4139 His
2540 4084 2793 4153 antiquus
2824 4084 3109 4137 insidiator
3129 4099 3251 4138 cum
3295 4092 3345 4139 te
3377 4085 3525 4140 videt
3555 4086 3727 4140 inten-

2149 4185 2278 4241 tum,
2306 4175 2456 4231 velut
2498 4174 2711 4230 hostem
2739 4173 2874 4244 fugit
2919 4182 3187 4228 armatum
3215 4182 3271 4229 et
3299 4175 3452 4229 timet
3483 4177 3727 4230 cominus

2146 4269 2388 4341 aggredi,
2428 4268 2599 4323 donec
2630 4275 2683 4322 te
2723 4266 2989 4336 conspicit
3032 4266 3116 4320 his
3148 4266 3269 4322 telis
3299 4275 3353 4321 et
3402 4266 3729 4337 impenetra-

2146 4362 2262 4427 bili,
2297 4368 2355 4414 ut
2398 4359 2474 4415 ita
2520 4359 2716 4424 fatear,
2760 4358 2927 4414 lorica
2973 4358 3194 4413 muniri.
3231 4358 3377 4413 ldem
3427 4359 3595 4430 plane
3641 4359 3726 4431 qui

2148 4466 2330 4521 supra,
2356 4464 2509 4504 meus
2536 4448 2901 4518 Exadelphus,
2929 4457 3077 4504 certa
3104 4464 3161 4504 se
3186 4448 3448 4503 relatione
3475 4449 3727 4505 didicisse

2148 4542 2391 4597 narravit
2427 4542 2552 4612 quia
2587 4540 2990 4596 Northmannus
3038 4541 3278 4611 quidam,
3310 4540 3439 4595 dum
3485 4557 3594 4596 non
3634 4541 3727 4595 mi-

2146 4634 2347 4688 nimam
2386 4647 2671 4687 aurcorum
2703 4632 3010 4702 congeriem
3047 4633 3352 4702 possideret
3379 4646 3553 4702 eoque
3589 4631 3728 4686 unde

2146 4724 2326 4781 fuerat
2375 4724 2637 4780 oriundus
2692 4724 2872 4778 redire
2921 4724 3295 4789 contenderet,
3337 4723 3497 4792 cmpil
3530 4723 3723 4795 (locus,

2145 4819 2288 4890 cor.)
2324 4830 2433 4874 tam
2471 4818 2700 4873 crimine
2729 4816 3021 4873 formidare
3060 4831 3221 4885 quam
3251 4816 3393 4880 vitzr,
3435 4830 3505 4870 ne
3541 4815 3725 4870 videli-

2148 4922 2236 4971 cet
2270 4912 2313 4966 si
2337 4908 2716 4968 suffarcinatus
2747 4907 3043 4973 incederet,
3077 4906 3319 4960 isturicie
3358 4903 3448 4978 [f.,
3493 4902 3721 4977 injustte]

2148 5003 2467 5076 direptionis
2503 4999 2762 5069 impetum
2797 4997 3134 5053 incurrisset.
3167 4996 3409 5066 Cumque
3441 4996 3493 5051 id
3531 4995 3723 5051 sollici-

2531 5088 2878 5112 _..-.’:-..A:n-.n
2930 5087 3222 5112 _l\-nl\‘-.A.¢A‘
3307 5096 3356 5112 Λι
3408 5104 3438 5112 -ς
3464 5101 3492 5112 Α
3519 5088 3565 5112 Ἀ
3607 5087 3697 5112 ξιιηδ
