3950 5344
180 313 278 368 431

1347 297 1548 354 LIBER
1589 295 1882 364 SEXTUS,
1923 293 2138 352 EPIST.
2171 295 2380 352 XXXII.

3343 301 3452 360 ης

179 418 466 481 Proxima,
497 411 694 482 inquit,
721 415 904 474 nocte,
933 407 1176 464 collectis
1205 421 1386 462 rerum
1419 417 1630 462 tuarum
1653 424 1768 462 sar—
1795 420 1841 472 Α
1871 407 2152 478 spiritibus
2197 409 2478 466 valeamus
2507 409 2866 470 infmderabili
2915 414 3212 473 certamine
3254 416 3454 473 trium-

180 507 400 571 cinulis,
443 505 724 574 requiesce
749 515 942 569 meque
977 500 1042 552 ad
1075 508 1126 552 te
1151 507 1432 552 venturum
1461 499 1578 552 sine
1599 499 1762 554 dubio

179 597 518 672 prtestolare,
565 605 626 650 ut
656 609 756 664 ego
803 601 1070 646 nocturno
1115 589 1330 644 silentio
1379 589 1764 659 superveniens

181 702 340 760 teque
369 688 667 758 reperiens,
700 687 804 740 iter
830 695 1060 754 uterque
1105 683 1266 738 simul
1303 685 1598 738 debeamus
1621 685 1762 736 arri-

178 799 328 854 pere.
370 781 612 838 Credidit
657 781 818 834 itomo
863 777 1205 832 sermonibus
1233 777 1558 845 alloquentis
1592 785 1648 830 et
1677 791 1766 830 so-

179 874 296 944 pori
324 887 382 928 se
411 873 654 938 tradens,
679 869 820 924 sicut
845 867 1156 922 admonitus
1187 867 1384 930 fuerat,
1410 868 1763 938 exspectavit.

181 963 384 1018 Eadem
413 969 574 1016 nocte
615 959 918 1028 versipellis
947 957 1172 1027 spiritus
1211 957 1278 1010 ad
1315 972 1440 1010 eum
1477 957 1618 1010 sicut
1642 971 1766 1025 pro-

179 1053 404 1108 miserat
431 1051 581 1106 venit
607 1051 766 1120 eique
814 1048 952 1104 dixit
985 1066 998 1100 :
1029 1048 1168 1104 Ecce
1199 1057 1270 1112 te,
1301 1047 1420 1102 sine
1443 1055 1534 1100 tuo
1558 1047 1764 1112 labore,

179 1143 236 1196 in
281 1141 518 1210 patriam
569 1149 740 1204 tuam,
787 1147 839 1194 te
897 1138 1192 1202 nesciente,
1250 1137 1461 1203 reduxi,
1523 1147 1578 1192 et
1621 1138 1766 1206 quod

181 1231 276 1284 tibi
325 1230 688 1300 promiseram
732 1243 839 1284 non
882 1227 1063 1298 segnis
1107 1225 1346 1296 implevi.
1399 1227 1644 1296 Cumque
1707 1241 1769 1282 se

179 1321 346 1376 homo
366 1336 534 1390 super
561 1321 734 1374 rivum
765 1319 1076 1389 quemdam,
1102 1333 1262 1388 quem
1291 1319 1492 1372 dudum
1523 1318 1768 1388 apprime

179 1419 432 1474 noverat,
469 1409 785 1474 invenisset,
817 1417 872 1462 et
897 1407 1016 1462 loca
1045 1421 1272 1477 qumque
1297 1407 1548 1476 contigua
1590 1409 1770 1478 inspe-

179 1509 302 1556 rato
345 1517 412 1555 ac
457 1501 638 1554 subito
669 1499 1000 1568 postliminio
1045 1498 1220 1552 revisa
1264 1507 1630 1568 cognosceret,
1663 1506 1772 1552 trc-

181 1595 452 1650 mefactus
495 1594 734 1663 expavit,
767 1601 822 1648 et
865 1593 1008 1646 hunc
1037 1591 1334 1662 malignum
1363 1591 1634 1661 spiritum,
1677 1591 1768 1660 qui

179 1701 239 1740 se
263 1694 374 1739 tam
407 1693 632 1754 repente
673 1685 738 1738 de
765 1683 1078 1754 longinquis
1105 1683 1304 1738 finibus
1333 1691 1766 1752 tranSposuerat,

183 1777 558 1832 indubitanter
601 1775 838 1846 agnovit.
896 1774 994 1828 Cui
1047 1789 1174 1830 mox
1219 1775 1442 1845 spiritus
1494 1773 1767 1830 fallaciter
1797 1777 1842 1836 Β

179 1883 374 1933 verax,
427 1868 541 1922 imo
577 1867 849 1922 veraciter
891 1865 1076 1933 fallax,
1107 1865 1404 1932 ait:Vide,
1443 1882 1550 1922 non
1593 1865 1768 1938 negli-

177 1973 276 2030 gas
305 1967 366 2011 ut
389 1957 580 2028 quinta
611 1955 744 2010 feria
781 1956 1031 2026 proxime
1053 1965 1281 2010 ventura
1325 1956 1430 2010 huc
1467 1955 1536 2009 ad
1563 1971 1654 2011 me
1679 1971 1766 2012 ve-

179 2051 298 2105 nias
345 2059 402 2104 et
437 2049 720 2119 praefixum
775 2047 1040 2104 mercedis
1099 2063 1229 2102 mea!
1279 2047 1522 2103 debitum
1571 2047 1770 2102 solvas.

179 2141 388 2208 Quibus
417 2141 642 2206 auditis,
671 2139 755 2192 vir
805 2139 898 2194 ille
941 2141 1278 2194 sacerdotem
1327 2139 1614 2208 quemdam
1645 2155 1774 2194 con-

179 2233 320 2286 citus
363 2231 521 2296 adiit,
577 2245 805 2300 quaeque
855 2230 958 2284 sibi
988 2230 1332 2299 contigerant
1377 2243 1475 2298 per
1521 2229 1772 2282 ordinem

182 2321 402 2388 retulit;
463 2322 595 2391 quid
651 2321 814 2376 etiam
861 2321 964 2376 sibi
1007 2321 1074 2374 de
1117 2319 1342 2390 praefato
1403 2319 1583 2374 debito
1631 2319 1775 2374 foret

179 2413 452 2483 agendum
485 2411 722 2467 solerter
761 2411 1062 2480 inquisivit.
1103 2411 1274 2478 Quem
1315 2411 1603 2482 presbyter
1630 2425 1774 2478 aqua

179 2504 526 2559 sanctificata
572 2519 876 2574 respersum
904 2545 918 2570 ,
971 2503 1294 2572 quibusdam
1341 2503 1514 2558 sacris
1577 2503 1774 2558 litteris

179 2603 608 2664 sanctorumque
663 2595 980 2664 patrociniis
1029 2595 1360 2664 praemunit,
1417 2610 1652 2665 eumque
1706 2595 1775 2650 ad

181 2685 538 2740 constitutum
573 2685 855 2740 remittens
879 2685 1077 2750 locum,
1119 2684 1356 2740 condicti
1396 2684 1566 2740 debiti
1604 2699 1776 2754 quan-

183 2777 416 2842 titatem,
449 2791 556 2830 non
593 2783 652 2829 ut
701 2776 944 2830 exactori
989 2777 1326 2844 nequissimo
1367 2775 1630 2840 traderet,
1679 2774 1776 2828 sed

181 2876 243 2920 ut
271 2867 328 2920 in
371 2881 434 2920 os
465 2866 632 2937 226
658 2867 774 2936 ejus
819 2865 1130 2936 projiceret,
1166 2865 1473 2935 imperavit.
1526 2865 1776 2933 Cumque

183 2958 252 3013 ad
279 2958 568 3028 przet‘atum
611 2959 786 3013 Ineunt
825 2969 1052 3028 uterque
1097 2959 1327 3012 invicem
1373 2957 1775 3022 convenissent,

185 3057 241 3102 et
286 3049 372 3104 vir
399 3049 490 3103 ille
529 3050 826 3120 byzanteos
873 3049 926 3104 in
978 3065 1172 3116 aerem_
1213 3057 1514 3118 spargeret,
1549 3049 1772 3104 dicens:

185 3135 338 3192 Tolle
377 3137 618 3192 debitum
669 3147 842 3204 tuum,
889 3137 1133 3192 diabolus
1177 3137 1360 3206 procul
1411 3138 1672 3192 assistens
1711 3151 1774 3190 ac
1801 3127 1847 3190 C

181 3231 410 3300 prepius
445 3231 710 3284 accedere
753 3239 1002 3286 metuens
1032 3229 1290 3298 conqueri
1325 3230 1494 3297 cmpit
1519 3239 1573 3282 et
1599 3228 1778 3297 gravi-

185 3329 268 3375 ter
300 3319 670 3388 expostulare,
710 3320 894 3374 dicens
923 3339 934 3372 :
963 3319 1226 3374 Armatus
1257 3321 1521 3374 adversus
1549 3335 1638 3374 me
1683 3335 1779 3374 ve-

183 3410 304 3476 nis;
335 3409 457 3464 telis
485 3409 784 3478 gladiisque
823 3409 1171 3478 praecinctus,
1205 3417 1464 3479 tanquam
1505 3409 1778 3484 pt'mlizttu-

185 3516 282 3556 rus
305 3501 574 3556 occurris.
613 3499 716 3556 Ubi
756 3511 838 3554 est
879 3499 1014 3554 fides
1059 3501 1180 3554 tua?
1206 3497 1324 3553 Jam
1357 3501 1482 3568 quia
1519 3499 1614 3553 tibi
1651 3515 1776 3568 pro-

183 3595 454 3664 pinquare
483 3609 592 3648 non
645 3593 841 3660 audeo,
873 3591 1121 3647 mercede
1169 3607 1288 3645 mea
1329 3593 1624 3646 frustratus
1649 3591 1774 3644 abs-

186 3687 356 3752 cedo;
397 3697 454 3740 et
497 3701 624 3741 mox
671 3700 854 3739 aerem
903 3686 1196 3738 obscurum
1225 3684 1438 3738 turbine
1485 3683 1779 3736 concitavit

185 3786 242 3832 et
265 3793 392 3832 cum
425 3791 622 3846 magno
645 3774 849 3830 furoris
881 3775 1089 3844 impetu
1119 3772 1186 3827 ab
1211 3781 1434 3842 aspectu
1460 3772 1777 3842 trepidantis

186 3867 430 3922 evanuit.
469 3865 572 3932 Qui
621 3866 872 3936 protinus
921 3879 1138 3930 aureos,
1186 3873 1247 3918 ut
1271 3861 1512 3931 jacebat,
1557 3875 1587 3914 e
1629 3861 1778 3930 pavi-

187 3969 374 4014 mento
401 3959 652 4030 collegit;
707 3974 770 4013 ac
813 3973 1008 4012 rursus
1036 3959 1106 4011 ad
1147 3956 1487 4011 sacerdotem
1535 3953 1775 4018 rediens,

187 4053 312 4123 quid
339 4053 446 4108 sibi
477 4051 546 4106 de
599 4053 686 4106 his
715 4051 982 4122 agendum
1029 4057 1194 4114 esset,
1229 4049 1508 4118 inquirere
1549 4047 1775 4100 studuit.

189 4143 358 4210 Quem
391 4144 684 4214 presbyter
721 4143 787 4198 de
834 4143 1226 4212 byzanteorum
1275 4139 1598 4196 collectione
1623 4138 1780 4193 valde

187 4235 472 4305 corripuit,
517 4235 606 4290 cui
641 4243 822 4286 tamen
863 4231 964 4286 hoc
993 4230 1277 4286 consilium
1305 4230 1478 4294 dedit,
1505 4237 1564 4282 ut
1599 4243 1666 4281 ex
1696 4228 1781 4282 his

189 4325 242 4380 in
291 4307 414 4380 loco
462 4324 599 4379 satis
651 4322 963 4377 necessario
1011 4330 1231 4390 pontem
1278 4325 1642 4383 construeret,
1689 4316 1780 4386 qui

187 4417 618 4474 commeantium
666 4413 854 4468 usibus
900 4411 1216 4482 profuturus
1259 4419 1422 4466 esset.
1473 4407 1641 4478 Cujus
1689 4408 1780 4464 ille

185 4510 371 4566 verbis
421 4506 710 4563 humiliter
757 4505 958 4572 paruit,
1011 4512 1067 4557 et
1113 4513 1360 4574 pontem,
1415 4502 1558 4558 sicut
1593 4500 1778 4570 jussus

183 4599 386 4664 fuerat,
416 4595 736 4652 fabricavit.
771 4592 876 4648 Sed
907 4593 1166 4663 quidquid
1191 4592 1282 4646 ille
1313 4607 1436 4646 cum
1484 4592 1702 4646 latomis
1726 4598 1779 4645 et

181 4690 564 4748 cmmentariis
623 4686 960 4742 elaborando
999 4684 1331 4748 construxit,
1386 4683 1490 4737 hoc
1533 4681 1778 4736 diabolus

181 4795 460 4840 nocturno
515 4779 740 4836 silentio
809 4777 1075 4832 violenter
1129 4777 1406 4840 obruens,
1471 4775 1773 4844 dissipavit.

181 4877 356 4945 Quem
381 4875 682 4946 prazdictus
703 4873 786 4926 vir
812 4885 986 4941 usque
1013 4870 1170 4926 tertia
1215 4869 1328 4924 sive
1357 4876 1574 4937 quarta,
1604 4877 1662 4921 ut
1691 4867 1774 4922 di—

181 4971 348 5034 citur,
379 4969 524 5033 vice,
563 4977 648 5022 est
669 4977 901 5022 conatus
929 4964 1160 5032 erigere.
1203 4960 1310 5016 Sed
1345 4959 1604 5030 quidquid
1635 4975 1776 5030 pra:-

184 5061 404 5117 cedenti
433 5060 522 5116 die
551 5073 662 5112 non
707 5058 822 5112 sine
855 5071 1056 5123 magno
1091 5054 1275 5108 labore
1305 5053 1626 5117 construxit,
1675 5054 1778 5109 hoc

185 5151 273 5206 die
313 5151 490 5206 altero
529 5164 634 5219 per
661 5159 961 5204 nocturnas
1005 5145 1202 5200 diaboli
1249 5144 1536 5198 machinas
1563 5143 1774 5198 destru-

191 5253 334 5268 at...“
359 5241 562 5268 ...ι-ιηυει
623 5240 684 5268 III
715 5241 884 5268 τηεμ...
913 5246 1108 5268 ’.ωιτη-η
1143 5240 1386 5268 Λνηηίιηιη
1429 5236 1582 5268 ιιοιῖιισ
1614 5241 1738 5268 Λη-Ει

1813 4476 1859 4534 D

1870 501 2059 568 pltare,
2091 501 2348 570 Apostolo
2373 517 2473 556 nos
2513 505 2857 570 exhortante,
2891 509 2984 578 qui
3015 512 3122 562 ait:
3163 523 3182 558 ι
3218 505 3450 564 Sumen-

1873 600 1951 644 tcs
1981 603 2194 644 scutum
2227 593 2374 656 fidei,
2409 593 2462 648 in
2505 611 2614 664 quo
2647 598 2866 664 possitis
2897 601 3076 654 Omnia
3103 597 3210 652 tela
3239 603 3455 669 nequis-

1867 681 1990 734 simi
2021 683 2172 750 ignea
2205 685 2574 753 exstinguere,
2605 695 2660 738 et
2697 687 2902 755 galeam
2933 689 3122 744 salutis
3163 693 3448 754 assumite,

1857 779 1924 822 et.
1953 769 2191 838 gladium
2237 773 2481 839 spiritus,
2523 777 2664 842 qttod
2711 786 2794 828 est
2839 779 3062 832 verbum
3107 780 3198 834 Dei
3227 783 3445 851 (Ephes.

1869 862 1966 932 vr).
2007 879 2030 912 ι
2091 861 2203 916 lIoc
2267 863 2451 933 itaque
2503 865 2682 934 gladio
2713 907 2727 930 ,
2779 867 3170 934 dilectissime,
3241 889 3458 942 semper

1868 953 2174 1024 accingere,
2208 969 2316 1024 quo
2347 955 2594 1008 videlicet
2643 965 2698 1010 et
2741 957 2966 1014 callidus
2997 961 3280 1016 insidiator
3321 979 3454 1015 cou-

1869 1041 2046 1098 fossus
2085 1045 2334 1106 intereat,
2383 1055 2436 1097 et
2465 1047 2714 1100 Christus
2742 1047 2794 1100 in
2831 1058 2884 1102 te
2923 1051 3067 1102 velut
3097 1051 3153 1104 in
3207 1054 3454 1106 munitis-

1869 1134 2008 1189 simo
2029 1143 2333 1190 castrorum
2355 1151 2575 1189 suorum
2605 1139 3009 1208 propugnaculo
3033 1141 3204 1196 victor
3226 1143 3448 1196 existat.

2385 1265 2721 1322 EPISTULA
2761 1269 2930 1324 XXX.

1870 1371 1940 1410 AD
1991 1369 2274 1410 TEUZONEM
2325 1373 2616 1413 MONACIIL’M
2680 1375 2998 1416 MONASTERII
3049 1379 3368 1422 FLOHENTINI
3406 1383 3450 1422 S.

2561 1445 2762 1483 ΙΙᾹῙΠᾸΞ.

2109 1516 2519 1588 (Habeturtom.
2545 1521 2664 1586 Ill,
2699 1532 2876 1592 estque
2897 1541 3074 1592 apusc.
3108 1525 3222 1596 51.)

2381 1613 2716 1686 EPISTOLA
2761 1633 2954 1689 xxxi.

1875 1733 1944 1773 AD
1982 1735 2278 1776 DOMINICUH
2319 1737 2623 1778 LOIIICATUM
2665 1742 2897 1780 PIthliI-IM
2929 1744 2976 1782 S.
3011 1745 3191 1784 MARIIE
3233 1747 3451 1800 SITBL£,

2385 1809 2611 1856 EJUSQUE
2650 1811 2938 1852 saeuius.

2095 1883 2364 1954 (Uabetur
2390 1893 2516 1938 tom.
2556 1885 2677 1951 HI,
2705 1899 2880 1958 estque
2911 1906 3090 1959 opusc.
3119 1891 3236 1962 55.)

2361 1997 2702 2056 EPISTOLA
2743 2001 2956 2056 XXXII.

1977 2103 2047 2142 AD
2101 2101 2228 2144 SUOS
2283 2105 2552 2144 EREMITAS
2609 2105 2930 2146 MONASTEIIII
2989 2107 3350 2148 GAMUGNENSIS

2477 2175 2524 2215 5.
2575 2177 2848 2216 BARNABJE.

1871 2277 2270 2330 ARGUMENTUM.
2325 2307 2396 2316 -—
2443 2277 2732 2331 Monachus
2779 2279 2828 2331 in
2880 2277 3040 2332 vicini
3104 2279 3205 2332 sibi
3260 2280 3457 2334 montis

1944 2363 2126 2418 eremo
2185 2357 2584 2402 commorantes
2645 2347 2804 2418 227
2863 2349 3246 2417 reprehendit,
3316 2351 3460 2418 quod

1943 2417 2206 2486 quasdam
2253 2417 2398 2484 leges
2439 2433 2468 2472 a
2515 2433 2574 2472 se
2623 2417 2693 2472 in?
2721 2417 2906 2473 eurum
2963 2421 3294 2472 monasterio
3326 2417 3458 2474 con-

1945 2489 2163 2542 stitutas
2190 2504 2413 2558 prorsus
2439 2489 2772 2559 negligerent
2801 2498 2854 2542 et
2879 2489 3164 2552 violarent,
3196 2489 3452 2559 quodque

1947 2560 2000 2613 itt
2025 2559 2346 2626 quibusdam
2375 2558 2536 2611 rebus
2569 2559 2916 2613 saecularibus
2951 2558 3264 2614 scandalum
3304 2560 3458 2614 aﬂ'er-

1947 2637 2087 2682 rent.
2134 2629 2363 2682 Eosdem
2405 2643 2640 2696 quoque,
2671 2629 2814 2698 quod
2863 2637 3198 2684 terrenarum
3247 2630 3461 2684 divitia-

1945 2711 2064 2772 rum
2099 2698 2408 2768 cupidiores
2435 2707 2620 2752 essent
2665 2700 2916 2772 quodque
2945 2700 3082 2772 cibis
3125 2699 3457 2772 delicatiori-

1945 2769 2045 2822 bus
2069 2777 2351 2820 uterentur
2375 2783 2536 2836 quam
2567 2769 2755 2822 eorum
2792 2779 2942 2823 arcto
2965 2769 3180 2824 vivendi
3209 2770 3458 2824 instituto

1946 2839 2278 2910 conveniret,
2308 2838 2627 2910 gravissime
2653 2839 2991 2910 perstringit.
3019 2841 3098 2894 Ad
3128 2849 3455 2906 extremum,

1945 2917 2154 2980 quanta
2186 2909 2257 2960 sit
2297 2909 2477 2960 cautio
2507 2909 2806 2980 adhibenda
2838 2909 2909 2962 in
2947 2910 3012 2962 iis
3040 2911 3222 2975 rebus,
3259 2927 3379 2980 quae
3426 2925 3459 2964 a

1945 2977 2242 3046 majoribus
2273 2987 2420 3031 recte
2460 2978 2775 3033 constituta:
2811 2988 2955 3042 sunt,
2985 2977 3300 3046 evellendis',
3332 2996 3461 3036 nou-

1946 3051 2216 3102 nnllorum
2245 3047 2443 3102 infelici
2471 3049 2859 3104 menachorum
2889 3051 3037 3102 exitu
3069 3052 3328 3106 ostendit.
3373 3109 3378 3116 l

1947 3136 2230 3192 Fratribus
2269 3137 2322 3190 in
2349 3135 2616 3207 Gamugni
2663 3152 2850 3194 eremo
2893 3141 3220 3206 constitutis,
3247 3140 3463 3197 Psrnus

1877 3239 2133 3300 peccator
2161 3231 2458 3284 monachus
2479 3231 2731 3286 salutem.

1954 3338 1972 3371 ι
2001 3319 2170 3374 Filius
2209 3321 2444 3390 sapiens,
2473 3323 2549 3375 ait
2578 3321 2854 3388 Salomon,
2887 3323 3124 3378 laetificat
3143 3332 3374 3393 patrem,
3399 3324 3460 3378 fi-

1877 3408 1980 3464 lius
2009 3426 2138 3464 vero
2166 3411 2361 3465 stultus
2383 3412 2638 3466 tttmstitia
2665 3422 2748 3466 est
2767 3412 2958 3466 matris
2984 3428 3096 3467 sua:
3117 3411 3300 3482 (Prov.
3321 3417 3398 3482 χ).
3435 3433 3454 3466 ι

1878 3501 1980 3568 Qui
2025 3518 2212 3557 rursus
2270 3503 2346 3556 ait
2383 3521 2396 3557 :
2431 3519 2449 3552 ι
2480 3503 2581 3568 Qui
2633 3512 2927 3572 congregat
2973 3503 3026 3556 in
3071 3519 3278 3569 messe,
3323 3503 3466 3558 filius

1877 3592 2092 3659 sapiens
2129 3601 2244 3657 est;
2275 3593 2366 3661 qui
2409 3603 2590 3646 autem
2621 3595 2810 3648 stertit
2839 3594 2892 3646 in
2920 3601 3132 3656 aestate,
3162 3594 3306 3648 filius
3331 3609 3464 3648 con-

1876 3681 2106 3736 fusionis
2151 3683 2348 3752 (ibid.).
2383 3701 2399 3732 ι
2455 3683 2568 3737 Hoc
2611 3698 2744 3753 ergo
2791 3699 2891 3736 cur
2926 3683 3125 3747 dicam,
3177 3683 3459 3751 aperiam:

1877 3774 1974 3830 Vir
2003 3774 2222 3842 quidam
2255 3790 2284 3826 a
2320 3773 2708 3828 Mediolanensi
2753 3773 2888 3828 urbe
2917 3774 3293 3843 progrediens,
3335 3775 3464 3828 dum

1877 3881 1964 3920 me
1994 3873 2286 3934 quaereret,
2315 3878 2410 3934 per
2445 3879 2544 3919 vos
2573 3864 2858 3918 transitum
2883 3864 3106 3930 habuit;
3141 3864 3234 3918 sed
3275 3871 3330 3918 et
3369 3865 3466 3918 ha-

1877 3956 2056 4011 bitare
2089 3955 2390 4020 vobiscum,
2423 3965 2483 4010 ut
2521 3957 2636 4024 ipse
2677 3955 2952 4024 professus
2978 3963 3080 4020 est,
3127 3956 3228 4010 sub
3258 3969 3326 4009 eo
3361 3971 3464 4010 no-

1879 4049 2026 4104 mine
2073 4047 2400 4116 concupivit.
2450 4047 2552 4113 Qui
2600 4047 2726 4100 dum
2767 4046 2940 4100 lassus
2987 4047 3206 4110 itinere,
3257 4063 3468 4102 moram

1883 4141 2034 4196 velut
2079 4141 2410 4210 quiescendo
2451 4140 2819 4210 protraheret,
2849 4140 2942 4192 sed
2987 4141 3055 4193 ab
3081 4140 3468 4210 explorationis

1879 4225 2078 4288 vestrm
2109 4230 2356 4286 custodia
2387 4230 2602 4286 clausos
2627 4229 2813 4286 oculos
2859 4247 2964 4286 non
2999 4230 3252 4297 haberet,
3283 4233 3470 4287 nescio

1883 4341 2022 4398 quos
2084 4333 2323 4379 vestrum
2377 4323 2550 4378 aniles
2585 4339 2756 4393 nugas
2802 4331 2858 4378 et
2896 4324 3068 4378 otiosa
3115 4323 3469 4378 deliramenta

1881 4417 2168 4488 perpendit
2207 4415 2562 4486 profundere,
2598 4423 2806 4470 etcum
2853 4414 3006 4468 laicis
3033 4414 3292 4468 scurriles
3313 4413 3470 4481 jocos

1884 4519 1940 4566 et
1965 4510 2198 4566 ludibria
2233 4509 2370 4564 vidit
2405 4508 2613 4563 urbana
2657 4508 2910 4562 miscere.
2947 4505 3100 4560 Unde
3145 4507 3350 4559 factum
3386 4513 3472 4559 est

1881 4613 1943 4656 ut
1972 4615 2080 4656 non
2121 4601 2284 4656 modo
2313 4614 2412 4654 nos
2459 4607 2813 4665 nostrumque
2873 4604 3095 4665 propter
3136 4597 3238 4650 vos
3275 4605 3468 4649 contu-

1881 4695 2129 4750 bernium
2157 4705 2318 4748 omne
2337 4696 2732 4752 contemneret,
2758 4688 2849 4741 sed
2872 4695 2926 4740 et
2950 4687 3125 4756 ipsum
3154 4686 3469 4741 conversio-

1881 4786 1967 4839 nis
2011 4784 2272 4844 animum,
2329 4786 2595 4850 quantum
2649 4777 2854 4848 potuit,
2909 4775 3154 4831 funditus
3201 4775 3474 4830 amisisset

1883 4873 2229 4944 (amitteret).
2279 4869 2480 4939 Aperte
2520 4869 2728 4924 scilicet
2769 4867 2881 4922 vita
2937 4879 3124 4921 nostra
3158 4864 3472 4930 fructiticat,

1886 4971 2083 5018 utnon
2125 4961 2284 5016 modo
2321 4975 2418 5030 per
2449 4957 2734 5014 anfractus
2769 4965 2824 5011 et
2867 4956 3016 5010 invia
3045 4973 3074 5010 a
3101 4957 3328 5027 iustitiae
3367 4967 3478 5008 tra-

1885 5055 2020 5108 mite
2073 5068 2288 5124 semper
2341 5053 2457 5122 ipsa
2505 5051 2764 5114 declinet,
2801 5062 2990 5102 verum
3033 5050 3200 5103 etiam
3243 5063 3272 5102 a
3312 5046 3480 5100 divini

1885 5145 2066 5200 cultus
2095 5159 2316 5216 egressu
2343 5157 2439 5214 per
2465 5157 2580 5197 suae
2607 5137 2892 5214 pravitatis
2928 5141 3184 5212 exempla
3208 5137 3482 5194 deturbet.

1888 5233 2031 5268 Qulic
2073 5236 2233 5268 nlnnn
2263 5233 2558 5268 vicarii-inlau-
2603 5230 2933 5268 nolanalinnlc
2967 5235 3114 5268 (IIIan
3161 5247 3256 5268 nar-
3291 5241 3486 5268 nxnrn-
