3950 5344
502 279 607 338 425

1049 276 1107 333 s.
1147 243 1353 333 mm
1393 275 1678 332 DAMIANI
1717 276 1869 334 orp.
1916 275 2097 333 rans
2137 275 2268 336 seu
2298 276 2535 337 renus
2560 279 2600 336 ι.
2639 311 2712 324 --
2747 283 2966 342 EPIST.
3009 286 3140 344 ωε.
3177 287 3308 345 vin.

3669 293 3792 351 ω

501 395 587 450 cio
630 391 728 447 Dei
778 391 826 463 (f
857 389 986 460 Reg.
1023 389 1106 460 ιι).
1142 408 1161 442 ι
1219 387 1390 444 Porro
1433 395 1616 443 autem
1668 403 1830 458 quam
1873 387 2086 458 plurimi
2118 396 2165 453 Α
2193 390 2488 446 salubriter
2531 391 2898 462 interdictum,
2933 394 3034 454 hoc
3074 399 3270 456 lethale
3301 401 3506 458 factum
3553 414 3638 461 est
3673 407 3789 462 ho-

499 499 629 544 sunt
672 487 762 557 qui
801 486 881 540 sic
929 485 980 538 in
1023 482 1312 539 turbulenti
1341 481 1522 537 saeculi
1561 490 1818 551 tanquam
1862 482 1917 535 in
1965 497 2093 550 spu-

501 579 640 636 mosi
692 577 856 632 maris
901 575 1153 646 procellis
1207 590 1269 629 ac
1319 572 1576 628 fluctibus
1626 573 1976 637 ventilantur,
2035 580 2095 626 ut

500 669 606 724 nisi
653 668 720 722 ad
767 667 1010 736 quietum
1061 663 1223 734 hujus
1270 647 1412 718 sacri
1456 663 1664 718 ordinis
1709 677 1766 717 se
1814 661 2096 717 conferant

499 768 738 829 portum,
773 757 915 813 nulla
949 757 1158 810 ratione
1187 755 1462 823 confidant
1485 755 1715 825 prepria:
1745 755 1933 809 salutis
1963 770 2092 810 eva-

501 854 629 906 dere
659 866 818 922 posse
849 848 1207 919 naufragium.
1238 845 1439 913 Quanti
1483 861 1612 916 ergo
1656 847 1937 916 sanguinis
1965 861 2092 902 reus

501 950 609 1007 est,
658 943 751 1012 qui
782 940 881 995 sub
929 939 1072 995 Satri
1119 939 1334 992 habitus
1373 938 1652 992 schemate
1687 937 1848 992 talem
1898 952 1956 992 se
1995 953 2091 1007 per

506 1045 772 1102 susceptae
786 1030 1147 1104 professionis
1168 1030 1431 1084 incuriam
1457 1027 1693 1091 exhibet,
1720 1038 2091 1099 utqurcrentes

503 1125 785 1189 accedere,
832 1135 1086 1194 perverse
1131 1122 1380 1186 vivendo,
1425 1120 1728 1175 disturbet?
1773 1121 2090 1190 Evangeliea

507 1217 580 1272 illi
613 1217 870 1270 nimirum
916 1215 1183 1270 sententia
1228 1213 1496 1284 congruit,
1526 1227 1631 1282 qua
1662 1212 1860 1267 dicitur
1890 1231 1902 1266 :
1937 1232 1953 1263 ι
1989 1212 2090 1279 Qui

505 1308 954 1364 seandalizavetit
985 1323 1147 1361 unum
1178 1322 1245 1360 ex
1296 1306 1379 1360 his
1422 1305 1651 1376 pusillis,
1699 1307 1918 1376 expedit
1954 1307 2002 1362 ei
2035 1316 2092 1361 ut

503 1402 866 1470 suspendatur
896 1399 1036 1454 mola
1086 1398 1321 1452 asinaria
1365 1397 1418 1451 in
1449 1397 1588 1452 collo
1614 1397 1754 1468 ejus,
1787 1405 1842 1452 et
1881 1398 2090 1453 demer~

505 1500 665 1560 gatur
709 1489 760 1544 in
788 1487 1115 1558 profundum
1163 1488 1328 1542 maris
1367 1486 1581 1558 (Matth.
1613 1487 1792 1556 xvtu).
1821 1508 1839 1540 ›
1873 1487 2090 1542 Tolera-

503 1583 666 1638 bilius
705 1583 852 1636 enim
881 1580 1079 1646 fuerat,
1129 1589 1188 1634 ut
1233 1580 1380 1635 solus
1429 1580 1482 1635 in
1524 1579 1645 1648 ejus
1679 1596 1841 1648 quem
1874 1581 2092 1651 reliquit

508 1673 696 1728 mundi
748 1672 1011 1742 vertigine
1056 1681 1361 1735 rotaretur,
1414 1687 1574 1741 quam
1623 1672 1819 1727 multos
1867 1688 2009 1727 nunc
2057 1689 2086 1727 a

2195 481 2324 535 mini
2349 497 2443 551 per
2472 492 2742 553 usurpata:
2768 485 3038 544 libertatis
3065 491 3373 546 arbitrium.

2269 570 2385 627 [loc
2415 573 2576 641 primi
2605 573 2839 630 hominis
2865 589 3168 646 peccatum,
3197 580 3394 636 fratres
3420 581 3548 649 mei,
3572 590 3631 638 ut
3653 599 3786 640 cum

2196 679 2333 734 pace
2381 674 2562 720 vestra
2615 666 2827 736 loquar,
2878 685 2976 724 vos
3010 671 3213 726 iterare
3260 687 3433 744 usque
3469 675 3629 730 hodie
3672 693 3790 732 non

2193 756 2462 822 desinitis,
2494 758 2539 812 si
2569 761 2713 828 quod
2743 761 2895 816 vobis
2925 762 3213 818 inhibitum
3246 776 3349 828 est,
3383 782 3480 836 per
3505 769 3784 836 pruritum

2192 846 2552 904 lenocinantis
2604 850 2870 906 illecebra:
2898 852 3216 922 dcgustatis.
3259 855 3482 920 Quoties
3525 858 3672 913 enim
3711 859 3788 916 ad

2195 938 2340 993 hunc
2395 939 2577 996 cibum
2625 954 2816 994 manus
2865 941 3244 998 inobedicntice
3288 946 3560 1010 tenditur,
3619 948 3786 1004 toties

2192 1029 2380 1098 procul
2405 1029 2567 1083 dubio
2597 1031 2754 1098 primi
2778 1032 3023 1100 parentis
3049 1033 3202 1102 culpa
3235 1035 3488 1101 iteratur,
3516 1045 3571 1088 et
3593 1050 3784 1092 semen

2193 1120 2380 1189 stirpis
2427 1123 2666 1193 erumpit
2711 1133 3110 1193 consequenter
3162 1127 3216 1180 in
3269 1127 3460 1183 ramis.
3511 1126 3627 1194 Sic,
3656 1145 3784 1198 pro-

2192 1210 2393 1265 fluente
2416 1225 2571 1278 vena,
2606 1213 2753 1266 rivus
2783 1213 2951 1279 fonti,
2983 1223 3188 1271 tractus
3219 1218 3508 1288 respondet
3531 1220 3750 1289 origini.

2265 1302 2378 1357 Hoc
2408 1304 2572 1357 etiam
2618 1319 2704 1358 me
2758 1321 2863 1362 non
2913 1307 3086 1363 levius
3133 1320 3335 1375 movet,
3382 1312 3510 1381 quia
3556 1323 3782 1383 prmter-

2191 1406 2376 1462 gresso
2399 1392 2750 1450 nihilominus
2779 1395 3156 1452 inobedientia:
3182 1399 3370 1467 limite,
3399 1400 3780 1472 eleemosynas

2193 1503 2224 1540 a
2264 1485 2612 1542 saacularibus
2660 1488 3036 1544 indifferenter
3082 1493 3362 1561 accipitis,
3413 1495 3780 1564 possessionis

2193 1586 2386 1634 vestra:
2434 1577 2700 1635 funiculos
2726 1580 2997 1636 inhianter
3024 1583 3336 1648 extenditis,
3377 1593 3450 1648 et,
3495 1594 3552 1637 ut
3582 1594 3777 1639 cuncta

2191 1671 2373 1727 brevis
2401 1687 2583 1728 sermo
2609 1673 2916 1739 concludat,
2956 1676 3007 1729 in
3043 1676 3259 1731 occulto
3285 1677 3444 1732 simul
3474 1684 3530 1732 et
3556 1677 3776 1746 publico

503 1764 800 1820 salutiferae
827 1763 1079 1819 stationis
1128 1774 1410 1818 revocaret
1439 1778 1682 1819 accessu.
1730 1763 1785 1817 Si
1813 1779 1940 1833 ergo
1981 1763 2087 1818 vita
2120 1767 2166 1826 Β
2196 1763 2311 1818 fieri
2351 1763 2548 1819 divites
2593 1763 2884 1821 festinatis.
2911 1764 3036 1820 Haec
3083 1777 3263 1821 autem
3304 1766 3593 1833 facientes,
3628 1783 3780 1822 ama-

503 1867 689 1914 nostra
726 1867 834 1911 tam
865 1871 1031 1928 prava
1058 1856 1267 1910 videtur
1288 1865 1342 1910 et
1368 1855 1609 1925 squalida
1642 1864 1696 1909 ut
1728 1854 1890 1910 etiam
1923 1871 2088 1910 carne

504 1946 718 2002 vestitis
745 1945 1053 2002 hominibus
1103 1944 1286 2010 fcteat,
1323 1943 1498 2014 qualis
1527 1954 1688 2016 putas
1735 1953 1818 1999 est
1860 1945 2086 2016 angelis,

503 2038 593 2107 qui
615 2036 822 2107 jugiter
849 2051 1062 2106 semper
1090 2035 1331 2090 eminent
1362 2036 1413 2090 in
1465 2034 1764 2104 spiritualis
1813 2035 2090 2088 munditia:

503 2129 773 2193 culmine;
815 2127 991 2197 qualis
1025 2129 1156 2191 Deo,
1204 2127 1296 2196 qui
1327 2135 1379 2180 et
1410 2127 1583 2197 ipsam
1631 2136 1853 2196 superat
1895 2127 2095 2196 angeli-

505 2236 626 2275 cam
656 2217 1011 2289 diguitatem?
1045 2216 1197 2272 Unde
1231 2225 1284 2271 et
1319 2216 1448 2270 illud
1485 2215 1832 2271 formidolose
1855 2233 2089 2286 pensan-

507 2310 634 2363 dum
665 2317 769 2373 cst,
798 2323 864 2362 ne
894 2307 1033 2372 illos,
1065 2307 1156 2376 qui
1200 2306 1266 2360 ad
1316 2306 1616 2361 custodiam
1649 2316 1890 2361 nostram
1927 2307 2095 2377 depu-

508 2401 607 2454 tati
635 2409 779 2463 sunt,
817 2398 1038 2470 angelos
1064 2401 1186 2452 vitae
1237 2407 1438 2454 nostra:
1480 2399 1620 2454 fetor
1647 2398 1902 2466 offendat,
1930 2401 2095 2471 228

506 2497 570 2543 ut
621 2488 803 2558 potius
840 2489 980 2558 apud
1028 2487 1196 2542 Deum
1233 2488 1490 2558 conqueri
1518 2504 1682 2558 quam
1715 2504 1810 2544 sua
1864 2505 1962 2544 nos
2002 2491 2094 2546 de-

505 2581 668 2636 beant
701 2580 1047 2635 attcstatione
1077 2579 1234 2634 tueri.

576 2674 710 2730 lllud
739 2689 957 2744 quoque
987 2673 1052 2729 de
1074 2673 1380 2730 sanctitatis
1412 2681 1602 2729 vestra:
1626 2675 1913 2745 przeconiis
1947 2674 2091 2730 noti-

505 2767 592 2823 tia:
620 2776 819 2823 nostra:
854 2767 1267 2838 snperaccessit,
1299 2768 1423 2836 quia
1457 2766 1712 2836 pleraque
1743 2768 1973 2837 capitula
2026 2767 2092 2821 ad

503 2858 853 2914 continentia:
898 2857 1224 2927 pertinentia
1265 2857 1627 2926 disciplinam,
1673 2859 1964 2926 quaeinter
2000 2872 2093 2912 vos

503 2951 827 3021 regulariter
872 2949 1285 3014 constituimus,
1348 2948 1423 3002 ita
1471 2964 1614 3004 nunc
1660 2948 1917 3004 oblivioni
1964 2956 2093 3003 sint

507 3043 728 3107 tradita,
759 3055 824 3094 ac
864 3041 910 3094 si
942 3039 1113 3094 deliro
1145 3038 1368 3092 cuilibet
1398 3038 1599 3093 fuerint
1638 3039 1896 3093 oblivioni
1940 3054 2088 3094 man-

2191 1856 2420 1911 rissimis
2443 1871 2544 1911 nos
2578 1865 2730 1911 tetrae
2751 1859 3202 1926 concupiscenti-.c
3226 1859 3464 1914 motibus
3489 1858 3774 1924 laceratis;

2189 1963 2297 2003 non
2329 1948 2504 2002 solum
2555 1947 2731 2015 vobis,
2756 1949 2849 2004 sed
2884 1956 2951 2004 et
2987 1935 3235 2019 posteris
3262 1952 3458 2006 vestris
3493 1950 3778 2006 dulcedine

2191 2039 2392 2110 quietis
2428 2039 2686 2104 adimitis,
2739 2056 2994 2095 curarum
3035 2041 3376 2095 saecularium
3419 2056 3521 2096 vos
3569 2042 3778 2112 laqueis

2192 2128 2487 2194 innodatis,
2517 2139 2572 2185 et
2595 2131 2737 2200 quod
2761 2131 3109 2186 deterrimum
3134 2140 3238 2197 est,
3266 2133 3537 2203 pugnandi
3562 2146 3778 2201 semper

2193 2234 2316 2274 cum
2372 2219 2760 2286 saecularibus,
2813 2222 2899 2277 vel
2952 2225 3130 2291 potius
3173 2224 3456 2277 materiam
3503 2223 3776 2278 serviendi

2192 2309 2545 2376 constituitis,
2591 2327 2698 2365 non
2728 2312 3143 2367 considerantes
3184 2310 3312 2366 illud
3343 2311 3547 2380 egregii
3579 2312 3775 2381 praedi-

2193 2401 2396 2456 cator-is
2421 2441 2437 2467 ,
2480 2402 2624 2471 quod
2666 2402 2812 2457 veris
2853 2401 3391 2458 abrenuntiatoribus
3430 2402 3506 2456 ait
3553 2419 3567 2456 :
3625 2422 3643 2455 ι
3674 2402 3780 2458 Ha-

2193 2492 2384 2548 bentes
2430 2491 2686 2546 alimenta
2729 2501 2785 2548 et
2826 2493 3027 2562 quibus
3081 2502 3358 2562 tegamur,
3413 2494 3480 2548 iis
3535 2494 3779 2548 contenti

2194 2584 2384 2639 simus.
2449 2582 2586 2637 Nam
2647 2584 2739 2652 qui
2818 2584 3006 2638 volunt
3070 2583 3264 2639 divites
3341 2582 3460 2638 fieri
3537 2584 3780 2638 incidunt

2195 2676 2250 2730 in
2298 2676 2521 2745 laqueos
2583 2675 2822 2740 diaboli,
2895 2685 2951 2730 et
3000 2669 3367 2740 tentationes,
3435 2692 3502 2730 ac
3567 2677 3780 2731 deside—

2197 2765 2274 2818 ria
2317 2764 2486 2818 multa
2537 2764 2746 2819 inutilia
2793 2775 2849 2820 et
2893 2767 3109 2844 nociVa,
3155 2781 3274 2835 qua:
3305 2775 3555 2828 mergunt
3605 2768 3777 2821 homi-

2195 2871 2318 2910 nem
2351 2855 2404 2908 in
2437 2855 2713 2910 interitum
2761 2865 2816 2910 et
2874 2857 3230 2926 perditionem
3290 2857 3352 2928 (1
3389 2857 3525 2910 Tim.
3579 2858 3712 2927 vi);
3755 2878 3770 2908 ι

2195 2949 2360 3020 229
2402 2949 2492 3004 ubi
2541 2957 2596 3004 et
2639 2949 2923 3018 sequitur:
2966 2969 2984 3002 ι
3017 2949 3187 3005 Radix
3228 2950 3469 3004 omnium
3509 2949 3777 3004 malorum

2193 3053 2277 3099 est
2303 3043 2554 3108 avaritia,
2593 3058 2755 3112 quam
2785 3042 3002 3112 quidam
3046 3050 3356 3112 appetentes
3385 3053 3708 3097 erraverunt
3749 3057 3777 3094 ει

505 3135 658 3200 data,
715 3131 968 3186 videlicet
1020 3139 1079 3182 ut
1131 3129 1317 3183 vinum
1360 3140 1593 3198 utroque
1635 3128 2087 3199 quadragesimali
2116 3129 2162 3191 ο
2195 3135 2299 3189 ﬁde
2349 3143 2405 3189 et
2456 3135 2800 3189 inseruerunt
2854 3149 2911 3189 se
2958 3133 3230 3189 doloribus
3266 3134 3447 3189 multis
3497 3135 3713 3204 (lbid.),
3752 3155 3772 3186 ι

504 3234 750 3293 tempore
798 3236 902 3275 non
939 3219 1173 3284 bibatur,
1224 3233 1332 3274 non
1383 3219 1548 3288 piscis
1596 3219 1809 3286 edatur,
1861 3227 1921 3273 ut
1970 3219 2077 3273 nisi

503 3311 791 3382 praecipuis
831 3309 1236 3373 festivitatibus,
1275 3308 1433 3363 molis
1463 3309 1731 3377 legumina
1769 3323 1875 3363 non
1910 3317 2092 3365 teran-

505 3413 617 3466 tur,
649 3411 707 3456 ut
735 3400 1059 3470 vespertina:
1090 3397 1369 3453 refectioni
1394 3398 1816 3468 pulmentarium
1845 3414 1954 3454 non
1990 3414 2088 3468 pa-

505 3505 691 3558 retur;
726 3502 786 3547 ut
829 3493 1079 3546 oleastrae
1125 3489 1346 3543 frixum
1393 3490 1668 3544 rarissime
1696 3491 2087 3553 concedantur,

502 3597 559 3642 et
587 3584 755 3639 multa
806 3581 1028 3648 similia,
1067 3595 1188 3650 qua:
1238 3579 1410 3649 magis
1468 3580 1693 3634 colenda
1741 3595 1902 3649 quam
1954 3579 2092 3634 scri-

503 3677 677 3731 benda
721 3671 1085 3728 decernimus.
1130 3669 1242 3724 Nec
1291 3668 1513 3734 mirum,
1562 3668 1607 3723 si
1653 3669 1775 3733 hoc,
1823 3684 1908 3724 me
1948 3685 2091 3724 nunc

505 3764 694 3836 procul
722 3772 935 3832 agente,
974 3759 1342 3831 praesumitur,
1385 3773 1506 3812 cum
1538 3773 1673 3812 orno
1693 3757 1946 3814 videlicet
1987 3757 2089 3812 sub

505 3859 623 3926 ipsa
671 3855 955 3910 nativitate
1008 3850 1309 3915 Dominica,
1367 3865 1454 3904 me
1501 3860 1792 3919 praesente,
1852 3850 1947 3904 sed
1994 3865 2090 3905 ne-

503 3951 733 4010 sciente,
764 3945 995 4000 mulsum
1033 3942 1213 4008 melle,
1240 3941 1401 3997 simul
1431 3949 1486 3996 et
1517 3941 1754 3996 diversis
1780 3941 2084 4012 pigmento-

505 4055 629 4095 rum
673 4037 963 4108 generibus
1003 4035 1318 4103 parabatur.
1364 4032 1516 4100 Quod
1563 4041 1620 4086 ut
1663 4031 1882 4100 agnovi,
1936 4039 2088 4086 tanto

507 4132 682 4202 magis
723 4129 948 4198 prodigii
974 4127 1214 4181 novitate
1245 4140 1533 4195 percussus
1561 4124 1846 4190 exhorrui,
1885 4132 2087 4194 quanto

504 4227 559 4279 id
593 4224 645 4276 in
671 4234 854 4274 eremo
881 4218 1082 4272 factum
1109 4231 1176 4271 ne
1206 4215 1444 4270 audiisse
1481 4231 1567 4270 me
1613 4216 1829 4285 quidem
1859 4225 2087 4271 eatenus

505 4312 845 4382 contigisset.
878 4307 1073 4363 Verum
1114 4307 1218 4361 ista
1265 4307 1525 4368 dicentes,
1573 4320 1672 4360 nec
1700 4321 1823 4360 cum
1853 4305 1958 4361 illis
1989 4322 2088 4361 nos

505 4404 710 4461 sentire
757 4401 879 4472 quis
919 4399 1144 4470 judicet,
1177 4397 1268 4467 qui
1323 4396 1615 4466 prohibent
1667 4412 1698 4450 a
1744 4397 1902 4461 cibis,
1950 4412 2087 4467 quos

507 4498 648 4552 Deus
677 4492 887 4548 creavit
923 4489 997 4563 (Ι
1031 4489 1153 4543 Cor.
1192 4488 1288 4558 x);
1333 4504 1432 4542 nec
1477 4487 1786 4557 apostolicae
1811 4489 2085 4544 contraire
2116 4475 2164 4533 Ῑ)

504 4584 806 4648 sententiae,
851 4596 954 4652 qua
984 4595 1083 4635 nos
1105 4580 1430 4634 manducare
1463 4578 1725 4648 praecipit,
1752 4593 2087 4648 quaecunque

504 4684 881 4751 apponuntur,
930 4680 986 4726 et
1035 4669 1170 4725 nihil
1217 4669 1570 4740 rejiciendum
1618 4670 1758 4739 quod
1803 4685 1926 4724 cum
1961 4686 2085 4740 gra—

505 4771 705 4826 tiarum
762 4767 976 4820 actione
1033 4759 1330 4832 percipitur
1371 4757 1424 4829 (Ι
1456 4757 1589 4812 Tim.
1634 4758 1728 4830 iv).
1795 4758 1956 4814 Aliud
2003 4768 2088 4815 est

504 4862 667 4923 enim,
703 4857 846 4928 quod
887 4860 1168 4910 creaturas
1208 4850 1302 4905 Dei
1343 4851 1514 4904 bonas
1544 4849 1916 4904 indifferenter
1947 4864 2088 4905 asse-

505 4950 706 5012 rimus;
738 4945 906 5007 aliud,
938 4943 1082 5012 quod
1122 4940 1395 5010 pudicitia:
1443 4939 1835 5008 sobrietatique
1865 4955 2086 4993 servan-

508 5041 589 5095 da:
615 5037 973 5107 castigatione
1004 5048 1292 5103 corporum
1334 5031 1700 5101 providemus.
1731 5029 1937 5086 Bonum
1970 5041 2088 5087 erat

505 5134 707 5196 quippe
745 5129 799 5181 in
826 5127 1078 5196 paradiso
1108 5125 1336 5195 lignum,
1381 5139 1411 5176 a
1451 5123 1593 5179 bono
1637 5123 1845 5178 scilicet
1882 5122 2088 5195 Opifice

2192 3226 2485 3281 Enimvero
2524 3225 2662 3280 dona
2723 3224 2807 3280 vel
2834 3225 3136 3280 oblationes
3163 3225 3231 3280 ab
3255 3227 3440 3296 iniquo
3471 3228 3776 3296 suscipere,

2193 3317 2320 3388 quid
2366 3326 2449 3372 est
2494 3316 2639 3372 aliud
2683 3333 2845 3387 quam
2895 3317 3169 3386 propriam
3213 3318 3453 3372 animam
3497 3318 3566 3374 ex
3604 3319 3779 3373 dantis

2192 3407 2446 3477 squalore
2475 3406 2722 3460 foedare?
2761 3406 2898 3461 Hinc
2925 3408 3070 3461 enim
3093 3408 3354 3476 scriptum
3375 3417 3495 3462 est:
3535 3427 3556 3461 ι
3587 3409 3779 3463 Immo-

2192 3499 2354 3554 lantis
2389 3515 2454 3553 ex
2497 3498 2682 3568 iniquo
2713 3497 2915 3552 oblatio
2957 3506 3041 3553 est
3087 3497 3384 3562 maculata,
3416 3509 3469 3553 et
3501 3515 3612 3554 non
3657 3511 3779 3554 sunt

2190 3590 2538 3660 beneplacita:
2552 3590 3000 3645 subsannationes
3017 3591 3322 3661 iniquorum
3337 3589 3742 3661 (Ecclinxw).
3755 3611 3773 3642 ι

2191 3683 2258 3738 Ει
2289 3697 2544 3737 rursum:
2581 3701 2599 3732 ε
2649 3681 2797 3735 Dona
2827 3681 3131 3751 iniquorum
3182 3696 3287 3735 non
3339 3681 3532 3750 probat
3569 3681 3780 3736 Altissio

2190 3787 2332 3836 mus,
2372 3787 2471 3826 nec
2510 3769 2730 3838 respicit
2757 3770 2810 3823 in
2841 3769 3207 3824 oblationibus
3241 3769 3572 3838 iniquorum,
3601 3785 3701 3825 nec
3727 3771 3776 3824 in

2190 3864 2535 3919 multitudine
2583 3862 2972 3918 sacrificiorum
3021 3877 3210 3917 eorum
3255 3863 3642 3932 propitiabitur
3685 3877 3780 3933 pro

2189 3953 2427 4024 peccatis
2473 3951 2704 4023 (Ibid).
2742 3972 2760 4005 ι
2793 3952 2860 4006 Et
2893 3961 3116 4017 revera:
3139 3953 3269 4022 quid
3315 3953 3536 4022 prodest
3573 3953 3776 4020 justum

2189 4047 2396 4102 orando
2427 4045 2730 4109 aedificare,
2761 4045 2903 4112 quod
2937 4060 3137 4114 pravus
3167 4043 3384 4098 feStinat
3414 4060 3673 4114 perverse
3702 4047 3778 4098 vi-

2189 4137 2367 4192 vendo
2397 4135 2716 4191 destruere?
2752 4133 2905 4191 Unde
2947 4144 3003 4189 et
3042 4150 3141 4204 per
3167 4135 3416 4190 eumdem
3463 4135 3775 4205 Sapientem

2190 4229 2424 4283 dicitur:
2459 4245 2478 4277 ι
2505 4224 2660 4281 Unus
2695 4225 2972 4281 aedificans
3017 4236 3074 4280 et
3115 4225 3256 4280 alter
3291 4227 3606 4292 destruens,
3655 4227 3774 4296 quit‘

2189 4321 2409 4390 prodest
2437 4319 2564 4382 illis,
2594 4319 2696 4374 nisi
2727 4319 2923 4374 labor?
2961 4318 3112 4374 Unus
3153 4334 3316 4376 orans
3353 4329 3408 4374 et
3445 4335 3585 4377 unus
3613 4321 3748 4374 male

2192 4411 2399 4478 dicens,
2430 4409 2581 4479 cujus
2605 4424 2792 4465 vocem
2818 4410 3072 4464 exaudiet
3110 4410 3295 4464 Deus?
3336 4429 3355 4462 ι
3392 4409 3584 4480 (Ηιὲά.)
3615 4411 3774 4466 Porro

2191 4511 2372 4556 autem
2403 4501 2469 4555 ad
2499 4499 2628 4569 quid
2655 4501 2963 4554 divitiarum
2990 4501 3138 4555 lucra
3169 4501 3536 4570 congerimus,
3560 4516 3629 4556 an
3654 4502 3775 4571 quia

2189 4593 2307 4648 haec
2342 4593 2394 4646 in
2416 4600 2635 4648 nostros
2662 4607 2791 4646 usus
2829 4593 3154 4662 expendere,
3188 4601 3380 4646 natura
3411 4593 3629 4649 modico
3656 4610 3779 4648 con-

2192 4690 2337 4736 tenta
2366 4681 2704 4751 prohibente,
2735 4695 2840 4734 non
2866 4695 3171 4749 possumus,
3196 4681 3250 4733 in
3279 4695 3414 4750 quos
3439 4682 3655 4750 prodigi
3689 4697 3774 4734 va-

2190 4773 2359 4837 leant,
2393 4771 2552 4826 anxia
2583 4785 2798 4840 semper
2825 4770 3184 4824 sollicitudine
3207 4771 3613 4841 perquirimns?
3641 4772 3774 4826 Inte-

2190 4865 2294 4920 rim
2323 4872 2501 4918 autem
2527 4863 2581 4916 in
2607 4877 2795 4916 earum
2821 4862 3277 4932 contemplatione
3306 4863 3449 4918 solas
3476 4863 3767 4919 infelicium

2191 4953 2471 5008 oculorum
2517 4959 2827 5007 nostrorum
2870 4951 3150 5007 illecebras
3187 4953 3480 5022 pascimus,
3530 4969 3655 5008 cum
3685 4970 3772 5010 eas

2191 5042 2507 5112 intorquere
2533 5042 2586 5096 in
2613 5050 2812 5096 nostrae
2840 5043 3181 5098 necessitatis
3210 5044 3478 5113 impendia
3507 5060 3614 5101 non
3637 5046 3772 5099 vale-

2190 5147 2332 5186 mus.
2366 5131 2518 5186 13.1.18
2557 5141 2611 5185 et
2649 5131 2903 5186 Salomon
2933 5148 3054 5186 eum
3085 5134 3436 5196 praemisisset
3465 5153 3477 5187 :
3513 5153 3532 5186 ‹
3567 5137 3771 5190 Avarus
