3950 5344
181 300 290 355 ηδ

1333 288 1536 346 LIBER
1576 287 1870 351 SEXTUS,
1906 289 2121 346 EPIST.
2162 289 2373 346 XXXII.

3361 297 3462 357 626

185 415 423 474 mittant,
473 408 698 464 audiant
731 402 1011 469 monachi,
1061 416 1289 472 quorum
1329 412 1479 456 certe
1521 400 1783 470 professio
1814 409 1854 462 Α
1887 411 1970 454 est
1998 402 2283 470 appetitor.
2343 402 2438 458 sed
2469 403 2733 459 bonorum
2780 407 2956 476 potius
2988 411 3362 466 communium
3388 415 3471 468 όίτ

187 522 294 560 non
327 499 679 558 sollicitudini
721 496 949 558 militat,
984 493 1076 549 sed
1125 493 1292 562 quieti
1323 511 1333 545 :
1369 511 1386 542 ι
1433 491 1614 546 Dulcis
1658 500 1774 554 est,

188 594 383 666 inquit,
417 607 644 647 somnus
669 587 935 660 aperanti,
973 586 1088 641 sive
1126 585 1393 646 multum,
1433 583 1546 638 sive
1589 598 1776 652 parum

184 686 452 741 comedat.
488 682 758 741 Saturitas
785 689 968 733 autem
1001 677 1184 731 divitis
1210 693 1315 748 non
1345 676 1474 730 sinit
1505 690 1630 732 eum
1655 674 1778 730 dor-

185 779 320 831 mire
340 775 547 844 (Ercle.
577 773 651 840 ν).
697 792 713 824 ι
744 771 1036 832 Praeterea,
1066 767 1280 824 tametsi
1307 768 1470 823 homo
1489 765 1777 827 1violenter,

185 877 278 921 aut
323 866 528 920 furtive
574 879 680 918 non
719 861 930 932 rapiat,
973 859 1137 918 etiam
1169 859 1214 913 si
1244 873 1584 927 nequaquam
1625 872 1773 909 tuen-

188 958 389 1020 tiendo,
420 955 507 1008 vel
533 950 1007 1009 circumveniendo
1042 949 1298 1018 decipiat,
1331 964 1437 1002 non
1482 947 1670 1001 leviter
1699 953 1779 998 ta-

187 1064 306 1102 men
362 1054 586 1118 peet'at,
640 1043 684 1097 si
733 1043 1000 1100 duntaxat
1045 1039 1276 1093 alienam
1319 1053 1430 1092 rem
1459 1035 1779 1106 simpliciter

185 1138 554 1211 concupiscat.
593 1135 744 1190 Unde
767 1147 982 1204 quoque
1012 1132 1065 1186 in
1092 1130 1338 1200 catalogo
1370 1129 1556 1184 decem
1577 1143 1778 1197 praece-

184 1244 397 1305 ptorum
439 1231 697 1299 ponitur:
729 1247 746 1278 ι
775 1225 889 1280 Non
917 1224 1264 1293 concupisces
1296 1238 1408 1278 rem
1439 1221 1665 1291 proximi
1701 1220 1774 1273 tui

183 1325 362 1393 (Deut.
391 1321 488 1392 vt).
533 1343 551 1372 ι
579 1320 722 1395 Quis
747 1327 926 1374 autem
965 1325 1147 1371 reatus
1187 1315 1260 1371 sit
1287 1314 1446 1370 alieni
1469 1313 1609 1385 juris
1659 1327 1774 1366 am-

181 1417 336 1477 bitio,
370 1428 429 1468 ut
456 1431 522 1468 ex
553 1412 820 1470 industria
849 1410 1011 1464 multa
1042 1418 1380 1478 prmteteam,
1407 1421 1514 1462 uno
1541 1405 1600 1460 Β.
1630 1404 1774 1458 Petri

179 1507 406 1560 docetur
432 1504 704 1576 exemplo.
745 1523 762 1554 ‹
792 1501 982 1561 Nemo.
1028 1501 1235 1571 inquit,
1264 1504 1506 1554 vestrum
1537 1496 1776 1567 patiatur

183 1611 443 1668 tauquam
477 1595 783 1656 homicida,-
805 1602 901 1646 aut.
930 1593 1040 1657 fur,
1072 1600 1163 1645 aut
1190 1589 1506 1653 maledicus,
1529 1597 1622 1645 aut
1646 1586 1775 1642 alie-

179 1705 374 1746 norum
406 1689 679 1759 appetitor
699 1686 760 1757 (I
787 1685 930 1740 Petr.
963 1685 1054 1754 ll).
1090 1703 1108 1735 ι
1141 1683 1240 1751 Qui
1264 1683 1408 1738 enim
1436 1682 1575 1736 inter
1604 1679 1775 1734 homi-

1883 493 2164 552 stributor.
2225 495 2348 550 llaec
2385 505 2566 551 autem
2627 497 2864 553 breviter
2919 500 3178 568 diximus,
3229 515 3289 560 ut
3327 506 3474 562 inter

1881 583 2178 639 alienorum
2221 587 2569 655 appetitorcs,
2619 598 2676 642 et
2707 587 2890 646 fideles
2919 593 3321 662 dispensatores
3349 611 3470 657 esse

1881 676 2189 731 distantiam
2205 687 2646 748 monstrarcmus,
2663 696 2729 735 ne
2746 682 2990 744 videlicet
3010 685 3298 757 aliquando
3312 702 3466 744 suurr.

1880 769 1979 822 s'ub
2007 768 2189 826 colore
2219 770 2434 825 virtutis
2458 771 2642 828 vitium
2674 773 2875 842 palliet,
2915 775 2998 834 vel
3036 787 3230 835 rursus
3249 781 3470 838 virtutis

1882 859 2083 914 intima:
2139 861 2469 930 puritatem,
2527 861 2720 918 falsum
2782 865 2894 919 \itii
2949 882 3142 923 nomen
3189 852 3464 930 obscuret.

1879 951 2028 1007 Giezi
2073 969 2205 1008 sane
2253 968 2386 1025 puer
2432 955 2621 1019 Elis-ei,
2675 958 2719 1012 si
2761 961 3146 1030 prophetarum
3206 963 3366 1028 filiis,
3411 976 3469 1022 ut

1881 1042 2140 1103 incutitus
2167 1054 2271 1107 est,
2300 1045 2507 1114 argenti
2540 1045 2740 1100 talenta
2776 1037 3135 1120 suscipiendo,
3170 1055 3468 1111 consuluis-

1879 1142 1981 1197 set,
2014 1150 2354 1204 nequaquam
2383 1137 2677 1192 subeunda:
2713 1139 2874 1207 lepra:
2925 1129 3248 1199 sententiam
3277 1156 3464 1216 pertu-

1881 1223 2048 1280 lisset.
2080 1223 2214 1278 Nam
2245 1225 2446 1281 idcirco
2473 1226 2626 1297 plaga
2671 1243 2962 1297 percussus
3002 1242 3085 1287 est
3115 1249 3276 1303 quam
3309 1237 3466 1298 dator

1878 1316 2157 1380 amiserat,
2195 1317 2322 1386 quia
2372 1332 2478 1380 non
2520 1319 2586 1373 ad
2634 1319 2737 1374 hoc
2787 1321 2962 1376 aliena
3013 1326 3270 1399 suscepit,
3319 1329 3463 1401 utin

1877 1421 2012 1474 opus
2038 1406 2260 1476 pietatis
2280 1408 2630 1478 expenderet,
2668 1411 2760 1465 sed
2795 1421 2854 1465 ut
2878 1428 2989 1467 suae
3011 1418 3462 1486 concupiscentia:

1877 1498 2216 1556 satisfaciens
2245 1500 2448 1569 preprii
2474 1498 2612 1568 juris
2651 1503 2948 1570 possideret
2985 1506 3274 1576 peculium.
3312 1509 3463 1568 Unde

1879 1589 1960 1644 vir
1989 1591 2080 1645 Dei
2107 1601 2394 1662 postquam
2419 1607 2542 1646 eum
2562 1593 2720 1664 digne
2741 1597 3062 1665 corripiens,
3091 1599 3194 1654 ait:
3223 1620 3241 1651 ι
3273 1601 3465 1663 Nonne

1878 1697 1971 1736 cor
2019 1698 2194 1740 meum
2236 1684 2289 1739 in
2333 1681 2586 1754 prtesenti
2631 1696 2784 1750 erat,
2835 1691 3052 1757 quando
3091 1707 3346 1751 reversus
3380 1669 3464 1754 est

171 1787 348 1850 cidas,
376 1785 528 1840 fures
549 1791 716 1854 atque
737 1780 1026 1836 maledicos
1047 1779 1138 1849 qui
1165 1792 1387 1847 regnum
1415 1775 1507 1829 Dei
1529 1772 1770 1844 profecto
1807 1792 1846 1849 η
1877 1773 2037 1828 homo
2059 1773 2126 1828 de
2153 1790 2314 1829 curru
2338 1790 2436 1828 suo
2459 1776 2514 1829 in
2542 1791 2828 1832 occursum
2856 1780 2950 1834 tibi
2976 1782 3000 1834 ?.
3030 1801 3050 1835 ι
3095 1782 3203 1853 (IV
3233 1784 3358 1856 Reg.
3382 1791 3462 1856 ν.)

175 1892 282 1931 non
315 1877 598 1948 possident
619 1917 633 1938 .
672 1875 1024 1945 appetitorem
1055 1870 1326 1949 facultatis
1355 1869 1543 1922 aliena:
1569 1866 1769 1930 consti-

176 1972 301 2032 tuit,
333 1981 497 2039 quam
532 1983 699 2039 grave
727 1967 933 2021 crimen
974 1977 1244 2034 quamque
1275 1960 1577 2016 damnabile
1607 1959 1679 2014 sit
1703 1975 1767 2011 ex

173 2059 483 2114 collatione
508 2058 769 2113 similium
800 2056 1080 2110 evidenter
1122 2053 1379 2108 ostendit.
1417 2051 1569 2118 Quod
1604 2050 1767 2103 etiam

175 2151 407 2205 lucidius
439 2150 707 2213 cernitur,
741 2148 784 2201 si
821 2145 963 2216 quod
994 2144 1079 2200 his
1110 2142 1290 2198 verbis
1319 2140 1661 2210 subiunctum
1686 2148 1768 2193 est

169 2240 445 2302 subtiliter
491 2238 824 2292 attendatur.
876 2235 1010 2289 Nam
1061 2235 1306 2303 protinus
1355 2231 1558 2285 addidit
1605 2247 1617 2282 :
1656 2248 1674 2280 ί
1711 2230 1768 2286 Si

175 2341 382 2394 autem,
408 2340 468 2384 ut
487 2330 831 2384 Christianus
849 2342 954 2380 non
975 2326 1285 2387 erubescat,
1308 2322 1568 2394 gloriﬁeet
1589 2329 1767 2376 autem

173 2423 228 2477 in
277 2424 382 2477 isto
430 2421 650 2478 nomine
698 2419 1014 2478 Dominum,
1044 2417 1297 2487 quoniam
1333 2426 1546 2482 tempus
1585 2421 1668 2466 est
1711 2419 1770 2464 ut

173 2513 688 2584 incipiat-judicium
725 2512 791 2566 de
819 2512 979 2566 domo
1011 2510 1102 2564 Dei
1145 2509 1356 2579 (lout).
1390 2527 1407 2557 ι
1443 2506 1512 2562 Ut
1538 2521 1666 2575 ergo
1703 2505 1768 2557 de

173 2604 348 2660 aliena
381 2605 759 2674 appetentibus
791 2603 1143 2666 disseramus,
1179 2616 1282 2652 non
1327 2601 1460 2653 sicut
1506 2598 1767 2650 Christia-

177 2713 304 2761 nus,
334 2698 428 2752 sed
457 2697 598 2751 sicut
623 2695 990 2750 Antichristus
1024 2693 1210 2763 procul
1234 2691 1399 2745 dubio
1427 2691 1644 2760 patitur,
1674 2689 1764 2757 qui

175 2785 304 2839 dum
350 2785 542 2840 alienis
577 2785 897 2839 substantiis
940 2784 1134 2847 inhiat,
1170 2780 1468 2849 ingruentis
1505 2791 1630 2834 eum
1667 2777 1762 2832 ad-

173 2875 452 2930 versitatis
477 2874 784 2930 sollicitudo
822 2874 1122 2944 perturbat.
1171 2870 1420 2926 Christus
1447 2868 1592 2922 enim
1621 2867 1766 2922 venit

173 2967 528 3035 semetipsum
559 2975 617 3020 et
643 2965 922 3021 ctnlestem
960 2963 1190 3037 gloriam
1221 2961 1457 3015 tradere.
1490 2957 1763 3014 Antichri-

173 3065 294 3111 stus
336 3065 513 3112 autem
563 3057 810 3122 veniens,
847 3058 1057 3112 animas
1107 3053 1420 3118 hominum,
1470 3051 1760 3121 pretiosam

1875 1884 1998 1923 mox
2052 1868 2300 1924 addidit:
2348 1891 2365 1922 ι
2399 1870 2552 1927 Nunc
2597 1888 2726 1943 ergo
2773 1877 3027 1944 accepisti
3077 1889 3360 1948 argentum
3407 1891 3462 1948 et

1874 1971 2070 2026 vestes,
2125 1971 2181 2016 ut
2223 1977 2376 2018 emas
2403 1963 2621 2028 oliveta,
2652 1967 2854 2031 vincta,
2889 1977 2940 2022 et
2985 1946 3237 2033 oves,vet
3274 1946 3458 2036 boves,

1870 2063 1925 2104 et
1958 2066 2149 2112 servos
2175 2061 2228 2106 et
2257 2052 2480 2108 ancillas
2505 2071 2520 2120 ;
2552 2058 2646 2110 sed
2674 2066 2729 2110 et
2769 2055 2914 2127 lepra
2939 2058 3175 2114 Naaman
3215 2063 3458 2117 adhazre-

1870 2142 1950 2196 bit
1979 2143 2073 2196 tibi
2095 2151 2150 2198 et
2175 2144 2365 2198 semini
2393 2154 2484 2200 tuo
2508 2161 2677 2221 usque
2701 2147 2752 2200 in
2788 2150 3174 2221 sempiternum
3201 2151 3452 2220 (Ibidv.).i

1870 2235 2018 2289 Giezi
2054 2249 2216 2306 porro
2239 2252 2422 2294 semen
2453 2247 2600 2303 sunt,
2631 2241 2720 2308 qui
2757 2256 2840 2305 ea,
2891 2257 3010 2312 quze
3039 2244 3090 2303 in
3125 2260 3262 2318 opus
3285 2249 3426 2316 picta
3445 2283 3460 2289 ρ

1873 2329 1940 2383 tis
1972 2330 2325 2399 impendenda
2379 2343 2752 2400 susceperant,
2807 2334 3026 2390 sibimet
3074 2337 3124 2390 in
3182 2346 3458 2406 posterum

1871 2421 2030 2477 noxie
2058 2422 2338 2492 profutura
2365 2434 2709 2489 conservant.
2756 2427 2979 2496 lguobili
3010 2444 3264 2499 namque,
3296 2441 3460 2502 atque

1871 2521 2122 2592 degeneri
2170 2522 2380 2592 parenti
2431 2537 2756 2593 responsura
2791 2526 3102 2593 posteritas,
3155 2527 3282 2581 dum
3312 2543 3459 2582 sum-

1870 2620 1993 2678 ptus
2053 2625 2316 2678 supernos
2373 2611 2426 2664 in
2482 2627 2577 2666 sua
2632 2613 2930 2668 transferre
3000 2615 3151 2669 lucra
3206 2627 3456 2676 conatur.

1869 2699 2026 2753 alieni
2060 2699 2247 2768 procul
2283 2699 2445 2758 dubio
2497 2699 2719 2754 sceleris
2756 2700 2899 2772 lepra
2944 2702 3306 2772 profunditur.
3349 2704 3460 2760 Nec

1868 2792 2295 2860 prmtereundum
2327 2791 2469 2860 quod
2506 2790 2614 2848 illic
2637 2791 2838 2847 dicitur
2867 2808 2880 2844 :
2921 2813 2938 2843 ι
2977 2794 3044 2848 Ει
3069 2808 3350 2865 regressus
3366 2809 3458 2859 est

1867 2882 1934 2933 ab
1962 2894 2028 2934 eo
2053 2877 2201 2935 Giezi
2232 2879 2498 2949 leprosos,
2551 2881 2708 2950 quasi
2754 2881 2846 2937 nix
2873 2881 3082 2952 (lbid,).
3127 2902 3144 2936 ι
3185 2882 3287 2937 Nix
3309 2885 3453 2951 enim

1866 2969 2008 3033 alba,
2043 2970 2136 3024 sed
2165 2969 2394 3040 frigida;
2430 2971 2728 3048 hypocrita,
2753 2987 2964 3040 nempe,
3003 2973 3095 3042 qui
3119 2988 3177 3028 se
3216 2989 3312 3044 per
3333 2991 3456 3030 san-

1867 3060 2070 3114 ctitatis
2095 3060 2432 3115 adumbratae
2479 3061 2796 3131 figmentum
2830 3061 3180 3132 transfigurat
3210 3064 3262 3119 in
3293 3081 3457 3135 ange-

174 3150 426 3206 ridelieet
456 3152 838 3214 substantiam,
885 3164 1114 3206 conatur
1156 3149 1390 3202 auferre.
1421 3146 1478 3201 Si
1508 3162 1638 3215 ergo
1668 3149 1758 3216 qui
1789 3152 1831 3209 C
1865 3151 1972 3207 lum
1998 3151 2151 3214 lucis,
2186 3151 2349 3207 nullis
2375 3151 2610 3210 infervet
2654 3153 2876 3208 testibus
2914 3154 3239 3219 cbaritatis;
3296 3165 3456 3226 atque

172 3243 350 3296 aliena
387 3245 589 3312 appetit
631 3243 976 3298 Christianus
1007 3260 1111 3296 non
1148 3249 1252 3305 est,
1283 3257 1386 3310 qua
1416 3239 1621 3294 ratione
1653 3255 1763 3292 mo-

173 3338 386 3391 nachus
410 3337 674 3392 dicendus
697 3336 816 3391 est?

243 3427 411 3498 230
432 3426 735 3484 Notandum
771 3438 950 3482 tamen
994 3429 1120 3498 quia
1149 3426 1394 3498 quisquis
1440 3443 1544 3480 non
1593 3425 1762 3478 scele-

173 3518 314 3588 ratis
337 3558 351 3582 ,
385 3519 478 3572 sed
505 3517 903 3572 honestioribus
931 3518 1062 3574 viris
1088 3517 1290 3588 aliquid
1320 3519 1421 3571 hoc
1443 3516 1624 3571 studio
1658 3516 1759 3569 tol-

171 3608 257 3672 lit,
296 3618 356 3662 ut
401 3609 638 3663 subsidia
674 3608 932 3663 fratribus
973 3610 1023 3663 in
1055 3617 1294 3679 egestate
1317 3607 1629 3676 provideat,
1675 3606 1760 3660 vel

171 3700 264 3769 pio
313 3699 536 3755 cuilibet
577 3702 727 3771 operi
783 3711 1029 3771 sumptus
1081 3702 1373 3764 exhibeat;
1408 3700 1522 3753 sive
1573 3700 1757 3762 etiam,

173 3793 318 3862 quod
347 3791 612 3862 insignius
659 3801 763 3854 est,
795 3792 1121 3861 pauperibus
1171 3792 1223 3844 in
1267 3790 1592 3844 necessitate
1641 3805 1761 3844 sue-

171 3891 390 3946 currat,
446 3881 534 3937 hic
555 3898 662 3937 non
688 3882 945 3974 dicen‘dus
975 3890 1058 3936 est
1081 3872 1267 3936 aliena
1297 3879 1638 3950 impudenter
1667 3893 1762 3948 ap-

173 3983 382 4041 petere,
417 3973 510 4027 sed
539 3974 740 4042 potius,
785 3970 903 4042 qua:
933 3973 1235 4026 comnmnia
1265 3981 1413 4036 sunt,
1441 3987 1470 4025 a
1505 3970 1762 4024 fratribus

177 4070 229 4121 in
263 4067 462 4123 fratres
500 4068 648 4138 jnste
679 4065 994 4120 transferre.
1028 4065 1107 4116 Ad
1141 4065 1240 4118 hoc
1266 4063 1408 4117 enim
1440 4077 1578 4116 unus
1599 4072 1754 4116 cane-

178 4161 254 4214 ris
282 4161 446 4215 ditior
473 4168 558 4214 est
581 4168 643 4213 ut
689 4173 794 4212 nou
819 4156 990 4212 solum
1017 4156 1302 4210 commissa
1332 4153 1624 4224 possideat,
1663 4151 1758 4207 sed

175 4259 237 4303 ut
282 4265 386 4305 non
451 4248 776 4305 habentibus
825 4255 1033 4318 eroget,
1067 4256 1122 4300 et
1175 4261 1281 4298 nor.
1331 4255 1436 4297 tam
1474 4245 1561 4314 pie
1599 4257 1759 4311 quam

170 4343 311 4410 juste
361 4343 608 4396 minister
637 4339 772 4410 ipSe,
805 4355 911 4394 non
943 4339 1213 4401 dominus,
1260 4352 1378 4405 qua:
1426 4342 1553 4390 sunt
1587 4333 1758 4388 aliena

172 4433 464 4502 dispenset.
505 4431 662 4487 Unde
690 4429 954 4499 Propheta
983 4444 1104 4482 eum
1131 4428 1333 4482 diceret
1364 4441 1376 4478 :
1415 4444 1434 4477 ι
1476 4424 1756 4493 Dispersit,

1867 3243 1931 3296 ad
1964 3243 2136 3298 instar
2162 3243 2302 3297 nivis
2326 3242 2488 3296 simul
2514 3251 2598 3298 est.
2626 3243 2780 3323 albus
2819 3253 2874 3298 et
2899 3243 3146 3314 frigidus,
3194 3245 3319 3313 quia
3349 3246 3453 3313 piis

1864 3334 2080 3402 quidem
2121 3349 2181 3388 se
2211 3335 2488 3390 deservire
2529 3335 2788 3404 operibus
2833 3335 3073 3400 simulat,
3119 3336 3214 3390 sed
3244 3337 3453 3393 viscera

1864 3423 2049 3478 solida:
2077 3424 2293 3494 pietatis
2332 3424 2562 3494 ignorat.
2608 3423 2762 3491 Quod
2790 3425 2943 3496 plura
2985 3430 3454 3484 commemorem?

1864 3515 1983 3569 Dixi
2013 3531 2274 3585 prtesens,
2301 3516 2420 3571 dico
2445 3532 2588 3572 nunc
2615 3517 2832 3582 absens,
2859 3518 3070 3572 tandem
3101 3527 3280 3573 tamen
3311 3529 3454 3574 utro-

1863 3607 2025 3678 bique
2072 3608 2406 3676 perficiens:
2461 3606 2714 3676 Spernite
2767 3608 3022 3672 divitias,
3073 3625 3143 3663 ne
3194 3621 3456 3679 perpetuo

1865 3697 2218 3752 mendicetis:
2250 3707 2423 3752 estote
2454 3698 2757 3754 voluntarie
2797 3713 3080 3771 pauperes,
3116 3708 3175 3756 ut
3201 3700 3320 3754 sine
3343 3700 3452 3762 ﬁne

1865 3791 2119 3860 regnetis.
2150 3810 2167 3842 ι
2197 3791 2368 3854 Beati,
2402 3790 2601 3858 inquit,
2641 3805 2906 3860 pauperes
2947 3791 3164 3859 spiritu,
3195 3792 3450 3860 quoniam

1865 3887 2104 3956 ipsorum
2136 3894 2218 3940 est
2246 3879 2469 3955 regnum
2499 3883 2764 3939 cmlorum
2797 3883 3014 3956 (Matth.
3043 3900 3113 3948 v;
3146 3883 3273 3942 Luc.
3307 3887 3402 3955 vt).
3430 3905 3447 3936 ι

1865 3979 1928 4032 Ει
1967 3977 2221 4031 Salomon
2274 3977 2349 4030 ait
2387 3991 2402 4028 :
2440 3996 2458 4026 ‹
2500 3976 2600 4042 Qui
2631 3977 2747 4031 odit
2800 3977 3108 4042 avaritiam,
3146 3958 3286 4048 longi
3319 3977 3453 4033 fient

1863 4069 1978 4122 dies
2006 4067 2123 4135 ejus
2169 4066 2350 4138 (Prov.
2395 4067 2610 4136 xxvtu).
2677 4087 2694 4117 ι
2728 4067 2794 4120 Et
2818 4066 2974 4144 231
3003 4067 3241 4125 iterum:
3281 4086 3299 4120 ι
3335 4067 3451 4122 Non

1863 4159 2160 4231 proderunt
2194 4157 2397 4212 divitiae
2426 4157 2478 4212 in
2511 4157 2595 4211 die
2627 4158 2868 4218 ultionis.
2927 4155 3168 4212 Tristitia
3199 4157 3451 4230 (iustitia)

1865 4261 2045 4306 autem
2099 4252 2350 4310 liberabit
2405 4267 2438 4306 a
2463 4262 2638 4307 morte
2686 4252 2869 4324 (Prov.
2899 4252 2996 4322 ιι).
3031 4273 3047 4304 ι
3085 4253 3153 4307 Ει
3213 4232 3400 4309 rursus
3434 4273 3448 4307 :

1871 4363 1888 4393 ι
1917 4341 2105 4397 Melior
2127 4352 2212 4398 est
2234 4359 2437 4414 pauper
2463 4343 2516 4397 iu
2549 4343 2897 4413 simplicitate
2926 4358 3024 4397 sua
3044 4383 3058 4406 ,
3089 4357 3252 4412 quam
3297 4345 3448 4402 dives

1866 4436 2048 4506 pravis
2085 4434 2371 4492 itineribus
2419 4433 2601 4506 (Prov.
2649 4436 2863 4504 xxvm).
2915 4456 2933 4489 ι
2972 4434 3228 4488 Etalibi:
3265 4453 3283 4485 ‹
3330 4434 3445 4495 Vir,

172 4525 315 4606 Mil
352 4525 687 4595 pauperibus
711 4519 882 4592 (Ρδιιι.
917 4521 1052 4590 CXI),
1091 4540 1108 4572 ι
1144 4534 1249 4574 non
1299 4518 1501 4572 addidit
1530 4532 1753 4606 munera
1787 4510 1834 4567 Ι)
1861 4527 1950 4595 qui
1999 4525 2219 4582 festinat
2245 4527 2427 4591 ditari,
2494 4535 2549 4581 et
2603 4525 2725 4581 aliis
2773 4525 2998 4586 invidet,
3051 4525 3263 4596 ignorat
3303 4527 3448 4602 quod

170 4616 282 4686 ejus
307 4632 323 4671 :
347 4617 456 4672 sed
484 4656 498 4675 .
532 4634 550 4666 ι
578 4613 789 4684 iustitia
825 4611 939 4680 ejus
979 4618 1160 4664 manet
1186 4610 1240 4662 in
1286 4608 1541 4664 saaculum
1571 4605 1753 4662 steculi

171 4705 381 4778 (Μήτι).
404 4726 422 4758 ι
446 4707 582 4761 lline
603 4707 794 4770 etiam,
825 4719 946 4758 cum
970 4702 1036 4756 de
1064 4701 1382 4758 exhibendis
1401 4699 1757 4769 clecmosyuis

170 4798 432 4855 Donninus
460 4799 814 4866 loqueretur:
873 4813 892 4844 ι
929 4791 1155 4855 Videte,
1208 4793 1400 4862 inquit,
1453 4805 1519 4844 ne
1545 4789 1756 4844 faciatis

168 4892 430 4962 iustitiam
460 4898 699 4943 vestram
731 4902 913 4941 coram
939 4885 1264 4947 hominibus,
1295 4894 1353 4938 ut
1375 4882 1660 4938 videamini
1689 4881 1755 4935 ab

167 4987 240 5041 eis
260 4982 595 5057 (Matt/nvi).
632 5000 651 5032 ι
685 4981 834 5048 Quod
864 4988 1042 5033 autem
1069 4979 1426 5048 eleemosynm
1456 4977 1755 5047 largitatem

168 5077 248 5132 hic
279 5076 562 5147 praeipue
607 5071 871 5140 justitiam
915 5070 1028 5124 vult
1059 5070 1307 5137 intelligi,
1346 5069 1582 5122 insinuat
1622 5069 1754 5143 ipse,

163 5189 284 5229 cum
334 5179 543 5240 praesto
580 5167 892 5239 subiungit:
957 5183 974 5214 ί
1013 5165 1145 5220 Cum
1179 5164 1313 5220 facis
1337 5162 1756 5236 cleemosynam,

163 5265 266 5314 noli
295 5267 429 5314 tuba
459 5276 660 5314 cauere
683 5260 895 5314 tlb‘id.).
936 5277 954 5308 ›
982 5257 1054 5310 lta
1085 5257 1284 5314 iustitia
1310 5263 1412 5314 est.
1443 5270 1560 5314 (tum
1583 5256 1757 5310 aliena

1863 4623 2077 4684 egestas
2105 4615 2449 4686 superveniet
2474 4615 2524 4670 ei
2555 4615 2763 4685 (Mitt).
2825 4635 2842 4670 ι

1932 4707 2206 4767 Pruritmn
2261 4713 2522 4775 praetereo
2568 4705 2708 4776 gula:
2752 4706 2966 4762 frenum
3005 4706 3258 4760 cohibeat
3283 4703 3448 4759 disci-

1861 4801 2038 4870 plinas.
2058 4801 2327 4854 Incassum
2351 4813 2582 4867 namque
2605 4808 2836 4852 conatur
2855 4797 3124 4852 :cdil‘teare
3149 4795 3444 4864 fastigium.

1863 4893 1954 4963 qui
2003 4891 2056 4946 in
2090 4905 2274 4955 arena,
2311 4906 2431 4960 qme
2478 4889 2695 4953 dissilit,
2749 4888 2980 4942 collocat
3017 4888 3450 4944 fundamentum.

1861 4984 1963 5051 Qui
1992 4983 2252 5037 virtutum
2285 4980 2551 5051 lapidibus
2581 4980 2803 5044 festinat
2831 4979 3034 5035 atriqu
3059 4978 3291 5040 sublime
3321 4991 3456 5030 cons

1859 5087 2111 5141 struere,
2168 5075 2320 5146 prius
2369 5087 2593 5128 necesse
2641 5082 2722 5127 est
2768 5071 3108 5129 inhorrentia
3150 5067 3456 5127 carnalium

1862 5159 2279 5224 delectationum
2318 5169 2534 5222 dumeta
2587 5173 2842 5236 purgare.
2892 5163 3052 5231 Unde
3095 5179 3189 5238 per
3220 5158 3462 5214 Salomoe

1865 5276 1986 5314 nem
2037 5262 2273 5314 dicitur:
2321 5278 2339 5310 ι
2370 5257 2668 5314 Diligenter
2716 5271 2912 5311 exerce
2945 5275 3139 5314 aurum
3183 5265 3354 5312 tumu,
3399 5259 3464 5308 ut
