  <div class='ocr_page' id='page_1' title='image "/cluster/home/n/w/nwhite01/storage/ocr_20150623/144/hvd.32044010574010/219.png"; bbox 0 0 3950 5344; ppageno 0'>
   <div class='ocr_carea' id='block_1_1' title="bbox 524 302 640 364">
    <p class='ocr_par' dir='ltr' id='par_1_1' title="bbox 524 302 640 364">
     <span class='ocr_line' id='line_1_1' title="bbox 524 302 640 364; baseline 0 -1"><span class='ocrx_word' id='word_1_1' title='bbox 524 302 640 364; x_wconf 65' lang='lat'><strong>127</strong></span> 
     </span>
    </p>
   </div>
   <div class='ocr_carea' id='block_1_2' title="bbox 470 418 2110 495">
    <p class='ocr_par' dir='ltr' id='par_1_2' title="bbox 470 418 2110 495">
     <span class='ocr_line' id='line_1_2' title="bbox 470 418 2110 495; baseline 0.004 -23"><span class='ocrx_word' id='word_1_2' title='bbox 470 420 505 471; x_wconf 59' lang='grc' dir='ltr'><strong>κρ</strong></span> <span class='ocrx_word' id='word_1_3' title='bbox 537 435 728 490; x_wconf 83' lang='lat' dir='ltr'><strong>agrum</strong></span> <span class='ocrx_word' id='word_1_4' title='bbox 769 418 1013 490; x_wconf 77' lang='lat' dir='ltr'><strong>corporis</strong></span> <span class='ocrx_word' id='word_1_5' title='bbox 1061 435 1091 472; x_wconf 87' lang='lat' dir='ltr'><strong>a</strong></span> <span class='ocrx_word' id='word_1_6' title='bbox 1133 421 1302 489; x_wconf 84' lang='lat' dir='ltr'><strong>spinis</strong></span> <span class='ocrx_word' id='word_1_7' title='bbox 1331 421 1585 477; x_wconf 82' lang='lat' dir='ltr'><strong>vitiorum</strong></span> <span class='ocrx_word' id='word_1_8' title='bbox 1616 434 1832 495; x_wconf 86' lang='lat' dir='ltr'><strong>purgat,</strong></span> <span class='ocrx_word' id='word_1_9' title='bbox 1874 424 2110 494; x_wconf 80' lang='lat' dir='ltr'><strong>alioquin</strong></span> 
     </span>
    </p>
   </div>
   <div class='ocr_carea' id='block_1_3' title="bbox 536 508 2112 579">
    <p class='ocr_par' dir='ltr' id='par_1_3' title="bbox 536 508 2112 579">
     <span class='ocr_line' id='line_1_3' title="bbox 536 508 2112 579; baseline 0.001 -13"><span class='ocrx_word' id='word_1_10' title='bbox 536 512 580 566; x_wconf 82' lang='lat' dir='ltr'><strong>si</strong></span> <span class='ocrx_word' id='word_1_11' title='bbox 609 508 998 566; x_wconf 78' lang='lat' dir='ltr'><strong>desideriorum</strong></span> <span class='ocrx_word' id='word_1_12' title='bbox 1051 510 1470 579; x_wconf 68' lang='lat' dir='ltr'><strong>passiontuuquc</strong></span> <span class='ocrx_word' id='word_1_13' title='bbox 1507 512 1805 568; x_wconf 77' lang='lat' dir='ltr'><strong>carnalium</strong></span> <span class='ocrx_word' id='word_1_14' title='bbox 1841 523 2025 570; x_wconf 87' lang='lat' dir='ltr'><strong>sentes</strong></span> <span class='ocrx_word' id='word_1_15' title='bbox 2061 516 2112 569; x_wconf 90' lang='lat' dir='ltr'><strong>in</strong></span> 
     </span>
    </p>
   </div>
   <div class='ocr_carea' id='block_1_4' title="bbox 502 582 2112 670">
    <p class='ocr_par' dir='ltr' id='par_1_4' title="bbox 502 582 2112 670">
     <span class='ocr_line' id='line_1_4' title="bbox 502 582 2112 670; baseline 0.004 -16"><span class='ocrx_word' id='word_1_16' title='bbox 502 582 505 589; x_wconf 55' lang='grc'><em>’</em></span> <span class='ocrx_word' id='word_1_17' title='bbox 535 601 717 656; x_wconf 88' lang='lat' dir='ltr'><strong>carnis</strong></span> <span class='ocrx_word' id='word_1_18' title='bbox 736 614 868 670; x_wconf 90' lang='lat' dir='ltr'><strong>agro</strong></span> <span class='ocrx_word' id='word_1_19' title='bbox 895 599 1162 670; x_wconf 90' lang='lat' dir='ltr'><strong>pullulare</strong></span> <span class='ocrx_word' id='word_1_20' title='bbox 1188 601 1460 666; x_wconf 58' lang='lat' dir='ltr'><strong>sinuntur,</strong></span> <span class='ocrx_word' id='word_1_21' title='bbox 1496 602 1638 658; x_wconf 80' lang='lat' dir='ltr'><strong>fame</strong></span> <span class='ocrx_word' id='word_1_22' title='bbox 1662 605 1787 659; x_wconf 91' lang='lat' dir='ltr'><strong>boni</strong></span> <span class='ocrx_word' id='word_1_23' title='bbox 1816 616 2112 669; x_wconf 85' lang='lat' dir='ltr'><strong>crescente.</strong></span> 
     </span>
    </p>
   </div>
   <div class='ocr_carea' id='block_1_5' title="bbox 536 691 2114 753">
    <p class='ocr_par' dir='ltr' id='par_1_5' title="bbox 536 691 2114 753">
     <span class='ocr_line' id='line_1_5' title="bbox 536 691 2114 753; baseline 0.003 -7"><span class='ocrx_word' id='word_1_24' title='bbox 536 700 647 746; x_wconf 88' lang='lat' dir='ltr'><strong>tota</strong></span> <span class='ocrx_word' id='word_1_25' title='bbox 679 691 830 746; x_wconf 86' lang='lat' dir='ltr'><strong>intus</strong></span> <span class='ocrx_word' id='word_1_26' title='bbox 855 691 1114 747; x_wconf 80' lang='lat' dir='ltr'><strong>virtutum</strong></span> <span class='ocrx_word' id='word_1_27' title='bbox 1143 701 1416 749; x_wconf 72' lang='lat' dir='ltr'><strong>structura</strong></span> <span class='ocrx_word' id='word_1_28' title='bbox 1472 694 1777 749; x_wconf 64' lang='lat' dir='ltr'><strong>collalitur.</strong></span> <span class='ocrx_word' id='word_1_29' title='bbox 1813 696 1950 753; x_wconf 90' lang='lat' dir='ltr'><strong>IIine</strong></span> <span class='ocrx_word' id='word_1_30' title='bbox 1998 714 2114 752; x_wconf 86' lang='lat' dir='ltr'><strong>rur-</strong></span> 
     </span>
    </p>
   </div>
   <div class='ocr_carea' id='block_1_6' title="bbox 530 781 2117 857">
    <p class='ocr_par' dir='ltr' id='par_1_6' title="bbox 530 781 2117 857">
     <span class='ocr_line' id='line_1_6' title="bbox 530 781 2117 857; baseline 0.001 -19"><span class='ocrx_word' id='word_1_31' title='bbox 530 799 627 838; x_wconf 83' lang='lat' dir='ltr'><strong>sus</strong></span> <span class='ocrx_word' id='word_1_32' title='bbox 661 783 738 837; x_wconf 88' lang='lat' dir='ltr'><strong>ait</strong></span> <span class='ocrx_word' id='word_1_33' title='bbox 767 801 783 837; x_wconf 91' lang='lat'><strong>:</strong></span> <span class='ocrx_word' id='word_1_34' title='bbox 818 802 836 834; x_wconf 82' lang='grc'><strong><em>‹</em></strong></span> <span class='ocrx_word' id='word_1_35' title='bbox 870 781 973 838; x_wconf 87' lang='lat' dir='ltr'><strong>Per</strong></span> <span class='ocrx_word' id='word_1_36' title='bbox 1003 799 1192 853; x_wconf 84' lang='lat' dir='ltr'><strong>agrum</strong></span> <span class='ocrx_word' id='word_1_37' title='bbox 1225 785 1458 839; x_wconf 85' lang='lat' dir='ltr'><strong>hominis</strong></span> <span class='ocrx_word' id='word_1_38' title='bbox 1487 785 1626 855; x_wconf 82' lang='lat' dir='ltr'><strong>pigri</strong></span> <span class='ocrx_word' id='word_1_39' title='bbox 1659 786 1907 853; x_wconf 85' lang='lat' dir='ltr'><strong>transivi,</strong></span> <span class='ocrx_word' id='word_1_40' title='bbox 1937 796 1992 842; x_wconf 91' lang='lat' dir='ltr'><strong>ot</strong></span> <span class='ocrx_word' id='word_1_41' title='bbox 2020 802 2117 857; x_wconf 91' lang='lat' dir='ltr'><strong>per</strong></span> 
     </span>
    </p>
   </div>
   <div class='ocr_carea' id='block_1_7' title="bbox 530 873 2113 948">
    <p class='ocr_par' dir='ltr' id='par_1_7' title="bbox 530 873 2113 948">
     <span class='ocr_line' id='line_1_7' title="bbox 530 873 2113 948; baseline 0.005 -22"><span class='ocrx_word' id='word_1_42' title='bbox 530 873 746 928; x_wconf 73' lang='lat' dir='ltr'><strong>vineam</strong></span> <span class='ocrx_word' id='word_1_43' title='bbox 772 873 872 927; x_wconf 87' lang='lat' dir='ltr'><strong>viri</strong></span> <span class='ocrx_word' id='word_1_44' title='bbox 912 873 1082 941; x_wconf 90' lang='lat' dir='ltr'><strong>stulti,</strong></span> <span class='ocrx_word' id='word_1_45' title='bbox 1106 883 1157 930; x_wconf 90' lang='lat' dir='ltr'><strong>et</strong></span> <span class='ocrx_word' id='word_1_46' title='bbox 1197 891 1324 931; x_wconf 84' lang='lat' dir='ltr'><strong>ecce</strong></span> <span class='ocrx_word' id='word_1_47' title='bbox 1354 885 1521 931; x_wconf 91' lang='lat' dir='ltr'><strong>totum</strong></span> <span class='ocrx_word' id='word_1_48' title='bbox 1549 876 1885 948; x_wconf 87' lang='lat' dir='ltr'><strong>repleverant</strong></span> <span class='ocrx_word' id='word_1_49' title='bbox 1908 879 2113 944; x_wconf 72' lang='lat' dir='ltr'><strong>urticm,</strong></span> 
     </span>
    </p>
   </div>
   <div class='ocr_carea' id='block_1_8' title="bbox 528 968 2118 1044">
    <p class='ocr_par' dir='ltr' id='par_1_8' title="bbox 528 968 2118 1044">
     <span class='ocr_line' id='line_1_8' title="bbox 528 968 2118 1044; baseline 0.005 -25"><span class='ocrx_word' id='word_1_50' title='bbox 528 974 855 1036; x_wconf 73' lang='lat' dir='ltr'><strong>aperuerant</strong></span> <span class='ocrx_word' id='word_1_51' title='bbox 881 968 1221 1037; x_wconf 80' lang='lat' dir='ltr'><strong>superficiem</strong></span> <span class='ocrx_word' id='word_1_52' title='bbox 1254 970 1371 1040; x_wconf 90' lang='lat' dir='ltr'><strong>ejus</strong></span> <span class='ocrx_word' id='word_1_53' title='bbox 1402 970 1593 1041; x_wconf 58' lang='lat' dir='ltr'><strong>spinae,</strong></span> <span class='ocrx_word' id='word_1_54' title='bbox 1633 982 1686 1027; x_wconf 91' lang='lat' dir='ltr'><strong>et</strong></span> <span class='ocrx_word' id='word_1_55' title='bbox 1719 973 1951 1027; x_wconf 69' lang='lat' dir='ltr'><strong>maceria</strong></span> <span class='ocrx_word' id='word_1_56' title='bbox 1984 972 2118 1044; x_wconf 86' lang='lat' dir='ltr'><strong>lapi-</strong></span> 
     </span>
    </p>
   </div>
   <div class='ocr_carea' id='block_1_9' title="bbox 531 1060 2118 1136">
    <p class='ocr_par' dir='ltr' id='par_1_9' title="bbox 531 1060 2118 1136">
     <span class='ocr_line' id='line_1_9' title="bbox 531 1060 2118 1136; baseline 0.003 -22"><span class='ocrx_word' id='word_1_57' title='bbox 531 1063 658 1115; x_wconf 89' lang='lat' dir='ltr'><strong>dum</strong></span> <span class='ocrx_word' id='word_1_58' title='bbox 689 1060 962 1116; x_wconf 90' lang='lat' dir='ltr'><strong>destructa</strong></span> <span class='ocrx_word' id='word_1_59' title='bbox 990 1070 1109 1118; x_wconf 90' lang='lat' dir='ltr'><strong>erat</strong></span> <span class='ocrx_word' id='word_1_60' title='bbox 1161 1061 1369 1133; x_wconf 61' lang='lat' dir='ltr'><strong>(Ibid).</strong></span> <span class='ocrx_word' id='word_1_61' title='bbox 1402 1081 1419 1113; x_wconf 70' lang='grc' dir='ltr'><strong><em>ι</em></strong></span> <span class='ocrx_word' id='word_1_62' title='bbox 1476 1062 1613 1131; x_wconf 85' lang='lat' dir='ltr'><strong>Quid</strong></span> <span class='ocrx_word' id='word_1_63' title='bbox 1662 1064 1805 1119; x_wconf 91' lang='lat' dir='ltr'><strong>cnim</strong></span> <span class='ocrx_word' id='word_1_64' title='bbox 1857 1080 2003 1136; x_wconf 83' lang='lat' dir='ltr'><strong>ager,</strong></span> <span class='ocrx_word' id='word_1_65' title='bbox 2033 1064 2118 1121; x_wconf 83' lang='lat' dir='ltr'><strong>vel</strong></span> 
     </span>
    </p>
   </div>
   <div class='ocr_carea' id='block_1_10' title="bbox 531 1157 2114 1229">
    <p class='ocr_par' dir='ltr' id='par_1_10' title="bbox 531 1157 2114 1229">
     <span class='ocr_line' id='line_1_10' title="bbox 531 1157 2114 1229; baseline 0.002 -19"><span class='ocrx_word' id='word_1_66' title='bbox 531 1157 687 1213; x_wconf 83' lang='lat' dir='ltr'><strong>vinea</strong></span> <span class='ocrx_word' id='word_1_67' title='bbox 744 1157 881 1229; x_wconf 81' lang='lat' dir='ltr'><strong>pigri</strong></span> <span class='ocrx_word' id='word_1_68' title='bbox 915 1158 1167 1222; x_wconf 85' lang='lat' dir='ltr'><strong>hominis,</strong></span> <span class='ocrx_word' id='word_1_69' title='bbox 1223 1158 1326 1213; x_wconf 82' lang='lat' dir='ltr'><strong>nisi</strong></span> <span class='ocrx_word' id='word_1_70' title='bbox 1361 1174 1488 1213; x_wconf 79' lang='lat' dir='ltr'><strong>caro</strong></span> <span class='ocrx_word' id='word_1_71' title='bbox 1537 1158 1825 1227; x_wconf 75' lang='lat' dir='ltr'><strong>cujuslibet</strong></span> <span class='ocrx_word' id='word_1_72' title='bbox 1870 1160 2029 1215; x_wconf 85' lang='lat' dir='ltr'><strong>otiosi</strong></span> <span class='ocrx_word' id='word_1_73' title='bbox 2063 1161 2114 1214; x_wconf 92' lang='lat' dir='ltr'><strong>in</strong></span> 
     </span>
    </p>
   </div>
   <div class='ocr_carea' id='block_1_11' title="bbox 520 1250 2118 1323">
    <p class='ocr_par' dir='ltr' id='par_1_11' title="bbox 520 1250 2118 1323">
     <span class='ocr_line' id='line_1_11' title="bbox 520 1250 2118 1323; baseline 0.002 -19"><span class='ocrx_word' id='word_1_74' title='bbox 520 1251 828 1320; x_wconf 75' lang='lat' dir='ltr'><strong>spiritualis</strong></span> <span class='ocrx_word' id='word_1_75' title='bbox 865 1250 1207 1323; x_wconf 67' lang='lat' dir='ltr'><strong>agricultura:</strong></span> <span class='ocrx_word' id='word_1_76' title='bbox 1234 1251 1510 1306; x_wconf 70' lang='lat' dir='ltr'><strong>laboribus</strong></span> <span class='ocrx_word' id='word_1_77' title='bbox 1541 1251 1806 1307; x_wconf 55' lang='lat' dir='ltr'><strong>desudare</strong></span> <span class='ocrx_word' id='word_1_78' title='bbox 1842 1252 2118 1307; x_wconf 59' lang='lat' dir='ltr'><strong>umentis?</strong></span> 
     </span>
    </p>
   </div>
   <div class='ocr_carea' id='block_1_12' title="bbox 518 1343 2118 1415">
    <p class='ocr_par' dir='ltr' id='par_1_12' title="bbox 518 1343 2118 1415">
     <span class='ocr_line' id='line_1_12' title="bbox 518 1343 2118 1415; baseline 0.003 -18"><span class='ocrx_word' id='word_1_79' title='bbox 518 1343 668 1409; x_wconf 53' lang='lat' dir='ltr'><strong>Quid</strong></span> <span class='ocrx_word' id='word_1_80' title='bbox 697 1352 874 1399; x_wconf 89' lang='lat' dir='ltr'><strong>autem</strong></span> <span class='ocrx_word' id='word_1_81' title='bbox 919 1344 1124 1408; x_wconf 61' lang='lat' dir='ltr'><strong>urticae,</strong></span> <span class='ocrx_word' id='word_1_82' title='bbox 1162 1344 1262 1399; x_wconf 87' lang='lat' dir='ltr'><strong>nisi</strong></span> <span class='ocrx_word' id='word_1_83' title='bbox 1291 1345 1426 1415; x_wconf 70' lang='lat' dir='ltr'><strong>gula:</strong></span> <span class='ocrx_word' id='word_1_84' title='bbox 1464 1344 1765 1414; x_wconf 77' lang='lat' dir='ltr'><strong>prurigines</strong></span> <span class='ocrx_word' id='word_1_85' title='bbox 1792 1355 1845 1400; x_wconf 88' lang='lat' dir='ltr'><strong>et</strong></span> <span class='ocrx_word' id='word_1_86' title='bbox 1874 1346 2118 1402; x_wconf 81' lang='lat' dir='ltr'><strong>carnales</strong></span> 
     </span>
    </p>
   </div>
   <div class='ocr_carea' id='block_1_13' title="bbox 517 1436 2117 1508">
    <p class='ocr_par' dir='ltr' id='par_1_13' title="bbox 517 1436 2117 1508">
     <span class='ocr_line' id='line_1_13' title="bbox 517 1436 2117 1508; baseline 0.003 -20"><span class='ocrx_word' id='word_1_87' title='bbox 517 1436 844 1491; x_wconf 57' lang='lat' dir='ltr'><strong>tilleeebrm?</strong></span> <span class='ocrx_word' id='word_1_88' title='bbox 881 1436 1159 1502; x_wconf 81' lang='lat' dir='ltr'><strong>Quomodo</strong></span> <span class='ocrx_word' id='word_1_89' title='bbox 1202 1437 1432 1506; x_wconf 84' lang='lat' dir='ltr'><strong>denique</strong></span> <span class='ocrx_word' id='word_1_90' title='bbox 1463 1436 1630 1505; x_wconf 72' lang='lat' dir='ltr'><strong>spinm</strong></span> <span class='ocrx_word' id='word_1_91' title='bbox 1664 1446 1807 1503; x_wconf 90' lang='lat' dir='ltr'><strong>sunt,</strong></span> <span class='ocrx_word' id='word_1_92' title='bbox 1851 1438 1952 1492; x_wconf 85' lang='lat' dir='ltr'><strong>nisi</strong></span> <span class='ocrx_word' id='word_1_93' title='bbox 1994 1453 2117 1508; x_wconf 86' lang='lat' dir='ltr'><strong>pas-</strong></span> 
     </span>
    </p>
   </div>
   <div class='ocr_carea' id='block_1_14' title="bbox 514 1524 2113 1596">
    <p class='ocr_par' dir='ltr' id='par_1_14' title="bbox 514 1524 2113 1596">
     <span class='ocr_line' id='line_1_14' title="bbox 514 1524 2113 1596; baseline -0.001 -15"><span class='ocrx_word' id='word_1_94' title='bbox 514 1524 743 1581; x_wconf 63' lang='lat' dir='ltr'><strong>sionum</strong></span> <span class='ocrx_word' id='word_1_95' title='bbox 765 1524 1075 1581; x_wconf 70' lang='lat' dir='ltr'><strong>carnalium</strong></span> <span class='ocrx_word' id='word_1_96' title='bbox 1108 1525 1468 1596; x_wconf 80' lang='lat' dir='ltr'><strong>punctiones?</strong></span> <span class='ocrx_word' id='word_1_97' title='bbox 1524 1524 1662 1592; x_wconf 89' lang='lat' dir='ltr'><strong>Quid</strong></span> <span class='ocrx_word' id='word_1_98' title='bbox 1692 1535 1968 1596; x_wconf 86' lang='lat' dir='ltr'><strong>postremo</strong></span> <span class='ocrx_word' id='word_1_99' title='bbox 1996 1542 2113 1581; x_wconf 81' lang='lat' dir='ltr'><strong>tua-</strong></span> 
     </span>
    </p>
   </div>
   <div class='ocr_carea' id='block_1_15' title="bbox 514 1615 2113 1688">
    <p class='ocr_par' dir='ltr' id='par_1_15' title="bbox 514 1615 2113 1688">
     <span class='ocr_line' id='line_1_15' title="bbox 514 1615 2113 1688; baseline 0 -16"><span class='ocrx_word' id='word_1_100' title='bbox 514 1617 676 1672; x_wconf 83' lang='lat' dir='ltr'><strong>‘ceria</strong></span> <span class='ocrx_word' id='word_1_101' title='bbox 724 1615 961 1688; x_wconf 77' lang='lat' dir='ltr'><strong>lapidum</strong></span> <span class='ocrx_word' id='word_1_102' title='bbox 984 1615 1096 1672; x_wconf 81' lang='lat' dir='ltr'><strong>nisi</strong></span> <span class='ocrx_word' id='word_1_103' title='bbox 1128 1616 1406 1671; x_wconf 77' lang='lat' dir='ltr'><strong>eharitate</strong></span> <span class='ocrx_word' id='word_1_104' title='bbox 1459 1616 1633 1671; x_wconf 86' lang='lat' dir='ltr'><strong>media</strong></span> <span class='ocrx_word' id='word_1_105' title='bbox 1683 1631 1806 1671; x_wconf 88' lang='lat' dir='ltr'><strong>cum</strong></span> <span class='ocrx_word' id='word_1_106' title='bbox 1855 1618 2113 1688; x_wconf 87' lang='lat' dir='ltr'><strong>permista</strong></span> 
     </span>
    </p>
   </div>
   <div class='ocr_carea' id='block_1_16' title="bbox 516 1708 2109 1782">
    <p class='ocr_par' dir='ltr' id='par_1_16' title="bbox 516 1708 2109 1782">
     <span class='ocr_line' id='line_1_16' title="bbox 516 1708 2109 1782; baseline 0 -18"><span class='ocrx_word' id='word_1_107' title='bbox 516 1709 927 1764; x_wconf 64' lang='lat' dir='ltr'><strong>cohaerentium</strong></span> <span class='ocrx_word' id='word_1_108' title='bbox 948 1717 1235 1765; x_wconf 77' lang='lat' dir='ltr'><strong>structura</strong></span> <span class='ocrx_word' id='word_1_109' title='bbox 1282 1708 1586 1763; x_wconf 83' lang='lat' dir='ltr'><strong>virtutum?</strong></span> <span class='ocrx_word' id='word_1_110' title='bbox 1632 1710 1781 1780; x_wconf 78' lang='lat' dir='ltr'><strong>Ager</strong></span> <span class='ocrx_word' id='word_1_111' title='bbox 1808 1725 1936 1781; x_wconf 86' lang='lat' dir='ltr'><strong>ergo</strong></span> <span class='ocrx_word' id='word_1_112' title='bbox 1967 1712 2109 1782; x_wconf 82' lang='lat' dir='ltr'><strong>pigri</strong></span> 
     </span>
    </p>
   </div>
   <div class='ocr_carea' id='block_1_17' title="bbox 513 1802 2113 1873">
    <p class='ocr_par' dir='ltr' id='par_1_17' title="bbox 513 1802 2113 1873">
     <span class='ocr_line' id='line_1_17' title="bbox 513 1802 2113 1873; baseline 0.001 -16"><span class='ocrx_word' id='word_1_113' title='bbox 513 1812 584 1858; x_wconf 70' lang='grc' dir='ltr'><strong>σει</strong></span> <span class='ocrx_word' id='word_1_114' title='bbox 635 1802 787 1858; x_wconf 70' lang='lat' dir='ltr'><strong>stulti</strong></span> <span class='ocrx_word' id='word_1_115' title='bbox 839 1802 1077 1857; x_wconf 83' lang='lat' dir='ltr'><strong>humi-nis</strong></span> <span class='ocrx_word' id='word_1_116' title='bbox 1106 1803 1307 1858; x_wconf 74' lang='lat' dir='ltr'><strong>urticis</strong></span> <span class='ocrx_word' id='word_1_117' title='bbox 1350 1803 1637 1873; x_wconf 77' lang='lat' dir='ltr'><strong>spinisque</strong></span> <span class='ocrx_word' id='word_1_118' title='bbox 1681 1803 1940 1873; x_wconf 82' lang='lat' dir='ltr'><strong>repletur,</strong></span> <span class='ocrx_word' id='word_1_119' title='bbox 1992 1820 2113 1859; x_wconf 92' lang='lat' dir='ltr'><strong>cum</strong></span> 
     </span>
    </p>
   </div>
   <div class='ocr_carea' id='block_1_18' title="bbox 516 1895 2112 1969">
    <p class='ocr_par' dir='ltr' id='par_1_18' title="bbox 516 1895 2112 1969">
     <span class='ocr_line' id='line_1_18' title="bbox 516 1895 2112 1969; baseline 0.001 -19"><span class='ocrx_word' id='word_1_120' title='bbox 516 1910 658 1951; x_wconf 67' lang='lat' dir='ltr'><strong>caro</strong></span> <span class='ocrx_word' id='word_1_121' title='bbox 683 1895 981 1967; x_wconf 88' lang='lat' dir='ltr'><strong>cujuspiam</strong></span> <span class='ocrx_word' id='word_1_122' title='bbox 1011 1896 1185 1951; x_wconf 70' lang='lat' dir='ltr'><strong>otiose</strong></span> <span class='ocrx_word' id='word_1_123' title='bbox 1218 1895 1468 1961; x_wconf 79' lang='lat' dir='ltr'><strong>viventis,</strong></span> <span class='ocrx_word' id='word_1_124' title='bbox 1512 1911 1618 1952; x_wconf 90' lang='lat' dir='ltr'><strong>non</strong></span> <span class='ocrx_word' id='word_1_125' title='bbox 1647 1909 1741 1965; x_wconf 88' lang='lat' dir='ltr'><strong>per</strong></span> <span class='ocrx_word' id='word_1_126' title='bbox 1777 1897 2112 1969; x_wconf 83' lang='lat' dir='ltr'><strong>disciplinam</strong></span> 
     </span>
    </p>
   </div>
   <div class='ocr_carea' id='block_1_19' title="bbox 526 1987 2114 2060">
    <p class='ocr_par' dir='ltr' id='par_1_19' title="bbox 526 1987 2114 2060">
     <span class='ocr_line' id='line_1_19' title="bbox 526 1987 2114 2060; baseline 0.002 -19"><span class='ocrx_word' id='word_1_127' title='bbox 526 1987 771 2043; x_wconf 82' lang='lat' dir='ltr'><strong>continui</strong></span> <span class='ocrx_word' id='word_1_128' title='bbox 807 1988 1011 2044; x_wconf 90' lang='lat' dir='ltr'><strong>laboris</strong></span> <span class='ocrx_word' id='word_1_129' title='bbox 1066 1987 1350 2053; x_wconf 71' lang='lat' dir='ltr'><strong>excolitur,</strong></span> <span class='ocrx_word' id='word_1_130' title='bbox 1402 1987 1497 2043; x_wconf 83' lang='lat' dir='ltr'><strong>sed</strong></span> <span class='ocrx_word' id='word_1_131' title='bbox 1553 1987 1606 2042; x_wconf 88' lang='lat' dir='ltr'><strong>in</strong></span> <span class='ocrx_word' id='word_1_132' title='bbox 1636 1989 1924 2060; x_wconf 71' lang='lat' dir='ltr'><strong>voluptatis</strong></span> <span class='ocrx_word' id='word_1_133' title='bbox 1953 1998 2114 2059; x_wconf 85' lang='lat' dir='ltr'><strong>atque</strong></span> 
     </span>
    </p>
   </div>
   <div class='ocr_carea' id='block_1_20' title="bbox 528 2078 2111 2153">
    <p class='ocr_par' dir='ltr' id='par_1_20' title="bbox 528 2078 2111 2153">
     <span class='ocr_line' id='line_1_20' title="bbox 528 2078 2111 2153; baseline 0.001 -19"><span class='ocrx_word' id='word_1_134' title='bbox 528 2081 764 2136; x_wconf 69' lang='lat' dir='ltr'><strong>lascivite</strong></span> <span class='ocrx_word' id='word_1_135' title='bbox 816 2080 1054 2135; x_wconf 90' lang='lat' dir='ltr'><strong>mollitur</strong></span> <span class='ocrx_word' id='word_1_136' title='bbox 1101 2078 1371 2136; x_wconf 81' lang='lat' dir='ltr'><strong>desiderio</strong></span> <span class='ocrx_word' id='word_1_137' title='bbox 1423 2089 1479 2136; x_wconf 85' lang='lat' dir='ltr'><strong>et</strong></span> <span class='ocrx_word' id='word_1_138' title='bbox 1517 2082 1805 2137; x_wconf 89' lang='lat' dir='ltr'><strong>enutritur.</strong></span> <span class='ocrx_word' id='word_1_139' title='bbox 1853 2081 2111 2153; x_wconf 87' lang='lat' dir='ltr'><strong>Lapidum</strong></span> 
     </span>
    </p>
   </div>
   <div class='ocr_carea' id='block_1_21' title="bbox 525 2169 2113 2241">
    <p class='ocr_par' dir='ltr' id='par_1_21' title="bbox 525 2169 2113 2241">
     <span class='ocr_line' id='line_1_21' title="bbox 525 2169 2113 2241; baseline -0.001 -16"><span class='ocrx_word' id='word_1_140' title='bbox 525 2185 741 2240; x_wconf 88' lang='lat' dir='ltr'><strong>quoque</strong></span> <span class='ocrx_word' id='word_1_141' title='bbox 780 2170 1012 2225; x_wconf 85' lang='lat' dir='ltr'><strong>maceria</strong></span> <span class='ocrx_word' id='word_1_142' title='bbox 1065 2170 1325 2224; x_wconf 79' lang='lat' dir='ltr'><strong>labefacta</strong></span> <span class='ocrx_word' id='word_1_143' title='bbox 1356 2169 1609 2236; x_wconf 89' lang='lat' dir='ltr'><strong>diruitttr,</strong></span> <span class='ocrx_word' id='word_1_144' title='bbox 1641 2172 1767 2241; x_wconf 86' lang='lat' dir='ltr'><strong>quia</strong></span> <span class='ocrx_word' id='word_1_145' title='bbox 1802 2180 1912 2226; x_wconf 91' lang='lat' dir='ltr'><strong>tota</strong></span> <span class='ocrx_word' id='word_1_146' title='bbox 1937 2171 2113 2225; x_wconf 84' lang='lat' dir='ltr'><strong>virtu-</strong></span> 
     </span>
    </p>
   </div>
   <div class='ocr_carea' id='block_1_22' title="bbox 527 2260 2111 2331">
    <p class='ocr_par' dir='ltr' id='par_1_22' title="bbox 527 2260 2111 2331">
     <span class='ocr_line' id='line_1_22' title="bbox 527 2260 2111 2331; baseline 0.002 -16"><span class='ocrx_word' id='word_1_147' title='bbox 527 2271 642 2315; x_wconf 90' lang='lat' dir='ltr'><strong>tum</strong></span> <span class='ocrx_word' id='word_1_148' title='bbox 667 2260 892 2322; x_wconf 89' lang='lat' dir='ltr'><strong>fabrica.</strong></span> <span class='ocrx_word' id='word_1_149' title='bbox 934 2261 1082 2315; x_wconf 87' lang='lat' dir='ltr'><strong>velut</strong></span> <span class='ocrx_word' id='word_1_150' title='bbox 1117 2260 1365 2331; x_wconf 89' lang='lat' dir='ltr'><strong>impactis</strong></span> <span class='ocrx_word' id='word_1_151' title='bbox 1392 2260 1806 2318; x_wconf 61' lang='lat' dir='ltr'><strong>incontinentiae</strong></span> <span class='ocrx_word' id='word_1_152' title='bbox 1829 2263 2111 2329; x_wconf 82' lang='lat' dir='ltr'><strong>arietibus,</strong></span> 
     </span>
    </p>
   </div>
   <div class='ocr_carea' id='block_1_23' title="bbox 524 2352 2114 2427">
    <p class='ocr_par' dir='ltr' id='par_1_23' title="bbox 524 2352 2114 2427">
     <span class='ocr_line' id='line_1_23' title="bbox 524 2352 2114 2427; baseline 0.004 -22"><span class='ocrx_word' id='word_1_153' title='bbox 524 2353 837 2423; x_wconf 81' lang='lat' dir='ltr'><strong>dissipatur.</strong></span> <span class='ocrx_word' id='word_1_154' title='bbox 865 2352 1126 2423; x_wconf 79' lang='lat' dir='ltr'><strong>Princeps</strong></span> <span class='ocrx_word' id='word_1_155' title='bbox 1153 2357 1296 2407; x_wconf 75' lang='lat' dir='ltr'><strong>cnim</strong></span> <span class='ocrx_word' id='word_1_156' title='bbox 1319 2368 1612 2427; x_wconf 66' lang='lat' dir='ltr'><strong>coquoytlm</strong></span> <span class='ocrx_word' id='word_1_157' title='bbox 1635 2354 1905 2411; x_wconf 74' lang='lat' dir='ltr'><strong>destruxit</strong></span> <span class='ocrx_word' id='word_1_158' title='bbox 1931 2370 2114 2411; x_wconf 90' lang='lat' dir='ltr'><strong>muros</strong></span> 
     </span>
    </p>
   </div>
   <div class='ocr_carea' id='block_1_24' title="bbox 530 2445 2114 2517">
    <p class='ocr_par' dir='ltr' id='par_1_24' title="bbox 530 2445 2114 2517">
     <span class='ocr_line' id='line_1_24' title="bbox 530 2445 2114 2517; baseline 0.002 -19"><span class='ocrx_word' id='word_1_159' title='bbox 530 2445 885 2502; x_wconf 89' lang='lat' dir='ltr'><strong>tlierusalem.</strong></span> <span class='ocrx_word' id='word_1_160' title='bbox 928 2446 1236 2517; x_wconf 89' lang='lat' dir='ltr'><strong>Coquorum</strong></span> <span class='ocrx_word' id='word_1_161' title='bbox 1267 2455 1448 2501; x_wconf 89' lang='lat' dir='ltr'><strong>autem</strong></span> <span class='ocrx_word' id='word_1_162' title='bbox 1479 2446 1731 2516; x_wconf 86' lang='lat' dir='ltr'><strong>princeps</strong></span> <span class='ocrx_word' id='word_1_163' title='bbox 1768 2446 1892 2517; x_wconf 88' lang='lat' dir='ltr'><strong>jure</strong></span> <span class='ocrx_word' id='word_1_164' title='bbox 1919 2448 2114 2502; x_wconf 89' lang='lat' dir='ltr'><strong>asseri-</strong></span> 
     </span>
    </p>
   </div>
   <div class='ocr_carea' id='block_1_25' title="bbox 518 2536 2112 2608">
    <p class='ocr_par' dir='ltr' id='par_1_25' title="bbox 518 2536 2112 2608">
     <span class='ocr_line' id='line_1_25' title="bbox 518 2536 2112 2608; baseline 0.002 -20"><span class='ocrx_word' id='word_1_165' title='bbox 518 2547 616 2591; x_wconf 76' lang='lat' dir='ltr'><strong>tur</strong></span> <span class='ocrx_word' id='word_1_166' title='bbox 644 2547 862 2601; x_wconf 81' lang='lat' dir='ltr'><strong>venter,</strong></span> <span class='ocrx_word' id='word_1_167' title='bbox 915 2536 1000 2591; x_wconf 91' lang='lat' dir='ltr'><strong>cui</strong></span> <span class='ocrx_word' id='word_1_168' title='bbox 1034 2536 1287 2590; x_wconf 90' lang='lat' dir='ltr'><strong>nimirum</strong></span> <span class='ocrx_word' id='word_1_169' title='bbox 1327 2552 1357 2590; x_wconf 89' lang='lat' dir='ltr'><strong>a</strong></span> <span class='ocrx_word' id='word_1_170' title='bbox 1397 2536 1589 2605; x_wconf 88' lang='lat' dir='ltr'><strong>coquis</strong></span> <span class='ocrx_word' id='word_1_171' title='bbox 1638 2536 1911 2593; x_wconf 87' lang='lat' dir='ltr'><strong>laborioso</strong></span> <span class='ocrx_word' id='word_1_172' title='bbox 1948 2550 2112 2608; x_wconf 82' lang='lat' dir='ltr'><strong>opere</strong></span> 
     </span>
    </p>
   </div>
   <div class='ocr_carea' id='block_1_26' title="bbox 514 2610 2109 2699">
    <p class='ocr_par' dir='ltr' id='par_1_26' title="bbox 514 2610 2109 2699">
     <span class='ocr_line' id='line_1_26' title="bbox 514 2610 2109 2699; baseline 0.001 -16"><span class='ocrx_word' id='word_1_173' title='bbox 514 2610 776 2683; x_wconf 76' lang='lat' dir='ltr'><strong>sem’iur.</strong></span> <span class='ocrx_word' id='word_1_174' title='bbox 807 2626 1068 2697; x_wconf 75' lang='lat' dir='ltr'><strong>Quisquis</strong></span> <span class='ocrx_word' id='word_1_175' title='bbox 1090 2643 1223 2698; x_wconf 85' lang='lat' dir='ltr'><strong>ergo</strong></span> <span class='ocrx_word' id='word_1_176' title='bbox 1246 2627 1521 2683; x_wconf 79' lang='lat' dir='ltr'><strong>desiderat</strong></span> <span class='ocrx_word' id='word_1_177' title='bbox 1545 2627 1906 2697; x_wconf 87' lang='lat' dir='ltr'><strong>spiritualium</strong></span> <span class='ocrx_word' id='word_1_178' title='bbox 1954 2644 2109 2699; x_wconf 86' lang='lat' dir='ltr'><strong>sege-</strong></span> 
     </span>
    </p>
   </div>
   <div class='ocr_carea' id='block_1_27' title="bbox 517 2719 2111 2795">
    <p class='ocr_par' dir='ltr' id='par_1_27' title="bbox 517 2719 2111 2795">
     <span class='ocr_line' id='line_1_27' title="bbox 517 2719 2111 2795; baseline 0.001 -21"><span class='ocrx_word' id='word_1_179' title='bbox 517 2733 636 2776; x_wconf 79' lang='lat' dir='ltr'><strong>tum</strong></span> <span class='ocrx_word' id='word_1_180' title='bbox 690 2722 938 2777; x_wconf 75' lang='lat' dir='ltr'><strong>ubertate</strong></span> <span class='ocrx_word' id='word_1_181' title='bbox 987 2721 1282 2783; x_wconf 85' lang='lat' dir='ltr'><strong>ditescere,</strong></span> <span class='ocrx_word' id='word_1_182' title='bbox 1338 2719 1560 2795; x_wconf 85' lang='lat' dir='ltr'><strong>desudet</strong></span> <span class='ocrx_word' id='word_1_183' title='bbox 1600 2735 1745 2776; x_wconf 85' lang='lat' dir='ltr'><strong>nunc</strong></span> <span class='ocrx_word' id='word_1_184' title='bbox 1798 2737 1986 2792; x_wconf 83' lang='lat' dir='ltr'><strong>agrum</strong></span> <span class='ocrx_word' id='word_1_185' title='bbox 2028 2722 2111 2777; x_wconf 91' lang='lat' dir='ltr'><strong>sui</strong></span> 
     </span>
    </p>
   </div>
   <div class='ocr_carea' id='block_1_28' title="bbox 522 2811 2112 2883">
    <p class='ocr_par' dir='ltr' id='par_1_28' title="bbox 522 2811 2112 2883">
     <span class='ocr_line' id='line_1_28' title="bbox 522 2811 2112 2883; baseline 0.003 -18"><span class='ocrx_word' id='word_1_186' title='bbox 522 2813 763 2883; x_wconf 88' lang='lat' dir='ltr'><strong>corporis</strong></span> <span class='ocrx_word' id='word_1_187' title='bbox 805 2812 1101 2883; x_wconf 64' lang='lat' dir='ltr'><strong>disciplima</strong></span> <span class='ocrx_word' id='word_1_188' title='bbox 1124 2828 1189 2867; x_wconf 89' lang='lat' dir='ltr'><strong>ac</strong></span> <span class='ocrx_word' id='word_1_189' title='bbox 1211 2811 1557 2867; x_wconf 79' lang='lat' dir='ltr'><strong>continentia:</strong></span> <span class='ocrx_word' id='word_1_190' title='bbox 1593 2828 1813 2868; x_wconf 81' lang='lat' dir='ltr'><strong>vomere</strong></span> <span class='ocrx_word' id='word_1_191' title='bbox 1852 2815 2112 2870; x_wconf 82' lang='lat' dir='ltr'><strong>continuo</strong></span> 
     </span>
    </p>
   </div>
   <div class='ocr_carea' id='block_1_29' title="bbox 524 2903 2107 2975">
    <p class='ocr_par' dir='ltr' id='par_1_29' title="bbox 524 2903 2107 2975">
     <span class='ocr_line' id='line_1_29' title="bbox 524 2903 2107 2975; baseline 0.003 -19"><span class='ocrx_word' id='word_1_192' title='bbox 524 2905 706 2959; x_wconf 89' lang='lat' dir='ltr'><strong>labore</strong></span> <span class='ocrx_word' id='word_1_193' title='bbox 730 2903 964 2967; x_wconf 83' lang='lat' dir='ltr'><strong>sulcare,</strong></span> <span class='ocrx_word' id='word_1_194' title='bbox 991 2912 1049 2958; x_wconf 87' lang='lat' dir='ltr'><strong>et</strong></span> <span class='ocrx_word' id='word_1_195' title='bbox 1071 2911 1326 2972; x_wconf 87' lang='lat' dir='ltr'><strong>tanquam</strong></span> <span class='ocrx_word' id='word_1_196' title='bbox 1360 2903 1633 2957; x_wconf 84' lang='lat' dir='ltr'><strong>novalium</strong></span> <span class='ocrx_word' id='word_1_197' title='bbox 1656 2918 1877 2959; x_wconf 89' lang='lat' dir='ltr'><strong>suorum</strong></span> <span class='ocrx_word' id='word_1_198' title='bbox 1905 2904 2107 2975; x_wconf 86' lang='lat' dir='ltr'><strong>glebas,</strong></span> 
     </span>
    </p>
   </div>
   <div class='ocr_carea' id='block_1_30' title="bbox 523 2990 2112 3064">
    <p class='ocr_par' dir='ltr' id='par_1_30' title="bbox 523 2990 2112 3064">
     <span class='ocr_line' id='line_1_30' title="bbox 523 2990 2112 3064; baseline 0.003 -18"><span class='ocrx_word' id='word_1_199' title='bbox 523 2993 736 3046; x_wconf 84' lang='lat' dir='ltr'><strong>sarculo</strong></span> <span class='ocrx_word' id='word_1_200' title='bbox 765 2992 1007 3061; x_wconf 87' lang='lat' dir='ltr'><strong>sapiente</strong></span> <span class='ocrx_word' id='word_1_201' title='bbox 1035 2990 1372 3064; x_wconf 68' lang='lat' dir='ltr'><strong>[sarrienti-l,</strong></span> <span class='ocrx_word' id='word_1_202' title='bbox 1417 2991 1768 3063; x_wconf 86' lang='lat' dir='ltr'><strong>confringat;</strong></span> <span class='ocrx_word' id='word_1_203' title='bbox 1801 2994 1925 3048; x_wconf 86' lang='lat' dir='ltr'><strong>dum</strong></span> <span class='ocrx_word' id='word_1_204' title='bbox 1958 2995 2112 3063; x_wconf 89' lang='lat' dir='ltr'><strong>quid-</strong></span> 
     </span>
    </p>
   </div>
   <div class='ocr_carea' id='block_1_31' title="bbox 519 3081 2108 3153">
    <p class='ocr_par' dir='ltr' id='par_1_31' title="bbox 519 3081 2108 3153">
     <span class='ocr_line' id='line_1_31' title="bbox 519 3081 2108 3153; baseline 0.002 -19"><span class='ocrx_word' id='word_1_205' title='bbox 519 3082 648 3150; x_wconf 83' lang='lat' dir='ltr'><strong>quid</strong></span> <span class='ocrx_word' id='word_1_206' title='bbox 690 3081 1032 3135; x_wconf 70' lang='lat' dir='ltr'><strong>infet-undum</strong></span> <span class='ocrx_word' id='word_1_207' title='bbox 1066 3082 1118 3135; x_wconf 90' lang='lat' dir='ltr'><strong>in</strong></span> <span class='ocrx_word' id='word_1_208' title='bbox 1173 3096 1233 3136; x_wconf 82' lang='lat' dir='ltr'><strong>se</strong></span> <span class='ocrx_word' id='word_1_209' title='bbox 1281 3081 1713 3151; x_wconf 84' lang='lat' dir='ltr'><strong>reprehenderit,</strong></span> <span class='ocrx_word' id='word_1_210' title='bbox 1744 3082 1889 3153; x_wconf 86' lang='lat' dir='ltr'><strong>jugis</strong></span> <span class='ocrx_word' id='word_1_211' title='bbox 1936 3084 2108 3152; x_wconf 70' lang='lat' dir='ltr'><strong>proni-</strong></span> 
     </span>
    </p>
   </div>
   <div class='ocr_carea' id='block_1_32' title="bbox 1046 251 2106 374">
    <p class='ocr_par' dir='ltr' id='par_1_32' title="bbox 1046 251 2095 369">
     <span class='ocr_line' id='line_1_32' title="bbox 1046 251 2095 369; baseline 0.006 -7"><span class='ocrx_word' id='word_1_212' title='bbox 1046 308 1101 362; x_wconf 91' lang='lat' dir='ltr'><strong>S.</strong></span> <span class='ocrx_word' id='word_1_213' title='bbox 1146 307 1347 364; x_wconf 73' lang='lat' dir='ltr'><strong>PETRI</strong></span> <span class='ocrx_word' id='word_1_214' title='bbox 1388 308 1670 366; x_wconf 62' lang='lat' dir='ltr'><strong>DAMIANI</strong></span> <span class='ocrx_word' id='word_1_215' title='bbox 1702 309 1853 368; x_wconf 68' lang='lat' dir='ltr'>OI‘I’.</span> <span class='ocrx_word' id='word_1_216' title='bbox 1894 251 2095 369; x_wconf 37' lang='lat' dir='ltr'><strong>PAliSb</strong></span> 
     </span>
    </p>
   </div>
   <div class='ocr_carea' id='block_1_33' title="bbox 2211 251 3297 374">
    <p class='ocr_par' dir='ltr' id='par_1_33' title="bbox 2211 310 3297 374">
     <span class='ocr_line' id='line_1_33' title="bbox 2211 310 3297 374; baseline 0.005 -7"><span class='ocrx_word' id='word_1_217' title='bbox 2211 310 2245 367; x_wconf 72' lang='grc' dir='ltr'><strong>[ἰ</strong></span> <span class='ocrx_word' id='word_1_218' title='bbox 2286 310 2520 374; x_wconf 72' lang='grc' dir='ltr'><strong>τωῑυε</strong></span> <span class='ocrx_word' id='word_1_219' title='bbox 2555 314 2598 369; x_wconf 86' lang='lat' dir='ltr'><strong>I.</strong></span> <span class='ocrx_word' id='word_1_220' title='bbox 2637 346 2706 357; x_wconf 92' lang='lat'><strong>—-</strong></span> <span class='ocrx_word' id='word_1_221' title='bbox 2746 317 2963 372; x_wconf 80' lang='lat' dir='ltr'><strong>EPIST.</strong></span> <span class='ocrx_word' id='word_1_222' title='bbox 3007 316 3131 371; x_wconf 87' lang='lat' dir='ltr'><strong>LIB.</strong></span> <span class='ocrx_word' id='word_1_223' title='bbox 3165 315 3297 372; x_wconf 72' lang='lat' dir='ltr'>VIII.</span> 
     </span>
    </p>
   </div>
   <div class='ocr_carea' id='block_1_34' title="bbox 2144 428 3811 497">
    <p class='ocr_par' dir='ltr' id='par_1_34' title="bbox 2144 428 3811 497">
     <span class='ocr_line' id='line_1_34' title="bbox 2144 428 3811 497; baseline 0.008 -23"><span class='ocrx_word' id='word_1_224' title='bbox 2144 431 2185 486; x_wconf 67' lang='grc' dir='ltr'>Α</span> <span class='ocrx_word' id='word_1_225' title='bbox 2219 433 2470 478; x_wconf 78' lang='lat' dir='ltr'><strong>montana</strong></span> <span class='ocrx_word' id='word_1_226' title='bbox 2498 428 2883 494; x_wconf 85' lang='lat' dir='ltr'><strong>conscendant,</strong></span> <span class='ocrx_word' id='word_1_227' title='bbox 2922 437 3188 497; x_wconf 82' lang='lat' dir='ltr'><strong>quatenus</strong></span> <span class='ocrx_word' id='word_1_228' title='bbox 3234 439 3289 483; x_wconf 92' lang='lat' dir='ltr'><strong>et</strong></span> <span class='ocrx_word' id='word_1_229' title='bbox 3332 428 3580 484; x_wconf 81' lang='lat' dir='ltr'><strong>vitiorum</strong></span> <span class='ocrx_word' id='word_1_230' title='bbox 3622 432 3811 488; x_wconf 79' lang='lat' dir='ltr'><strong>elabo-</strong></span> 
     </span>
    </p>
   </div>
   <div class='ocr_carea' id='block_1_35' title="bbox 3695 321 3809 376">
    <p class='ocr_par' dir='ltr' id='par_1_35' title="bbox 3695 321 3809 376">
     <span class='ocr_line' id='line_1_35' title="bbox 3695 321 3809 376; baseline 0.018 -1"><span class='ocrx_word' id='word_1_231' title='bbox 3695 321 3809 376; x_wconf 69' lang='grc' dir='ltr'><strong>«ΩΒ</strong></span> 
     </span>
    </p>
   </div>
   <div class='ocr_carea' id='block_1_36' title="bbox 2222 514 3810 584">
    <p class='ocr_par' dir='ltr' id='par_1_36' title="bbox 2222 514 3810 584">
     <span class='ocr_line' id='line_1_36' title="bbox 2222 514 3810 584; baseline 0.008 -16"><span class='ocrx_word' id='word_1_232' title='bbox 2222 526 2337 568; x_wconf 85' lang='lat' dir='ltr'><strong>rent</strong></span> <span class='ocrx_word' id='word_1_233' title='bbox 2366 514 2637 572; x_wconf 80' lang='lat' dir='ltr'><strong>debellare</strong></span> <span class='ocrx_word' id='word_1_234' title='bbox 2665 519 2988 584; x_wconf 80' lang='lat' dir='ltr'><strong>barbariora,</strong></span> <span class='ocrx_word' id='word_1_235' title='bbox 3024 528 3080 575; x_wconf 89' lang='lat' dir='ltr'><strong>et</strong></span> <span class='ocrx_word' id='word_1_236' title='bbox 3103 520 3331 575; x_wconf 82' lang='lat' dir='ltr'><strong>arduum</strong></span> <span class='ocrx_word' id='word_1_237' title='bbox 3360 520 3619 576; x_wconf 83' lang='lat' dir='ltr'><strong>virtutum</strong></span> <span class='ocrx_word' id='word_1_238' title='bbox 3650 523 3810 580; x_wconf 77' lang='lat' dir='ltr'><strong>festi-</strong></span> 
     </span>
    </p>
   </div>
   <div class='ocr_carea' id='block_1_37' title="bbox 2217 605 3811 683">
    <p class='ocr_par' dir='ltr' id='par_1_37' title="bbox 2217 605 3811 683">
     <span class='ocr_line' id='line_1_37' title="bbox 2217 605 3811 683; baseline 0.006 -24"><span class='ocrx_word' id='word_1_239' title='bbox 2217 615 2346 660; x_wconf 88' lang='lat' dir='ltr'><strong>nent</strong></span> <span class='ocrx_word' id='word_1_240' title='bbox 2370 605 2616 663; x_wconf 86' lang='lat' dir='ltr'><strong>obtinere</strong></span> <span class='ocrx_word' id='word_1_241' title='bbox 2639 623 2919 665; x_wconf 81' lang='lat' dir='ltr'><strong>cacumen.</strong></span> <span class='ocrx_word' id='word_1_242' title='bbox 2941 609 3114 666; x_wconf 82' lang='lat' dir='ltr'><strong>Porro</strong></span> <span class='ocrx_word' id='word_1_243' title='bbox 3134 620 3342 675; x_wconf 90' lang='lat' dir='ltr'><strong>autem,</strong></span> <span class='ocrx_word' id='word_1_244' title='bbox 3360 612 3505 683; x_wconf 85' lang='lat' dir='ltr'><strong>quod</strong></span> <span class='ocrx_word' id='word_1_245' title='bbox 3532 612 3605 668; x_wconf 90' lang='lat' dir='ltr'><strong>illi</strong></span> <span class='ocrx_word' id='word_1_246' title='bbox 3630 616 3811 683; x_wconf 84' lang='lat' dir='ltr'><strong>pusil-</strong></span> 
     </span>
    </p>
   </div>
   <div class='ocr_carea' id='block_1_38' title="bbox 2218 698 3807 774">
    <p class='ocr_par' dir='ltr' id='par_1_38' title="bbox 2218 698 3807 774">
     <span class='ocr_line' id='line_1_38' title="bbox 2218 698 3807 774; baseline 0.007 -24"><span class='ocrx_word' id='word_1_247' title='bbox 2218 698 2493 754; x_wconf 82' lang='lat' dir='ltr'><strong>lanimiter</strong></span> <span class='ocrx_word' id='word_1_248' title='bbox 2537 711 2945 771; x_wconf 85' lang='lat' dir='ltr'><strong>conqueruntur</strong></span> <span class='ocrx_word' id='word_1_249' title='bbox 2983 704 3243 758; x_wconf 85' lang='lat' dir='ltr'><strong>adversus</strong></span> <span class='ocrx_word' id='word_1_250' title='bbox 3289 718 3418 769; x_wconf 91' lang='lat' dir='ltr'><strong>eos,</strong></span> <span class='ocrx_word' id='word_1_251' title='bbox 3469 705 3561 774; x_wconf 87' lang='lat' dir='ltr'><strong>qui</strong></span> <span class='ocrx_word' id='word_1_252' title='bbox 3610 705 3807 761; x_wconf 86' lang='lat' dir='ltr'><strong>ferreis</strong></span> 
     </span>
    </p>
   </div>
   <div class='ocr_carea' id='block_1_39' title="bbox 2219 791 3808 867">
    <p class='ocr_par' dir='ltr' id='par_1_39' title="bbox 2219 791 3808 867">
     <span class='ocr_line' id='line_1_39' title="bbox 2219 791 3808 867; baseline 0.005 -23"><span class='ocrx_word' id='word_1_253' title='bbox 2219 791 2508 845; x_wconf 89' lang='lat' dir='ltr'><strong>utebantur</strong></span> <span class='ocrx_word' id='word_1_254' title='bbox 2537 792 2806 856; x_wconf 87' lang='lat' dir='ltr'><strong>curribus,</strong></span> <span class='ocrx_word' id='word_1_255' title='bbox 2858 807 2916 848; x_wconf 91' lang='lat' dir='ltr'><strong>se</strong></span> <span class='ocrx_word' id='word_1_256' title='bbox 2963 810 3068 848; x_wconf 88' lang='lat' dir='ltr'><strong>non</strong></span> <span class='ocrx_word' id='word_1_257' title='bbox 3114 810 3273 864; x_wconf 84' lang='lat' dir='ltr'><strong>posse</strong></span> <span class='ocrx_word' id='word_1_258' title='bbox 3317 811 3666 867; x_wconf 79' lang='lat' dir='ltr'><strong>consurgere,</strong></span> <span class='ocrx_word' id='word_1_259' title='bbox 3707 798 3808 853; x_wconf 85' lang='lat' dir='ltr'><strong>hoc</strong></span> 
     </span>
    </p>
   </div>
   <div class='ocr_carea' id='block_1_40' title="bbox 2217 884 3808 958">
    <p class='ocr_par' dir='ltr' id='par_1_40' title="bbox 2217 884 3808 958">
     <span class='ocr_line' id='line_1_40' title="bbox 2217 884 3808 958; baseline 0.005 -21"><span class='ocrx_word' id='word_1_260' title='bbox 2217 891 2332 948; x_wconf 90' lang='lat' dir='ltr'><strong>est,</strong></span> <span class='ocrx_word' id='word_1_261' title='bbox 2378 884 2521 954; x_wconf 88' lang='lat' dir='ltr'><strong>quod</strong></span> <span class='ocrx_word' id='word_1_262' title='bbox 2552 899 2650 940; x_wconf 90' lang='lat' dir='ltr'><strong>nos</strong></span> <span class='ocrx_word' id='word_1_263' title='bbox 2680 885 2975 940; x_wconf 78' lang='lat' dir='ltr'><strong>imbecilles</strong></span> <span class='ocrx_word' id='word_1_264' title='bbox 3000 894 3059 940; x_wconf 91' lang='lat' dir='ltr'><strong>ct</strong></span> <span class='ocrx_word' id='word_1_265' title='bbox 3087 885 3307 958; x_wconf 77' lang='lat' dir='ltr'><strong>fragiles</strong></span> <span class='ocrx_word' id='word_1_266' title='bbox 3335 903 3477 958; x_wconf 66' lang='lat' dir='ltr'><strong>saepe</strong></span> <span class='ocrx_word' id='word_1_267' title='bbox 3521 887 3808 945; x_wconf 73' lang='lat' dir='ltr'><strong>diuidimus</strong></span> 
     </span>
    </p>
   </div>
   <div class='ocr_carea' id='block_1_41' title="bbox 2216 974 3806 1048">
    <p class='ocr_par' dir='ltr' id='par_1_41' title="bbox 2216 974 3806 1048">
     <span class='ocr_line' id='line_1_41' title="bbox 2216 974 3806 1048; baseline 0.004 -21"><span class='ocrx_word' id='word_1_268' title='bbox 2216 982 2472 1043; x_wconf 85' lang='lat' dir='ltr'><strong>tanquam</strong></span> <span class='ocrx_word' id='word_1_269' title='bbox 2502 974 2709 1031; x_wconf 84' lang='lat' dir='ltr'><strong>ferreos</strong></span> <span class='ocrx_word' id='word_1_270' title='bbox 2736 988 2950 1042; x_wconf 86' lang='lat' dir='ltr'><strong>currus,</strong></span> <span class='ocrx_word' id='word_1_271' title='bbox 2977 976 3054 1031; x_wconf 90' lang='lat' dir='ltr'><strong>sic</strong></span> <span class='ocrx_word' id='word_1_272' title='bbox 3075 979 3429 1033; x_wconf 73' lang='lat' dir='ltr'><strong>adversantes</strong></span> <span class='ocrx_word' id='word_1_273' title='bbox 3453 979 3806 1048; x_wconf 81' lang='lat' dir='ltr'><strong>malignorum</strong></span> 
     </span>
    </p>
   </div>
   <div class='ocr_carea' id='block_1_42' title="bbox 2218 1064 3805 1142">
    <p class='ocr_par' dir='ltr' id='par_1_42' title="bbox 2218 1064 3805 1142">
     <span class='ocr_line' id='line_1_42' title="bbox 2218 1064 3805 1142; baseline 0.004 -24"><span class='ocrx_word' id='word_1_274' title='bbox 2218 1064 2505 1134; x_wconf 78' lang='lat' dir='ltr'><strong>spirituum</strong></span> <span class='ocrx_word' id='word_1_275' title='bbox 2549 1065 2781 1137; x_wconf 90' lang='lat' dir='ltr'><strong>impetus</strong></span> <span class='ocrx_word' id='word_1_276' title='bbox 2809 1069 3082 1123; x_wconf 90' lang='lat' dir='ltr'><strong>sustinere</strong></span> <span class='ocrx_word' id='word_1_277' title='bbox 3130 1067 3300 1136; x_wconf 82' lang='lat' dir='ltr'><strong>Nam,</strong></span> <span class='ocrx_word' id='word_1_278' title='bbox 3360 1088 3484 1125; x_wconf 87' lang='lat' dir='ltr'><strong>cum</strong></span> <span class='ocrx_word' id='word_1_279' title='bbox 3517 1072 3805 1142; x_wconf 71' lang='lat' dir='ltr'><strong>petulantia</strong></span> 
     </span>
    </p>
   </div>
   <div class='ocr_carea' id='block_1_43' title="bbox 2219 1154 3805 1234">
    <p class='ocr_par' dir='ltr' id='par_1_43' title="bbox 2219 1154 3805 1234">
     <span class='ocr_line' id='line_1_43' title="bbox 2219 1154 3805 1234; baseline 0.005 -25"><span class='ocrx_word' id='word_1_280' title='bbox 2219 1154 2376 1224; x_wconf 62' lang='lat' dir='ltr'><strong>gulae,</strong></span> <span class='ocrx_word' id='word_1_281' title='bbox 2410 1172 2606 1227; x_wconf 73' lang='lat' dir='ltr'><strong>vorago</strong></span> <span class='ocrx_word' id='word_1_282' title='bbox 2645 1156 2872 1212; x_wconf 75' lang='lat' dir='ltr'><strong>luxuria:</strong></span> <span class='ocrx_word' id='word_1_283' title='bbox 2915 1159 3266 1230; x_wconf 80' lang='lat' dir='ltr'><strong>omniumque</strong></span> <span class='ocrx_word' id='word_1_284' title='bbox 3305 1161 3560 1216; x_wconf 84' lang='lat' dir='ltr'><strong>vitiorum</strong></span> <span class='ocrx_word' id='word_1_285' title='bbox 3592 1173 3805 1234; x_wconf 79' lang='lat' dir='ltr'><strong>pestes,</strong></span> 
     </span>
    </p>
   </div>
   <div class='ocr_carea' id='block_1_44' title="bbox 2220 1249 3807 1317">
    <p class='ocr_par' dir='ltr' id='par_1_44' title="bbox 2220 1249 3807 1317">
     <span class='ocr_line' id='line_1_44' title="bbox 2220 1249 3807 1317; baseline 0.003 -17"><span class='ocrx_word' id='word_1_286' title='bbox 2220 1256 2470 1317; x_wconf 88' lang='lat' dir='ltr'><strong>tanquam</strong></span> <span class='ocrx_word' id='word_1_287' title='bbox 2522 1249 2867 1305; x_wconf 81' lang='lat' dir='ltr'><strong>frementium</strong></span> <span class='ocrx_word' id='word_1_288' title='bbox 2914 1251 3346 1308; x_wconf 68' lang='lat' dir='ltr'><strong>Cbananmorum</strong></span> <span class='ocrx_word' id='word_1_289' title='bbox 3411 1256 3558 1310; x_wconf 89' lang='lat' dir='ltr'><strong>acies</strong></span> <span class='ocrx_word' id='word_1_290' title='bbox 3600 1259 3807 1311; x_wconf 73' lang='grc' dir='ltr'><strong>ςοιιδιξ-</strong></span> 
     </span>
    </p>
   </div>
   <div class='ocr_carea' id='block_1_45' title="bbox 2219 1339 3806 1415">
    <p class='ocr_par' dir='ltr' id='par_1_45' title="bbox 2219 1339 3806 1415">
     <span class='ocr_line' id='line_1_45' title="bbox 2219 1339 3806 1415; baseline 0.005 -25"><span class='ocrx_word' id='word_1_291' title='bbox 2219 1339 2360 1408; x_wconf 80' lang='lat' dir='ltr'><strong>palis</strong></span> <span class='ocrx_word' id='word_1_292' title='bbox 2387 1339 2673 1395; x_wconf 71' lang='lat' dir='ltr'><strong>adversum</strong></span> <span class='ocrx_word' id='word_1_293' title='bbox 2702 1355 2801 1395; x_wconf 85' lang='lat' dir='ltr'><strong>uos</strong></span> <span class='ocrx_word' id='word_1_294' title='bbox 2829 1342 3018 1397; x_wconf 86' lang='lat' dir='ltr'><strong>cuneis</strong></span> <span class='ocrx_word' id='word_1_295' title='bbox 3052 1343 3462 1414; x_wconf 81' lang='lat' dir='ltr'><strong>conglobantur,</strong></span> <span class='ocrx_word' id='word_1_296' title='bbox 3503 1346 3630 1415; x_wconf 86' lang='lat' dir='ltr'><strong>quid</strong></span> <span class='ocrx_word' id='word_1_297' title='bbox 3663 1347 3806 1400; x_wconf 83' lang='lat' dir='ltr'><strong>aliud</strong></span> 
     </span>
    </p>
   </div>
   <div class='ocr_carea' id='block_1_46' title="bbox 2219 1429 3803 1507">
    <p class='ocr_par' dir='ltr' id='par_1_46' title="bbox 2219 1429 3803 1507">
     <span class='ocr_line' id='line_1_46' title="bbox 2219 1429 3803 1507; baseline 0.006 -25"><span class='ocrx_word' id='word_1_298' title='bbox 2219 1442 2384 1500; x_wconf 86' lang='lat' dir='ltr'><strong>quam</strong></span> <span class='ocrx_word' id='word_1_299' title='bbox 2432 1429 2721 1486; x_wconf 74' lang='lat' dir='ltr'><strong>Chananmi</strong></span> <span class='ocrx_word' id='word_1_300' title='bbox 2760 1446 2858 1487; x_wconf 89' lang='lat' dir='ltr'><strong>nos</strong></span> <span class='ocrx_word' id='word_1_301' title='bbox 2884 1431 3079 1489; x_wconf 81' lang='lat' dir='ltr'><strong>ferreis</strong></span> <span class='ocrx_word' id='word_1_302' title='bbox 3110 1435 3359 1489; x_wconf 55' lang='lat' dir='ltr'><strong>curribus</strong></span> <span class='ocrx_word' id='word_1_303' title='bbox 3387 1437 3691 1507; x_wconf 89' lang='lat' dir='ltr'><strong>impetunt,</strong></span> <span class='ocrx_word' id='word_1_304' title='bbox 3735 1447 3803 1500; x_wconf 74' lang='lat' dir='ltr'><strong>et,</strong></span> 
     </span>
    </p>
   </div>
   <div class='ocr_carea' id='block_1_47' title="bbox 2218 1523 3806 1594">
    <p class='ocr_par' dir='ltr' id='par_1_47' title="bbox 2218 1523 3806 1594">
     <span class='ocr_line' id='line_1_47' title="bbox 2218 1523 3806 1594; baseline 0.004 -18"><span class='ocrx_word' id='word_1_305' title='bbox 2218 1537 2286 1577; x_wconf 91' lang='lat' dir='ltr'><strong>ne</strong></span> <span class='ocrx_word' id='word_1_306' title='bbox 2314 1523 2379 1576; x_wconf 92' lang='lat' dir='ltr'><strong>de</strong></span> <span class='ocrx_word' id='word_1_307' title='bbox 2404 1523 2641 1579; x_wconf 88' lang='lat' dir='ltr'><strong>carnalis</strong></span> <span class='ocrx_word' id='word_1_308' title='bbox 2664 1524 2786 1579; x_wconf 79' lang='lat' dir='ltr'><strong>vita:</strong></span> <span class='ocrx_word' id='word_1_309' title='bbox 2809 1525 3201 1594; x_wconf 88' lang='lat' dir='ltr'><strong>campestribus</strong></span> <span class='ocrx_word' id='word_1_310' title='bbox 3235 1528 3301 1581; x_wconf 86' lang='lat' dir='ltr'><strong>ad</strong></span> <span class='ocrx_word' id='word_1_311' title='bbox 3328 1528 3594 1583; x_wconf 87' lang='lat' dir='ltr'><strong>virtutum</strong></span> <span class='ocrx_word' id='word_1_312' title='bbox 3624 1530 3806 1583; x_wconf 80' lang='lat' dir='ltr'><strong>valea-</strong></span> 
     </span>
    </p>
   </div>
   <div class='ocr_carea' id='block_1_48' title="bbox 2217 1612 3809 1680">
    <p class='ocr_par' dir='ltr' id='par_1_48' title="bbox 2217 1612 3809 1680">
     <span class='ocr_line' id='line_1_48' title="bbox 2217 1612 3809 1680; baseline 0.004 -14"><span class='ocrx_word' id='word_1_313' title='bbox 2217 1625 2339 1666; x_wconf 85' lang='lat' dir='ltr'><strong>mus</strong></span> <span class='ocrx_word' id='word_1_314' title='bbox 2363 1612 2575 1667; x_wconf 84' lang='lat' dir='ltr'><strong>excelsa</strong></span> <span class='ocrx_word' id='word_1_315' title='bbox 2607 1614 2994 1680; x_wconf 85' lang='lat' dir='ltr'><strong>conscendere,</strong></span> <span class='ocrx_word' id='word_1_316' title='bbox 3034 1615 3228 1672; x_wconf 85' lang='lat' dir='ltr'><strong>salutis</strong></span> <span class='ocrx_word' id='word_1_317' title='bbox 3254 1618 3410 1673; x_wconf 82' lang='lat' dir='ltr'><strong>nobis</strong></span> <span class='ocrx_word' id='word_1_318' title='bbox 3435 1620 3616 1674; x_wconf 80' lang='lat' dir='ltr'><strong>aditus</strong></span> <span class='ocrx_word' id='word_1_319' title='bbox 3644 1621 3809 1674; x_wconf 85' lang='lat' dir='ltr'><strong>inter-</strong></span> 
     </span>
    </p>
   </div>
   <div class='ocr_carea' id='block_1_49' title="bbox 2218 1702 3807 1766">
    <p class='ocr_par' dir='ltr' id='par_1_49' title="bbox 2218 1702 3807 1766">
     <span class='ocr_line' id='line_1_49' title="bbox 2218 1702 3807 1766; baseline 0.006 -10"><span class='ocrx_word' id='word_1_320' title='bbox 2218 1702 2479 1757; x_wconf 81' lang='lat' dir='ltr'><strong>cludunt?</strong></span> <span class='ocrx_word' id='word_1_321' title='bbox 2513 1702 2618 1759; x_wconf 88' lang='lat' dir='ltr'><strong>Sed</strong></span> <span class='ocrx_word' id='word_1_322' title='bbox 2662 1705 2835 1761; x_wconf 88' lang='lat' dir='ltr'><strong>bonus</strong></span> <span class='ocrx_word' id='word_1_323' title='bbox 2863 1706 3070 1761; x_wconf 63' lang='lat' dir='ltr'><strong>militire</strong></span> <span class='ocrx_word' id='word_1_324' title='bbox 3099 1719 3301 1763; x_wconf 71' lang='lat' dir='ltr'><strong>nostra:</strong></span> <span class='ocrx_word' id='word_1_325' title='bbox 3327 1708 3437 1764; x_wconf 78' lang='lat' dir='ltr'><strong>dux</strong></span> <span class='ocrx_word' id='word_1_326' title='bbox 3468 1711 3807 1766; x_wconf 51' lang='lat' dir='ltr'><strong>imbecillia.</strong></span> 
     </span>
    </p>
   </div>
   <div class='ocr_carea' id='block_1_50' title="bbox 2147 1789 3800 1874">
    <p class='ocr_par' dir='ltr' id='par_1_50' title="bbox 2147 1789 3800 1874">
     <span class='ocr_line' id='line_1_50' title="bbox 2147 1789 3800 1874; baseline 0.004 -24"><span class='ocrx_word' id='word_1_327' title='bbox 2147 1789 2191 1850; x_wconf 78' lang='grc' dir='ltr'><strong>Β</strong></span> <span class='ocrx_word' id='word_1_328' title='bbox 2220 1800 2328 1848; x_wconf 85' lang='lat' dir='ltr'><strong>tem</strong></span> <span class='ocrx_word' id='word_1_329' title='bbox 2362 1805 2601 1851; x_wconf 84' lang='lat' dir='ltr'><strong>nostram</strong></span> <span class='ocrx_word' id='word_1_330' title='bbox 2646 1796 2714 1851; x_wconf 86' lang='lat' dir='ltr'><strong>ad</strong></span> <span class='ocrx_word' id='word_1_331' title='bbox 2751 1796 2965 1852; x_wconf 85' lang='lat' dir='ltr'><strong>fortiter</strong></span> <span class='ocrx_word' id='word_1_332' title='bbox 2994 1800 3188 1870; x_wconf 84' lang='lat' dir='ltr'><strong>agendi</strong></span> <span class='ocrx_word' id='word_1_333' title='bbox 3215 1803 3582 1856; x_wconf 85' lang='lat' dir='ltr'><strong>constantiam</strong></span> <span class='ocrx_word' id='word_1_334' title='bbox 3615 1803 3800 1874; x_wconf 83' lang='lat' dir='ltr'><strong>erigit,</strong></span> 
     </span>
    </p>
   </div>
   <div class='ocr_carea' id='block_1_51' title="bbox 2215 1886 3799 1965">
    <p class='ocr_par' dir='ltr' id='par_1_51' title="bbox 2215 1886 3799 1965">
     <span class='ocr_line' id='line_1_51' title="bbox 2215 1886 3799 1965; baseline 0.005 -25"><span class='ocrx_word' id='word_1_335' title='bbox 2215 1893 2271 1940; x_wconf 90' lang='lat' dir='ltr'><strong>et</strong></span> <span class='ocrx_word' id='word_1_336' title='bbox 2294 1894 2483 1940; x_wconf 87' lang='lat' dir='ltr'><strong>contra</strong></span> <span class='ocrx_word' id='word_1_337' title='bbox 2512 1886 2745 1941; x_wconf 84' lang='lat' dir='ltr'><strong>hostium</strong></span> <span class='ocrx_word' id='word_1_338' title='bbox 2778 1888 3030 1959; x_wconf 80' lang='lat' dir='ltr'><strong>impetus,</strong></span> <span class='ocrx_word' id='word_1_339' title='bbox 3064 1899 3121 1944; x_wconf 88' lang='lat' dir='ltr'><strong>ut</strong></span> <span class='ocrx_word' id='word_1_340' title='bbox 3151 1895 3204 1944; x_wconf 87' lang='lat' dir='ltr'><strong>in</strong></span> <span class='ocrx_word' id='word_1_341' title='bbox 3249 1891 3441 1948; x_wconf 78' lang='lat' dir='ltr'><strong>alliam</strong></span> <span class='ocrx_word' id='word_1_342' title='bbox 3488 1896 3799 1965; x_wconf 70' lang='lat' dir='ltr'><strong>progrctiiao</strong></span> 
     </span>
    </p>
   </div>
   <div class='ocr_carea' id='block_1_52' title="bbox 2216 1977 3797 2051">
    <p class='ocr_par' dir='ltr' id='par_1_52' title="bbox 2216 1977 3797 2051">
     <span class='ocr_line' id='line_1_52' title="bbox 2216 1977 3797 2051; baseline 0.005 -19"><span class='ocrx_word' id='word_1_343' title='bbox 2216 1993 2369 2044; x_wconf 86' lang='lat' dir='ltr'><strong>mur,</strong></span> <span class='ocrx_word' id='word_1_344' title='bbox 2425 1977 2671 2051; x_wconf 78' lang='lat' dir='ltr'><strong>impellit.</strong></span> <span class='ocrx_word' id='word_1_345' title='bbox 2721 1979 2825 2036; x_wconf 88' lang='lat' dir='ltr'><strong>Sed</strong></span> <span class='ocrx_word' id='word_1_346' title='bbox 2881 1984 3150 2051; x_wconf 86' lang='lat' dir='ltr'><strong>quomodo</strong></span> <span class='ocrx_word' id='word_1_347' title='bbox 3200 1985 3266 2039; x_wconf 90' lang='lat' dir='ltr'><strong>de</strong></span> <span class='ocrx_word' id='word_1_348' title='bbox 3314 1985 3552 2041; x_wconf 84' lang='lat' dir='ltr'><strong>inimicis</strong></span> <span class='ocrx_word' id='word_1_349' title='bbox 3602 1988 3797 2041; x_wconf 83' lang='lat' dir='ltr'><strong>nostris</strong></span> 
     </span>
    </p>
   </div>
   <div class='ocr_carea' id='block_1_53' title="bbox 2217 2074 3799 2150">
    <p class='ocr_par' dir='ltr' id='par_1_53' title="bbox 2217 2074 3799 2150">
     <span class='ocr_line' id='line_1_53' title="bbox 2217 2074 3799 2150; baseline 0.003 -23"><span class='ocrx_word' id='word_1_350' title='bbox 2217 2074 2546 2143; x_wconf 87' lang='lat' dir='ltr'><strong>trinmpltum</strong></span> <span class='ocrx_word' id='word_1_351' title='bbox 2576 2090 2861 2146; x_wconf 84' lang='lat' dir='ltr'><strong>possumus</strong></span> <span class='ocrx_word' id='word_1_352' title='bbox 2882 2075 3153 2143; x_wconf 84' lang='lat' dir='ltr'><strong>obtinere,</strong></span> <span class='ocrx_word' id='word_1_353' title='bbox 3180 2080 3271 2149; x_wconf 82' lang='lat' dir='ltr'><strong>qui</strong></span> <span class='ocrx_word' id='word_1_354' title='bbox 3296 2093 3514 2148; x_wconf 85' lang='lat' dir='ltr'><strong>semper</strong></span> <span class='ocrx_word' id='word_1_355' title='bbox 3534 2080 3588 2132; x_wconf 92' lang='lat' dir='ltr'><strong>iu</strong></span> <span class='ocrx_word' id='word_1_356' title='bbox 3612 2079 3799 2150; x_wconf 68' lang='lat' dir='ltr'><strong>epulis,</strong></span> 
     </span>
    </p>
   </div>
   <div class='ocr_carea' id='block_1_54' title="bbox 2214 2166 3800 2242">
    <p class='ocr_par' dir='ltr' id='par_1_54' title="bbox 2214 2166 3800 2242">
     <span class='ocr_line' id='line_1_54' title="bbox 2214 2166 3800 2242; baseline 0.003 -22"><span class='ocrx_word' id='word_1_357' title='bbox 2214 2180 2433 2236; x_wconf 85' lang='lat' dir='ltr'><strong>semper</strong></span> <span class='ocrx_word' id='word_1_358' title='bbox 2455 2167 2507 2221; x_wconf 91' lang='lat' dir='ltr'><strong>in</strong></span> <span class='ocrx_word' id='word_1_359' title='bbox 2538 2166 2852 2237; x_wconf 81' lang='lat' dir='ltr'><strong>poculorum</strong></span> <span class='ocrx_word' id='word_1_360' title='bbox 2894 2167 3228 2224; x_wconf 76' lang='lat' dir='ltr'><strong>atiluentium</strong></span> <span class='ocrx_word' id='word_1_361' title='bbox 3265 2170 3532 2229; x_wconf 81' lang='lat' dir='ltr'><strong>volumus,</strong></span> <span class='ocrx_word' id='word_1_362' title='bbox 3561 2171 3800 2242; x_wconf 83' lang='lat' dir='ltr'><strong>ingurgi-</strong></span> 
     </span>
    </p>
   </div>
   <div class='ocr_carea' id='block_1_55' title="bbox 2215 2257 3799 2331">
    <p class='ocr_par' dir='ltr' id='par_1_55' title="bbox 2215 2257 3799 2331">
     <span class='ocr_line' id='line_1_55' title="bbox 2215 2257 3799 2331; baseline 0.002 -19"><span class='ocrx_word' id='word_1_363' title='bbox 2215 2259 2421 2313; x_wconf 82' lang='lat' dir='ltr'><strong>tationo</strong></span> <span class='ocrx_word' id='word_1_364' title='bbox 2440 2257 2667 2327; x_wconf 86' lang='lat' dir='ltr'><strong>jacere?</strong></span> <span class='ocrx_word' id='word_1_365' title='bbox 2697 2260 2772 2316; x_wconf 89' lang='lat' dir='ltr'><strong>De</strong></span> <span class='ocrx_word' id='word_1_366' title='bbox 2801 2260 3000 2331; x_wconf 89' lang='lat' dir='ltr'><strong>quibus</strong></span> <span class='ocrx_word' id='word_1_367' title='bbox 3023 2262 3211 2331; x_wconf 88' lang='lat' dir='ltr'><strong>utique</strong></span> <span class='ocrx_word' id='word_1_368' title='bbox 3234 2260 3490 2319; x_wconf 88' lang='lat' dir='ltr'><strong>Salomon</strong></span> <span class='ocrx_word' id='word_1_369' title='bbox 3520 2264 3595 2318; x_wconf 90' lang='lat' dir='ltr'><strong>ait</strong></span> <span class='ocrx_word' id='word_1_370' title='bbox 3621 2283 3637 2317; x_wconf 91' lang='lat'><strong>:</strong></span> <span class='ocrx_word' id='word_1_371' title='bbox 3666 2283 3684 2314; x_wconf 78' lang='grc' dir='ltr'>ι</span> <span class='ocrx_word' id='word_1_372' title='bbox 3706 2263 3799 2330; x_wconf 77' lang='lat' dir='ltr'><strong>Qui</strong></span> 
     </span>
    </p>
   </div>
   <div class='ocr_carea' id='block_1_56' title="bbox 2213 2346 3801 2422">
    <p class='ocr_par' dir='ltr' id='par_1_56' title="bbox 2213 2346 3801 2422">
     <span class='ocr_line' id='line_1_56' title="bbox 2213 2346 3801 2422; baseline 0.003 -20"><span class='ocrx_word' id='word_1_373' title='bbox 2213 2346 2385 2419; x_wconf 85' lang='lat' dir='ltr'><strong>diligit</strong></span> <span class='ocrx_word' id='word_1_374' title='bbox 2426 2348 2611 2420; x_wconf 88' lang='lat' dir='ltr'><strong>epulas</strong></span> <span class='ocrx_word' id='word_1_375' title='bbox 2631 2390 2645 2416; x_wconf 93' lang='lat'><strong>,</strong></span> <span class='ocrx_word' id='word_1_376' title='bbox 2677 2349 2731 2405; x_wconf 83' lang='lat' dir='ltr'><strong>in</strong></span> <span class='ocrx_word' id='word_1_377' title='bbox 2761 2357 3003 2422; x_wconf 84' lang='lat' dir='ltr'><strong>egestate</strong></span> <span class='ocrx_word' id='word_1_378' title='bbox 3031 2352 3135 2404; x_wconf 88' lang='lat' dir='ltr'><strong>erit</strong></span> <span class='ocrx_word' id='word_1_379' title='bbox 3179 2365 3194 2403; x_wconf 91' lang='lat'><strong>:</strong></span> <span class='ocrx_word' id='word_1_380' title='bbox 3235 2352 3323 2420; x_wconf 85' lang='lat' dir='ltr'><strong>qui</strong></span> <span class='ocrx_word' id='word_1_381' title='bbox 3355 2361 3504 2406; x_wconf 86' lang='lat' dir='ltr'><strong>amat</strong></span> <span class='ocrx_word' id='word_1_382' title='bbox 3536 2353 3722 2406; x_wconf 86' lang='lat' dir='ltr'><strong>vinum</strong></span> <span class='ocrx_word' id='word_1_383' title='bbox 3752 2363 3801 2405; x_wconf 86' lang='lat' dir='ltr'><strong>et</strong></span> 
     </span>
    </p>
   </div>
   <div class='ocr_carea' id='block_1_57' title="bbox 2212 2438 3798 2513">
    <p class='ocr_par' dir='ltr' id='par_1_57' title="bbox 2212 2438 3798 2513">
     <span class='ocr_line' id='line_1_57' title="bbox 2212 2438 3798 2513; baseline 0.003 -23"><span class='ocrx_word' id='word_1_384' title='bbox 2212 2438 2462 2509; x_wconf 82' lang='lat' dir='ltr'><strong>pinguia,</strong></span> <span class='ocrx_word' id='word_1_385' title='bbox 2504 2454 2609 2494; x_wconf 89' lang='lat' dir='ltr'><strong>non</strong></span> <span class='ocrx_word' id='word_1_386' title='bbox 2657 2438 2918 2496; x_wconf 72' lang='lat' dir='ltr'><strong>ditabitur</strong></span> <span class='ocrx_word' id='word_1_387' title='bbox 2963 2438 3147 2509; x_wconf 80' lang='lat' dir='ltr'><strong>(Prov.</strong></span> <span class='ocrx_word' id='word_1_388' title='bbox 3199 2443 3333 2513; x_wconf 71' lang='grc' dir='ltr'>χιι).</span> <span class='ocrx_word' id='word_1_389' title='bbox 3368 2462 3386 2495; x_wconf 73' lang='grc' dir='ltr'><strong><em>ι</em></strong></span> <span class='ocrx_word' id='word_1_390' title='bbox 3441 2443 3508 2497; x_wconf 82' lang='lat' dir='ltr'><strong>Et</strong></span> <span class='ocrx_word' id='word_1_391' title='bbox 3561 2443 3798 2498; x_wconf 87' lang='lat' dir='ltr'><strong>iterum:</strong></span> 
     </span>
    </p>
   </div>
   <div class='ocr_carea' id='block_1_58' title="bbox 2220 2528 3798 2604">
    <p class='ocr_par' dir='ltr' id='par_1_58' title="bbox 2220 2528 3798 2604">
     <span class='ocr_line' id='line_1_58' title="bbox 2220 2528 3798 2604; baseline 0.004 -24"><span class='ocrx_word' id='word_1_392' title='bbox 2220 2548 2239 2580; x_wconf 75' lang='grc' dir='ltr'>ι</span> <span class='ocrx_word' id='word_1_393' title='bbox 2270 2528 2571 2585; x_wconf 73' lang='lat' dir='ltr'><strong>Luxuriosa</strong></span> <span class='ocrx_word' id='word_1_394' title='bbox 2607 2546 2693 2585; x_wconf 75' lang='lat' dir='ltr'><strong>res</strong></span> <span class='ocrx_word' id='word_1_395' title='bbox 2719 2530 2941 2596; x_wconf 80' lang='lat' dir='ltr'><strong>vinum,</strong></span> <span class='ocrx_word' id='word_1_396' title='bbox 2978 2539 3031 2586; x_wconf 88' lang='lat' dir='ltr'><strong>et</strong></span> <span class='ocrx_word' id='word_1_397' title='bbox 3056 2532 3379 2587; x_wconf 88' lang='lat' dir='ltr'><strong>tumultuosa</strong></span> <span class='ocrx_word' id='word_1_398' title='bbox 3407 2533 3677 2599; x_wconf 85' lang='lat' dir='ltr'><strong>ebrietas;</strong></span> <span class='ocrx_word' id='word_1_399' title='bbox 3718 2535 3798 2604; x_wconf 87' lang='lat' dir='ltr'><strong>qui</strong></span> 
     </span>
    </p>
   </div>
   <div class='ocr_carea' id='block_1_59' title="bbox 2215 2618 3797 2693">
    <p class='ocr_par' dir='ltr' id='par_1_59' title="bbox 2215 2618 3797 2693">
     <span class='ocr_line' id='line_1_59' title="bbox 2215 2618 3797 2693; baseline 0.004 -21"><span class='ocrx_word' id='word_1_400' title='bbox 2215 2618 2299 2674; x_wconf 83' lang='lat' dir='ltr'><strong>his</strong></span> <span class='ocrx_word' id='word_1_401' title='bbox 2323 2619 2621 2675; x_wconf 85' lang='lat' dir='ltr'><strong>delectatur</strong></span> <span class='ocrx_word' id='word_1_402' title='bbox 2644 2634 2748 2675; x_wconf 90' lang='lat' dir='ltr'><strong>non</strong></span> <span class='ocrx_word' id='word_1_403' title='bbox 2774 2620 2881 2676; x_wconf 72' lang='lat' dir='ltr'><strong>erit</strong></span> <span class='ocrx_word' id='word_1_404' title='bbox 2906 2622 3120 2690; x_wconf 87' lang='lat' dir='ltr'><strong>sapiens</strong></span> <span class='ocrx_word' id='word_1_405' title='bbox 3146 2619 3329 2693; x_wconf 73' lang='lat' dir='ltr'><strong>(Prov.</strong></span> <span class='ocrx_word' id='word_1_406' title='bbox 3355 2629 3469 2689; x_wconf 70' lang='lat' dir='ltr'><strong>xx).</strong></span> <span class='ocrx_word' id='word_1_407' title='bbox 3502 2643 3521 2675; x_wconf 71' lang='grc' dir='ltr'><strong>ι</strong></span> <span class='ocrx_word' id='word_1_408' title='bbox 3548 2622 3797 2680; x_wconf 74' lang='lat' dir='ltr'><strong>Ventrem</strong></span> 
     </span>
    </p>
   </div>
   <div class='ocr_carea' id='block_1_60' title="bbox 2212 2710 3796 2783">
    <p class='ocr_par' dir='ltr' id='par_1_60' title="bbox 2212 2710 3796 2783">
     <span class='ocr_line' id='line_1_60' title="bbox 2212 2710 3796 2783; baseline 0.004 -19"><span class='ocrx_word' id='word_1_409' title='bbox 2212 2724 2443 2781; x_wconf 85' lang='lat' dir='ltr'><strong>namque</strong></span> <span class='ocrx_word' id='word_1_410' title='bbox 2489 2710 2645 2776; x_wconf 82' lang='lat' dir='ltr'><strong>vino,</strong></span> <span class='ocrx_word' id='word_1_411' title='bbox 2684 2720 2739 2765; x_wconf 90' lang='lat' dir='ltr'><strong>et</strong></span> <span class='ocrx_word' id='word_1_412' title='bbox 2769 2711 2940 2782; x_wconf 81' lang='lat' dir='ltr'><strong>epulis</strong></span> <span class='ocrx_word' id='word_1_413' title='bbox 2983 2726 3321 2778; x_wconf 84' lang='lat' dir='ltr'><strong>assuescere,</strong></span> <span class='ocrx_word' id='word_1_414' title='bbox 3354 2715 3483 2783; x_wconf 82' lang='lat' dir='ltr'><strong>quid</strong></span> <span class='ocrx_word' id='word_1_415' title='bbox 3532 2724 3619 2770; x_wconf 88' lang='lat' dir='ltr'><strong>est</strong></span> <span class='ocrx_word' id='word_1_416' title='bbox 3664 2716 3796 2770; x_wconf 86' lang='lat' dir='ltr'><strong>aliud</strong></span> 
     </span>
    </p>
   </div>
   <div class='ocr_carea' id='block_1_61' title="bbox 2212 2803 3799 2879">
    <p class='ocr_par' dir='ltr' id='par_1_61' title="bbox 2212 2803 3799 2879">
     <span class='ocr_line' id='line_1_61' title="bbox 2212 2803 3799 2879; baseline 0.006 -24"><span class='ocrx_word' id='word_1_417' title='bbox 2212 2817 2373 2873; x_wconf 86' lang='lat' dir='ltr'><strong>quam</strong></span> <span class='ocrx_word' id='word_1_418' title='bbox 2411 2803 2655 2858; x_wconf 88' lang='lat' dir='ltr'><strong>hostibus</strong></span> <span class='ocrx_word' id='word_1_419' title='bbox 2691 2805 2903 2865; x_wconf 65' lang='lat' dir='ltr'><strong>animae,</strong></span> <span class='ocrx_word' id='word_1_420' title='bbox 2950 2814 3011 2859; x_wconf 92' lang='lat' dir='ltr'><strong>ut</strong></span> <span class='ocrx_word' id='word_1_421' title='bbox 3048 2806 3445 2878; x_wconf 85' lang='lat' dir='ltr'><strong>ingrediantur,</strong></span> <span class='ocrx_word' id='word_1_422' title='bbox 3473 2809 3658 2864; x_wconf 78' lang='lat' dir='ltr'><strong>aditus</strong></span> <span class='ocrx_word' id='word_1_423' title='bbox 3686 2826 3799 2879; x_wconf 58' lang='lat' dir='ltr'><strong>apt~</strong></span> 
     </span>
    </p>
   </div>
   <div class='ocr_carea' id='block_1_62' title="bbox 2213 2895 3795 2967">
    <p class='ocr_par' dir='ltr' id='par_1_62' title="bbox 2213 2895 3795 2967">
     <span class='ocr_line' id='line_1_62' title="bbox 2213 2895 3795 2967; baseline 0.005 -18"><span class='ocrx_word' id='word_1_424' title='bbox 2213 2895 2365 2950; x_wconf 88' lang='lat' dir='ltr'><strong>rire?</strong></span> <span class='ocrx_word' id='word_1_425' title='bbox 2405 2895 2665 2960; x_wconf 56' lang='lat' dir='ltr'><strong>Unde,«et</strong></span> <span class='ocrx_word' id='word_1_426' title='bbox 2695 2897 2834 2951; x_wconf 88' lang='lat' dir='ltr'><strong>idem</strong></span> <span class='ocrx_word' id='word_1_427' title='bbox 2880 2895 3135 2952; x_wconf 84' lang='lat' dir='ltr'><strong>Salomon</strong></span> <span class='ocrx_word' id='word_1_428' title='bbox 3166 2917 3178 2951; x_wconf 90' lang='lat'><strong>:</strong></span> <span class='ocrx_word' id='word_1_429' title='bbox 3226 2917 3245 2949; x_wconf 77' lang='grc' dir='ltr'><strong><em>ι</em></strong></span> <span class='ocrx_word' id='word_1_430' title='bbox 3295 2899 3395 2967; x_wconf 87' lang='lat' dir='ltr'><strong>Qui</strong></span> <span class='ocrx_word' id='word_1_431' title='bbox 3433 2901 3693 2963; x_wconf 86' lang='lat' dir='ltr'><strong>delicate,</strong></span> <span class='ocrx_word' id='word_1_432' title='bbox 3722 2904 3795 2957; x_wconf 83' lang='lat' dir='ltr'><strong>ln-</strong></span> 
     </span>
    </p>
   </div>
   <div class='ocr_carea' id='block_1_63' title="bbox 2211 2985 3794 3060">
    <p class='ocr_par' dir='ltr' id='par_1_63' title="bbox 2211 2985 3794 3060">
     <span class='ocr_line' id='line_1_63' title="bbox 2211 2985 3794 3060; baseline 0.004 -23"><span class='ocrx_word' id='word_1_433' title='bbox 2211 2985 2349 3054; x_wconf 84' lang='lat' dir='ltr'><strong>quit,</strong></span> <span class='ocrx_word' id='word_1_434' title='bbox 2386 2999 2415 3037; x_wconf 90' lang='lat' dir='ltr'><strong>a</strong></span> <span class='ocrx_word' id='word_1_435' title='bbox 2462 2986 2693 3054; x_wconf 89' lang='lat' dir='ltr'><strong>pueritia</strong></span> <span class='ocrx_word' id='word_1_436' title='bbox 2725 2986 2895 3042; x_wconf 86' lang='lat' dir='ltr'><strong>nutrit</strong></span> <span class='ocrx_word' id='word_1_437' title='bbox 2922 3002 3136 3041; x_wconf 85' lang='lat' dir='ltr'><strong>servum</strong></span> <span class='ocrx_word' id='word_1_438' title='bbox 3173 3003 3363 3055; x_wconf 85' lang='lat' dir='ltr'><strong>suum,</strong></span> <span class='ocrx_word' id='word_1_439' title='bbox 3414 3000 3608 3060; x_wconf 86' lang='lat' dir='ltr'><strong>postea</strong></span> <span class='ocrx_word' id='word_1_440' title='bbox 3656 2992 3794 3045; x_wconf 85' lang='lat' dir='ltr'><strong>illum</strong></span> 
     </span>
    </p>
   </div>
   <div class='ocr_carea' id='block_1_64' title="bbox 2210 3075 3797 3150">
    <p class='ocr_par' dir='ltr' id='par_1_64' title="bbox 2210 3075 3797 3150">
     <span class='ocr_line' id='line_1_64' title="bbox 2210 3075 3797 3150; baseline 0.004 -21"><span class='ocrx_word' id='word_1_441' title='bbox 2210 3075 2410 3130; x_wconf 88' lang='lat' dir='ltr'><strong>sentiet</strong></span> <span class='ocrx_word' id='word_1_442' title='bbox 2444 3086 2815 3131; x_wconf 78' lang='lat' dir='ltr'><strong>contumacem</strong></span> <span class='ocrx_word' id='word_1_443' title='bbox 2844 3075 3024 3147; x_wconf 75' lang='lat' dir='ltr'><strong>(Prov.</strong></span> <span class='ocrx_word' id='word_1_444' title='bbox 3056 3079 3228 3150; x_wconf 68' lang='grc' dir='ltr'><strong>χχιχ).</strong></span> <span class='ocrx_word' id='word_1_445' title='bbox 3270 3098 3289 3132; x_wconf 74' lang='grc' dir='ltr'><strong><em>ι</em></strong></span> <span class='ocrx_word' id='word_1_446' title='bbox 3330 3079 3475 3135; x_wconf 89' lang='lat' dir='ltr'><strong>Bene</strong></span> <span class='ocrx_word' id='word_1_447' title='bbox 3501 3081 3651 3136; x_wconf 86' lang='lat' dir='ltr'><strong>hunc</strong></span> <span class='ocrx_word' id='word_1_448' title='bbox 3689 3096 3797 3136; x_wconf 82' lang='lat' dir='ltr'><strong>ser-</strong></span> 
     </span>
    </p>
   </div>
   <div class='ocr_carea' id='block_1_65' title="bbox 524 3146 3799 3243">
    <p class='ocr_par' dir='ltr' id='par_1_65' title="bbox 524 3146 3799 3243">
     <span class='ocr_line' id='line_1_65' title="bbox 524 3146 3799 3243; baseline 0 -15"><span class='ocrx_word' id='word_1_449' title='bbox 524 3146 705 3228; x_wconf 56' lang='lat' dir='ltr'><strong>uantia:</strong></span> <span class='ocrx_word' id='word_1_450' title='bbox 733 3171 1140 3227; x_wconf 77' lang='lat' dir='ltr'><strong>routusionibns</strong></span> <span class='ocrx_word' id='word_1_451' title='bbox 1201 3146 1375 3237; x_wconf 52' lang='lat' dir='ltr'><strong>terat;</strong></span> <span class='ocrx_word' id='word_1_452' title='bbox 1414 3186 1511 3226; x_wconf 88' lang='lat' dir='ltr'><strong>nec</strong></span> <span class='ocrx_word' id='word_1_453' title='bbox 1537 3146 1786 3226; x_wconf 74' lang='lat' dir='ltr'><strong>desinant</strong></span> <span class='ocrx_word' id='word_1_454' title='bbox 1808 3146 1951 3243; x_wconf 49' lang='lat' dir='ltr'><strong>{sua</strong></span> <span class='ocrx_word' id='word_1_455' title='bbox 1979 3190 2105 3243; x_wconf 90' lang='lat' dir='ltr'><strong>prtt-</strong></span> <span class='ocrx_word' id='word_1_456' title='bbox 2135 3146 2179 3204; x_wconf 52' lang='grc' dir='ltr'><strong>(ί</strong></span> <span class='ocrx_word' id='word_1_457' title='bbox 2212 3181 2338 3221; x_wconf 69' lang='lat' dir='ltr'><strong>&quot;lim</strong></span> <span class='ocrx_word' id='word_1_458' title='bbox 2365 3166 2494 3222; x_wconf 76' lang='lat' dir='ltr'><strong>IOl‘iS</strong></span> <span class='ocrx_word' id='word_1_459' title='bbox 2520 3168 2805 3225; x_wconf 72' lang='lat' dir='ltr'><strong>COiIibebat</strong></span> <span class='ocrx_word' id='word_1_460' title='bbox 2838 3146 3061 3234; x_wconf 68' lang='lat' dir='ltr'><strong>itledite,</strong></span> <span class='ocrx_word' id='word_1_461' title='bbox 3106 3171 3196 3241; x_wconf 86' lang='lat' dir='ltr'><strong>qui</strong></span> <span class='ocrx_word' id='word_1_462' title='bbox 3236 3171 3451 3227; x_wconf 88' lang='lat' dir='ltr'><strong>diccbat</strong></span> <span class='ocrx_word' id='word_1_463' title='bbox 3479 3191 3496 3226; x_wconf 89' lang='lat'>:</span> <span class='ocrx_word' id='word_1_464' title='bbox 3531 3191 3551 3223; x_wconf 70' lang='grc' dir='ltr'>ι</span> <span class='ocrx_word' id='word_1_465' title='bbox 3586 3174 3799 3243; x_wconf 74' lang='lat' dir='ltr'><strong>(Iastigo</strong></span> 
     </span>
    </p>
   </div>
   <div class='ocr_carea' id='block_1_66' title="bbox 520 3248 2108 3330">
    <p class='ocr_par' dir='ltr' id='par_1_66' title="bbox 520 3248 2108 3330">
     <span class='ocr_line' id='line_1_66' title="bbox 520 3248 2108 3330; baseline 0.001 -15"><span class='ocrx_word' id='word_1_466' title='bbox 520 3261 720 3316; x_wconf 77' lang='lat' dir='ltr'><strong>rieotis</strong></span> <span class='ocrx_word' id='word_1_467' title='bbox 744 3248 950 3316; x_wconf 77' lang='lat' dir='ltr'><strong>urticas</strong></span> <span class='ocrx_word' id='word_1_468' title='bbox 974 3272 1143 3330; x_wconf 86' lang='lat' dir='ltr'><strong>atque</strong></span> <span class='ocrx_word' id='word_1_469' title='bbox 1167 3260 1605 3316; x_wconf 85' lang='lat' dir='ltr'><strong>i:.horrosccntes</strong></span> <span class='ocrx_word' id='word_1_470' title='bbox 1632 3261 1932 3316; x_wconf 80' lang='lat' dir='ltr'><strong>camalium</strong></span> <span class='ocrx_word' id='word_1_471' title='bbox 1964 3263 2108 3319; x_wconf 72' lang='lat' dir='ltr'><strong>desi-</strong></span> 
     </span>
    </p>
   </div>
   <div class='ocr_carea' id='block_1_67' title="bbox 514 3352 2105 3423">
    <p class='ocr_par' dir='ltr' id='par_1_67' title="bbox 514 3352 2105 3423">
     <span class='ocr_line' id='line_1_67' title="bbox 514 3352 2105 3423; baseline 0.004 -18"><span class='ocrx_word' id='word_1_472' title='bbox 514 3353 798 3409; x_wconf 77' lang='lat' dir='ltr'><strong>deriorum</strong></span> <span class='ocrx_word' id='word_1_473' title='bbox 827 3367 1019 3423; x_wconf 74' lang='lat' dir='ltr'><strong>vepres</strong></span> <span class='ocrx_word' id='word_1_474' title='bbox 1071 3352 1333 3407; x_wconf 88' lang='lat' dir='ltr'><strong>radicitus</strong></span> <span class='ocrx_word' id='word_1_475' title='bbox 1368 3352 1704 3422; x_wconf 75' lang='lat' dir='ltr'><strong>exstirpare,</strong></span> <span class='ocrx_word' id='word_1_476' title='bbox 1754 3369 1862 3423; x_wconf 81' lang='lat' dir='ltr'><strong>quo</strong></span> <span class='ocrx_word' id='word_1_477' title='bbox 1911 3355 2105 3411; x_wconf 87' lang='lat' dir='ltr'><strong>uberes</strong></span> 
     </span>
    </p>
   </div>
   <div class='ocr_carea' id='block_1_68' title="bbox 516 3443 2103 3513">
    <p class='ocr_par' dir='ltr' id='par_1_68' title="bbox 516 3443 2103 3513">
     <span class='ocr_line' id='line_1_68' title="bbox 516 3443 2103 3513; baseline 0.003 -18"><span class='ocrx_word' id='word_1_478' title='bbox 516 3452 814 3513; x_wconf 80' lang='lat' dir='ltr'><strong>proventus</strong></span> <span class='ocrx_word' id='word_1_479' title='bbox 848 3443 1211 3513; x_wconf 85' lang='lat' dir='ltr'><strong>spiritualium</strong></span> <span class='ocrx_word' id='word_1_480' title='bbox 1263 3452 1506 3513; x_wconf 82' lang='lat' dir='ltr'><strong>segetqu</strong></span> <span class='ocrx_word' id='word_1_481' title='bbox 1537 3443 1751 3498; x_wconf 78' lang='lat' dir='ltr'><strong>valeant</strong></span> <span class='ocrx_word' id='word_1_482' title='bbox 1790 3445 1870 3498; x_wconf 90' lang='lat' dir='ltr'><strong>sui</strong></span> <span class='ocrx_word' id='word_1_483' title='bbox 1923 3447 2103 3501; x_wconf 72' lang='lat' dir='ltr'><strong>con-riis</strong></span> 
     </span>
    </p>
   </div>
   <div class='ocr_carea' id='block_1_69' title="bbox 522 3532 2100 3603">
    <p class='ocr_par' dir='ltr' id='par_1_69' title="bbox 522 3532 2100 3603">
     <span class='ocr_line' id='line_1_69' title="bbox 522 3532 2100 3603; baseline 0.002 -17"><span class='ocrx_word' id='word_1_484' title='bbox 522 3551 645 3589; x_wconf 64' lang='grc' dir='ltr'><strong>κωκυ</strong></span> <span class='ocrx_word' id='word_1_485' title='bbox 684 3533 948 3603; x_wconf 81' lang='lat' dir='ltr'><strong>proferre.</strong></span> <span class='ocrx_word' id='word_1_486' title='bbox 995 3533 1145 3588; x_wconf 79' lang='lat' dir='ltr'><strong>Unde</strong></span> <span class='ocrx_word' id='word_1_487' title='bbox 1197 3543 1253 3588; x_wconf 81' lang='lat' dir='ltr'><strong>et</strong></span> <span class='ocrx_word' id='word_1_488' title='bbox 1301 3532 1445 3587; x_wconf 90' lang='lat' dir='ltr'><strong>idem</strong></span> <span class='ocrx_word' id='word_1_489' title='bbox 1485 3532 1739 3589; x_wconf 86' lang='lat' dir='ltr'><strong>Salomon</strong></span> <span class='ocrx_word' id='word_1_490' title='bbox 1771 3534 1888 3587; x_wconf 89' lang='lat' dir='ltr'><strong>ait:</strong></span> <span class='ocrx_word' id='word_1_491' title='bbox 1947 3555 1965 3585; x_wconf 75' lang='grc' dir='ltr'>ι</span> <span class='ocrx_word' id='word_1_492' title='bbox 2001 3535 2100 3601; x_wconf 85' lang='lat' dir='ltr'><strong>Qui</strong></span> 
     </span>
    </p>
   </div>
   <div class='ocr_carea' id='block_1_70' title="bbox 512 3623 2099 3697">
    <p class='ocr_par' dir='ltr' id='par_1_70' title="bbox 512 3623 2099 3697">
     <span class='ocr_line' id='line_1_70' title="bbox 512 3623 2099 3697; baseline -0.001 -17"><span class='ocrx_word' id='word_1_493' title='bbox 512 3635 777 3697; x_wconf 87' lang='lat' dir='ltr'><strong>operatur</strong></span> <span class='ocrx_word' id='word_1_494' title='bbox 827 3635 1029 3680; x_wconf 86' lang='lat' dir='ltr'><strong>terram</strong></span> <span class='ocrx_word' id='word_1_495' title='bbox 1081 3641 1259 3690; x_wconf 88' lang='lat' dir='ltr'><strong>suam,</strong></span> <span class='ocrx_word' id='word_1_496' title='bbox 1291 3623 1643 3680; x_wconf 78' lang='lat' dir='ltr'><strong>saturabitur</strong></span> <span class='ocrx_word' id='word_1_497' title='bbox 1690 3624 1956 3694; x_wconf 84' lang='lat' dir='ltr'><strong>panibus;</strong></span> <span class='ocrx_word' id='word_1_498' title='bbox 2010 3625 2099 3693; x_wconf 91' lang='lat' dir='ltr'><strong>qui</strong></span> 
     </span>
    </p>
   </div>
   <div class='ocr_carea' id='block_1_71' title="bbox 513 3713 1970 3785">
    <p class='ocr_par' dir='ltr' id='par_1_71' title="bbox 513 3713 1970 3785">
     <span class='ocr_line' id='line_1_71' title="bbox 513 3713 1970 3785; baseline -0.003 -13"><span class='ocrx_word' id='word_1_499' title='bbox 513 3726 758 3773; x_wconf 85' lang='lat' dir='ltr'><strong>sectatur</strong></span> <span class='ocrx_word' id='word_1_500' title='bbox 784 3714 979 3780; x_wconf 87' lang='lat' dir='ltr'><strong>otium,</strong></span> <span class='ocrx_word' id='word_1_501' title='bbox 1008 3713 1305 3785; x_wconf 85' lang='lat' dir='ltr'><strong>replebitur</strong></span> <span class='ocrx_word' id='word_1_502' title='bbox 1325 3722 1564 3785; x_wconf 63' lang='lat' dir='ltr'><strong>egestate</strong></span> <span class='ocrx_word' id='word_1_503' title='bbox 1588 3713 1769 3784; x_wconf 81' lang='lat' dir='ltr'><strong>(Prov.</strong></span> <span class='ocrx_word' id='word_1_504' title='bbox 1794 3720 1912 3785; x_wconf 80' lang='lat' dir='ltr'><strong>xtl).</strong></span> <span class='ocrx_word' id='word_1_505' title='bbox 1951 3733 1970 3767; x_wconf 81' lang='grc'>›</span> 
     </span>
    </p>
   </div>
   <div class='ocr_carea' id='block_1_72' title="bbox 584 3805 2100 3878">
    <p class='ocr_par' dir='ltr' id='par_1_72' title="bbox 584 3805 2100 3878">
     <span class='ocr_line' id='line_1_72' title="bbox 584 3805 2100 3878; baseline -0.002 -13"><span class='ocrx_word' id='word_1_506' title='bbox 584 3808 667 3865; x_wconf 76' lang='lat' dir='ltr'><strong>Ad</strong></span> <span class='ocrx_word' id='word_1_507' title='bbox 694 3809 835 3864; x_wconf 79' lang='lat' dir='ltr'><strong>hanc</strong></span> <span class='ocrx_word' id='word_1_508' title='bbox 861 3820 993 3862; x_wconf 89' lang='lat' dir='ltr'><strong>sane</strong></span> <span class='ocrx_word' id='word_1_509' title='bbox 1042 3806 1428 3878; x_wconf 84' lang='lat' dir='ltr'><strong>agriculturam</strong></span> <span class='ocrx_word' id='word_1_510' title='bbox 1464 3805 1627 3861; x_wconf 75' lang='lat' dir='ltr'><strong>Iosue</strong></span> <span class='ocrx_word' id='word_1_511' title='bbox 1676 3806 1980 3875; x_wconf 83' lang='lat' dir='ltr'><strong>allegoricis</strong></span> <span class='ocrx_word' id='word_1_512' title='bbox 2009 3821 2100 3862; x_wconf 78' lang='lat' dir='ltr'><strong>ex-</strong></span> 
     </span>
    </p>
   </div>
   <div class='ocr_carea' id='block_1_73' title="bbox 515 3895 2097 3969">
    <p class='ocr_par' dir='ltr' id='par_1_73' title="bbox 515 3895 2097 3969">
     <span class='ocr_line' id='line_1_73' title="bbox 515 3895 2097 3969; baseline -0.002 -14"><span class='ocrx_word' id='word_1_513' title='bbox 515 3899 912 3955; x_wconf 87' lang='lat' dir='ltr'><strong>hortationibus</strong></span> <span class='ocrx_word' id='word_1_514' title='bbox 934 3899 1261 3969; x_wconf 85' lang='lat' dir='ltr'><strong>provocabat</strong></span> <span class='ocrx_word' id='word_1_515' title='bbox 1286 3896 1423 3951; x_wconf 79' lang='lat' dir='ltr'><strong>filios</strong></span> <span class='ocrx_word' id='word_1_516' title='bbox 1442 3895 1640 3967; x_wconf 71' lang='lat' dir='ltr'><strong>Ioseph</strong></span> <span class='ocrx_word' id='word_1_517' title='bbox 1668 3915 1681 3950; x_wconf 88' lang='lat'><strong>:</strong></span> <span class='ocrx_word' id='word_1_518' title='bbox 1720 3915 1739 3947; x_wconf 75' lang='grc' dir='ltr'>ι</span> <span class='ocrx_word' id='word_1_519' title='bbox 1769 3896 1823 3952; x_wconf 92' lang='lat' dir='ltr'><strong>Si</strong></span> <span class='ocrx_word' id='word_1_520' title='bbox 1849 3898 2097 3968; x_wconf 88' lang='lat' dir='ltr'><strong>populus,</strong></span> 
     </span>
    </p>
   </div>
   <div class='ocr_carea' id='block_1_74' title="bbox 514 3986 2095 4059">
    <p class='ocr_par' dir='ltr' id='par_1_74' title="bbox 514 3986 2095 4059">
     <span class='ocr_line' id='line_1_74' title="bbox 514 3986 2095 4059; baseline -0.003 -16"><span class='ocrx_word' id='word_1_521' title='bbox 514 3990 710 4059; x_wconf 86' lang='lat' dir='ltr'><strong>inquit,</strong></span> <span class='ocrx_word' id='word_1_522' title='bbox 748 3989 948 4043; x_wconf 90' lang='lat' dir='ltr'><strong>multus</strong></span> <span class='ocrx_word' id='word_1_523' title='bbox 972 4003 1051 4051; x_wconf 86' lang='lat' dir='ltr'><strong>es,</strong></span> <span class='ocrx_word' id='word_1_524' title='bbox 1087 3987 1319 4042; x_wconf 85' lang='lat' dir='ltr'><strong>ascendo</strong></span> <span class='ocrx_word' id='word_1_525' title='bbox 1347 3986 1399 4040; x_wconf 87' lang='lat' dir='ltr'><strong>in</strong></span> <span class='ocrx_word' id='word_1_526' title='bbox 1427 3986 1641 4051; x_wconf 79' lang='lat' dir='ltr'><strong>silvam,</strong></span> <span class='ocrx_word' id='word_1_527' title='bbox 1675 3995 1730 4040; x_wconf 89' lang='lat' dir='ltr'><strong>et</strong></span> <span class='ocrx_word' id='word_1_528' title='bbox 1760 3986 1977 4041; x_wconf 87' lang='lat' dir='ltr'><strong>succi&#39;de</strong></span> <span class='ocrx_word' id='word_1_529' title='bbox 2004 3986 2095 4041; x_wconf 87' lang='lat' dir='ltr'><strong>tibi</strong></span> 
     </span>
    </p>
   </div>
   <div class='ocr_carea' id='block_1_75' title="bbox 512 4078 2096 4150">
    <p class='ocr_par' dir='ltr' id='par_1_75' title="bbox 512 4078 2096 4150">
     <span class='ocr_line' id='line_1_75' title="bbox 512 4078 2096 4150; baseline -0.002 -16"><span class='ocrx_word' id='word_1_530' title='bbox 512 4081 689 4150; x_wconf 83' lang='lat' dir='ltr'><strong>spatia</strong></span> <span class='ocrx_word' id='word_1_531' title='bbox 725 4080 775 4133; x_wconf 91' lang='lat' dir='ltr'><strong>in</strong></span> <span class='ocrx_word' id='word_1_532' title='bbox 805 4088 952 4135; x_wconf 88' lang='lat' dir='ltr'><strong>terra</strong></span> <span class='ocrx_word' id='word_1_533' title='bbox 989 4079 1258 4134; x_wconf 76' lang='lat' dir='ltr'><strong>Pherezzei</strong></span> <span class='ocrx_word' id='word_1_534' title='bbox 1286 4087 1341 4133; x_wconf 91' lang='lat' dir='ltr'><strong>et</strong></span> <span class='ocrx_word' id='word_1_535' title='bbox 1374 4078 1659 4147; x_wconf 81' lang='lat' dir='ltr'><strong>Baphaim,</strong></span> <span class='ocrx_word' id='word_1_536' title='bbox 1709 4080 1835 4149; x_wconf 85' lang='lat' dir='ltr'><strong>quia</strong></span> <span class='ocrx_word' id='word_1_537' title='bbox 1868 4087 2096 4146; x_wconf 78' lang='lat' dir='ltr'><strong>angusta</strong></span> 
     </span>
    </p>
   </div>
   <div class='ocr_carea' id='block_1_76' title="bbox 510 4167 2095 4239">
    <p class='ocr_par' dir='ltr' id='par_1_76' title="bbox 510 4167 2095 4239">
     <span class='ocr_line' id='line_1_76' title="bbox 510 4167 2095 4239; baseline -0.003 -13"><span class='ocrx_word' id='word_1_538' title='bbox 510 4181 597 4235; x_wconf 73' lang='lat' dir='ltr'><strong>est</strong></span> <span class='ocrx_word' id='word_1_539' title='bbox 625 4170 720 4224; x_wconf 92' lang='lat' dir='ltr'><strong>tibi</strong></span> <span class='ocrx_word' id='word_1_540' title='bbox 740 4170 1015 4239; x_wconf 86' lang='lat' dir='ltr'><strong>possessio</strong></span> <span class='ocrx_word' id='word_1_541' title='bbox 1037 4171 1232 4223; x_wconf 83' lang='lat' dir='ltr'><strong>montis</strong></span> <span class='ocrx_word' id='word_1_542' title='bbox 1246 4169 1504 4237; x_wconf 86' lang='lat' dir='ltr'><strong>prraim</strong></span> <span class='ocrx_word' id='word_1_543' title='bbox 1523 4167 1657 4238; x_wconf 81' lang='lat' dir='ltr'><strong>(Jos.</strong></span> <span class='ocrx_word' id='word_1_544' title='bbox 1688 4171 1820 4239; x_wconf 75' lang='lat' dir='ltr'><strong>xvu)</strong></span> <span class='ocrx_word' id='word_1_545' title='bbox 1848 4188 1860 4222; x_wconf 93' lang='lat'><strong>:</strong></span> <span class='ocrx_word' id='word_1_546' title='bbox 1889 4190 1908 4219; x_wconf 75' lang='grc' dir='ltr'><strong><em>ι</em></strong></span> <span class='ocrx_word' id='word_1_547' title='bbox 1937 4169 2095 4223; x_wconf 79' lang='lat' dir='ltr'><strong>Cunt-</strong></span> 
     </span>
    </p>
   </div>
   <div class='ocr_carea' id='block_1_77' title="bbox 508 4260 2097 4332">
    <p class='ocr_par' dir='ltr' id='par_1_77' title="bbox 508 4260 2097 4332">
     <span class='ocr_line' id='line_1_77' title="bbox 508 4260 2097 4332; baseline 0 -17"><span class='ocrx_word' id='word_1_548' title='bbox 508 4277 620 4332; x_wconf 81' lang='lat' dir='ltr'><strong>que</strong></span> <span class='ocrx_word' id='word_1_549' title='bbox 648 4261 719 4315; x_wconf 87' lang='lat' dir='ltr'><strong>lbi</strong></span> <span class='ocrx_word' id='word_1_550' title='bbox 747 4269 1167 4330; x_wconf 75' lang='lat' dir='ltr'><strong>conquerantur,</strong></span> <span class='ocrx_word' id='word_1_551' title='bbox 1213 4269 1268 4313; x_wconf 91' lang='lat' dir='ltr'><strong>et</strong></span> <span class='ocrx_word' id='word_1_552' title='bbox 1290 4260 1569 4314; x_wconf 86' lang='lat' dir='ltr'><strong>dicereut:</strong></span> <span class='ocrx_word' id='word_1_553' title='bbox 1609 4280 1626 4312; x_wconf 85' lang='grc'><strong>‹</strong></span> <span class='ocrx_word' id='word_1_554' title='bbox 1658 4260 1773 4314; x_wconf 87' lang='lat' dir='ltr'><strong>Non</strong></span> <span class='ocrx_word' id='word_1_555' title='bbox 1800 4261 2097 4330; x_wconf 79' lang='lat' dir='ltr'><strong>poterimus</strong></span> 
     </span>
    </p>
   </div>
   <div class='ocr_carea' id='block_1_78' title="bbox 509 4349 2097 4413">
    <p class='ocr_par' dir='ltr' id='par_1_78' title="bbox 509 4349 2097 4413">
     <span class='ocr_line' id='line_1_78' title="bbox 509 4349 2097 4413; baseline 0 -7"><span class='ocrx_word' id='word_1_556' title='bbox 509 4354 575 4407; x_wconf 78' lang='lat' dir='ltr'><strong>ad</strong></span> <span class='ocrx_word' id='word_1_557' title='bbox 610 4363 863 4406; x_wconf 87' lang='lat' dir='ltr'><strong>montana</strong></span> <span class='ocrx_word' id='word_1_558' title='bbox 894 4352 1279 4413; x_wconf 86' lang='lat' dir='ltr'><strong>conscendere,</strong></span> <span class='ocrx_word' id='word_1_559' title='bbox 1306 4366 1427 4404; x_wconf 91' lang='lat' dir='ltr'><strong>cum</strong></span> <span class='ocrx_word' id='word_1_560' title='bbox 1460 4349 1648 4405; x_wconf 81' lang='lat' dir='ltr'><strong>ferreis</strong></span> <span class='ocrx_word' id='word_1_561' title='bbox 1673 4351 1923 4405; x_wconf 87' lang='lat' dir='ltr'><strong>curribus</strong></span> <span class='ocrx_word' id='word_1_562' title='bbox 1942 4359 2097 4406; x_wconf 87' lang='lat' dir='ltr'><strong>utan—</strong></span> 
     </span>
    </p>
   </div>
   <div class='ocr_carea' id='block_1_79' title="bbox 507 4440 2095 4512">
    <p class='ocr_par' dir='ltr' id='par_1_79' title="bbox 507 4440 2095 4512">
     <span class='ocr_line' id='line_1_79' title="bbox 507 4440 2095 4512; baseline -0.001 -14"><span class='ocrx_word' id='word_1_563' title='bbox 507 4442 919 4508; x_wconf 65' lang='lat' dir='ltr'><strong>turChananati,</strong></span> <span class='ocrx_word' id='word_1_564' title='bbox 933 4442 1024 4512; x_wconf 83' lang='lat' dir='ltr'><strong>qui</strong></span> <span class='ocrx_word' id='word_1_565' title='bbox 1044 4440 1354 4497; x_wconf 85' lang='lat' dir='ltr'><strong>babitantin</strong></span> <span class='ocrx_word' id='word_1_566' title='bbox 1371 4450 1511 4494; x_wconf 88' lang='lat' dir='ltr'><strong>terra</strong></span> <span class='ocrx_word' id='word_1_567' title='bbox 1523 4442 1837 4510; x_wconf 88' lang='lat' dir='ltr'><strong>campestri.</strong></span> <span class='ocrx_word' id='word_1_568' title='bbox 1856 4441 2095 4510; x_wconf 77' lang='lat' dir='ltr'><strong>liespon-</strong></span> 
     </span>
    </p>
   </div>
   <div class='ocr_carea' id='block_1_80' title="bbox 505 4520 2090 4604">
    <p class='ocr_par' dir='ltr' id='par_1_80' title="bbox 505 4520 2090 4604">
     <span class='ocr_line' id='line_1_80' title="bbox 505 4520 2090 4604; baseline -0.003 -13"><span class='ocrx_word' id='word_1_569' title='bbox 505 4537 586 4591; x_wconf 92' lang='lat' dir='ltr'><strong>dit</strong></span> <span class='ocrx_word' id='word_1_570' title='bbox 614 4534 775 4591; x_wconf 74' lang='lat' dir='ltr'><strong>Josue</strong></span> <span class='ocrx_word' id='word_1_571' title='bbox 801 4520 825 4585; x_wconf 72' lang='grc'><strong>;’</strong></span> <span class='ocrx_word' id='word_1_572' title='bbox 844 4533 1081 4604; x_wconf 82' lang='lat' dir='ltr'><strong>Populus</strong></span> <span class='ocrx_word' id='word_1_573' title='bbox 1097 4532 1297 4587; x_wconf 90' lang='lat' dir='ltr'><strong>multus</strong></span> <span class='ocrx_word' id='word_1_574' title='bbox 1316 4546 1400 4595; x_wconf 88' lang='lat' dir='ltr'><strong>es,</strong></span> <span class='ocrx_word' id='word_1_575' title='bbox 1426 4540 1482 4586; x_wconf 91' lang='lat' dir='ltr'><strong>et</strong></span> <span class='ocrx_word' id='word_1_576' title='bbox 1503 4546 1710 4602; x_wconf 77' lang='lat' dir='ltr'><strong>magna:</strong></span> <span class='ocrx_word' id='word_1_577' title='bbox 1732 4530 2090 4598; x_wconf 84' lang='lat' dir='ltr'><strong>fortitudinis,</strong></span> 
     </span>
    </p>
   </div>
   <div class='ocr_carea' id='block_1_81' title="bbox 505 4621 2089 4697">
    <p class='ocr_par' dir='ltr' id='par_1_81' title="bbox 505 4621 2089 4697">
     <span class='ocr_line' id='line_1_81' title="bbox 505 4621 2089 4697; baseline -0.004 -15"><span class='ocrx_word' id='word_1_578' title='bbox 505 4644 616 4683; x_wconf 89' lang='lat' dir='ltr'><strong>non</strong></span> <span class='ocrx_word' id='word_1_579' title='bbox 638 4626 800 4697; x_wconf 76' lang='lat'><strong>232</strong></span> <span class='ocrx_word' id='word_1_580' title='bbox 816 4624 1251 4680; x_wconf 86' lang='lat' dir='ltr'><strong>babebissortcm</strong></span> <span class='ocrx_word' id='word_1_581' title='bbox 1265 4638 1446 4689; x_wconf 90' lang='lat' dir='ltr'><strong>unam,</strong></span> <span class='ocrx_word' id='word_1_582' title='bbox 1465 4621 1557 4677; x_wconf 90' lang='lat' dir='ltr'><strong>sed</strong></span> <span class='ocrx_word' id='word_1_583' title='bbox 1575 4623 1829 4678; x_wconf 84' lang='lat' dir='ltr'><strong>transibis</strong></span> <span class='ocrx_word' id='word_1_584' title='bbox 1847 4622 1914 4677; x_wconf 86' lang='lat' dir='ltr'><strong>ad</strong></span> <span class='ocrx_word' id='word_1_585' title='bbox 1936 4638 2089 4678; x_wconf 89' lang='lat' dir='ltr'><strong>mon-</strong></span> 
     </span>
    </p>
   </div>
   <div class='ocr_carea' id='block_1_82' title="bbox 503 4713 2086 4788">
    <p class='ocr_par' dir='ltr' id='par_1_82' title="bbox 503 4713 2086 4788">
     <span class='ocr_line' id='line_1_82' title="bbox 503 4713 2086 4788; baseline -0.003 -15"><span class='ocrx_word' id='word_1_586' title='bbox 503 4730 635 4788; x_wconf 86' lang='lat' dir='ltr'><strong>tem,</strong></span> <span class='ocrx_word' id='word_1_587' title='bbox 665 4730 722 4774; x_wconf 88' lang='lat' dir='ltr'><strong>et</strong></span> <span class='ocrx_word' id='word_1_588' title='bbox 749 4718 993 4772; x_wconf 85' lang='lat' dir='ltr'><strong>succides</strong></span> <span class='ocrx_word' id='word_1_589' title='bbox 1024 4718 1116 4772; x_wconf 93' lang='lat' dir='ltr'><strong>tibi</strong></span> <span class='ocrx_word' id='word_1_590' title='bbox 1155 4719 1316 4785; x_wconf 81' lang='lat' dir='ltr'><strong>atque</strong></span> <span class='ocrx_word' id='word_1_591' title='bbox 1349 4715 1606 4786; x_wconf 89' lang='lat' dir='ltr'><strong>purgabis</strong></span> <span class='ocrx_word' id='word_1_592' title='bbox 1633 4715 1700 4771; x_wconf 88' lang='lat' dir='ltr'><strong>ad</strong></span> <span class='ocrx_word' id='word_1_593' title='bbox 1740 4713 2086 4773; x_wconf 85' lang='lat' dir='ltr'><strong>habitandum</strong></span> 
     </span>
    </p>
   </div>
   <div class='ocr_carea' id='block_1_83' title="bbox 502 4804 2089 4879">
    <p class='ocr_par' dir='ltr' id='par_1_83' title="bbox 502 4804 2089 4879">
     <span class='ocr_line' id='line_1_83' title="bbox 502 4804 2089 4879; baseline -0.003 -15"><span class='ocrx_word' id='word_1_594' title='bbox 502 4812 698 4879; x_wconf 75' lang='lat' dir='ltr'><strong>spatia,</strong></span> <span class='ocrx_word' id='word_1_595' title='bbox 736 4818 785 4864; x_wconf 92' lang='lat' dir='ltr'><strong>ot</strong></span> <span class='ocrx_word' id='word_1_596' title='bbox 822 4807 1022 4879; x_wconf 85' lang='lat' dir='ltr'><strong>poteris</strong></span> <span class='ocrx_word' id='word_1_597' title='bbox 1047 4807 1184 4861; x_wconf 89' lang='lat' dir='ltr'><strong>ultra</strong></span> <span class='ocrx_word' id='word_1_598' title='bbox 1223 4806 1546 4876; x_wconf 84' lang='lat' dir='ltr'><strong>procedere,</strong></span> <span class='ocrx_word' id='word_1_599' title='bbox 1593 4820 1716 4859; x_wconf 91' lang='lat' dir='ltr'><strong>cum</strong></span> <span class='ocrx_word' id='word_1_600' title='bbox 1759 4804 2089 4860; x_wconf 74' lang='lat' dir='ltr'><strong>subveneris</strong></span> 
     </span>
    </p>
   </div>
   <div class='ocr_carea' id='block_1_84' title="bbox 501 4895 2091 4967">
    <p class='ocr_par' dir='ltr' id='par_1_84' title="bbox 501 4895 2091 4967">
     <span class='ocr_line' id='line_1_84' title="bbox 501 4895 2091 4967; baseline -0.002 -14"><span class='ocrx_word' id='word_1_601' title='bbox 501 4901 891 4962; x_wconf 80' lang='lat' dir='ltr'><strong>Cbanametun,</strong></span> <span class='ocrx_word' id='word_1_602' title='bbox 918 4913 1077 4967; x_wconf 89' lang='lat' dir='ltr'><strong>quem</strong></span> <span class='ocrx_word' id='word_1_603' title='bbox 1107 4896 1242 4951; x_wconf 82' lang='lat' dir='ltr'><strong>dicis</strong></span> <span class='ocrx_word' id='word_1_604' title='bbox 1277 4895 1480 4950; x_wconf 88' lang='lat' dir='ltr'><strong>ferreos</strong></span> <span class='ocrx_word' id='word_1_605' title='bbox 1526 4895 1725 4949; x_wconf 88' lang='lat' dir='ltr'><strong>habere</strong></span> <span class='ocrx_word' id='word_1_606' title='bbox 1768 4911 1991 4962; x_wconf 87' lang='lat' dir='ltr'><strong>currus,</strong></span> <span class='ocrx_word' id='word_1_607' title='bbox 2034 4907 2091 4950; x_wconf 91' lang='lat' dir='ltr'><strong>et</strong></span> 
     </span>
    </p>
   </div>
   <div class='ocr_carea' id='block_1_85' title="bbox 501 4987 2085 5040">
    <p class='ocr_par' dir='ltr' id='par_1_85' title="bbox 501 4987 2085 5040">
     <span class='ocr_line' id='line_1_85' title="bbox 501 4987 2085 5040; baseline 0 0"><span class='ocrx_word' id='word_1_608' title='bbox 501 5005 621 5040; x_wconf 82' lang='lat' dir='ltr'><strong>esse</strong></span> <span class='ocrx_word' id='word_1_609' title='bbox 652 4990 1000 5040; x_wconf 80' lang='lat' dir='ltr'><strong>fortissimum</strong></span> <span class='ocrx_word' id='word_1_610' title='bbox 1030 4987 1238 5040; x_wconf 81' lang='lat' dir='ltr'><strong>(Ibid.l.</strong></span> <span class='ocrx_word' id='word_1_611' title='bbox 1281 5006 1299 5038; x_wconf 78' lang='grc' dir='ltr'><strong><em>ι</em></strong></span> <span class='ocrx_word' id='word_1_612' title='bbox 1349 4987 1480 5040; x_wconf 71' lang='lat' dir='ltr'><strong>Otia:</strong></span> <span class='ocrx_word' id='word_1_613' title='bbox 1511 4987 1765 5040; x_wconf 78' lang='lat' dir='ltr'><strong>nimirum</strong></span> <span class='ocrx_word' id='word_1_614' title='bbox 1794 4987 1978 5040; x_wconf 86' lang='lat' dir='ltr'><strong>multis</strong></span> <span class='ocrx_word' id='word_1_615' title='bbox 2008 4988 2085 5040; x_wconf 57' lang='lat' dir='ltr'><strong>inv</strong></span> 
     </span>
    </p>
   </div>
   <div class='ocr_carea' id='block_1_86' title="bbox 2208 3248 3791 3339">
    <p class='ocr_par' dir='ltr' id='par_1_86' title="bbox 2208 3248 3791 3339">
     <span class='ocr_line' id='line_1_86' title="bbox 2208 3248 3791 3339; baseline 0.004 -29"><span class='ocrx_word' id='word_1_616' title='bbox 2208 3272 2406 3327; x_wconf 86' lang='lat' dir='ltr'><strong>corpus</strong></span> <span class='ocrx_word' id='word_1_617' title='bbox 2450 3273 2659 3324; x_wconf 90' lang='lat' dir='ltr'><strong>meum,</strong></span> <span class='ocrx_word' id='word_1_618' title='bbox 2711 3269 2766 3315; x_wconf 90' lang='lat' dir='ltr'><strong>et</strong></span> <span class='ocrx_word' id='word_1_619' title='bbox 2812 3248 3060 3315; x_wconf 82' lang='lat' dir='ltr'><strong>servituti</strong></span> <span class='ocrx_word' id='word_1_620' title='bbox 3106 3262 3336 3339; x_wconf 81' lang='lat' dir='ltr'><strong>subjicio</strong></span> <span class='ocrx_word' id='word_1_621' title='bbox 3381 3263 3433 3333; x_wconf 85' lang='grc'><strong>(1</strong></span> <span class='ocrx_word' id='word_1_622' title='bbox 3474 3263 3603 3318; x_wconf 88' lang='lat' dir='ltr'><strong>Cor.</strong></span> <span class='ocrx_word' id='word_1_623' title='bbox 3645 3268 3743 3336; x_wconf 74' lang='grc' dir='ltr'><strong>ιι).</strong></span> <span class='ocrx_word' id='word_1_624' title='bbox 3773 3285 3791 3317; x_wconf 71' lang='grc' dir='ltr'>ι</span> 
     </span>
    </p>
   </div>
   <div class='ocr_carea' id='block_1_87' title="bbox 2205 3349 3789 3422">
    <p class='ocr_par' dir='ltr' id='par_1_87' title="bbox 2205 3349 3789 3422">
     <span class='ocr_line' id='line_1_87' title="bbox 2205 3349 3789 3422; baseline 0.004 -19"><span class='ocrx_word' id='word_1_625' title='bbox 2205 3349 2478 3404; x_wconf 82' lang='lat' dir='ltr'><strong>Adversus</strong></span> <span class='ocrx_word' id='word_1_626' title='bbox 2530 3353 2672 3405; x_wconf 89' lang='lat' dir='ltr'><strong>lutnc</strong></span> <span class='ocrx_word' id='word_1_627' title='bbox 2720 3366 2934 3405; x_wconf 86' lang='lat' dir='ltr'><strong>servum</strong></span> <span class='ocrx_word' id='word_1_628' title='bbox 2982 3353 3322 3422; x_wconf 86' lang='lat' dir='ltr'><strong>disputabat,</strong></span> <span class='ocrx_word' id='word_1_629' title='bbox 3371 3371 3494 3410; x_wconf 90' lang='lat' dir='ltr'><strong>cum</strong></span> <span class='ocrx_word' id='word_1_630' title='bbox 3546 3358 3789 3412; x_wconf 85' lang='lat' dir='ltr'><strong>diceret:</strong></span> 
     </span>
    </p>
   </div>
   <div class='ocr_carea' id='block_1_88' title="bbox 2211 3438 3867 3513">
    <p class='ocr_par' dir='ltr' id='par_1_88' title="bbox 2211 3438 3867 3513">
     <span class='ocr_line' id='line_1_88' title="bbox 2211 3438 3867 3513; baseline 0.01 -25"><span class='ocrx_word' id='word_1_631' title='bbox 2211 3458 2228 3488; x_wconf 78' lang='grc' dir='ltr'><strong><em>ο</em></strong></span> <span class='ocrx_word' id='word_1_632' title='bbox 2258 3438 2394 3495; x_wconf 82' lang='lat' dir='ltr'><strong>Esca</strong></span> <span class='ocrx_word' id='word_1_633' title='bbox 2424 3441 2617 3504; x_wconf 74' lang='lat' dir='ltr'><strong>ventri,</strong></span> <span class='ocrx_word' id='word_1_634' title='bbox 2649 3450 2705 3497; x_wconf 88' lang='lat' dir='ltr'><strong>et</strong></span> <span class='ocrx_word' id='word_1_635' title='bbox 2728 3454 2917 3498; x_wconf 75' lang='lat' dir='ltr'><strong>venter</strong></span> <span class='ocrx_word' id='word_1_636' title='bbox 2943 3445 3085 3500; x_wconf 88' lang='lat' dir='ltr'><strong>escis</strong></span> <span class='ocrx_word' id='word_1_637' title='bbox 3110 3463 3123 3498; x_wconf 90' lang='lat'><strong>:</strong></span> <span class='ocrx_word' id='word_1_638' title='bbox 3166 3444 3307 3500; x_wconf 89' lang='lat' dir='ltr'><strong>Deus</strong></span> <span class='ocrx_word' id='word_1_639' title='bbox 3334 3455 3519 3501; x_wconf 89' lang='lat' dir='ltr'><strong>autem</strong></span> <span class='ocrx_word' id='word_1_640' title='bbox 3550 3456 3610 3503; x_wconf 89' lang='lat' dir='ltr'><strong>et</strong></span> <span class='ocrx_word' id='word_1_641' title='bbox 3639 3449 3790 3513; x_wconf 83' lang='lat' dir='ltr'><strong>hunc,</strong></span> <span class='ocrx_word' id='word_1_642' title='bbox 3863 3447 3867 3450; x_wconf 74' lang='grc'><em>’</em></span> 
     </span>
    </p>
   </div>
   <div class='ocr_carea' id='block_1_89' title="bbox 2206 3529 3794 3603">
    <p class='ocr_par' dir='ltr' id='par_1_89' title="bbox 2206 3529 3794 3603">
     <span class='ocr_line' id='line_1_89' title="bbox 2206 3529 3794 3603; baseline 0.004 -21"><span class='ocrx_word' id='word_1_643' title='bbox 2206 3536 2261 3583; x_wconf 85' lang='lat' dir='ltr'><strong>et</strong></span> <span class='ocrx_word' id='word_1_644' title='bbox 2290 3529 2409 3585; x_wconf 81' lang='lat' dir='ltr'><strong>illas</strong></span> <span class='ocrx_word' id='word_1_645' title='bbox 2437 3532 2679 3586; x_wconf 88' lang='lat' dir='ltr'><strong>destruet</strong></span> <span class='ocrx_word' id='word_1_646' title='bbox 2706 3531 2755 3603; x_wconf 88' lang='grc'><strong>(1</strong></span> <span class='ocrx_word' id='word_1_647' title='bbox 2792 3530 2913 3587; x_wconf 78' lang='lat' dir='ltr'><strong>Cor.</strong></span> <span class='ocrx_word' id='word_1_648' title='bbox 2952 3536 3047 3602; x_wconf 82' lang='grc' dir='ltr'><strong>νι).</strong></span> <span class='ocrx_word' id='word_1_649' title='bbox 3081 3554 3097 3585; x_wconf 65' lang='grc' dir='ltr'>θ</span> <span class='ocrx_word' id='word_1_650' title='bbox 3139 3534 3289 3590; x_wconf 89' lang='lat' dir='ltr'><strong>IIunc</strong></span> <span class='ocrx_word' id='word_1_651' title='bbox 3318 3550 3539 3591; x_wconf 79' lang='lat' dir='ltr'><strong>servum</strong></span> <span class='ocrx_word' id='word_1_652' title='bbox 3570 3538 3676 3591; x_wconf 78' lang='grc' dir='ltr'><strong>ειώ</strong></span> <span class='ocrx_word' id='word_1_653' title='bbox 3694 3540 3794 3591; x_wconf 81' lang='lat' dir='ltr'><strong>cal-</strong></span> 
     </span>
    </p>
   </div>
   <div class='ocr_carea' id='block_1_90' title="bbox 2205 3621 3789 3695">
    <p class='ocr_par' dir='ltr' id='par_1_90' title="bbox 2205 3621 3789 3695">
     <span class='ocr_line' id='line_1_90' title="bbox 2205 3621 3789 3695; baseline 0.004 -19"><span class='ocrx_word' id='word_1_654' title='bbox 2205 3621 2358 3676; x_wconf 86' lang='lat' dir='ltr'><strong>cibus</strong></span> <span class='ocrx_word' id='word_1_655' title='bbox 2401 3636 2522 3676; x_wconf 87' lang='lat' dir='ltr'><strong>esse</strong></span> <span class='ocrx_word' id='word_1_656' title='bbox 2572 3621 2893 3678; x_wconf 85' lang='lat' dir='ltr'><strong>frenandum</strong></span> <span class='ocrx_word' id='word_1_657' title='bbox 2942 3625 3315 3695; x_wconf 77' lang='lat' dir='ltr'><strong>significabat,</strong></span> <span class='ocrx_word' id='word_1_658' title='bbox 3365 3642 3491 3682; x_wconf 89' lang='lat' dir='ltr'><strong>cum</strong></span> <span class='ocrx_word' id='word_1_659' title='bbox 3544 3629 3789 3684; x_wconf 86' lang='lat' dir='ltr'><strong>diceret:</strong></span> 
     </span>
    </p>
   </div>
   <div class='ocr_carea' id='block_1_91' title="bbox 2212 3712 3787 3787">
    <p class='ocr_par' dir='ltr' id='par_1_91' title="bbox 2212 3712 3787 3787">
     <span class='ocr_line' id='line_1_91' title="bbox 2212 3712 3787 3787; baseline 0.006 -23"><span class='ocrx_word' id='word_1_660' title='bbox 2212 3731 2231 3764; x_wconf 74' lang='grc' dir='ltr'>ι</span> <span class='ocrx_word' id='word_1_661' title='bbox 2265 3712 2412 3767; x_wconf 81' lang='lat' dir='ltr'><strong>Multi</strong></span> <span class='ocrx_word' id='word_1_662' title='bbox 2443 3714 2588 3768; x_wconf 89' lang='lat' dir='ltr'><strong>enim</strong></span> <span class='ocrx_word' id='word_1_663' title='bbox 2619 3714 2937 3780; x_wconf 88' lang='lat' dir='ltr'><strong>ambulant,</strong></span> <span class='ocrx_word' id='word_1_664' title='bbox 2971 3732 3106 3785; x_wconf 89' lang='lat' dir='ltr'><strong>quos</strong></span> <span class='ocrx_word' id='word_1_665' title='bbox 3136 3733 3277 3787; x_wconf 67' lang='lat' dir='ltr'><strong>same</strong></span> <span class='ocrx_word' id='word_1_666' title='bbox 3312 3718 3561 3773; x_wconf 72' lang='lat' dir='ltr'><strong>dicebam</strong></span> <span class='ocrx_word' id='word_1_667' title='bbox 3610 3722 3787 3775; x_wconf 78' lang='lat' dir='ltr'><strong>vobis:</strong></span> 
     </span>
    </p>
   </div>
   <div class='ocr_carea' id='block_1_92' title="bbox 2204 3806 3789 3877">
    <p class='ocr_par' dir='ltr' id='par_1_92' title="bbox 2204 3806 3789 3877">
     <span class='ocr_line' id='line_1_92' title="bbox 2204 3806 3789 3877; baseline 0.004 -21"><span class='ocrx_word' id='word_1_668' title='bbox 2204 3819 2349 3858; x_wconf 89' lang='lat' dir='ltr'><strong>nunc</strong></span> <span class='ocrx_word' id='word_1_669' title='bbox 2393 3813 2576 3859; x_wconf 87' lang='lat' dir='ltr'><strong>autem</strong></span> <span class='ocrx_word' id='word_1_670' title='bbox 2616 3814 2670 3859; x_wconf 93' lang='lat' dir='ltr'><strong>et</strong></span> <span class='ocrx_word' id='word_1_671' title='bbox 2713 3806 2848 3860; x_wconf 81' lang='lat' dir='ltr'><strong>ﬂens</strong></span> <span class='ocrx_word' id='word_1_672' title='bbox 2888 3807 3031 3867; x_wconf 84' lang='lat' dir='ltr'><strong>dico.</strong></span> <span class='ocrx_word' id='word_1_673' title='bbox 3078 3807 3327 3864; x_wconf 85' lang='lat' dir='ltr'><strong>inimicos</strong></span> <span class='ocrx_word' id='word_1_674' title='bbox 3363 3810 3547 3865; x_wconf 86' lang='lat' dir='ltr'><strong>crucis</strong></span> <span class='ocrx_word' id='word_1_675' title='bbox 3574 3809 3789 3877; x_wconf 84' lang='lat' dir='ltr'><strong>Christi,</strong></span> 
     </span>
    </p>
   </div>
   <div class='ocr_carea' id='block_1_93' title="bbox 2201 3894 3790 3995">
    <p class='ocr_par' dir='ltr' id='par_1_93' title="bbox 2201 3894 3790 3995">
     <span class='ocr_line' id='line_1_93' title="bbox 2201 3894 3790 3995; baseline 0.006 -48"><span class='ocrx_word' id='word_1_676' title='bbox 2201 3909 2431 3962; x_wconf 91' lang='lat' dir='ltr'><strong>quorum</strong></span> <span class='ocrx_word' id='word_1_677' title='bbox 2461 3894 2585 3950; x_wconf 81' lang='lat' dir='ltr'><strong>linis</strong></span> <span class='ocrx_word' id='word_1_678' title='bbox 2614 3896 2886 3962; x_wconf 89' lang='lat' dir='ltr'><strong>interitus,</strong></span> <span class='ocrx_word' id='word_1_679' title='bbox 2933 3907 2986 3952; x_wconf 92' lang='lat' dir='ltr'><strong>et</strong></span> <span class='ocrx_word' id='word_1_680' title='bbox 3016 3913 3246 3995; x_wconf 52' lang='lat' dir='ltr'><strong>quorum</strong></span> <span class='ocrx_word' id='word_1_681' title='bbox 3277 3899 3421 3955; x_wconf 85' lang='lat' dir='ltr'><strong>Dens</strong></span> <span class='ocrx_word' id='word_1_682' title='bbox 3455 3911 3651 3957; x_wconf 81' lang='lat' dir='ltr'><strong>venter</strong></span> <span class='ocrx_word' id='word_1_683' title='bbox 3686 3912 3790 3968; x_wconf 82' lang='lat' dir='ltr'><strong>est,</strong></span> 
     </span>
    </p>
   </div>
   <div class='ocr_carea' id='block_1_94' title="bbox 2200 3984 3786 4062">
    <p class='ocr_par' dir='ltr' id='par_1_94' title="bbox 2200 3984 3786 4062">
     <span class='ocr_line' id='line_1_94' title="bbox 2200 3984 3786 4062; baseline 0.006 -24"><span class='ocrx_word' id='word_1_684' title='bbox 2200 3996 2256 4038; x_wconf 88' lang='lat' dir='ltr'><strong>et</strong></span> <span class='ocrx_word' id='word_1_685' title='bbox 2281 3984 2451 4057; x_wconf 86' lang='lat' dir='ltr'><strong>gloria</strong></span> <span class='ocrx_word' id='word_1_686' title='bbox 2480 3985 2534 4040; x_wconf 81' lang='lat' dir='ltr'><strong>in</strong></span> <span class='ocrx_word' id='word_1_687' title='bbox 2574 3985 2895 4042; x_wconf 84' lang='lat' dir='ltr'><strong>confusione</strong></span> <span class='ocrx_word' id='word_1_688' title='bbox 2924 3984 3123 4043; x_wconf 65' lang='lat' dir='ltr'><strong>eorum</strong></span> <span class='ocrx_word' id='word_1_689' title='bbox 3143 3988 3366 4060; x_wconf 83' lang='lat' dir='ltr'><strong>(Philip.</strong></span> <span class='ocrx_word' id='word_1_690' title='bbox 3398 3993 3507 4062; x_wconf 87' lang='lat' dir='ltr'><strong>tu).</strong></span> <span class='ocrx_word' id='word_1_691' title='bbox 3546 4012 3565 4043; x_wconf 69' lang='grc' dir='ltr'>ι</span> <span class='ocrx_word' id='word_1_692' title='bbox 3596 3992 3746 4047; x_wconf 75' lang='lat' dir='ltr'><strong>Nota-</strong></span> <span class='ocrx_word' id='word_1_693' title='bbox 3766 4021 3786 4032; x_wconf 92' lang='lat'><strong>-</strong></span> 
     </span>
    </p>
   </div>
   <div class='ocr_carea' id='block_1_95' title="bbox 2202 4080 3774 4148">
    <p class='ocr_par' dir='ltr' id='par_1_95' title="bbox 2202 4080 3774 4148">
     <span class='ocr_line' id='line_1_95' title="bbox 2202 4080 3774 4148; baseline 0.004 -16"><span class='ocrx_word' id='word_1_694' title='bbox 2202 4080 2328 4132; x_wconf 86' lang='lat' dir='ltr'><strong>dum</strong></span> <span class='ocrx_word' id='word_1_695' title='bbox 2360 4089 2541 4133; x_wconf 88' lang='lat' dir='ltr'><strong>autem</strong></span> <span class='ocrx_word' id='word_1_696' title='bbox 2571 4087 2623 4133; x_wconf 91' lang='lat' dir='ltr'><strong>et</strong></span> <span class='ocrx_word' id='word_1_697' title='bbox 2660 4080 2748 4134; x_wconf 89' lang='lat' dir='ltr'><strong>hic</strong></span> <span class='ocrx_word' id='word_1_698' title='bbox 2780 4081 2886 4134; x_wconf 92' lang='lat' dir='ltr'><strong>duo</strong></span> <span class='ocrx_word' id='word_1_699' title='bbox 2919 4081 3179 4136; x_wconf 88' lang='lat' dir='ltr'><strong>terribilia</strong></span> <span class='ocrx_word' id='word_1_700' title='bbox 3208 4082 3337 4148; x_wconf 89' lang='lat' dir='ltr'><strong>dici,</strong></span> <span class='ocrx_word' id='word_1_701' title='bbox 3368 4094 3422 4138; x_wconf 90' lang='lat' dir='ltr'><strong>ct</strong></span> <span class='ocrx_word' id='word_1_702' title='bbox 3459 4085 3513 4138; x_wconf 88' lang='lat' dir='ltr'><strong>in</strong></span> <span class='ocrx_word' id='word_1_703' title='bbox 3547 4084 3774 4140; x_wconf 67' lang='lat' dir='ltr'><strong>inimice</strong></span> 
     </span>
    </p>
   </div>
   <div class='ocr_carea' id='block_1_96' title="bbox 2200 4167 3789 4244">
    <p class='ocr_par' dir='ltr' id='par_1_96' title="bbox 2200 4167 3789 4244">
     <span class='ocr_line' id='line_1_96' title="bbox 2200 4167 3789 4244; baseline 0.005 -22"><span class='ocrx_word' id='word_1_704' title='bbox 2200 4168 2379 4222; x_wconf 88' lang='lat' dir='ltr'><strong>crucis</strong></span> <span class='ocrx_word' id='word_1_705' title='bbox 2410 4167 2617 4223; x_wconf 86' lang='lat' dir='ltr'><strong>Christi</strong></span> <span class='ocrx_word' id='word_1_706' title='bbox 2643 4169 2975 4224; x_wconf 89' lang='lat' dir='ltr'><strong>tremendam</strong></span> <span class='ocrx_word' id='word_1_707' title='bbox 3016 4170 3286 4239; x_wconf 87' lang='lat' dir='ltr'><strong>depromit</strong></span> <span class='ocrx_word' id='word_1_708' title='bbox 3327 4172 3471 4228; x_wconf 90' lang='lat' dir='ltr'><strong>idem</strong></span> <span class='ocrx_word' id='word_1_709' title='bbox 3502 4172 3789 4244; x_wconf 76' lang='lat' dir='ltr'><strong>Apostolus</strong></span> 
     </span>
    </p>
   </div>
   <div class='ocr_carea' id='block_1_97' title="bbox 2199 4261 3783 4331">
    <p class='ocr_par' dir='ltr' id='par_1_97' title="bbox 2199 4261 3783 4331">
     <span class='ocr_line' id='line_1_97' title="bbox 2199 4261 3783 4331; baseline 0.001 -16"><span class='ocrx_word' id='word_1_710' title='bbox 2199 4261 2545 4324; x_wconf 87' lang='lat' dir='ltr'><strong>sententiam,</strong></span> <span class='ocrx_word' id='word_1_711' title='bbox 2573 4261 2798 4315; x_wconf 86' lang='lat' dir='ltr'><strong>dicens:</strong></span> <span class='ocrx_word' id='word_1_712' title='bbox 2840 4279 2858 4312; x_wconf 76' lang='grc' dir='ltr'>ι</span> <span class='ocrx_word' id='word_1_713' title='bbox 2912 4261 2967 4315; x_wconf 91' lang='lat' dir='ltr'><strong>Si</strong></span> <span class='ocrx_word' id='word_1_714' title='bbox 3005 4262 3128 4331; x_wconf 79' lang='lat' dir='ltr'><strong>quis</strong></span> <span class='ocrx_word' id='word_1_715' title='bbox 3171 4278 3278 4317; x_wconf 91' lang='lat' dir='ltr'><strong>non</strong></span> <span class='ocrx_word' id='word_1_716' title='bbox 3309 4273 3460 4317; x_wconf 88' lang='lat' dir='ltr'><strong>amat</strong></span> <span class='ocrx_word' id='word_1_717' title='bbox 3503 4265 3783 4318; x_wconf 63' lang='lat' dir='ltr'><strong>Dominum</strong></span> 
     </span>
    </p>
   </div>
   <div class='ocr_carea' id='block_1_98' title="bbox 2202 4352 3787 4419">
    <p class='ocr_par' dir='ltr' id='par_1_98' title="bbox 2202 4352 3787 4419">
     <span class='ocr_line' id='line_1_98' title="bbox 2202 4352 3787 4419; baseline 0.001 -14"><span class='ocrx_word' id='word_1_718' title='bbox 2202 4362 2444 4406; x_wconf 82' lang='lat' dir='ltr'><strong>nostrum</strong></span> <span class='ocrx_word' id='word_1_719' title='bbox 2468 4352 2651 4407; x_wconf 82' lang='lat' dir='ltr'><strong>Jcsum</strong></span> <span class='ocrx_word' id='word_1_720' title='bbox 2679 4352 2977 4414; x_wconf 79' lang='lat' dir='ltr'><strong>Christum.</strong></span> <span class='ocrx_word' id='word_1_721' title='bbox 3006 4354 3422 4419; x_wconf 77' lang='lat' dir='ltr'><strong>sitanathema,</strong></span> <span class='ocrx_word' id='word_1_722' title='bbox 3451 4370 3652 4410; x_wconf 86' lang='lat' dir='ltr'><strong>maran</strong></span> <span class='ocrx_word' id='word_1_723' title='bbox 3672 4357 3787 4410; x_wconf 76' lang='lat' dir='ltr'><strong>alba</strong></span> 
     </span>
    </p>
   </div>
   <div class='ocr_carea' id='block_1_99' title="bbox 2201 4428 3782 4514">
    <p class='ocr_par' dir='ltr' id='par_1_99' title="bbox 2201 4428 3782 4514">
     <span class='ocr_line' id='line_1_99' title="bbox 2201 4428 3782 4514; baseline 0.003 -20"><span class='ocrx_word' id='word_1_724' title='bbox 2201 4446 2242 4512; x_wconf 78' lang='lat' dir='ltr'><strong>(i</strong></span> <span class='ocrx_word' id='word_1_725' title='bbox 2279 4443 2401 4496; x_wconf 87' lang='lat' dir='ltr'><strong>Cor.</strong></span> <span class='ocrx_word' id='word_1_726' title='bbox 2430 4443 2562 4514; x_wconf 73' lang='lat' dir='ltr'><strong>xw).</strong></span> <span class='ocrx_word' id='word_1_727' title='bbox 2603 4464 2623 4496; x_wconf 74' lang='grc' dir='ltr'><strong><em>ι</em></strong></span> <span class='ocrx_word' id='word_1_728' title='bbox 2655 4428 2756 4508; x_wconf 82' lang='lat' dir='ltr'><strong>Qui</strong></span> <span class='ocrx_word' id='word_1_729' title='bbox 2782 4459 2910 4498; x_wconf 87' lang='lat' dir='ltr'><strong>vero</strong></span> <span class='ocrx_word' id='word_1_730' title='bbox 2938 4455 3182 4499; x_wconf 82' lang='lat' dir='ltr'><strong>ventrem</strong></span> <span class='ocrx_word' id='word_1_731' title='bbox 3210 4459 3308 4514; x_wconf 92' lang='lat' dir='ltr'><strong>pro</strong></span> <span class='ocrx_word' id='word_1_732' title='bbox 3332 4444 3445 4501; x_wconf 86' lang='lat' dir='ltr'><strong>Deo</strong></span> <span class='ocrx_word' id='word_1_733' title='bbox 3475 4461 3782 4509; x_wconf 84' lang='lat' dir='ltr'><strong>veneratur,</strong></span> 
     </span>
    </p>
   </div>
   <div class='ocr_carea' id='block_1_100' title="bbox 2198 4531 3791 4606">
    <p class='ocr_par' dir='ltr' id='par_1_100' title="bbox 2198 4531 3791 4606">
     <span class='ocr_line' id='line_1_100' title="bbox 2198 4531 3791 4606; baseline 0.001 -21"><span class='ocrx_word' id='word_1_734' title='bbox 2198 4531 2365 4585; x_wconf 88' lang='lat' dir='ltr'><strong>Deum</strong></span> <span class='ocrx_word' id='word_1_735' title='bbox 2397 4533 2793 4600; x_wconf 86' lang='lat' dir='ltr'><strong>quodammodo</strong></span> <span class='ocrx_word' id='word_1_736' title='bbox 2820 4549 3019 4602; x_wconf 81' lang='lat' dir='ltr'><strong>negare</strong></span> <span class='ocrx_word' id='word_1_737' title='bbox 3048 4535 3421 4601; x_wconf 88' lang='lat' dir='ltr'><strong>convincitur,</strong></span> <span class='ocrx_word' id='word_1_738' title='bbox 3451 4552 3519 4591; x_wconf 88' lang='lat' dir='ltr'><strong>ac</strong></span> <span class='ocrx_word' id='word_1_739' title='bbox 3561 4553 3667 4606; x_wconf 88' lang='lat' dir='ltr'><strong>per</strong></span> <span class='ocrx_word' id='word_1_740' title='bbox 3695 4539 3791 4593; x_wconf 72' lang='lat' dir='ltr'><strong>beo</strong></span> 
     </span>
    </p>
   </div>
   <div class='ocr_carea' id='block_1_101' title="bbox 2195 4622 3783 4692">
    <p class='ocr_par' dir='ltr' id='par_1_101' title="bbox 2195 4622 3783 4692">
     <span class='ocr_line' id='line_1_101' title="bbox 2195 4622 3783 4692; baseline 0.003 -15"><span class='ocrx_word' id='word_1_741' title='bbox 2195 4625 2301 4677; x_wconf 83' lang='lat' dir='ltr'><strong>duo</strong></span> <span class='ocrx_word' id='word_1_742' title='bbox 2326 4622 2440 4676; x_wconf 72' lang='lat' dir='ltr'><strong>lucc</strong></span> <span class='ocrx_word' id='word_1_743' title='bbox 2464 4631 2670 4677; x_wconf 88' lang='lat' dir='ltr'><strong>terrore</strong></span> <span class='ocrx_word' id='word_1_744' title='bbox 2693 4623 3001 4692; x_wconf 72' lang='lat' dir='ltr'><strong>pleuiSsima</strong></span> <span class='ocrx_word' id='word_1_745' title='bbox 3024 4624 3291 4689; x_wconf 88' lang='lat' dir='ltr'><strong>videntur,</strong></span> <span class='ocrx_word' id='word_1_746' title='bbox 3319 4641 3483 4680; x_wconf 89' lang='lat' dir='ltr'><strong>unum</strong></span> <span class='ocrx_word' id='word_1_747' title='bbox 3509 4629 3783 4690; x_wconf 67' lang='lat' dir='ltr'><strong>uidelicet,</strong></span> 
     </span>
    </p>
   </div>
   <div class='ocr_carea' id='block_1_102' title="bbox 2193 4716 3780 4786">
    <p class='ocr_par' dir='ltr' id='par_1_102' title="bbox 2193 4716 3780 4786">
     <span class='ocr_line' id='line_1_102' title="bbox 2193 4716 3780 4786; baseline 0.006 -20"><span class='ocrx_word' id='word_1_748' title='bbox 2193 4718 2336 4786; x_wconf 77' lang='lat' dir='ltr'><strong>quod</strong></span> <span class='ocrx_word' id='word_1_749' title='bbox 2367 4717 2530 4781; x_wconf 85' lang='lat' dir='ltr'><strong>absit,</strong></span> <span class='ocrx_word' id='word_1_750' title='bbox 2556 4728 2609 4770; x_wconf 88' lang='lat' dir='ltr'><strong>et</strong></span> <span class='ocrx_word' id='word_1_751' title='bbox 2638 4716 2840 4771; x_wconf 73' lang='lat' dir='ltr'><strong>Christi</strong></span> <span class='ocrx_word' id='word_1_752' title='bbox 2881 4720 3158 4773; x_wconf 85' lang='lat' dir='ltr'><strong>inimicum</strong></span> <span class='ocrx_word' id='word_1_753' title='bbox 3189 4734 3311 4775; x_wconf 86' lang='lat' dir='ltr'><strong>esse</strong></span> <span class='ocrx_word' id='word_1_754' title='bbox 3336 4729 3390 4775; x_wconf 74' lang='lat' dir='ltr'><strong>ei</strong></span> <span class='ocrx_word' id='word_1_755' title='bbox 3416 4736 3585 4776; x_wconf 85' lang='lat' dir='ltr'><strong>unum</strong></span> <span class='ocrx_word' id='word_1_756' title='bbox 3623 4722 3780 4779; x_wconf 78' lang='lat' dir='ltr'><strong>Deum</strong></span> 
     </span>
    </p>
   </div>
   <div class='ocr_carea' id='block_1_103' title="bbox 2192 4806 2584 4861">
    <p class='ocr_par' dir='ltr' id='par_1_103' title="bbox 2192 4806 2584 4861">
     <span class='ocr_line' id='line_1_103' title="bbox 2192 4806 2584 4861; baseline 0.01 -4"><span class='ocrx_word' id='word_1_757' title='bbox 2192 4806 2356 4860; x_wconf 88' lang='lat' dir='ltr'><strong>alium</strong></span> <span class='ocrx_word' id='word_1_758' title='bbox 2384 4808 2584 4861; x_wconf 81' lang='lat' dir='ltr'><strong>colere.</strong></span> 
     </span>
    </p>
   </div>
   <div class='ocr_carea' id='block_1_104' title="bbox 2266 4898 3780 4975">
    <p class='ocr_par' dir='ltr' id='par_1_104' title="bbox 2266 4898 3780 4975">
     <span class='ocr_line' id='line_1_104' title="bbox 2266 4898 3780 4975; baseline 0.006 -24"><span class='ocrx_word' id='word_1_759' title='bbox 2266 4899 2381 4953; x_wconf 89' lang='lat' dir='ltr'><strong>Duo</strong></span> <span class='ocrx_word' id='word_1_760' title='bbox 2409 4898 2627 4963; x_wconf 87' lang='lat' dir='ltr'><strong>fratres,</strong></span> <span class='ocrx_word' id='word_1_761' title='bbox 2655 4899 2794 4954; x_wconf 90' lang='lat' dir='ltr'><strong>alter</strong></span> <span class='ocrx_word' id='word_1_762' title='bbox 2813 4898 3049 4968; x_wconf 80' lang='lat' dir='ltr'><strong>juvenis,</strong></span> <span class='ocrx_word' id='word_1_763' title='bbox 3075 4901 3213 4958; x_wconf 88' lang='lat' dir='ltr'><strong>alter</strong></span> <span class='ocrx_word' id='word_1_764' title='bbox 3240 4918 3366 4958; x_wconf 84' lang='lat' dir='ltr'><strong>vero</strong></span> <span class='ocrx_word' id='word_1_765' title='bbox 3391 4919 3559 4959; x_wconf 75' lang='lat' dir='ltr'><strong>senex</strong></span> <span class='ocrx_word' id='word_1_766' title='bbox 3583 4907 3637 4959; x_wconf 91' lang='lat' dir='ltr'><strong>in</strong></span> <span class='ocrx_word' id='word_1_767' title='bbox 3664 4922 3780 4975; x_wconf 50' lang='lat' dir='ltr'><strong>pos.</strong></span> 
     </span>
    </p>
   </div>
   <div class='ocr_carea' id='block_1_105' title="bbox 2192 4989 3779 5040">
    <p class='ocr_par' dir='ltr' id='par_1_105' title="bbox 2192 4989 3779 5040">
     <span class='ocr_line' id='line_1_105' title="bbox 2192 4989 3779 5040; baseline 0 0"><span class='ocrx_word' id='word_1_768' title='bbox 2192 4991 2432 5040; x_wconf 73' lang='lat' dir='ltr'><strong>sessione</strong></span> <span class='ocrx_word' id='word_1_769' title='bbox 2471 4989 2773 5040; x_wconf 77' lang='lat' dir='ltr'><strong>Classensis</strong></span> <span class='ocrx_word' id='word_1_770' title='bbox 2813 4995 3145 5040; x_wconf 70' lang='lat' dir='ltr'><strong>monasterii-</strong></span> <span class='ocrx_word' id='word_1_771' title='bbox 3169 5009 3289 5040; x_wconf 74' lang='lat' dir='ltr'><strong>mm</strong></span> <span class='ocrx_word' id='word_1_772' title='bbox 3327 4995 3681 5040; x_wconf 67' lang='lat' dir='ltr'><strong>liawnniana</strong></span> <span class='ocrx_word' id='word_1_773' title='bbox 3708 5000 3779 5040; x_wconf 74' lang='lat' dir='ltr'><strong>.ti.</strong></span> 
     </span>
    </p>
   </div>
  </div>
