3950 5344
257 106 358 162 £29

1409 99 1608 158 LIBER
1651 97 1942 162 SEXTUS,
1981 94 2194 154 EPIST.
2229 95 2442 154 XXXII.

3423 101 3529 157 459

259 224 378 284 tuis,
409 229 458 274 et
491 221 764 276 robustus.
795 218 1022 274 Factum
1048 223 1152 284 est,
1188 216 1432 288 apposita
1465 231 1670 276 mensa,
1701 223 1840 268 uter-
1873 221 1914 276 Α
1945 211 2185 266 criminis
2213 210 2380 264 semel
2406 209 2694 264 admissam
2724 209 2924 264 decreti
2951 195 3308 283 rcgttlatnper
3337 215 3522 270 inohe-

257 329 358 382 que
387 312 686 376 discubuit,
719 312 812 366 sed
845 311 944 365 iste
983 324 1122 380 pane
1171 317 1476 368 contentus,
1511 316 1562 362 et
1589 321 1728 375 aqua
1763 319 1844 358 re-

257 406 462 476 gularis
492 403 766 474 sejejunii
807 402 1086 474 disciplina
1140 401 1375 456 cohibuit
1413 417 1426 460 ;
1467 398 1550 452 ille
1587 412 1717 452 vero
1767 396 1846 448 vi-

256 514 384 552 num
417 499 542 562 sibi,
587 507 642 552 et
683 501 926 566 insuper,
967 494 1109 564 quod
1147 493 1445 556 videbatur,
1475 489 1712 544 indulsit.
1747 487 1846 554 Qui

255 589 518 657 profecto,
544 588 590 642 si
612 587 754 658 quod
778 585 1088 640 imminebat
1109 591 1442 654 agnosceret,
1475 581 1706 650 rigorem
1729 579 1850 630 abs-

167 709 174 714 -
257 679 498 732 liuentia:
553 679 622 730 ad
671 676 966 748 petulantis
993 675 1130 746 gula:
1161 672 1500 728 ltcnocinium
1530 675 1634 722 non
1679 667 1848 722 molli-

255 777 360 830 ret,
389 777 583 822 octava
635 766 904 838 siquidem
933 766 1042 829 die,
1072 780 1194 820 cum
1231 762 1522 818 Dominica:
1551 759 1850 816 nativitatis

203 858 218 938 ζ
253 859 446 928 gloria,
470 859 674 912 mundo
701 857 1052 928 tripudiantc,
1081 855 1428 918 claresceret,
1456 853 1541 906 ille
1564 852 1849 906 defunctus

253 957 372 1012 est;
403 957 460 1003 et
507 964 632 1002 cum
685 947 998 1004 festivitatis
1048 945 1312 1000 invitante
1347 943 1528 997 laatitia
1571 951 1626 998 et
1669 943 1848 996 caeteri

253 1048 686 1110 provocarentur
710 1039 776 1092 ad
809 1053 1078 1096 mensam.
1101 1036 1192 1090 ille
1215 1034 1560 1096 eﬂ'erebatur,
1597 1033 1848 1088 ﬂentibus

254 1133 498 1204 undique
525 1131 842 1202 propinquis
869 1129 1180 1186 carnalibus
1207 1170 1222 1192 ,
1254 1129 1320 1184 ad
1349 1127 1704 1196 sepulturam.

326 1223 560 1288 Quidam
591 1221 722 1276 mihi
753 1221 1049 1276 monachus
1071 1217 1252 1274 retulit
1280 1217 1425 1288 quia,
1457 1218 1584 1272 dum
1611 1216 1849 1272 frixuras

249 1315 522 1384 quasdam
575 1314 628 1368 in
685 1313 1032 1368 refectorium
1081 1310 1318 1366 deferret
1350 1310 1402 1362 in
1446 1309 1682 1372 vasculo,
1723 1324 1850 1378 pru-

251 1405 448 1460 rientis
472 1419 596 1457 eum
634 1401 1054 1474 gulaastimulus
1101 1399 1326 1470 pupugit
1355 1411 1586 1466 moxque
1633 1397 1848 1451 sibimet

251 1510 416 1547 unam
445 1495 496 1548 in
518 1508 582 1546 os
607 1491 898 1562 projiciens
922 1491 1119 1546 furtive
1143 1489 1395 1544 comedit.
1420 1487 1524 1543 Sed
1552 1487 1693 1542 illico
1722 1502 1845 1541 eum

1949 305 2206 370 glientiam
2239 305 2464 360 violare.

1949 379 1964 382 ii
2023 394 2088 448 Ut
2113 405 2294 448 autetn
2319 410 2384 448 ex
2410 395 2724 450 domesticis
2749 410 2964 464 quoque
2989 397 3322 463 praebeamus
3348 412 3528 452 exem-

1949 483 2128 552 plum:
2166 484 2218 536 in
2248 485 2576 538 monasterio
2607 484 2668 536 Β.
2699 485 2988 548 Vincentii,
3029 486 3172 554 quod
3203 501 3306 540 non
3343 489 3530 560 procul

1949 591 1978 626 a
2011 584 2189 630 monte
2217 575 2306 645 qtti
2339 575 2534 629 dicitur
2563 575 2724 630 Petra
2765 576 3010 640 Pertusa,
3059 576 3300 630 cernitur
3325 578 3522 632 consti-

1953 674 2161 730 tutum;
2197 666 2298 720 hoc
2329 676 2584 736 tanquam
2637 667 2882 734 regulare
2919 668 3374 724 constitueramus
3414 669 3534 723 edi-

1949 763 2120 820 ctum,
2149 765 2206 808 ιιι
2243 753 2343 808 sub
2378 754 2610 810 districti
2659 771 2883 812 censura
2939 757 3132 833 rigoris
3175 757 3532 830 quadragesi-

1951 844 2090 900 ntale
2119 845 2488 900 celebraretur
2516 847 2748 914 initium,
2778 849 3055 912 nimirum,
3085 861 3142 904 ut
3171 865 3265 920 per
3295 849 3531 904 triduum

1951 936 2165 990 nonnisi
2223 937 2490 990 modicum
2548 939 2702 1006 panis
2760 955 2881 992 cum
2929 955 3066 1008 aqua
3114 955 3303 996 omnes
3338 941 3534 998 fratres

1951 1030 2322 1095 comederent,
2370 1031 2510 1084 nulla
2563 1033 2662 1086 nisi
2729 1033 3047 1097 lectionum,
3107 1037 3222 1092 sive
3283 1039 3531 1093 ordinum

1953 1121 2117 1176 verba
2139 1120 2468 1192 proferrent,
2496 1123 2652 1176 nudis
2679 1125 2903 1192 pedibus
2931 1125 3180 1196 lugubres
3209 1143 3272 1182 ac
3301 1144 3535 1184 mceren-

1953 1219 2034 1266 tes
2074 1211 2387 1266 incederent
2431 1211 2646 1282 expleto
2675 1215 2948 1268 communi
2984 1216 3350 1272 modulatione
3379 1217 3530 1272 Psal-

1957 1303 2095 1356 terio
2149 1313 2334 1357 mutua
2389 1318 2446 1358 se
2487 1319 2773 1374 sceparum
2815 1307 3167 1376 castigatione
3219 1321 3533 1380 purgarent.

1952 1393 2102 1458 Quod
2134 1409 2255 1448 cum
2301 1394 2498 1450 fratres
2539 1406 2686 1460 voto,
2733 1407 2786 1452 et
2813 1401 3014 1460 animo.
3060 1415 3122 1454 ac
3161 1402 3426 1470 spirituali
3450 1403 3537 1470 ju-

1952 1483 2230 1540 cunditate
2287 1501 2392 1540 non
2447 1489 2688 1558 segniter
2739 1498 2988 1559 agerent,
3035 1501 3092 1546 et
3151 1493 3294 1546 ultra
3347 1495 3532 1555 etiam.

253 1599 444 1644 tantus
476 1588 714 1643 libidinis
744 1586 908 1640 ardor
931 1583 1148 1648 invasit,
1175 1592 1250 1648 ut,
1275 1582 1416 1652 quod
1447 1597 1724 1652 nunquam
1755 1596 1850 1636 ca—
1883 1573 1926 1632 Β
1956 1577 2096 1646 quod
2133 1576 2414 1646 przefixum
2475 1586 2616 1644 erat,
2669 1581 2801 1634 satis
2847 1595 3116 1652 superque
3147 1583 3357 1652 peculio
3385 1585 3540 1640 bona:

251 1689 416 1734 lenus
439 1679 666 1736 fecerat,
701 1675 842 1730 nulla
875 1690 932 1730 se
999 1674 1206 1728 ratione
1241 1672 1640 1742 comprimeret,
1680 1671 1850 1724 donec

252 1769 618 1823 immunditite
661 1765 862 1820 ﬂuxum
913 1779 1098 1820 semen
1153 1765 1254 1818 sibi
1309 1763 1541 1834 propriis
1601 1762 1849 1816 manibus

251 1858 522 1926 ejeeisset.
553 1857 650 1910 Hic
694 1859 874 1926 itaque
899 1871 1114 1910 servum
1161 1871 1318 1908 suum
1345 1853 1538 1908 nterito
1567 1861 1848 1907 contmna-

251 1967 378 2007 cem
435 1951 628 2010 sensit,
690 1950 836 2020 quia,
883 1949 1040 2018 juxta
1093 1947 1192 2002 viri
1255 1946 1514 2016 sapientis
1555 1943 1848 2014 eloquium,

253 2042 492 2098 molliter
513 2041 776 2096 enutrivit
834 2037 1016 2110 (Prov.
1045 2038 1216 2110 χχιχ),
1247 2037 1311 2092 de
1341 2051 1447 2105 quo
1466 2033 1590 2104 jure
1625 2034 1728 2088 dici
1755 2049 1850 2102 po-

255 2145 384 2198 test,
415 2135 538 2204 quia
580 2143 704 2204 post
743 2131 1063 2196 buccellam,
1097 2129 1340 2184 introivit
1389 2130 1440 2182 itt
1467 2145 1588 2184 ettttt
1621 2127 1852 2182 Satanas

255 2228 444 2298 (Joan.
503 2225 646 2296 xm).
681 2223 943 2278 Nimirum
1000 2231 1190 2276 venter
1223 2230 1278 2276 et
1337 2219 1590 2290 genitalia
1620 2218 1850 2272 invicem

253 2320 362 2374 sibi
394 2319 565 2372 vicina
601 2325 764 2380 sunt;
789 2324 844 2368 et
877 2329 998 2368 cum
1027 2312 1204 2366 hocin
1234 2320 1358 2366 cute
1389 2309 1688 2370 reﬁciatur,
1720 2307 1848 2362 illud

255 2411 324 2464 ad
354 2408 714 2464 contumeiias
759 2405 1046 2460 excitatur.
1105 2402 1440 2470 Quapropter
1481 2400 1854 2468 cxstinguatur

255 2499 507 2560 avaritia,
566 2508 626 2550 ut
679 2496 836 2550 liberi
867 2495 1036 2548 simus
1079 2508 1110 2544 a
1157 2490 1506 2546 Stccularibus
1567 2499 1620 2542 et
1661 2490 1850 2558 quieti.

253 2588 409 2642 Gula:
439 2588 768 2658 reprimatur
799 2584 1061 2646 edacitas,
1093 2590 1154 2634 ut
1183 2581 1407 2634 sincera:
1435 2578 1709 2634 valeamus
1733 2593 1854 2634 esse

257 2680 528 2734 castitatis
579 2677 812 2731 victores
862 2671 1162 2742 cormpicui.
1218 2670 1400 2726 Otiosa
1442 2686 1508 2725 ex
1549 2685 1642 2724 ore
1669 2681 1855 2725 nostro

255 2770 424 2822 verba
459 2753 564 2822 non
606 2763 898 2836 proﬂuant,
932 2765 1026 2816 sed
1057 2759 1345 2831 superﬂuis
1387 2759 1636 2814 omnibus
1684 2761 1852 2830 rigida

255 2859 426 2912 divini
467 2857 696 2912 terroris
727 2871 824 2909 nos
852 2867 1066 2922 semper
1111 2866 1342 2905 censura
1384 2860 1713 2919 compescat.
1746 2850 1854 2904 Pu-

1953 1668 2246 1723 voluutatis
2295 1679 2542 1740 agerent,
2597 1671 2812 1740 quidam
2859 1675 3001 1730 inter
3051 1689 3146 1730 eos
3189 1677 3416 1742 exstitit,
3444 1679 3538 1749 qui

1953 1759 2090 1813 clam
2131 1760 2184 1814 in
2217 1761 2428 1816 edendo
2471 1762 2711 1831 regulam
2759 1763 2998 1818 violavit.
3053 1764 3182 1820 Erat
3229 1777 3408 1822 autem
3449 1769 3539 1822 ille

1913 1882 1928 1894 .
1955 1847 2124 1904 frater
2145 1849 2331 1904 multis
2359 1851 2746 1906 exercitiorum
2773 1854 2980 1908 artibus
3007 1855 3236 1925 pollens,
3263 1859 3538 1912 scribendi

1955 1939 2204 1994 videlicet
2235 1949 2290 1994 et
2319 1942 2561 2006 notandi,
2585 1944 2859 2007 tornandi,
2892 1945 3110 2014 insuper
3135 1956 3190 2000 et
3211 1945 3536 2014 fabricandi,

1956 2037 2015 2082 Ill
2051 2029 2154 2083 hoc
2187 2029 2259 2082 illi
2284 2029 2679 2098 quodammodo
2711 2047 3009 2104 congruere
3042 2035 3313 2090 videretur
3343 2055 3358 2092 :

1999 2171 2194 2233 Augur,
2222 2171 2594 2236 Sclaenobates,
2621 2175 2842 2224 medicus
2865 2189 3055 2241 magus,
3082 2180 3238 2227 omnia
3261 2181 3412 2230 ﬂuvii.

1956 2315 2118 2376 atque
2163 2316 2220 2360 ut
2271 2307 2468 2361 talibus
2518 2308 2748 2370 assolet,
2819 2310 3108 2364 multarum
3155 2313 3540 2366 necessitatum

1956 2397 2174 2452 suﬂ'ulto
2224 2398 2436 2466 peritia,
2491 2401 2632 2469 quod
2680 2401 2904 2462 libebat,
2957 2402 3275 2472 plerumque
3324 2405 3538 2475 impune

1953 2489 2170 2558 licebat.
2197 2490 2332 2544 Cum
2359 2489 2470 2558 jam
2501 2491 2771 2546 mediante
2800 2494 3242 2563 Quadragesima,
3269 2496 3358 2549 ille
3384 2511 3540 2565 vege-

1959 2591 2064 2647 tus,
2102 2581 2316 2644 obesus,
2355 2581 2534 2638 alacer
2581 2593 2742 2652 atque
2779 2585 3031 2640 robustus
3065 2601 3161 2656 per
3189 2588 3372 2642 omnia
3393 2589 3541 2642 vide-

1959 2683 2126 2740 retur,
2174 2681 2394 2742 repente
2447 2673 2520 2726 illi
2575 2673 2708 2728 levis
2753 2689 2818 2728 ac
2873 2686 3168 2746 temperata
3231 2679 3539 2748 gravedinis

1957 2765 2202 2820 molestia
2253 2765 2604 2834 supervenit;
2639 2775 2694 2820 at
2743 2781 2862 2831 cum
2918 2783 3018 2838 ego
3063 2769 3134 2822 .ad
3178 2769 3322 2823 illum
3351 2773 3538 2839 gratia

1960 2858 2285 2914 \isitatiouis
2314 2860 2650 2924 accederem,
2683 2859 2830 2914 illico
2865 2863 3012 2916 venit
3041 2862 3092 2914 in
3125 2871 3358 2916 utentem
3393 2872 3448 2914 ut
3489 2864 3538 2916 r—i

255 2955 386 3008 deat
415 2952 599 3022 itaque
648 2951 710 3006 εἰη
756 2949 998 3004 intestini
1051 2946 1209 3016 hujus
1257 2945 1381 2999 belli
1431 2961 1722 3016 congressu
1771 2947 1854 3000 in—
1881 2930 1924 2992 Ο
1957 2952 2190 3006 dicerem
2234 2955 2378 3022 quod
2423 2967 2508 3006 nte
2540 2952 2755 3006 audisse
2791 2952 3108 3021 contigerat,
3143 2952 3290 3008 illum
3321 2953 3538 3021 quidem

255 3043 579 3112 gritentibus
612 3037 942 3094 adversariis
981 3035 1275 3090 enormiter
1310 3035 1527 3100 cedere,
1553 3035 1645 3090 sed
1675 3035 1852 3104 potius

253 3137 530 3186 en'tamur
561 3130 770 3186 auctori
811 3127 1052 3182 omnium
1087 3125 1389 3195 triumphos
1419 3137 1474 3180 et
1499 3127 1683 3195 gloria:
1713 3127 1847 3180 insi-

255 3229 382 3298 gnia
417 3236 718 3297 reportare.

330 3319 600 3373 Praeterea
623 3313 766 3388 quod
784 3315 1052 3384 quazdam,
1076 3315 1218 3368 sicut
1241 3315 1491 3386 superius
1518 3313 1719 3366 dictttnt
1747 3319 1848 3376 est,

256 3425 288 3464 a
315 3411 474 3466 nobis
507 3411 649 3464 inter
677 3422 773 3462 vos
799 3406 1120 3477 regulariter
1147 3407 1467 3470 constituta,
1498 3419 1642 3459 nunc
1668 3413 1850 3456 autem

256 3503 522 3560 oblivioni
584 3502 786 3556 tradita
841 3515 906 3554 ac
961 3500 1298 3571 negligenter
1353 3499 1590 3560 omissa,
1642 3505 1696 3550 et
1755 3511 1854 3549 nos

259 3613 470 3652 laceror
517 3609 620 3651 non
669 3595 806 3649 levis
863 3600 1172 3662 exasperat,
1224 3601 1278 3646 et
1317 3606 1430 3646 ~vos
1484 3589 1709 3644 oﬂ‘ensio
1747 3606 1852 3642 non

257 3691 414 3762 parvi
469 3697 650 3745 reatus
705 3694 942 3741 accusat.
996 3683 1152 3751 Quod
1200 3684 1386 3749 enim,
1427 3697 1513 3737 me
1568 3681 1856 3735 ordinante

259 3779 432 3836 semel
459 3777 674 3832 admitti
703 3776 928 3846 placuit,
961 3776 1060 3830 nisi
1093 3789 1178 3829 me
1203 3775 1475 3844 przcbente
1503 3787 1853 3835 consensum,

262 3885 540 3941 nunquam
559 3868 748 3924 debuit
769 3867 982 3920 violari.
1009 3865 1284 3936 Quidquid
1310 3865 1452 3918 enim
1479 3863 1689 3934 publica
1717 3864 1856 3916 inter

262 3961 462 4016 multos
491 3973 721 4014 censura
751 3957 959 4020 statuit,
997 3965 1093 4010 aut
1137 3971 1168 4010 a
1211 3954 1448 4008 cunctis.
1477 3954 1698 4008 omnino
1741 3967 1854 4008 ser-

259 4051 522 4113 vandum,
559 4057 655 4103 aut
707 4049 752 4102 si
795 4047 980 4100 violari
1033 4045 1340 4108 conveniat,
1387 4045 1662 4100 communi
1696 4043 1856 4099 debet

255 4141 464 4210 iudicio
498 4137 818 4201 retractari,
852 4137 1088 4206 alioquin
1123 4139 1167 4190 si
1200 4138 1266 4190 ad
1299 4151 1544 4206 persona:
1571 4133 1854 4204 cujuslibet

262 4233 552 4288 arbitrium
593 4229 880 4301 frangitur,
917 4243 972 4282 ut
1003 4231 1176 4299 gravi,
1223 4229 1438 4300 dignum
1472 4238 1576 4292 est,
1609 4228 1852 4282 animad-

263 4325 524 4379 versione
576 4321 866 4391 plectatur.
927 4319 1111 4373 Achan
1169 4334 1362 4390 nempe
1419 4319 1558 4372 filius
1598 4318 1848 4384 Charini,

263 4416 388 4484 quia
439 4424 631 4468 contra
669 4423 956 4465 commune
1003 4409 1336 4472 mandatum,
1386 4425 1578 4462 manus
1623 4409 1690 4463 ab
1721 4424 1852 4461 ana-

265 4507 506 4560 themate
540 4499 759 4557 Iericho
793 4515 896 4554 non
939 4499 1200 4561 cohibuit,
1242 4507 1357 4564 post
1385 4498 1566 4566 jactus
1597 4499 1852 4568 lapidum,

262 4596 428 4649 etiam
454 4589 940 4662 conflagrationem
975 4589 1182 4658 ignium
1225 4605 1328 4643 non
1369 4589 1540 4644 evasit
1569 4588 1707 4659 (los.
1738 4591 1854 4658 vtt),
1907 4597 1910 4600 '

264 4699 322 4742 ut
349 4688 440 4756 qui
475 4685 688 4738 facibus
711 4681 1065 4736 incauduerat
1088 4681 1351 4746 avaritiae,
1375 4679 1619 4734 ﬂammas
1641 4695 1853 4749 quoque

261 4783 480 4852 propria
534 4793 701 4834 carne
757 4778 1073 4846 depasceret
1129 4773 1184 4826 in
1228 4771 1692 4826 animadversione
1735 4770 1852 4824 tin-

263 4872 444 4926 dictze.
491 4867 758 4923 Jm.atltas
807 4875 992 4920 autem
1041 4861 1232 4917 mortis
1271 4859 1595 4916 sententiant
1637 4860 1852 4922 meruit,

261 4962 390 5032 quia
421 4961 704 5015 decretum
738 4959 787 5012 iu
820 4969 1108 5012 commune
1145 4954 1432 5022 prolatum,
1476 4953 1667 5008 edendi
1718 4965 1854 5007 tem-

259 5068 364 5124 pus
390 5047 740 5117 aulicipatulo
782 5043 1014 5099 mutavit
1044 5041 1094 5112 (I
1123 5041 1246 5112 Reg.
1275 5043 1408 5112 tm).
1439 5037 1614 5098 Homo
1642 5055 1856 5114 quoque

259 5147 353 5200 ille
381 5139 553 5213 234
582 5139 670 5208 qui
702 5155 795 5208 per
826 5138 1102 5191 desertum
1133 5131 1474 5204 praesumpsit
1512 5133 1565 5186 in
1600 5137 1684 5190 die
1715 5133 1851 5189 διώ-

259 5237 374 5291 bati
411 5235 558 5304 ligna
591 5229 863 5302 colligere,
911 5226 1036 5296 quia
1088 5227 1233 5282 solus
1281 5221 1520 5282 excessit
1567 5239 1855 5282 commune

1700 5321 1742 5344 ..12
1755 5336 1816 5344 ...ι
1829 5335 1850 5344 .-

659 5325 732 5344 _._9
760 5325 896 5344 ηιμ-..
932 5321 1148 5344 λιι-ηε..-
1219 5320 1358 5344 ....I.-..
1405 5322 1661 5344 ηνηη.-.12.

1955 3058 2054 3113 pro
2076 3042 2396 3113 quibusdam
2418 3041 2804 3098 oﬂensionibus
2831 3058 2936 3098 non
2961 3044 3158 3100 debere
3179 3047 3542 3099 sacrosanctis

1955 3133 2219 3190 altaribus
2267 3135 2577 3196 ministrare.
2613 3153 2624 3188 :
2665 3151 2788 3190 emn
2843 3145 3020 3190 tamen
3067 3151 3392 3206 eanperare
3433 3137 3542 3192 for-

1955 3225 2166 3280 midans
2203 3245 2214 3279 :
2247 3227 2366 3290 Diu,
2401 3226 2591 3286 fateor.
2629 3228 2780 3291 Iussi,
2819 3229 3020 3282 diutius
3056 3228 3367 3282 deliberavi.
3401 3229 3540 3295 Quid

1953 3319 2147 3390 plura?
2177 3320 2418 3374 Tandem
2449 3320 2712 3374 obduravi
2757 3321 3009 3384 frontem,
3051 3321 3324 3376 arbitrans
3355 3337 3418 3376 ac
3451 3323 3544 3376 de-

1957 3411 2152 3466 finiens
2199 3411 2366 3465 tutius
2393 3426 2511 3466 esse
2541 3411 2812 3466 hominem
2843 3427 3003 3480 quam
3040 3411 3132 3466 Dei
3159 3412 3544 3481 omnipotentis

1955 3502 2232 3558 oifendere
2262 3502 2622 3571 majestatem.
2643 3503 2748 3557 Aio
2771 3517 2900 3573 ergo
2926 3503 2992 3556 ad
3017 3519 3134 3555 tum
3170 3520 3185 3556 :
3213 3501 3562 3580 Charissime

1959 3591 2124 3646 frater
2149 3591 2354 3654 Maure,
2381 3593 2483 3646 hoc
2507 3593 2650 3648 enim
2675 3593 2892 3647 neruine
2914 3593 3228 3655 vocabatur,
3257 3591 3541 3654 confitere,

1957 3684 2332 3754 ptenitentiam
2362 3700 2482 3754 age,
2507 3694 2562 3738 et
2583 3685 2626 3738 si
2668 3684 2794 3753 quid
2823 3692 2906 3738 est
2942 3685 2996 3738 in
3038 3693 3089 3738 te
3125 3685 3266 3754 quod
3297 3683 3544 3740 fortassis

1957 3792 1986 3829 a
2043 3777 2316 3832 tremenda
2367 3777 2654 3830 missarum
2706 3785 2760 3832 te
2806 3776 3172 3833 celebratione
3220 3777 3542 3846 prohibeat,

1959 3849 2283 3922 venerabilis
2307 3875 2394 3920 tua
2417 3865 2734 3922 fraternitas
2757 3868 2927 3922 sacris
2953 3868 3354 3936 obtemperare,
3379 3882 3543 3924 cano-

1957 3956 2116 4010 nibus
2153 3971 2258 4010 non
2307 3965 2637 4010 contemnat.
2679 3956 2762 4011 Ad
2803 3957 2944 4026 quod
2995 3957 3084 4012 ille
3114 3975 3128 4011 :
3161 3956 3386 4012 Peccata
3424 3973 3544 4011 mea

1957 4047 2138 4102 omnia
2177 4047 2590 4118 quampluritnis
2617 4047 2990 4117 spiritualibus
3017 4049 3150 4104 viris
3189 4048 3416 4113 innotui,
3449 4050 3544 4102 sed

1960 4138 2290 4198 mandatum,
2334 4147 2388 4190 ut
2429 4154 2456 4190 a
2499 4137 2840 4194 sacriﬁcandi
2873 4139 3174 4192 ministerio
3208 4139 3540 4200 recederem,

1957 4243 2060 4282 non
2107 4228 2309 4298 accepi.
2364 4229 2612 4283 Secunda
2659 4237 2840 4285 autem
2887 4230 3258 4300 :egretationis
3303 4230 3406 4294 dic,
3454 4230 3540 4282 viv

1955 4319 2231 4376 diesceute
2284 4321 2634 4390 crepusculo,
2683 4337 2810 4376 ecce
2869 4322 2958 4374 ille
3011 4337 3118 4376 non
3171 4321 3390 4390 jacens,
3449 4324 3542 4374 sed

1955 4409 2146 4464 sedens
2203 4411 2254 4464 in
2311 4411 2508 4464 lectulo
2549 4421 2949 4464 sacramentum
2997 4411 3263 4466 Dominici
3301 4411 3545 4480 corporis

1955 4501 2113 4554 anxie
2163 4499 2460 4569 ﬂagitabat.
2508 4499 2752 4570 Cumque
2801 4501 2968 4555 abbas
3013 4503 3326 4564 nobiseum,
3381 4503 3542 4556 simul

1957 4608 2019 4664 ac
2073 4591 2296 4662 reliquis
2346 4591 2606 4645 fratribus
2663 4591 2802 4646 lecto
2852 4591 3199 4646 discumbens
3240 4591 3542 4652 assisteret,

1959 4685 2124 4753 Cthil.
2178 4699 2300 4739 eum
2352 4683 2632 4752 corripere
2686 4699 2783 4738 cur
2834 4681 3088 4736 videlicet
3132 4684 3198 4746 is.
3248 4682 3340 4752 qui
3402 4681 3546 4736 nulla

1962 4774 2153 4826 mort's
2176 4773 2326 4842 signa
2356 4771 2740 4842 prauenderet,
2767 4779 3050 4838 tantopere
3081 4772 3336 4846 viaticum
3364 4777 3547 4840 postn-

1963 4861 2116 4916 laret.
2159 4863 2250 4916 llle
2300 4877 2432 4915 Vero
2485 4859 2838 4918 nihilominus
2889 4859 2942 4911 in
2991 4873 3096 4916 sua
3136 4862 3554 4934 petitioneper-

1959 4952 2188 5016 sistens,
2239 4953 2521 5008 sacerdote
2555 4948 2673 5016 jam
2737 4967 2860 5007 cum
2915 4949 3188 5012 ministris
3233 4953 3554 5010 accedente,

1960 5042 2235 5111 applicans
2271 5043 2372 5096 sibi
2411 5055 2576 5094 unum
2609 5057 2682 5098 ex
2725 5041 2984 5098 fratribus
3013 5048 3204 5104 nescio
3229 5044 3370 5115 quod
3397 5053 3559 5110 grave

1960 5144 2242 5202 peceatum
2274 5133 2538 5186 conﬁtens
2567 5129 2936 5190 insusurravit
2962 5132 3017 5186 in
3049 5151 3260 5193 aurem.
3291 5125 3560 5190 Continuo

1960 5223 2048 5278 ille
2081 5223 2374 5286 attonitus.
2402 5232 2464 5278 ut
2501 5227 2850 5290 postmodum
2881 5223 3016 5277 mihi
3049 5229 3255 5290 retulit,
3277 5232 3331 5280 et
3355 5227 3562 5276 certum

3382 5305 3562 5344 cnhiln

1959 5315 2257 5344 nmn:.nnl‘:
2313 5315 2576 5344 ΛηΙΛ-ιὶιιηὶ
2641 5333 2800 5344 -..ιιι-ιη
2854 5315 3166 5344 Ιὶηηιηηηριιι
3219 5328 3324 5344 ..ιω
