3950 5344
448 266 559 324 κί’

929 259 951 275 ⁰
986 270 1043 325 S.
1086 271 1285 327 PETRI
1311 271 1592 329 DAMIANI
1621 272 1770 330 Oi’l’.
1796 274 1974 331 PARS
2020 275 2149 331 SEU
2190 274 2424 332 TOMUS
2464 277 2501 331 l.
2544 306 2610 316 -—
2649 274 2875 332 EPIST.
2910 273 3043 329 LIB.
3078 263 3208 328 Vill.

3603 259 3759 324 331'

452 392 633 438 autem
672 391 729 436 ut
765 378 1166 459 sacrosanctum
1206 387 1523 456 mysterium
1556 388 1622 443 de
1655 404 1816 442 manu
1846 405 2000 443 sacer
2057 398 2099 453 Α
2136 392 2282 457 liam,
2317 391 2514 448 fratres
2537 390 2610 446 illi
2643 392 2755 446 haec
2779 406 2899 462 qua:
2927 390 3167 445 dixeram
3199 404 3305 444 non
3328 386 3509 443 dubiis
3529 396 3736 441 erum-

451 476 597 529 do‘tis
633 476 859 544 accepit,
892 476 1016 542 lien,
1048 461 1181 546 proh
1223 479 1403 533 dolor!
1442 481 1698 535 horresco
1740 482 2056 548 referrcns,

445 581 575 622 mm
594 566 733 623 felle
762 569 923 623 simul
951 579 1007 625 et
1034 571 1268 626 animant
1293 573 1585 637 exhalavit,
1619 577 1760 645 quod
1788 576 2036 632 videlicet

444 658 524 713 ‘fel
556 661 843 728 usquead
892 661 1221 732 sepulturam
1259 680 1321 718 ex
1377 680 1472 719 ore
1510 665 1626 733 ejus
1672 666 1889 724 cllluere
1927 685 2031 723 non

449 748 731 803 cessavit:
765 749 907 804 adeo
950 761 1009 805 ut
1051 753 1224 807 donec
1268 754 1319 811 in
1371 738 1800 828 feretrocorpus
1830 759 2036 830 iaceret

450 840 730 897 exanime.
770 840 971 912 iugiter
1018 846 1197 899 sanies
1246 846 1357 913 ilia,
1384 849 1753 916 pavimentum
1793 851 2037 909 ecclesiae

454 931 667 1002 longius
729 933 1001 1002 irrigaret.
1063 924 1417 1001 lioc'atuem
1474 940 1650 1010 juxta
1699 941 1856 997 fidem
1915 944 2033 1008 rei‘,

444 1026 657 1091 idcirco
711 1026 917 1084 referre
968 1032 1300 1097 curavimus,
1347 1035 1704 1099 uttaudiant,
1758 1048 1812 1093 et
1869 1040 2035 1110 perti-

452 1128 701 1174 mescam
736 1135 840 1176 non
869 1122 1045 1177 solum
1072 1123 1107 1178 ii
1140 1124 1231 1194 qui
1267 1124 1525 1180 indictum
1554 1127 1850 1199 disciplina:
1879 1144 2036 1200 regu-

452 1210 558 1265 iam
610 1228 707 1282 per
748 1214 980 1285 propriae
1027 1215 1319 1286 voluptatis
1375 1216 1465 1290 [f.,
1500 1218 1817 1293 voluntatis]
1863 1223 2036 1294 impa-

452 1301 699 1357 tientiam
748 1301 1023 1375 frangunt,
1076 1306 1168 1362 sed
1203 1316 1258 1363 et
1302 1308 1377 1363 illi
1424 1322 1640 1380 quoque
1682 1313 1773 1382 qui
1827 1314 2033 1369 crimen

454 1391 752 1446 admissum
780 1394 881 1449 sub
904 1395 1247 1452 conscientia:
1269 1410 1381 1452 suae
1407 1398 1663 1457 uberibus
1684 1401 2035 1459 confoventcs

454 1484 700 1540 confiteri
744 1486 823 1540 ad
860 1487 1067 1545 obitum
1109 1489 1509 1559 praestolamur,
1557 1495 1684 1561 quia
1727 1492 1795 1550 et'
1830 1488 1918 1551 isti
1960 1497 2036 1552 rei

456 1585 584 1651 sunt
614 1577 706 1647 qui
748 1580 1015 1635 servanda
1048 1591 1400 1653 postponam,
1429 1594 1483 1640 et
1512 1585 1590 1640 illi
1619 1587 1859 1643 debitum
1913 1574 2038 1660 per-

467 1666 1089 1735 agendm‘pmiitenum,
1143 1672 1285 1741 quod
1314 1671 1405 1727 lric
1434 1690 1539 1728 non
1582 1676 1834 1742 reddunt,
1877 1687 2037 1733 aucto

2136 479 2387 549 pentibus
2412 480 2599 551 signis,
2631 494 2757 533 vera
2788 478 3079 548 probantes
3102 477 3153 532 i'n
3183 484 3335 531 arcto
3358 474 3473 538 siti,
3498 473 3738 527 tandem

2136 571 2202 626 ad
2230 587 2326 626 cor
2360 572 2590 627 redeunt
2614 565 2783 643 336
2806 569 3113 639 pavimento
3153 583 3212 623 se
3257 566 3540 622 humiliter
3575 575 3746 620 ster-

2138 670 2271 715 nunt
2298 676 2362 715 ac
2384 668 2631 730 percepta
2660 658 2997 729 poenitentia,
3024 670 3296 727 nunquam
3326 670 3384 710 se
3418 654 3489 710 de
3517 661 3739 709 caetero

2137 750 2498 821 neglecturus,
2534 751 2717 807 solita
2748 748 3029 820 genitricis
3068 748 3162 804 Dei
3211 747 3483 819 pratconia
3518 746 3737 800 unani-

2139 842 2687 915 miter'pollicentur.
2739 842 2864 898 Mox
2909 842 3112 912 itaque,
3156 834 3223 895 ut"
3253 840 3447 905 fatear,
3489 839 3565 893 ita
3596 845 3737 908 post

2137 946 2393 991 coruscus
2424 943 2585 1006 atque
2609 936 2873 999 tonitrua,
2907 941 3053 999 tanta
3090 931 3211 987 caeli
3233 925 3513 987 'seren'itas
3537 928 3735 996 rediit,

2139 1036 2197 1084 ut
2239 1042 2306 1082 ex
2339 1035 2467 1080 tunc
2505 1041 2675 1096 usque
2721 1025 2881 1081 hodie
2921 1020 3117 1079 fratres
3143 1021 3396 1091 jucunda:
3431 1021 3584 1091 pacis
3610 1018 3741 1075 otio

2136 1120 2509 1195 perfruantur,
2542 1136 2606 1174 ac
2649 1121 2714 1175 de
2746 1117 2968 1191 Scyllaea
3010 1117 3265 1188 voragine
3302 1130 3362 1172 se
3405 1108 3617 1171 delatos
3658 1114 3739 1169 ad

2137 1222 2376 1284 portum,
2406 1211 2739 1281 gubernante
2766 1206 2904 1265 Filio
2934 1204 3191 1280 Virginis,
3218 1207 3585 1279 gratulentur.
3618 1199 3741 1260 lui;

2137 1305 2484 1374 pletumergo
2501 1300 2741 1370 estquod
2760 1315 2861 1371 per
2876 1298 3193 1370 proiibetam
3217 1299 3414 1354 dicitur
3438 1314 3456 1352 :
3479 1317 3498 1350 ι
3521 1296 3738 1354 Βενθνὲ

2134 1393 2313 1449 tiinini
2346 1394 2412 1448 ad
2438 1407 2550 1457 me,
2576 1400 2630 1447 et
2656 1406 2756 1463 ego
2787 1401 3031 1447 revertar
3064 1391 3130 1445 ad
3159 1405 3273 1456 vos,
3305 1391 3438 1445 dicit
3459 1389 3737 1445 Dominus

2138 1483 2295 1558 (Mal.
2327 1485 2464 1555 μὴ.»
2491 1482 2592 1551 Qui
2616 1498 2745 1555 ergo
2775 1480 2931 1537 facile
2955 1477 3230 1536 seniorum
3261 1490 3482 1536 suorum
3514 1485 3730 1536 statuta

2139 1575 2466 1639 convellunt,
2514 1576 2617 1630 ista
2666 1574 3030 1639 considerent,
3086 1582 3141 1628 et
3186 1586 3255 1628 ne
3307 1573 3475 1628 divini
3522 1572 3738 1628 furoris

2140 1683 2305 1737 super
2324 1682 2418 1722 eos
2442 1666 2652 1737 gladius
2678 1664 2883 1729 veniat,
2912 1679 3020 1719 non
3050 1664 3168 1719 sine
3203 1678 3367 1719 causa
3402 1662 3733 1719 formident.

457 1755 645 1824 procul
675 1754 837 1813 dubio
872 1757 1078 1815 fauore
1106 1760 1158 1814 in
1183 1760 1349 1816 altera
1367 1763 1554 1820 durius
1573 1765 1680 1820 vita
1703 1768 2032 1837 persolvunt.
2062 1755 2112 1814 Β
2208 1760 2423 1816 Parcite
2449 1760 2531 1815 ori
2562 1774 2700 1827 meo,
2729 1758 3065 1815 dilectissimi
3090 1752 3307 1824 fratres,
3331 1767 3386 1813 et
3409 1759 3454 1814 si
3474 1757 3738 1813 fortassis

529 1845 716 1901 Dicam
740 1856 800 1902 et
825 1847 991 1916 aliud,
1014 1850 1155 1921 quod
1185 1852 1237 1906 in
1263 1852 1487 1922 prmfato
1511 1855 1739 1926 contigit
1763 1868 2037 1915 monaste-

456 1938 564 1993 rio.
600 1938 873 1994 Statutum
918 1951 1040 1997 erat
1087 1951 1248 2014 atque
1290 1945 1402 2016 iam
1452 1961 1549 2018 per
1590 1949 1881 2005 triennium
1927 1950 2039 2007 fere

454 2040 756 2096 servatum,
788 2041 993 2088 utzeum
1030 2035 1178 2088 boris
1204 2037 1480 2092 canonicis
1509 2040 1749 2107 quotidie
1773 2040 1831 2094 Β.
1858 2040 2040 2097 Maria:

452 2135 672 2191 semper
698 2124 920 2190 virginis
947 2122 1119 2180 cilicia
1153 2126 1481 2182 dicerentur.
1514 2129 1647 2184 Erat
1680 2140 1859 2186 autem
1896 2132 2040 2189 inter

450 2227 551 2267 eos
580 2211 728 2267 (Ιοῑο
777 2213 961 2267 habitu
999 2215 1317 2280 monachus,
1363 2218 1606 2285 reproba:
1636 2219 2036 2289 quidemvitze“,

456 2305 553 2359 sed
578 2305 780 2359 dicacis
814 2314 868 2360 et
916 2316 1184 2362 accurata:
1224 2306 1501 2369 facundire.
1554 2308 1654 2364 Hic
1696 2312 1864 2381 carpit
1907 2328 2038 2371 con.

457 2394 612 2469 queri
642 2395 774 2450 satis
800 2411 1122 2466 semperque
1152 2398 1398 2453 sullicere
1427 2400 1569 2470 quod
1604 2410 1822 2457 sanctus
1848 2404 2040 2472 praeei-

458 2485 542 2554 pit
565 2484 913 2551 Benedictus,
948 2502 1054 2543 nec
1090 2503 1242 2543 novre
1277 2489 1677 2547 adinventionis
1708 2493 1915 2561 pondus
1946 2486 2041 2548 de-

459 2580 591 2635 bere
643 2581 971 2651 superponi,
1022 2594 1123 2637 nec
1185 2597 1282 2636 nos
1329 2596 1449 2636 esse
1501 2583 1738 2652 antiquis
1786 2571 2040 2641 Patribus

454 2670 781 2737 sanctiores,
801 2671 893 2741 qui
924 2671 1172 2727 videlicet
1206 2673 1321 2727 lucc
1358 2674 1738 2742 superstitiosa
1769 2691 1834 2731 ac
1856 2691 2047 2746 super-

461 2775 630 2816 vacua
651 2761 978 2832 iudicantes,
1003 2763 1259 2832 psallendi
1292 2763 1465 2819 nobis
1494 2776 1691 2820 metam
1721 2782 2046 2838 omnemque

458 2852 677 2908 vivendi
708 2853 945 2926 regulam
975 2854 1355 2924 prmﬁaerunt;
1398 2855 1501 2910 hac
1533 2871 1663 2911 sane
1704 2858 1899 2913 debere
1945 2871 2045 2914 nos

449 2952 1003 3007 esse~conteutos,.ne
1044 2946 1112 2999 ab
1150 2945 1239 2999 illa
1270 2946 1540 3002 incautius
1564 2947 1917 3009 declinantes,
1951 2965 2047 3019 per

458 3032 741 3089 anfractus
788 3044 844 3088 et
891 3035 1034 3088 invia
1083 3036 1345 3090 ducamur
1391 3037 1624 3092 erronei.
1669 3039 1808 3106 Quid
1851 3040 2046 3110 plura?

460 3126 669 3180 Contra
700 3126 938 3195 reginam
969 3127 1151 3181 mundi
1179 3128 1410 3197 praeliari
1434 3129 1584 3185 visus
1609 3136 1691 3185 est
1710 3141 1765 3185 et
1790 3131 2043 3188 confecit.
2073 3112 2120 3176 CI

462 3215 544 3268 Ad
580 3215 684 3270 hoc
712 3214 967 3269 nimirum
1017 3216 1211 3272 fratres
1242 3228 1457 3273 versuta
1496 3220 1892 3277 machinatione
1936 3225 2072 3293 [ιρι-ην

456 3305 616 3371 lexit,
641 3317 700 3361 ut
724 3305 915 3365 solitas
941 3306 1000 3361 Β.
1037 3308 1221 3363 ﬂoris:
1260 3309 1447 3384 laudes
1492 3312 1716 3368 ulterius
1756 3330 1859 3369 non
1890 3313 2048 3370 oll’er-

464 3404 606 3452 rent.
637 3395 765 3462 Sed,
795 3412 830 3452 ο
863 3390 1103 3453 divinum
1143 3397 1406 3467 judicium
1457 3416 1488 3455 a
1530 3414 1728 3458 nostra:
1764 3407 2069 3474 pravitatis~

461 3489 661 3544 intuitu
685 3504 790 3544 non
809 3489 1138 3547 donnitans!
1168 3492 1289 3547 Mox
1314 3496 1458 3549 enim
1481 3497 1738 3553 adversus
1760 3500 2045 3569 priefatum

462 3583 857 3649 monasterium
895 3592 973 3639 tot
1002 3586 1388 3641 adversitatum
1432 3589 1741 3657 grandines,
1785 3600 1858 3646 tot
1888 3591 2042 3646 undi-

465 3687 575 3743 que
609 3672 873 3728 bellorum
916 3683 1079 3745 atque
1127 3675 1474 3732 conﬂictuum
1512 3674 1719 3734 exortae
1749 3691 1877 3739 sunt
1918 3690 2052 3738 tem-

444 3751 723 3834 'pestates,
762 3774 820 3821 ut
856 3766 989 3836 ipsis
1028 3768 1270 3836 quotidie
1306 3771 1586 3826 monachis
1614 3773 1854 3828 minaces
1888 3774 2051 3844 gladii

466 3855 617 3911 necis
655 3856 882 3911 exitium
924 3858 1277 3914 intentarent.
1310 3858 1470 3915 Fiunt
1506 3863 1742 3933 undique
1771 3864 2052 3936 depraeda-

469 3949 648 4003 tiones
686 3957 851 4019 atqiue
897 3951 1118 4019 rapinae,
1171 3951 1574 4024 coniiagrantur
1618 3972 1742 4012 cum
1783 3960 2054 4031 segetibus

471 4053 639 4103 area,
670 4038 965 4095 familiares
995 4057 1062 4095 ac
1092 4044 1235 4096 servi
1267 4046 1443 4100 sancti
1472 4047 1574 4102 loci
1606 4049 1899 4105 crudeliter
1937 4060 2052 4105 tru—

468 4129 745 4193 cidantur,
772 4139 832 4186 et
877 4146 980 4185 non
1021 4132 1134 4200 jam
1171 4135 1348 4203 imago
1379 4138 1592 4201 mortis,
1632 4140 1726 4193 sed
1758 4157 1905 4195 mors
1941 4141 2052 4211 ipsa

470 4233 768 4295 grassatur,
820 4224 965 4278 adeo
1004 4227 1335 4280 utitaidcret
1365 4226 1488 4295 jam
1524 4231 1817 4285 monachos
1849 4233 2055 4297 vivere;

471 4318 611 4371 dum
649 4331 987 4387 nequaquam
1045 4327 1262 4386 possent
1288 4318 1293 4324 ’
1319 4320 1370 4373 in
1412 4321 1693 4390 procinctu
1743 4325 2057 4380 certaminis

475 4407 907 4476 amicumquieti
943 4422 1055 4462 stne
1097 4407 1451 4478 professionis
1490 4408 1721 4466 ollicium
1759 4407 2054 4470 custodire.

472 4498 594 4555 Non
627 4500 807 4568 parvis
840 4501 1093 4570 expensis
1127 4500 1193 4554 ad
1220 4500 1525 4556 Tetttonum
1555 4512 1736 4572 partes
1766 4504 2060 4573 imperator

470 4592 765 4661 expetitur,
782 4592 1129 4661 pragmaticus
1142 4593 1456 4648 sanctiones
1472 4609 1592 4648 cum
1610 4582 1833 4666 singulis
1845 4592 2062 4671 [signis]

475 4685 848 4755 imperialibus
900 4685 1269 4747 advehuntur,
1319 4685 1411 4739 sed
1460 4682 1792 4742 tantumdem
1847 4699 1968 4743 est:
2005 4689 2059 4744 in

476 4778 730 4834 omnibus
771 4779 969 4849 quippe
1005 4779 1201 4833 Studiis
1237 4794 1343 4833 non
1391 4778 1620 4847 fructus,
1654 4781 1749 4834 sed
1787 4781 1939 4836 labor
1972 4798 2064 4835 su-

476 4878 801 4940 pervacuus.
831 4870 984 4927 Unde
1030 4886 1153 4925 cum
1203 4885 1304 4941 ego
1348 4871 1607 4940 petitione
1646 4868 1876 4928 fratrum
1921 4872 2062 4942 sanie

476 4960 749 5024 puissr‘er,
781 4970 1049 5024 quatenus
1070 4971 1350 5024 εεαηθειθι·
1375 4962 1714 5024 accederem.
1745 4971 1802 5017 οι
1828 4963 1870 5018 Si
1897 4966 2065 5023 βε)εεί-

2140 1852 2193 1907 ἰη
2222 1850 2401 1920 aliquo
2428 1849 2651 1906 limitem
2674 1848 2931 1905 modestae
2954 1846 3315 1919 correptionis
3341 1847 3577 1911 excessi,
3608 1846 3738 1902 zelo

2140 1942 2319 2011 potius
2363 1938 2587 1995 fraterni
2631 1939 2833 1995 amoris
2870 1938 3125 1994 ascribito
3170 1952 3333 2006 quam
3388 1938 3570 1992 livori.
3612 1937 3733 1992 hle-

2142 2042 2378 2088 mentote
2412 2032 2555 2102 quod
2594 2047 2690 2102 per
2720 2029 3064 2086 Salomonem
3094 2028 3293 2085 dicitur
3320 2048 3333 2083 :
3369 2048 3391 2080 1
3422 2028 3614 2084 Melior
3646 2030 3736 2083 est

2145 2123 2431 2179 manifesta
2459 2123 2755 2192 correptio,
2795 2122 2959 2192 quam
3001 2136 3159 2177 amor
3186 2121 3570 2186 absconditus;
3612 2133 3735 2175 me-

2142 2214 2275 2270 liora
2300 2223 2425 2269 sunt
2444 2215 2665 2269 vulnera
2692 2213 2963 2284 diligentis
2984 2227 3145 2282 quant
3174 2211 3515 2266 fraudulenta
3539 2210 3733 2266 oscula

2140 2306 2379 2360 odieutis
2401 2304 2583 2377 (Prov.
2615 2304 2821 2376 xxvn);
2854 2324 2871 2356 ι
2893 2315 2943 2359 et
2978 2306 3172 2359 iterum
3199 2321 3211 2357 :
3248 2303 3407 2358 «Viro
3434 2304 3527 2374 qui
3552 2303 3735 2357 corri-

2143 2399 2380 2468 pientem
2419 2397 2552 2453 dura
2594 2397 2808 2452 cervice
2836 2396 3154 2461 contemnit,
3195 2396 3513 2466 repentinus
3542 2410 3740 2466 super-

2147 2490 2326 2544 venia
2351 2487 2624 2552 interitus,
2655 2495 2706 2542 et
2737 2500 2860 2542 eum
2888 2486 3091 2541 sanitas
3124 2501 3228 2541 non
3254 2495 3515 2557 sequetur
3543 2484 3735 2557 (Prov.

2146 2581 2315 2651 XXIX).
2352 2598 2371 2632 ι
2401 2579 2720 2634 Animarum
2762 2578 3005 2632 medicus
3045 2578 3391 2648 omnipotens
3433 2577 3601 2644 Deus,
3653 2578 3737 2635 di-

2146 2672 2446 2738 lectissimi,
2494 2672 2598 2727 boc
2652 2670 2754 2724 mei
2799 2670 3063 2724 sermonis
3104 2669 3457 2741 absynthium
3492 2669 3651 2724 vobis
3680 2669 3734 2726 iu

2146 2764 2484 2821 dulcedinem
2510 2771 2708 2827 vertat,
2731 2771 2813 2816 cst
2834 2761 3093 2831 quidquid
3119 2762 3172 2814 in
3198 2761 3349 2817 vobis
3372 2769 3428 2817 et
3451 2760 3736 2833 frigidum,

2146 2856 2404 2925 quidquid
2456 2856 2748 2912 obscurant
2805 2853 3019 2908 ﬂamma
3066 2854 3148 2909 sui
3200 2853 3426 2924 spiritus
3469 2853 3739 2933 mirificus

2148 2944 2447 3000 illustratur
2478 2945 2760 3002 accendat.

2638 3055 2973 3113 EPISTOLA
3011 3052 3247 3112 XXXIII.

2243 3168 2321 3208 AD
2350 3163 2956 3231 EOSDEI‘GAIUQNENSIS
2993 3165 3312 3207 IONLSTEBII
3352 3165 3655 3209 EBEMIIAS.

2362 3244 2632 3317 (Habelur
2668 3254 2795 3299 tom.
2838 3240 2958 3309 III,
2989 3253 3164 3313 estque
3201 3260 3380 3314 opusc.
3411 3243 3481 3297 54
3511 3248 3530 3313 >

2632 3333 2969 3391 EPISTOLA
3010 3332 3250 3388 XXXIV.

2424 3445 2492 3484 AD
2530 3443 2798 3482 EREﬂlTAS
2828 3438 3287 3482 CONGREGATIONIS
3322 3442 3459 3482 SBE.

2152 3519 2548 3575 Apoculamus.
2578 3548 2649 3558 —
2680 3512 2962 3571 Universis
3011 3516 3256 3570 eremitis
3308 3532 3471 3570 suum
3520 3512 3742 3573 vivendi

2226 3590 2527 3643 iustituttun
2561 3587 2933 3657 sequentibus,
2960 3584 3260 3641 inferenda:
3286 3582 3592 3657 disciplina,-
3624 3600 3741 3638 mo-

2224 3661 2351 3714 dum
2379 3655 2683 3730 prazscribit
2704 3656 2844 3730 ultra
2856 3657 3129 3730 quemeis
3144 3657 3399 3730 progredi
3425 3655 3743 3730 mmiiceat;

2227 3725 2399 3807 quam:
2419 3730 2636 3798 quidem
2658 3725 3006 3807 disciplinam
3026 3728 3253 3807 posthac
3282 3725 3650 3807 voluntariam
3679 3725 3744 3779 ad

2226 3799 2559 3868 singulorum
2615 3799 2925 3863 arbitrium,
2974 3811 3107 3862 non,
3159 3805 3215 3850 ut
3263 3808 3445 3860 antea,
3497 3806 3744 3850 coactam

2226 3885 2350 3924 esse
2383 3870 2686 3923 constituit.

2227 3960 2444 4015 Sanctis
2490 3957 2748 4013 fratribus
2795 3957 2848 4012 in
2896 3972 3089 4012 eremo
3134 3954 3468 4021 constitui-is,
3527 3953 3740 4009 Pernc‘

2157 4062 2410 4124 peccator
2437 4051 2734 4105 monachus
2760 4049 3010 4103 salutem.

2227 4143 2283 4198 lu
2312 4143 2595 4198 conventu
2622 4140 2982 4209 spiritualium
3023 4139 3249 4194 fratrum
3292 4149 3420 4193 tunc
3459 4139 3746 4194 discretio-

2160 4236 2243 4290 nis
2294 4234 2428 4289 ordo
2478 4250 2776 4304 congruere
2826 4234 3051 4304 geritur,
3097 4232 3141 4287 si
3189 4232 3490 4286 moderatio
3518 4232 3750 4288 rectoris

2160 4324 2403 4378 imitetur
2426 4323 2757 4393 diligentiam
2788 4322 3005 4391 equitis.
3030 4322 3122 4377 llle
3147 4322 3413 4392 siquidem
3445 4321 3748 4376 calcaribus

2163 4416 2351 4479 utitur,
2402 4423 2462 4470 ttt
2514 4415 2783 4486 impellat;
2820 4414 3013 4479 frenis,
3072 4424 3128 4468 ιιι
3175 4415 3463 4484 reprimat;
3509 4411 3751 4469 stimulat

2161 4520 2359 4577 equum
2409 4508 2616 4562 tardius
2663 4506 3038 4573 incedentem;
3088 4504 3328 4561 refrenat
3364 4504 3600 4575 superbe
3647 4502 3758 4596 fre-I

2164 4600 2361 4655 mentis
2386 4599 2610 4671 vestigia
2643 4599 3054 4683 glomerantem.
3084 4597 3199 4653 Hoc
3228 4597 3393 4652 etiam
3424 4597 3590 4651 modo
3613 4611 3768 4675 pne}

2162 4691 2372 4761 positus
2419 4689 2646 4744 fratrum
2693 4698 2749 4744 ct
2791 4690 3056 4744 tardiores
3098 4685 3569 4743 exhortationibus
3614 4686 3748 4748 suis,

2165 4782 2306 4836 velut
2324 4781 2642 4852 quibusdam
2666 4778 2923 4845 stimulis,
2951 4779 3110 4834 debet
3135 4777 3429 4849 impellere,
3456 4787 3512 4832 et
3539 4774 3751 4832 ferven-

2164 4874 2269 4928 tius
2315 4889 2476 4943 quam
2526 4887 2745 4927 necesse
2773 4871 2865 4935 sit,
2918 4871 3244 4937 incedentes,
3280 4871 3380 4925 sub
3404 4868 3750 4924 discretionis

2164 4946 2325 5018 debet
2346 4963 2463 5018 loro
2486 4966 2719 5018 frenare.
2746 4964 2830 5017 An
2857 4978 2960 5016 non
2989 4963 3333 5024 quibusdam,
3357 4961 3515 5016 utita
3540 4959 3749 5024 loquar,
