3950 5344
181 149 273 204 455
1395 149 1594 206 LIBER
1635 151 1990 220 SEPTIMUS,
2033 160 2248 218 EPIST.
2283 163 2326 219 l4.

3324 173 3446 232 45k

183 268 320 320 freno
347 264 725 318 moderaminis
755 267 1211 332 cocrcebat,ccum
1247 268 1365 322 illos
1391 269 1460 322 ab
1505 265 1734 322 otTeren-
1761 277 1808 334 Α
1837 270 2055 328 additur
2089 293 2102 329 :
2161 295 2179 327 ‹
2207 277 2312 338 Pro
2357 292 2608 334 mensura
2638 283 2842 358 peccati
2881 283 2986 338 crit
3039 295 3092 340 et
3149 289 3425 357 plagarum

183 358 254 412 dis
303 355 610 410 muneribus
655 355 1003 426 prohiberet?
1054 356 1327 427 Scriptum
1381 369 1465 415 est
1523 363 1666 416 enim
1727 380 1738 414 :

189 448 358 515 tQuia
385 462 506 502 cum
561 447 824 504 instarent
885 451 1056 521 operi,
1109 451 1354 521 quotidie
1415 465 1574 508 mane
1621 463 1744 510 vota

185 539 389 612 populus
418 539 676 596 oﬂ'erebat
709 542 907 613 (Exod.
939 543 1124 612 xxxv).
1159 563 1177 596 ι
1215 543 1366 601 Unde
1401 546 1634 604 artilices
1660 564 1745 604 ve—

186 623 287 690 nire
323 634 610 704 compulsi,
640 637 891 692 dixerunt
919 637 1090 708 Moysi
1119 654 1134 692 :
1172 658 1188 690 ι
1221 637 1350 694 Plus
1373 637 1530 694 oﬂ‘ert
1575 657 1746 712 pepu-

169 725 275 790 ειυς,
298 741 454 796 quam
486 742 646 782 neces
677 728 860 782 alium
883 737 1002 794 est;
1051 749 1068 781 ι
1101 744 1336 800 moxque
1363 729 1704 802 subiungitur
1731 751 1743 786 :

167 817 204 894 ξι
231 818 316 872 .lus
345 818 383 871 it
410 832 542 886 ergo
572 819 782 890 Moyses
807 821 1073 892 pneconis
1093 835 1220 876 vote
1244 825 1448 878 rantari
1480 842 1494 880 :
1523 827 1744 888 necvir,

171 897 272 968 rec
309 911 496 966 mulier
555 914 846 982 qu'dquam
894 913 1086 970 olli-.rat
1125 915 1266 970 ultra
1317 918 1368 970 in
1419 933 1583 986 opere
1625 933 1748 974 san-

185 1015 222 1060 e'
261 1003 352 1058 a-ii
381 1003 592 1070 (Ibid).
625 1024 642 1056 ι
681 1004 752 1060 Ut
785 1005 944 1073 igitur
995 1008 1062 1060 ad
1113 1007 1216 1062 hoc
1269 1007 1572 1072 veniamus.
1623 1024 1752 1078 pro-

187 1103 286 1162 pter
337 1095 474 1160 quod
530 1093 636 1150 ista
689 1095 1069 1163 prmmisimus,
1135 1112 1240 1150 non
1291 1097 1503 1166 ignoret
1558 1107 1748 1156 sancta

189 1192 344 1238 vestra
411 1183 650 1248 devotio,
709 1184 1090 1248 dilectissimi,
1143 1186 1402 1256 quoniam
1472 1187 1746 1257 disciplina

189 1278 270 1330 ista
317 1291 638 1344 scoparum,
681 1277 768 1332 cui
823 1287 928 1332 tam
977 1277 1250 1332 ferventer
1295 1279 1580 1345 insistitis,
1611 1282 1752 1334 sicut

189 1374 372 1434 poterat
397 1367 674 1420 moderata
705 1368 836 1438 prod
859 1383 979 1430 'sse,
1011 1369 1090 1422 s'c
1113 1369 1427 1439 agnoscitur
1456 1370 1746 1426 indiscreta

191 1471 376 1512 nocere.
421 1457 716 1528 PrOptcrca
767 1459 974 1516 scilicet
1023 1477 1250 1532 corpora
1301 1473 1480 1518 vestra
1543 1463 1750 1521 viribus

189 1547 320 1604 eﬂ'cta
366 1549 656 1614 deficiunt,
705 1559 760 1606 et
809 1551 1126 1622 aliquando,
1180 1554 1318 1608 sicut
1362 1570 1390 1608 a
1423 1555 1748 1623 quibusdam

190 1643 418 1708 creditur,
477 1652 559 1700 tot
607 1645 948 1700 allisionibus
1001 1646 1272 1702 labefacta
1341 1647 1742 1716 languescunt,
1779 1635 1822 1694 Β

189 1732 412 1788 nimirum
447 1749 572 1790 cum
615 1735 854 1790 nonnulli
905 1747 1144 1792 vestrum
1191 1753 1358 1792 unum
1411 1737 1752 1802 continuam,

193 1823 260 1876 vel
307 1824 458 1880 etiam
514 1826 624 1882 duo
677 1826 932 1896 psalteria
991 1827 1232 1895 quotidie
1283 1843 1414 1882 cum
1465 1827 1754 1898 disciplina

195 1915 466 1970 decurrant.
523 1916 644 1972 Huc
673 1919 900 1978 accedit.
934 1919 1064 1988 quia
1115 1919 1360 1989 plerique
1406 1919 1606 1976 fratres
1657 1935 1752 1974 ve-

195 2005 290 2060 nire
329 2007 562 2066 volentes
617 2009 682 2064 ad
711 2025 978 2074 eretriam,
1012 2025 1136 2066 cum
1177 2012 1294 2066 hinc
1341 2011 1592 2076 audiunt,
1626 2025 1752 2080 per-

193 2095 302 2154 Culsi
349 2096 634 2154 formidine
701 2100 1064 2154 deterrentur.
1133 2101 1198 2156 Et
1251 2101 1380 2172 quia
1448 2101 1736 2172 disciplina

199 2185 358 2240 durior
403 2185 650 2242 creditur
687 2203 849 2258 quam
927 2189 1162 2244 sentitur
1205 2200 1262 2246 et
1306 2192 1624 2246 austerioris
1673 2201 1756 2248 est

195 2275 461 2333 formidinis
504 2295 674 2350 quam
728 2279 954 2346 doloris,
996 2298 1120 2336 cum
1149 2297 1269 2338 eam
1299 2284 1442 2354 apud
1492 2299 1590 2340 vos
1645 2293 1752 2340 tam

197 2367 374 2440 longam
403 2370 514 2426 ﬁeri
571 2373 774 2430 fratres
822 2375 1024 2448 quique
1057 2375 1261 2430 debiles
1311 2377 1573 2438 audiunt,
1637 2391 1752 2432 tne-

200 2459 383 2538 dullitus
419 2475 792 2533 expavescunt
829 2469 980 2520 etab
1021 2481 1243 2522 accessu
1293 2468 1539 2538 protinus
1583 2467 1751 2523 eremi

199 2563 502 2616 resecantur.
533 2556 904 2623 Quamobrem
951 2559 1192 2614 adhibito
1246 2559 1592 2616 discretionis
1640 2577 1752 2614 mo-

199 2639 439 2698 deramine
475 2646 862 2702 constituimus
913 2657 975 2704 ut
1025 2649 1094 2703 ad
1152 2647 1494 2718 disciplinam
1540 2649 1755 2708 sibimet

199 2730 506 2802 ingerendam
559 2737 744 2792 nullus
795 2738 846 2792 in
891 2754 1076 2796 eremo
1134 2739 1519 2810 compellatur;
1589 2754 1750 2810 quem

199 2835 306 2890 vero
347 2835 561 2880 sanctus
616 2825 684 2880 ad
735 2827 876 2882 hanc
931 2830 1112 2884 fervor
1161 2828 1422 2898 impellit,
1473 2845 1571 2900 per
1615 2845 1750 2900 qua-

201 2911 408 2983 draginta
444 2916 688 2984 psalmos
734 2918 786 2971 in
844 2933 950 2974 uno
1005 2933 1220 2990 quoque
1278 2920 1364 2976 die
1408 2919 1750 2992 disciplinam

1847 365 2056 430 modus,
2101 368 2174 422 ita
2214 369 2477 426 duntaxat
2504 382 2561 426 ut
2608 375 3092 444 quadragenarium
3145 396 3432 438 numerum

1847 471 1952 510 non
2001 463 2288 524 excedant,
2325 476 2391 516 ne
2421 461 2560 518 finde
2593 463 2858 522 laceratus
2908 479 3034 525 ante
3075 471 3263 528 oculos
3305 483 3430 532 tuos
3461 525 3464 528 λ

1845 549 2004 604 obeat
2045 551 2213 606 frater
2261 565 2380 609 tuus
2404 553 2618 628 (Ibid).
2651 577 2667 610 ι
2723 558 2864 626 Ecce
2890 561 3230 618 Dominuset
3255 565 3428 620 deliu-

1847 651 2098 708 quentem
2135 645 2388 714 vapulare
2417 647 2582 720 238
2619 652 2894 722 praecepit,
2921 663 2978 710 et
3007 664 3183 712 tamen
3212 661 3427 716 modum

1846 735 2160 790 verberibus
2187 739 2386 808 posuit,
2418 751 2474 794 ut
2505 751 2558 796 et
2590 743 2640 796 in
2689 759 2837 800 reum
2880 749 3114 805 vindicta
3162 752 3428 821 procede-

1849 833 1954 890 rct,
2015 835 2066 881 et
2114 827 2367 884 vindictae
2421 832 2676 888 duritiam
2749 836 3006 894 discretio
3080 849 3476 912 temperaret“

1849 914 1999 972 Hanc
2028 917 2211 987 igitur,
2243 921 2598 988 dilectissimi,
2629 925 2889 984 facienda:
2915 931 3213 1001 disciplina:
3245 943 3424 988 tenete

1851 1021 2182 1073 mensuram,
2213 1011 2464 1080 spiritum
2499 1016 2678 1084 potius
2725 1019 2954 1088 scopite,
3009 1023 3222 1078 caeteris
3267 1023 3430 1078 bonis

1849 1102 2104 1169 operibus
2141 1104 2429 1174 vigilanter
2477 1107 2730 1175 insistite,
2781 1119 2839 1164 ut
2893 1111 3289 1172 Remunerator
3340 1115 3430 1170 ille

1851 1207 2094 1250 summus
2137 1197 2450 1254 transitorio
2483 1199 2654 1255 labori
2686 1209 2870 1258 vestro
2904 1203 3022 1260 sine
3068 1206 3174 1260 fine
3211 1222 3438 1264 manen-

1854 1285 1926 1348 tia
1960 1285 2212 1355 dignetur
2250 1289 2474 1358 praemia
2503 1307 2876 1362 compensare.

2351 1403 2684 1460 EPISTULA
2727 1405 2943 1462 XXXV.

2017 1509 2082 1548 AD
2111 1509 2316 1550 nosam
2349 1509 2462 1550 suas.
2499 1511 2962 1552 concessuros-ns
3001 1513 3286 1552 euentus.
3319 1557 3322 1560 _
3353 1503 3356 1508 '

2051 1583 2328 1655 (Habetur
2365 1595 2490 1639 tant.
2539 1585 2656 1652 111,
2689 1597 2864 1658 estque
2905 1605 3083 1657 opusc.
3114 1588 3220 1652 53).

2329 1693 2662 1752 EPISTULA
2714 1695 2953 1752 XXXVI.

1959 1799 2027 1842 ΑΒ
2065 1801 2352 1842 υκιγεκεοε
2390 1803 2501 1842 SUAE
2536 1799 2998 1842 CONGREGATIONIS
3035 1801 3325 1841 ERBMITAS.

1853 1877 2251 1934 ARGUMENTUM.
2289 1910 2361 1919 —
2400 1877 2678 1934 Monachis
2711 1879 2802 1949 qui
2849 1879 2904 1932 in
2949 1877 3293 1932 monasteriis
3340 1876 3470 1930 sub-

1925 1964 2024 2003 sua
2055 1959 2322 2018 potestate
2365 1950 2713 2012 constitutis,
2757 1949 3064 2020 degebant,
3107 1950 3222 2020 sub
3283 1961 3450 2020 poena

1926 2015 2508 2076 exeo—tnmunicatiouis
2557 2020 2799 2090 praecipit
2828 2015 2906 2072 ἰιι
2957 2035 3042 2074 res
3072 2015 3450 2090 alienas—apud

1927 2106 1986 2144 se
2021 2099 2141 2162 post
2170 2105 2320 2162 suam
2347 2089 2574 2146 mortem
2621 2089 2739 2162 non
2767 2091 3073 2162 retineant,
3117 2089 3211 2146 sed
3260 2103 3448 2162 mona-

1926 2159 2116 2226 sterio,
2161 2161 2316 2231 cujus
2345 2167 2491 2226 sunt,
2549 2161 2780 2231 quisque
2825 2175 2922 2215 sua
2973 2159 3112 2214 bona
3169 2159 3452 2218 restituat.

1859 2263 1862 2266 ’
1925 2273 2187 2331 Omnibus
2217 2275 2477 2332 fratribus
2516 2277 2567 2330 in
2607 2275 2850 2346 qualibet
2899 2289 3083 2330 eremo
3132 2273 3232 2330 sub
3269 2274 3444 2330 nostri

1859 2366 2140 2422 ministerii
2199 2366 2441 2422 custodia
2500 2365 2853 2426 constitutis,
2909 2365 3124 2420 PETRUS
3193 2372 3448 2434 peccator

1857 2461 2155 2516 monachus
2202 2459 2489 2514 individua:
2542 2459 2812 2513 vinculum
2861 2455 3163 2512 cbaritatis.

1925 2550 2133 2618 Nostis,
2183 2549 2549 2612 dilectissimi,
2597 2547 2721 2620 quia
2769 2549 2885 2603 loca
2935 2549 3037 2602 ista
3096 2545 3253 2600 nobis
3297 2560 3447 2600 com-

1857 2644 2042 2708 missa,
2099 2658 2186 2699 me
2213 2644 2449 2707 vivente,
2479 2641 2635 2712 quasi
2670 2655 2833 2695 unum
2867 2647 3013 2703 sunt,
3066 2647 3121 2691 et
3165 2651 3252 2690 res
3300 2649 3446 2705 qua:-

1855 2749 2067 2804 cunque
2093 2743 2220 2788 sunt
2294 2734 2638 2795 necessariae,
2671 2731 2800 2786 hinc
2841 2729 2908 2783 ad
2937 2743 3032 2783 vos
3075 2723 3448 2781 indiﬂ‘erenter

1856 2835 2168 2894 transeunt;
2218 2841 2246 2880 a
2300 2825 2455 2881 vobis
2505 2824 2668 2880 etiam
2711 2823 2838 2888 huc,
2867 2831 3029 2892 prout
3071 2819 3312 2874 fraterna
3353 2831 3450 2872 ex-

1856 2909 1953 2992 igit
2024 2921 2396 2986 unanimitas,
2476 2919 2848 2992 proferuntur.
2903 2917 2972 2970 Et
3018 2931 3116 2971 oro
3186 2911 3448 2985 Spiritum
3481 2955 3488 2972 ,.

202 3003 284 3060 εἰΙή
323 3005 488 3064 facere
520 3009 712 3072 liceat,
752 3011 826 3066 ita
856 3013 1118 3066 duntaxat
1159 3023 1217 3066 ut
1257 3013 1751 3086 quadragenarium
1783 2997 1826 3058 (ἶ
1859 3021 2131 3082 sanctum,
2157 3023 2216 3067 ut
2262 3013 2472 3078 eadem,
2507 3028 2594 3067 me
2619 3009 2896 3074 defuncto,
2930 3009 3071 3062 inter
3095 3021 3192 3062 vos
3212 3018 3450 3059 concer-

203 3094 320 3163 hunc
345 3100 674 3167 psa!morum
708 3119 994 3158 numerum
1029 3121 1133 3159 non
1162 3107 1410 3162 excedat.
1443 3107 1500 3162 In
1537 3107 1744 3162 duabus

203 3194 350 3242 autem
391 3189 852 3262 Quadragesimis,
895 3209 1016 3263 quat
1061 3194 1314 3252 videlicet
1363 3195 1596 3250 natalem
1649 3197 1755 3250 Do-

203 3277 330 3344 mini,
360 3281 438 3336 vel
480 3293 892 3340 sacrosanctum
945 3283 1150 3344 Pascha
1191 3287 1534 3356 praecedunt,
1588 3300 1760 3355 usque

203 3369 258 3422 ad
309 3375 574 3445 sexaginta
648 3376 884 3446 psalmos
945 3392 1067 3434 cum
1121 3378 1402 3446 disciplina
1459 3379 1755 3448 procedere

203 3455 360 3526 liceat,
412 3479 590 3533 neque
639 3464 778 3519 lianc
835 3481 1122 3534 mensurae,
1184 3483 1344 3538 quam
1407 3469 1754 3540 prmiigimus.

205 3549 434 3619 regulam,
477 3557 794 3620 temeraria,
833 3559 976 3626 quod
1020 3560 1184 3626 absit,
1225 3561 1462 3636 quisque
1505 3577 1764 3632 pra'sum-

205 3640 358 3718 ptione
403 3649 774 3704 transcendat.
825 3649 938 3705 Iloc
988 3651 1170 3720 itaque
1219 3652 1418 3714 modo,
1469 3669 1574 3714 non
1617 3652 1762 3724 quod

207 3729 378 3790 bonum
423 3748 528 3804 est,
586 3738 870 3796 tollimus:
923 3742 1038 3806 sed,
1082 3743 1226 3812 quod
1275 3752 1376 3800 est.
1408 3742 1761 3813 superﬂuunt,

208 3833 506 3884 coercemus.
539 3828 657 3886 Nec
689 3833 921 3894 salutem
954 3848 1110 3886 suam
1137 3831 1402 3887 fratribus
1431 3834 1756 3900 invidemus,

207 3912 284 3966 sed
325 3931 630 3984 mensuram
675 3922 1021 3980 discretionis
1075 3923 1386 3990 indicimus,
1434 3925 1570 3978 citra
1602 3939 1762 3996 quam

208 3997 316 4057 licet
355 4008 558 4079 utique,
607 4012 654 4066 si
686 4011 835 4078 velit,
892 4011 1092 4084 atlligi;
1158 4012 1300 4070 ultra
1347 4028 1476 4070 vero
1511 4008 1618 4070 non
1662 4015 1768 4077 erit

209 4089 384 4156 licitum
409 4103 682 4174 progredi.
715 4103 780 4158 Et
823 4105 924 4160 hoc
963 4103 1244 4170 facientes,
1299 4121 1406 4162 non
1463 4106 1620 4176 quasi
1671 4122 1767 4160 no-

211 4193 316 4240 stra:
341 4205 662 4262 usurpamus
688 4196 1029 4252 auctoritatis
1070 4197 1378 4264 arbitrium,
1436 4199 1528 4256 sed
1571 4199 1768 4256 divina:

215 4271 328 4346 legis
371 4279 650 4340 imitamur
695 4287 1020 4358 exemplum.
1071 4287 1162 4342 Ait
1213 4289 1354 4344 enim
1401 4304 1500 4360 per
1549 4289 1764 4362 Moysen

214 4364 256 4419 in
299 4370 702 4432 Deuteronomio
749 4379 1010 4442 Dominus
1044 4396 1058 4432 ι
1101 4399 1118 4432 ‹
1153 4379 1248 4436 Sin
1288 4389 1468 4438 autem
1497 4399 1643 4451 eum,
1671 4385 1762 4454 qui

213 4463 444 4532 peccavit,
495 4467 716 4538 dignum
765 4470 998 4527 viderint
1049 4471 1254 4542 plagis,
1313 4477 1658 4542 prosterneut
1709 4483 1767 4528 et

213 4563 372 4610 curam
415 4575 474 4616 se
521 4562 718 4626 facient
767 4564 1036 4626 verberari
1081 4565 1261 4634 (Deut.
1316 4569 1425 4638 xi);
1461 4585 1477 4619 ι
1524 4567 1612 4622 ubi
1641 4581 1766 4628 mox

225 4719 612 4744 ,δήιον-αὴ...-
619 4735 1642 4748 W—h

1862 3106 1952 3164 dia
1981 3105 2182 3177 vigeat,
2211 3120 2333 3176 quae
2360 3120 2507 3159 nunc
2535 3105 2588 3157 in
2620 3103 2773 3157 vobis
2807 3117 2904 3157 cor
2932 3117 3097 3156 unum
3133 3107 3187 3153 et
3210 3097 3450 3150 animam

1864 3215 2026 3254 unam
2059 3215 2156 3272 per
2195 3199 2482 3254 eharitatis
2505 3197 2768 3270 glutinum
2802 3197 3016 3252 conflat.
3071 3193 3176 3250 Sed
3229 3205 3456 3248 necesse

1864 3301 1952 3364 est
1997 3308 2142 3348 nunc
2173 3307 2260 3346 me
2289 3291 2443 3346 vobis
2470 3300 2632 3346 cauta
2682 3289 2992 3360 provisione
3039 3285 3344 3350 consulere,
3385 3297 3454 3338 ne

1864 3383 2191 3456 frigescente
2259 3383 2486 3440 forsitan
2553 3383 2837 3448 cliaritate,
2887 3381 3130 3452 privatus
3181 3393 3333 3434 amor
3386 3376 3454 3430 de

1866 3476 2171 3530 retentione
2205 3474 2279 3530 rei
2311 3473 2612 3545 cuiuspiam
2655 3473 2800 3527 inter
2851 3488 2945 3528 vos
2997 3469 3311 3526 scandalum
3359 3480 3453 3520 va-

1865 3557 1975 3619 leat
2022 3577 2304 3634 generare.
2338 3545 2680 3632 Quapropter
2723 3561 3035 3630 adjuramus
3077 3571 3196 3622 vos,
3246 3565 3298 3610 et
3323 3611 3326 3614 ,
3356 3568 3453 3623 per

1865 3646 2106 3710 tribunal
2156 3653 2420 3708 tremendi
2445 3651 2645 3721 judicis
2674 3649 3028 3712 obtestamur,
3064 3646 3290 3718 quiquid
3331 3651 3454 3714 post

1867 3762 2046 3802 meum
2098 3745 2328 3812 obitum,
2362 3744 2504 3815 quod
2536 3743 2762 3800 alterius
2790 3742 2890 3798 loci
2917 3741 3008 3806 sit,
3049 3740 3276 3808 quisque
3309 3735 3454 3808 apud

1867 3851 1926 3892 se
1963 3835 2102 3892 forte
2133 3835 2415 3906 repererit,
2443 3843 2641 3906 praesto
2667 3834 2940 3898 restituat,
2977 3841 3033 3887 et
3065 3838 3272 3885 remota
3305 3827 3454 3882 omni

1870 3925 2296 3990 machinatione,
2331 3923 2413 3980 vel
2454 3923 2646 3980 callida
2679 3921 3170 3994 argumentatione,
3217 3935 3352 3990 pure
3393 3923 3449 3970 et

1869 4015 2209 4086 simpliciter,
2243 4015 2388 4086 quod
2417 4012 2650 4068 alienum
2679 4021 2780 4076 est,
2812 4010 3021 4067 reddat.
3057 4010 3304 4064 Alienum
3357 4020 3449 4058 au-

1871 4115 1977 4162 tem
2015 4107 2156 4172 dico,
2193 4105 2456 4176 quidquid
2498 4120 2597 4176 ego
2625 4119 2730 4159 non
2767 4118 2866 4174 pro
2892 4117 3115 4158 munere
3147 4097 3452 4168 habendum

1871 4199 2263 4270 perpetualiter
2300 4198 2530 4264 contuli,
2559 4197 2651 4254 sed
2679 4214 2792 4253 rem
2828 4197 3054 4251 alterius
3085 4191 3187 4248 loci
3220 4192 3272 4244 in
3322 4188 3451 4253 alio,

1873 4291 1996 4362 quia
2026 4299 2213 4346 noster
2255 4301 2375 4345 erat
2423 4299 2675 4360 uterque,
2729 4303 2949 4342 manere
3005 4283 3241 4356 permisi.
3297 4279 3457 4345 Quis-

1873 4383 1995 4455 quis
2028 4382 2196 4454 igitur
2233 4381 2393 4452 bujus
2443 4390 2644 4438 nostra:
2691 4379 2970 4437 sententia:
3024 4387 3316 4433 temerator
3362 4387 3456 4427 ex-

1875 4474 2096 4538 stiterit,
2129 4488 2302 4542 usque
2343 4474 2412 4528 ad
2441 4472 2863 4528 satisfactionem
2913 4483 3206 4541 congruam
3237 4479 3457 4520 excom-

1876 4562 2229 4630 munientibni
2258 4560 2556 4634 subiaceat.

3395 4716 3456 4748 atq

1307 4881 1668 4978 LIBER
1736 4879 2364 4970 SEPTIMUS.

1339 5069 1430 5123 AD
1460 5069 1903 5128 SECULARES
1931 5069 2308 5127 PRINCIPES.
2335 5107 2338 5111 -

3476 1383 3542 1457 Κ
